1728 3002
383 208 554 236 ο--ν’-ἶ’·ἒ“’“
1241 210 1472 237 ν;“·;ο““,.,

165 243 248 284 356
686 236 890 296 Frugalis
933 259 985 270 —
1018 237 1176 297 Frigus

165 355 332 411 Frigus.
379 363 414 407 Ι)
437 368 564 398 contra
585 362 700 410 frigus
726 364 934 400 vestiuntur
955 367 992 408 2,·
1017 365 1076 408 16,
1099 363 1158 399 14.
1186 362 1240 409 11)
1267 368 1409 400 transl..-
1438 363 1615 411 imperitia
1639 372 1703 400 etc.

209 414 362 448 afferunt
383 410 527 445 interim
549 409 664 456 frigus
691 410 728 454 6,
754 413 789 455 1,
813 413 871 446 37.
896 423 931 445 v.
955 411 1109 458 Rigor.
1129 417 1192 454 ut,
1229 410 1294 455 qui
1314 416 1482 458 rogatur,
1516 412 1704 460 intelligat,

210 466 270 493 aut
296 470 343 493 ne
365 457 567 510 intelligere
591 468 632 491 se
654 463 787 503 neget,
820 458 917 502 quod
939 457 1194 504 interrogantis
1217 468 1291 492 nou
1320 458 1405 492 leve
1473 457 1482 465 ⁰
1533 470 1550 493 s
1585 465 1638 493 est
1669 461 1704 501 5,

209 510 246 550 7,
271 508 329 540 31.
360 509 612 584 quaegitlpsium
639 509 675 538 et
698 510 989 551 argmnentorum
1012 505 1105 549 apud
1127 509 1295 549 corrupta
1324 503 1458 549 judicia
1520 504 1528 512 ’
1625 504 1706 540 evi-

210 557 289 586 tant
312 554 347 594 2,
373 553 430 593 12,
542 573 552 584 .

163 606 374 650 Fris-olus.
422 618 520 663 quod
553 622 607 652 est
638 616 812 662 imprimis
840 617 1078 654 frivolum
1113 629 1157 653 ac
1188 617 1431 654 scenicum
1469 611 1535 661 10,
1569 620 1614 660 7,
1646 620 1706 651 21.

210 665 400 701 levibus
429 670 490 698 aut
515 663 725 699 frivolis
760 670 821 699 aut
848 665 1041 700 manifesto
1072 664 1218 700 falsis
1250 676 1354 700 reum
1390 665 1574 700 incessere
1601 666 1636 709 7,
1669 666 1705 705 2,

208 712 266 747 34.
290 710 446 746 frivolae
470 711 509 745 in
535 710 658 755 parvis
682 710 873 756 jactantiae
914 715 931 746 1
947 738 959 756 ,
986 712 1023 755 6,
1049 714 1108 747 20.

162 770 316 819 Frons,
335 767 416 810 dis·
450 778 641 813 frondibus
676 779 811 814 teneris
847 791 925 815 non
956 779 1192 814 adhibendam
1216 790 1296 815 esse
1329 780 1461 814 falcem
1500 781 1537 823 2,
1569 776 1607 821 4,
1645 779 1705 812 11.

208 833 247 860 ut
272 838 391 871 neque
414 836 658 871 praepropere
691 826 934 875 destringatur
955 827 1145 861 immatura
1169 827 1272 862 from
1299 829 1357 870 12,
1381 827 1416 870 6,
1439 828 1476 860 2.
1637 825 1641 830 ’

162 875 311 923 Frons,
338 873 408 914 tis.
434 885 468 926 I)
492 895 620 916 summa
659 897 739 927 pars
757 883 877 926 faciei.
911 883 954 929 a)
986 887 1143 929 proprie.-
1166 885 1283 928 frons,
1304 883 1401 918 oculi
1415 890 1478 917 ew.
1500 882 1650 916 multum
1661 880 1715 914 ad

206 936 345 964 motum
381 929 581 963 animorum
610 931 733 964 valent
755 932 791 973 9,
817 934 850 975 1,
876 934 934 965 21.
958 932 1061 966 frons
1091 931 1252 976 pluribus
1289 929 1480 978 generibus
1513 932 1639 979 pecca-t
1669 929 1703 969 1,

211 979 265 1019 11,
293 979 347 1011 10.
377 976 494 1011 subito
518 977 639 1010 fronte
672 977 824 1011 conficta
857 980 915 1020 12,
949 980 986 1020 3,
1023 980 1080 1011 12.
1112 977 1170 1011 his
1203 976 1436 1022 (superciliis)
1468 974 1704 1014 contrahitur,

208 1022 403 1066 attollitur,
445 1022 641 1057 demittitur
677 1022 825 1067 (frons)
864 1027 922 1067 11,
957 1026 993 1068 3,
1022 1025 1080 1059 78.
1113 1024 1271 1059 frontem
1293 1024 1445 1057 caedere
1467 1024 1511 1064 2,
1542 1023 1608 1062 12,
1645 1021 1703 1052 10.

208 1069 365 1114 perh-ica
388 1070 546 1103 frontem
579 1071 704 1103 Calv.
729 1070 764 1112 9,
791 1073 826 1112 2,
850 1071 897 1105 25
916 1071 964 1105 Ν.
990 1069 1135 1104 sudario
1151 1070 1280 1105 siccari
1303 1070 1459 1103 frontem
1479 1069 1536 1110 11,
1559 1067 1596 1109 3,
1625 1063 1706 1099 148.

209 1128 291 1150 cum
312 1117 472 1150 frontem
506 1115 661 1149 candido
696 1116 840 1150 sudario
873 1122 1030 1164 tergeret
1051 1117 1086 1160 6,
1121 1118 1154 1159 3,
1185 1117 1255 1160 60;
1292 1115 1423 1150 frontis
1457 1124 1500 1148 ac
1529 1112 1704 1146 luminum

209 1162 447 1196 inconstantia
473 1161 652 1206 trepidare
674 1162 711 1205 9,
735 1164 770 1205 3,
797 1163 875 1197 101.
901 1163 1014 1198 fronti
1037 1162 1213 1207 imperant
1254 1158 1484 1207 (supercilia)
1507 1161 1564 1202 11,
1588 1160 1624 1201 3,
1646 1159 1705 1210 76-

210 1208 519 1251 capillosafronte
546 1213 766 1254 retroagere.
792 1208 835 1251 β)
850 1214 989 1244 τναηεῑ..·
1014 1209 1145 1243 frontis
1165 1209 1356 1243 auctoritas
1382 1210 1438 1250 12,
1459 1206 1549 1249 5‚5;
1573 1204 1704 1239 frontw

211 1262 283 1288 tam
306 1255 481 1287 adductae
508 1254 565 1297 (α.
601 1258 624 1287 l.
649 1254 846 1297 obductae)
883 1258 941 1297 10,
965 1258 999 1297 3,
1031 1257 1087 1289 13.
1114 1255 1293 1289 imbecilla
1315 1255 1362 1288 fr.
1390 1256 1447 1296 12,
1475 1253 1510 1295 5,
1538 1250 1574 1285 4.
1598 1250 1704 1285 inve·-

207 1301 366 1334 recunda
391 1300 438 1337 fr,
462 1301 497 1341 2,
520 1298 556 1341 4,
583 1299 639 1333 16.
667 1299 777 1333 animi
800 1300 950 1342 jacentis
975 1306 1011 1334 et
1043 1300 1162 1334 mollis
1194 1311 1300 1344 supra
1332 1300 1479 1340 modum
1511 1296 1644 1331 frontis
1667 1297 1703 1337 6,

206 1345 244 1389 4,
273 1349 328 1379 11.
354 1345 400 1389 11)
427 1357 508 1389 pars
532 1346 677 1378 adversa
701 1352 733 1379 et
760 1349 866 1388 primo
891 1348 1066 1390 adspectui
1090 1347 1229 1390 objecta.
1258 1344 1302 1390 a)
1324 1345 1364 1379 in
1387 1345 1508 1378 fronte
1536 1355 1616 1386 opp.
1639 1352 1705 1385 per

207 1395 320 1426 latera
338 1394 374 1434 1,
398 1394 456 1434 10,
484 1389 551 1432 433
589 1390 742 1438 dirigere
765 1392 923 1425 frontem
950 1390 1169 1436 (exercitus)
1193 1394 1230 1435 2,
1254 1393 1312 1434 13,
1341 1393 1375 1424 3.
1409 1389 1546 1441 directa
1582 1389 1642 1432 (a.
1677 1391 1701 1421 l.

209 1436 362 1480 detecta)
385 1438 507 1471 fronte
524 1438 754 1483 pugnandum
777 1438 811 1478 5,
837 1439 893 1480 13,
920 1440 977 1472 11.
1003 1440 1044 1482 β)
1067 1441 1206 1471 transm
1230 1448 1279 1471 ex
1300 1436 1416 1481 prima
1436 1441 1555 1470 statim
1578 1435 1702 1481 fronte

209 1484 407 1529 dijudicare
432 1486 488 1525 12,
515 1486 549 1525 7,
573 1484 607 1518 8.
631 1485 713 1528 plus
738 1484 849 1517 habet
874 1483 913 1517 in
933 1494 1127 1518 recessu
1152 1495 1260 1528 quam
1284 1483 1304 1516 f
1312 1488 1445 1516 route
1468 1480 1651 1526 promittat
1665 1482 1700 1523 1,

208 1530 244 1573 4,
269 1533 304 1564 2.
328 1530 431 1563 frons
456 1540 585 1563 causae
608 1528 644 1573 4,
670 1533 704 1573 1,
730 1528 778 1563 42
802 1530 850 1564 N.
874 1542 909 1564 υ.
935 1530 1114 1564 Facies.
1140 1531 1229 1563 dura
1253 1529 1367 1574 prima
1388 1529 1509 1562 fronte
1535 1525 1700 1573 quaestio

208 1580 244 1619 7,
276 1579 310 1619 1,
335 1576 391 1611 55.
421 1575 516 1622 Quid
542 1575 762 1619 asperiorem
784 1576 919 1610 habere
945 1577 1103 1610 frontem
1129 1580 1266 1620 potest,
1303 1581 1364 1609 aut
1386 1574 1472 1619 quid
1501 1580 1605 1607 aures
1630 1573 1700 1605 ho-

209 1623 345 1656 minnm
368 1623 482 1668 magis
505 1628 678 1666 respuunt
691 1647 701 1664 ,
729 1633 835 1666 quam
860 1633 944 1657 cum
968 1627 1023 1657 est
1049 1622 1124 1657 filio
1147 1621 1261 1658 filiive
1284 1620 1470 1658 advocatis
1491 1618 1532 1654 iu
1551 1623 1702 1654 matrem

206 1668 475 1713 perorandum?
510 1670 575 1711 11,
608 1671 648 1711 1,
687 1669 746 1703 61.

165 1713 411 1771 [Fructifer.
465 1737 500 1759 v.
529 1725 558 1759 F
567 1737 587 1759 r
594 1736 619 1759 u
627 1736 651 1773 g
661 1725 700 1760 if
707 1726 728 1760 ‘e
737 1737 768 1760 r.
779 1723 796 1772 ]

160 1783 435 1824 Fructuosus·
476 1804 515 1828 se
545 1805 625 1829 esse
647 1794 831 1829 hominem
856 1792 1008 1841 frugi.
1041 1803 1117 1828 non
1145 1776 1229 1838 quia
1262 1790 1524 1844 abstinens·
1546 1789 1607 1835 sit,
1636 1788 1702 1824 sed

210 1840 293 1884 quia
315 1839 456 1874 utilis
480 1840 622 1884 multis,
659 1841 697 1875 id
722 1847 776 1876 est
803 1842 1093 1876 fructuosus
1117 1843 1152 1884 1,
1175 1840 1212 1884 6,
1239 1840 1297 1876 99.
1324 1850 1356 1873 v.
1380 1838 1539 1884 Frugi.

160 1898 354 1939 Fructus·
400 1907 435 1949 I)
460 1910 615 1952 proprie.-
656 1919 786 1956 graves
809 1910 931 1944 {nictu
952 1909 1048 1945 vites
1070 1910 1104 1952 8,
1130 1910 1165 1952 3,
1198 1910 1232 1943 8.
1266 1917 1414 1951 magnos
1447 1903 1589 1940 sustulit
1621 1903 1703 1938 stu-

207 1959 284 1987 ctus
309 1953 343 1996 5,
370 1955 425 1994 10,
446 1952 506 1989 48.
529 1954 693 1999 protinus
715 1956 872 1990 fructum
897 1955 1004 1990 ramis
1027 1955 1188 2000 pluribus
1199 1952 1409 1999 feret(01ea)
1435 1953 1470 1995 8,
1494 1953 1530 1994 3,
1559 1952 1615 1985 10.
1635 1959 1703 2002 gq-

207 1999 406 2034 nerosioris
430 2001 569 2034 arboris
593 2001 712 2035 statim
737 2003 933 2036 fructus
968 2013 1050 2036 cum
1078 2003 1240 2046 planta
1269 2005 1323 2035 est
1345 2002 1391 2033 ib.
1414 1999 1472 2034 76.
1504 1996 1543 2030 111
1571 1997 1702 2035 fructi-

208 2047 274 2080 bus
303 2046 471 2080 arborum
495 2048 530 2089 8,
546 2048 580 2090 5,
599 2048 657 2082 26.
682 2060 717 2082 v.
747 2048 918 2092 Satum;
945 2048 1160 2082 necessitate
1183 2046 1309 2081 rustici
1336 2042 1480 2090 (dicunt)
1506 2043 1700 2076 fructus

206 2093 430 2126 laborare
452 2093 487 2135 8,
513 2093 548 2135 6,
573 2093 596 2127 6
620 2095 665 2128 N.
699 2095 750 2136 II)
781 2098 898 2128 transl.
935 2094 976 2138 α)
1007 2100 1062 2128 est
1085 2093 1212 2138 aliquis
1236 2104 1285 2127 ex
1317 2090 1464 2126 secretis
1501 2089 1639 2141 fructus
1661 2090 1700 2131 2,

208 2140 266 2181 18,
288 2137 324 2171 4.
352 2144 392 2171 ut
415 2138 550 2172 laboris
577 2139 632 2172 sui
657 2140 815 2174 fructum
841 2140 947 2174 etiam
971 2151 1020 2174 ex
1042 2139 1105 2174 illa
1126 2140 1233 2173 laude
1256 2138 1447 2183 plurimum
1464 2139 1580 2179 capiat
1601 2136 1639 2176 2,
1663 2136 1700 2173 7·

207 2184 243 2219 5.
285 2183 370 2217 111118
419 2185 558 2218 fructus
591 2185 771 2220 illaborati
807 2186 963 2220 offerunt
1000 2197 1080 2220 sese
1114 2188 1170 2228 12,
1207 2186 1264 2228 10,
1297 2185 1355 2220 79.
1406 2192 1483 2216 non
1510 2182 1700 2214 floscu-

206 2231 280 2263 los
305 2229 446 2273 sedjam
462 2237 582 2265 certos
599 2243 641 2265 ac
660 2233 879 2266 deformatos
904 2233 1096 2266 fructus
1121 2231 1326 2265 ostenderat
1349 2230 1385 2272 6,
1408 2228 1470 2264 Pr.
1492 2227 1526 2262 9.
1546 2234 1697 2272 magnos

206 2275 347 2309 modica
371 2287 515 2321 quoque
544 2278 750 2322 eloquentia
775 2279 868 2322 parit
890 2279 1030 2312 fructus
1054 2280 1111 2320 12,
1138 2279 1193 2319 11,
1216 2278 1274 2313 29.
1299 2277 1526 2318 fructumque
1548 2281 1623 2324 11(ξῦ
1647 2279 1697 2323 (ἶῖ

207 2321 298 2365 stipe
324 2322 622 2365 advocationum,
654 2325 719 2358 sed
745 2335 793 2358 ex
816 2324 934 2359 animo
965 2335 1031 2358 suo
1066 2329 1101 2357 et
1131 2321 1431 2367 contemplatione
1463 2329 1512 2353 ¹ac
1547 2321 1699 2370 scientia

205 2373 316 2410 petet,
334 2374 545 2412 perpetuum
578 2366 698 2413 illum,
730 2382 799 2405 nec
823 2372 989 2405 fortunae
1012 2369 1210 2412 subjectum
1239 2372 1272 2413 1,
1301 2371 1358 2411 12,
1382 2367 1437 2401 18.
1458 2364 1555 2398 unde
1575 2371 1695 2397 mmm

207 2413 344 2456 cupidis
384 2414 626 2458 opinionis
666 2417 748 2460 plus
770 2418 963 2451 fructus
986 2415 1088 2450 venit
1112 2418 1179 2458 12,
1206 2416 1253 2458 9,
1291 2413 1328 2448 4.
1375 2411 1413 2458 β)
1439 2424 1467 2445 c.
1496 2411 1628 2446 θοαὶ.-
1651 2412 1694 2442 ut

203 2458 337 2492 laboris
363 2458 435 2494 mei
459 2461 598 2495 fructus
622 2462 667 2495 ad
690 2461 871 2496 neminem
896 2461 1014 2495 minus
1041 2472 1149 2505 quam
1173 2462 1218 2494 ad
1240 2471 1299 2495 me
1330 2458 1526 2504 pertineret
1557 2455 1599 2498 6,
1629 2454 1692 2488 Pr.

203 2505 238 2536 2.
282 2505 487 2549 eloquentia
527 2506 683 2542 maxime
730 2507 913 2552 praesenti
960 2509 1083 2540 fructu
1143 2506 1304 2540 laudis
1346 2501 1691 2552 opinionisque
1727 2537 1728 2542 Ἰ

203 2549 352 2582 ducatur
381 2554 436 2591 10,
459 2555 495 2594 7,
522 2556 578 2587 17.
607 2552 782 2588 maximos
804 2552 1002 2588 studiorum
1024 2553 1161 2587 fructus
1187 2555 1243 2595 10,
1267 2555 1302 2595 7,
1335 2554 1369 2586 1.
1406 2548 1522 2584 omnis
1551 2546 1692 2580 studio·
1725 2547 1728 2574 2

202 2605 282 2627 rum
306 2595 444 2630 fructus
468 2598 616 2632 amissus
641 2601 676 2642 8,
697 2601 755 2635 Pr.
779 2600 837 2634 26.
862 2609 980 2643 neque
1018 2599 1175 2633 minores
1207 2597 1406 2632 studiorum
1433 2595 1572 2628 functus
1606 2601 1690 2626 eum

203 2647 467 2684 prosequentur
494 2647 557 2687 12,
589 2647 652 2688 11,
689 2644 723 2680 4.
751 2644 948 2679 studiorum
971 2645 1110 2679 fructus
1135 2650 1171 2678 et
1200 2642 1317 2677 fundit
1345 2639 1490 2675 uberius
1529 2643 1565 2673 et
1599 2637 1691 2671 fide-

197 2685 267 2719 lius
292 2687 451 2721 continet
480 2691 544 2731 10,
580 2692 625 2733 3,
649 2694 686 2726 2.
714 2692 871 2726 fructum
902 2690 1101 2725 studiorum
1136 2688 1292 2726 viridem
1323 2693 1360 2722 et
1395 2686 1511 2720 adhuc
1548 2684 1691 2718 dulcem

198 2732 301 2765 decet
325 2733 442 2776 promi
474 2737 529 2776 12,
553 2735 588 2777 6,
615 2739 650 2770 3.

150 2775 182 2816 F
184 2775 360 2832 rugalis.
406 2790 618 2836 frugalis
655 2803 800 2838 quoque
822 2793 871 2828 sit
899 2804 958 2838 ap.
986 2790 1068 2827 illos
1097 2791 1346 2837 (molestissime
1379 2785 1588 2833 diligentes),
1616 2784 1715 2820 non‘

197 2834 349 2882 frugi;
375 2846 458 2870 nam
482 2847 554 2881 quo
578 2836 650 2872 alio
674 2841 784 2874 modo
809 2840 871 2877 fiet
893 2839 1168 2888 frugalitas
1193 2841 1228 2883 1,
1251 2838 1290 2882 6,
1318 2838 1376 2872 17.
1711 2841 1713 2846 '
