1728 3002
0 0 17 55 }
58 11 61 13 .

0 58 18 98 f
1210 97 1219 101 μ

0 96 19 144 i
406 155 459 197 de
487 151 776 196 Grammatioa
802 149 1109 204 Quintilianea.
1296 190 1299 191 ⁷
1393 149 1538 186 LXVI!

0 257 370 334 }‚Nosvitoere
388 267 680 334 accipimus
700 281 803 331 pro
832 265 1009 331 vitan
1021 264 1165 313 dum
1192 263 1320 314 sibi
1344 267 1533 323 esse,“

0 347 53 414 id
70 335 234 417 'quod
262 347 480 409 dubito,
513 362 645 394 num
664 343 993 392 doctissimus
1026 343 1109 394 vir
1135 345 1251 392 ullo
1282 343 1532 408 exemplo

0 417 321 499 probaturus
352 426 431 476 sit.
507 424 652 474 Nihil
682 422 843 491 igitur
872 422 1107 488 relinqui
1135 422 1263 471 mihi
1293 421 1527 480 videtur,

0 508 100 557 nisi
139 505 524 555 emendationis
559 502 860 568 ancipitem
900 501 1222 550 medicinam
1273 499 1529 549 adhibere

0 574 259 648 volemm,
294 601 460 651 quam
479 597 543 631 ut
569 583 785 631 vitare
811 581 876 629 sit
897 580 1201 631 Infinitivus
1228 578 1526 638 historicus,

0 662 106 715 sine
127 662 528 728 Coniunctione
556 660 874 727 copulativa
903 677 1026 708 cum
1052 659 1399 726 sequentibus
1426 674 1525 705 ne-

0 746 247 805 ctendus;
290 741 535 808 quamvis
563 742 763 800 fateor,
799 739 1077 805 displicere
1101 738 1228 788 mihi
1256 738 1409 785 illum
1436 738 1526 783 In-

0 821 258 872 finitivum
279 819 584 888 singillatim
605 819 864 885 positum,
902 817 1054 884 cujus
1072 832 1255 866 tamen
1276 816 1526 880 exempla

0 896 162 977 quum
197 901 461 965 pleraque
500 902 648 964 apud
689 897 933 952 Livium,
981 895 1311 968 Sallustium,
1356 892 1523 942 Taci-

0 992 131 1037 tum,
179 991 296 1025 tum
336 979 486 1042 apud
528 976 658 1024 alios
698 976 979 1042 scriptores
1021 966 1523 1041 deprehenduntur,

0 1069 57 1104 ut
79 1055 184 1109 Cic.
206 1057 352 1106 Verr.
372 1054 494 1117 Act.
518 1058 581 1116 II,
602 1055 722 1104 Lib.
744 1057 783 1115 Ι,
804 1057 876 1101 26
900 1055 1008 1118 ipse
1029 1054 1260 1102 Rubrius
1286 1053 1340 1100 in
1369 1051 1524 1101 turba

0 1134 175 1199 couci
179 1141 335 1182 atur
342 1151 366 1191 ,·
398 1134 517 1192 iste,
547 1133 640 1198 qui
656 1150 752 1180 sua
773 1133 1055 1196 cupiditate
1079 1142 1248 1182 tantos
1267 1132 1521 1182 tumultus

0 1213 263 1262 voracitates
283 1211 505 1271 videret,
542 1228 614 1258 cu
620 1228 774 1274 pere
808 1212 983 1277 aliqua
1003 1213 1226 1273 evolare,
1267 1213 1316 1260 si
1341 1219 1523 1276 posset.

0 1291 135 1338 Curt.
170 1292 318 1346 VlII,
357 1289 388 1337 5
402 1329 413 1345 ,
456 1305 485 1336 2
532 1291 845 1353 Spitamenes
884 1295 1149 1354 (uxorem)
1189 1321 1250 1328 —
1285 1293 1340 1339 in
1381 1307 1526 1340 omne

0 1369 254 1417 inho-ruben
290 1370 520 1417 comitem
554 1369 867 1419 trahebat.
958 1371 1063 1418 Illa
1100 1372 1249 1419 malis
1275 1371 1524 1436 stuttg-ata

0 1447 257 1496 Hentidem
285 1448 550 1497 mliebres
577 1450 657 1496 ad
663 1448 878 1497 hibere
906 1449 1204 1512 blanditias,
1239 1459 1306 1499 ut
1336 1464 1437 1498 etc.

167 1599 210 1636 4.
271 1593 360 1636 DE
398 1592 760 1638 GERUNDIO
796 1594 884 1638 ET
922 1590 1339 1639 PARTICIPIO.

118 1687 192 1747 a)·
215 1684 442 1733 Gerun
456 1685 629 1734 dium
656 1685 713 1733 in
748 1686 978 1752 obliquis
1010 1687 1228 1735 Casibus
1257 1705 1382 1735 cum
1410 1686 1522 1734 Ac—

0 1762 235 1814 cusativo
269 1764 626 1832 conjungere,
660 1779 725 1813 ut
752 1764 809 1826 3,
834 1767 894 1826 8,
925 1765 990 1828 59
1021 1766 1299 1832 obje’ciendo
1327 1766 1524 1831 aliquos

0 1850 167 1907 metus.
198 1858 247 1903 4,
272 1839 319 1903 5,
345 1860 403 1904 17
434 1853 497 1893 ut
522 1845 730 1892 omnia
754 1845 934 1893 credat
953 1847 1333 1906 audendum,
1365 1862 1524 1910 prae-

0 1920 164 1968 mrtim
196 1921 239 1968 si
275 1921 564 1986 Objectum
600 1936 677 1971 est
706 1922 1054 1990 Adjectivum
1088 1939 1186 1973 aut
1214 1927 1525 1973 Pronomen

0 2009 90 2043 aut
124 2000 391 2046 sententia
430 1997 683 2062 relativa,
734 2016 799 2049 ut
831 2021 884 2064 7,
924 2020 945 2050 1
961 2041 975 2065 ⁷
1007 2016 1067 2064 41
1110 2022 1238 2069 quae
1264 2004 1318 2051 in
1354 2003 1525 2050 oculos

0 2073 292 2133 incurrunt,
338 2078 703 2140 exquirendum
732 2090 945 2142 putant,
991 2082 1249 2129 usitatum
1281 2097 1385 2142 est,
1420 2098 1524 2129 nec

0 2168 115 2200 raro
161 2152 475 2200 necessitate
515 2158 754 2219 quadam
794 2157 911 2204 soni
954 2159 1209 2224 exigitur,
1264 2161 1428 2224 quale
1474 2172 1524 2220 4,

0 2231 140 2288 Pr.-3
187 2231 297 2296 quis
338 2240 438 2280 aut
474 2249 679 2281 mores
724 2234 1072 2299 excolendi¹
1102 2238 1173 2286 sit
1210 2239 1388 2286 modus
1430 2246 1529 2287 aut

0 2309 227 2361 studia.
295 2310 397 2358 Sed
425 2311 798 2361 Nominativus
822 2313 1043 2378 quidam
1071 2315 1184 2382 ipse
1207 2335 1330 2366 cum
1359 2317 1525 2383 Obje-

0 2400 86 2434 cto
117 2404 366 2452 perrarus
397 2404 499 2445 est,
538 2408 656 2438 non
686 2405 893 2449 tamen,
925 2393 1054 2458 quia
1089 2411 1236 2445 certa
1253 2397 1525 2445 Codicum

0 2465 320 2514 auctoritate
332 2466 537 2530 nititur,
561 2469 1023 2520 emendationibus
1037 2475 1389 2541 extit-pandus
1403 2475 1526 2524 erit:

2 2559 87 2604 11,
120 2559 175 2603 3,
208 2559 298 2606 175
348 2547 428 2594 An
467 2565 567 2595 non
606 2547 782 2608 haec,
834 2550 1057 2600 misellus
1085 2562 1139 2602 et
1162 2556 1525 2619 pauperculnS,

0 2623 260 2672 summissu
297 2634 449 2691 atque
487 2636 753 2677 contracta
762 2646 784 2686 ;
815 2631 985 2693 fortis
1013 2641 1066 2680 et
1088 2632 1345 2683 vehemens
1372 2643 1423 2683 et
1453 2634 1527 2683 Ia-

2 2708 107 2762 tro,
162 2711 332 2752 erecta
370 2714 423 2753 et
456 2708 710 2757 conm'tata
740 2724 858 2757 voce
900 2710 1082 2759 dicen
1094 2712 1235 2760 dum
1270 2714 1398 2762 est?
1447 2722 1526 2772 (v.
