1728 3002
149 121 231 164 810
248 100 251 109 y
653 106 895 160 Scurrili'tas
934 142 990 151 —-
1019 119 1167 186 Sector

145 219 402 265 scurrilitas.
451 231 611 267 affectata
637 243 689 267 sc.
717 235 772 274 11,
799 235 834 276 1,
861 234 918 268 30.

143 280 334 323 Scutum.
390 290 580 337 imaginem
609 289 702 324 Galli
727 290 767 324 in
802 296 903 327 scuto
936 289 1115 326 Cimbrico
1140 293 1198 337 (a.
1222 290 1246 328 2.
1263 283 1616 340 Marianoi'pictam
1643 298 1680 340 6,

186 341 233 418 13⁹2,
258 340 304 418 {353
327 338 375 371 N.
404 338 593 371 Tabernae
617 343 719 372 erant
746 336 842 373 circa
864 338 1002 382 forum,
1035 344 1071 373 et
1095 349 1144 374 sc.
1168 338 1257 409 illud
1279 340 1371 388 signi
1393 340 1506 388 gratia
1528 341 1681 410 positum

143 428 320 471 Secedo·
368 438 407 481 Ι)
437 450 516 473 cum
540 439 578 473 in
603 438 756 474 insulam
779 441 986 476 secessisset
1008 442 1092 476 Tib.
1114 441 1247 477 Caesar
1268 444 1304 486 3,
1326 447 1360 487 1,
1380 447 1435 480 17.
1476 445 1528 488 11)
1545 435 1678 483 tran-i..-

185 499 267 521 cum
295 486 347 520 ad
370 486 489 520 stilum
514 487 658 520 secedet
684 489 717 528 1,
745 489 799 526 12,
830 489 885 521 12.
934 486 1048 534 [Quid
1071 494 1191 522 tamen
1213 488 1268 523 his
1292 490 1378 533 ipsis
1402 492 1477 535 ejus
1501 492 1680 536 operibus,

182 533 227 567 in
253 544 343 577 quae
366 531 508 575 juvenis
533 538 729 566 secesserat
753 531 813 575 (de
832 533 916 578 conj.
936 537 986 568 Li
995 537 1067 579 psi
1075 538 1107 578 i,
1138 548 1222 570 omn.
1249 538 1354 578 Codd.
1378 537 1548 582 success.)
1572 539 1681 573 subli-

182 579 294 620 mius,
328 578 464 613 doctius
492 586 552 615 etc.
581 582 648 622 10,
675 582 715 622 1,
741 580 784 614 91
811 580 858 614 N.
886 579 947 624 cn]
1334 581 1337 587 ⁴

138 624 340 667 secerno.
397 647 529 683 neque¹
547 635 660 680 ipsam
687 636 1012 681 pronuntiationem
1041 638 1084 672 ab
1110 643 1253 673 oratore
1277 638 1507 683 seoemet‘l,
1531 642 1596 684 11,
1623 643 1680 676 17.

183 683 246 727 qui
271 682 412 717 dicendi
437 683 641 717 facultatem
667 694 686 717 a
709 684 844 726 majore
874 692 921 717 ac'
939 684 1051 731 magis
1075 684 1277 728 expetenda
1300 685 1397 720 vitae
1430 687 1536 721 laude
1559 698 1679 722 secer-

183 735 272 763 nunt
295 732 330 772 2,
360 729 426 772 15,
452 732 493 772 2;
532 729 601 771 jam
625 735 844 764 secretus
870 736 904 764 et
931 737 1237 765 consecratus
1261 734 1326 775 12,
1354 735 1419 775 11,
1443 736 1477 767 7.
1514 732 1680 768 meon-

184 777 472 810 secro.¹multo
496 776 576 819 plus
601 776 729 810 secreti
754 776 924 820 temporis
949 777 1026 820 (Sp.
1043 776 1121 820 om.)
1148 780 1181 821 1,
1209 780 1243 820 2,
1268 780 1309 812 11
1336 779 1383 812 N.
1409 785 1440 812 et
1461 780 1497 812 S.

138 822 359 863 SCGOS‘SUS·
409 833 584 877 jucundus
611 833 679 877 (Z.
709 834 795 877 conj.
819 833 969 869 vivendi
993 833 1168 878 jucunde)
1193 834 1253 869 hic
1278 835 1390 883 magis
1415 847 1521 880 quam
1541 835 1678 869 studio-

174 891 254 914 rum
278 880 441 913 hortator
464 879 607 914 videtur
631 890 710 914 esse
735 891 815 914 sec:
839 882 904 922 10,
930 882 950 914 3
964 906 974 924 ‚
1006 883 1061 915 23.
1096 880 1275 915 silentium
1299 887 1335 915 et
1357 893 1520 916 secessus
1553 883 1597 916 ib.
1618 883 1678 917 28.

180 939 213 960 υ.
244 925 522 961 Silentium.
548 931 682 959 tantum
706 925 868 960 intulisse
894 927 1119 971 eloquentiae
1145 928 1287 972 lumen,
1315 929 1411 972 quod
1434 927 1473 962 in
1495 929 1562 963 hos
1590 935 1682 973 quo-

180 984 251 1017 que
279 972 478 1006 studiorum
503 983 665 1006 secessus
695 971 855 1006 excurrit
881 975 935 1016 10,
965 974 999 1016 5,
1028 974 1084 1008 16.

136 1018 260 1060 SGCO·
306 1035 458 1072 secat,
487 1029 647 1064 secuit
672 1032 715 1072 1,
740 1030 775 1073 4,
801 1031 855 1068 13.
905 1029 938 1073 Ι)
964 1032 1122 1074 proprie.-
1155 1029 1303 1070 medicis
1331 1029 1436 1065 etiam
1458 1030 1598 1078 integra
1621 1042 1678 1067 se-

181 1075 342 1110 cantibus
368 1079 423 1119 10,
450 1074 486 1119 4,
511 1078 545 1110 3.
571 1076 724 1119 (manus)
749 1075 885 1110 secanti
908 1075 1031 1110 similis
1054 1079 1112 1119 11,
1134 1078 1168 1116 3,
1195 1078 1261 1113 119
1280 1077 1326 1111 Ν.
1348 1087 1425 1114 vox
1448 1080 1574 1114 secans
1594 1081 1677 1115 aera

179 1125 222 1157 ib.
242 1122 299 1158 40.
347 1123 397 1164 ΙΙ)
424 1125 445 1156 i.
471 1135 502 1166 q.
528 1123 702 1156 divido.-
729 1123 829 1157 velut
852 1122 1016 1157 diversae
1040 1123 1124 1158 viae
1152 1122 1266 1157 secari
1289 1125 1485 1168 coeperunt
1509 1126 1544 1167 3,
1562 1128 1595 1166 1,
1618 1125 1673 1158 14.

183 1180 273 1212 quae
297 1174 423 1202 natura
447 1167 639 1214 singularia
663 1173 757 1211 sunt,
785 1174 907 1202 secant
932 1167 968 1211 4,
994 1169 1027 1212 5,
1055 1169 1112 1207 25.
1142 1175 1255 1203 sectas
1279 1170 1324 1203 ad
1347 1167 1677 1207 tenuitatem‘suam

179 1215 277 1250 vires
304 1218 360 1257 12,
385 1217 420 1258 2,
451 1217 506 1249 13.
540 1216 749 1258 scrupulose
773 1214 818 1248 in
842 1220 962 1258 partes
985 1220 1082 1248 secta
1107 1213 1164 1259 (α.
1194 1219 1215 1249 l.
1241 1214 1387 1260 sectae)
1410 1215 1597 1251 divisionis
1625 1215 1677 1249 di-

179 1260 328 1307 ligentia
351 1260 396 1303 4,
422 1259 462 1302 5,
492 1261 515 1294 6
542 1261 587 1294 N.
616 1274 662 1294 cr.
691 1266 858 1294 secantur
881 1262 972 1294 haec
995 1261 1039 1293 in
1069 1262 1189 1304 plures
1211 1259 1273 1304 (sc.
1294 1259 1457 1304 partes)
1482 1262 1528 1304 8,
1553 1262 1595 1301 6,
1620 1263 1676 1296 13.

182 1305 273 1350 [non
297 1305 462 1350 equidem
485 1305 524 1338 in
548 1316 671 1338 omnes
697 1317 775 1339 eam
802 1305 1036 1349 (orationem)
1061 1306 1250 1349 particulas
1273 1307 1404 1341 secabo
1429 1305 1541 1350 (omn.
1571 1309 1674 1342 Godd.

177 1351 324 1394 locabo)
347 1353 393 1395 8,
417 1353 460 1393 3,
488 1351 533 1385 63
557 1352 606 1384 Ν.
635 1349 696 1394 cn]
725 1351 773 1383 in
797 1351 934 1395 species
958 1357 1099 1386 secatur
1123 1350 1254 1396 (genus)
1279 1353 1314 1396 5,
1339 1354 1395 1396 10,
1419 1353 1475 1388 90.
1507 1363 1586 1397 per
1610 1353 1676 1388 mi-

178 1397 382 1432 nutissimas
405 1396 474 1430 ista
498 1402 617 1440 partes
645 1396 802 1430 secuisse
828 1397 870 1440 5,
899 1399 955 1439 11,
980 1399 1039 1431 30.

134 1442 323 1484 Secreto·
379 1466 408 1490 s.
436 1455 570 1488 factum
598 1454 632 1498 5,
667 1455 724 1497 13,
753 1454 809 1489 16.
837 1453 898 1498 qui
921 1453 1033 1488 filium
1057 1465 1085 1488 ε.
1116 1453 1308 1488 occidisset
1333 1455 1368 1498 9,
1392 1457 1428 1498 2,
1455 1456 1512 1492 79.

134 1499 368 1542 secretum·
426 1510 458 1553 1)
487 1513 529 1544 de
554 1515 646 1544 loco.-
679 1516 856 1545 secretum
878 1510 917 1544 in
941 1511 1107 1545 dictando
1131 1511 1224 1555 perit
1253 1513 1310 1555 10,
1334 1513 1369 1554 3,
1397 1515 1456 1547 22.
1481 1517 1536 1547 est
1556 1503 1677 1549 famen

178 1557 381 1592 lucubratio
411 1557 584 1602 optimum
623 1556 754 1591 secreti
789 1567 901 1603 genus
934 1559 978 1591 fb.
1007 1558 1065 1591 27.
1094 1556 1134 1590 in
1157 1557 1282 1600 turba,
1313 1556 1471 1601 itinere„
1490 1559 1675 1605 conviviis

179 1604 286 1638 etiam
310 1604 421 1638 faciat
455 1603 522 1638 sibi
548 1602 716 1650 cogitatio
738 1603 815 1647 ipsa
842 1609 1018 1637 secretum
1044 1605 1111 1646 10,
1135 1605 1178 1646 3,
1203 1605 1260 1637 30.
1299 1602 1360 1638 ille
1389 1609 1508 1645 tantus
1540 1604 1677 1641 amator

177 1647 594 1685 secreti'Demo'sthenes
618 1652 660 1682 ib.
684 1654 724 1682 ut
746 1650 840 1683 bona
871 1649 1008 1696 ingenii
1042 1649 1219 1693 studiique
1246 1649 1285 1683 in
1316 1650 1467 1684 lucem
1491 1661 1564 1685 non
1586 1661 1675 1696 pro-

177 1698 249 1730 lata
274 1697 365 1730 situ
390 1697 498 1741 quod.
523 1695 704 1730 secreti
729 1702 1024 1730 consumerentur
1054 1698 1098 1729 12
1113 1721 1124 1738 ,
1147 1696 1167 1728 5
1182 1721 1192 1738 ‚
1217 1698 1251 1729 2.
1286 1707 1367 1729 cum
1400 1696 1500 1731 stilus
1532 1704 1673 1734 secreto
1725 1739 1728 1740 ⁷

177 1744 330 1790 gaudeat
357 1745 420 1785 10,
445 1747 492 1785 7,
519 1743 583 1785 16;
623 1753 698 1776 non
720 1741 897 1776 minorem
922 1741 1064 1788 flagitiis
1090 1740 1316 1776 occasionem
1339 1747 1478 1777 secreta
1499 1745 1676 1787 praebue-

178 1789 249 1823 rint
274 1792 307 1831 1,
330 1792 365 1832 2,
393 1789 430 1823 4.
457 1800 546 1833 quae
575 1787 698 1832 (mens)
721 1788 759 1822 in
782 1787 986 1832 hujusmodi
1013 1786 1218 1822 secretis
1239 1788 1455 1834 languescit,
1483 1795 1520 1824 et
1541 1791 1673 1834 quend-

177 1837 279 1870 velut
306 1835 344 1868 in
368 1845 522 1879 opaco
554 1834 693 1868 situm
721 1834 818 1867 ducit
841 1837 884 1868 ib.
916 1836 972 1869 18.
998 1834 1111 1878 dulcis
1136 1839 1356 1867 secretorum
1379 1845 1500 1869 comes
1527 1839 1561 1878 1,
1581 1835 1618 1880 4‚·
1637 1837 1675 1872 5.

178 1880 231 1925 11)
257 1885 395 1915 transh:
428 1882 600 1915 hactenus
627 1880 832 1925 eloquentia
854 1886 1030 1915 secretum
1048 1880 1161 1915 habet
1184 1881 1248 1923 12,
1272 1880 1314 1924 9,
1338 1880 1372 1914 5.
1406 1880 1513 1915 animi
1536 1887 1674 1922 secreta

178 1927 311 1974 detegit
335 1926 451 1962 oratio
476 1930 534 1970 11,
558 1930 591 1970 1,
617 1928 673 1961 30.

133 1971 346 2014 Secretus-
384 1986 467 2018 loco
496 1983 704 2026 celebri,
729 1988 915 2017 secreto
941 1984 998 2026 11,
1025 1985 1060 2026 1,
1084 1984 1153 2025 713
1178 1992 1268 2017 secr.
1293 1981 1591 2026 disputationibus
1615 1986 1672 2028 12,

175 2035 211 2074 2,
235 2035 268 2066 7.
297 2031 335 2064 in
359 2030 517 2075 epistolis
542 2041 660 2064 secr.
692 2034 728 2063 et
750 2028 1076 2062 familiaribus
1106 2030 1149 2071 1,
1177 2029 1216 2071 1,
1247 2028 1306 2064 29.
1334 2039 1450 2063 secr.
1477 2035 1514 2065 et
1536 2035 1671 2073 extra

175 2078 428 2123 vulgarem
454 2088 587 2110 usum
614 2074 812 2120 positae
839 2074 1018 2119 (figurae)
1041 2076 1077 2118 9,
1103 2076 1138 2117 3,
1163 2075 1197 2108 5.
1222 2085 1312 2108 secr.
1339 2073 1455 2108 studia
1477 2078 1520 2118 2,
1545 2077 1608 2120 18,
1635 2074 1670 2111 4.
1724 2071 1728 2080 ’

177 2125 240 2165 12,
262 2124 307 2166 6,
332 2121 372 2166 4;
403 2123 734 2167 interpretationem
761 2121 903 2169 linguae
929 2120 1131 2156 secretioris
1157 2122 1195 2163 1,
1222 2122 1262 2162 1,
1290 2120 1347 2155 35.
1374 2120 1530 2167 origines
1554 2122 1673 2156 nomi-

176 2180 283 2202 num:
313 2180 403 2214 quae
429 2181 475 2204 ex
497 2168 621 2203 habitu
646 2168 807 2212 corporis
831 2167 977 2209 Rufos
1006 2171 1258 2210 Longosque
1284 2166 1468 2201 fecerunt:
1505 2167 1584 2212 (ubi
1607 2168 1699 2204 erit·

177 2215 274 2248 aliud
298 2214 482 2256 secretius,
514 2217 684 2256 Sullae,
708 2215 879 2248 Burrhi
902 2215 982 2256 etc.)
1009 2215 1040 2256 1,
1066 2211 1110 2255 4,
1134 2212 1180 2247 25
1203 2216 1246 2246 Ζ.

132 2261 267 2302 Secta·
325 2271 363 2314 1)
393 2263 614 2315 exprobrare
638 2271 817 2305 diversam
840 2270 937 2305 vitae
961 2275 1093 2304 sectam
1116 2271 1156 2311 3,
1181 2269 1222 2311 8,
1249 2271 1305 2305 38.
1327 2280 1403 2304 non
1426 2269 1496 2305 alia
1517 2269 1616 2306 vitae
1641 2283 1671 2307 s.
1698 2273 1701 2277 '

176 2317 318 2364 longius
341 2329 362 2352 a
387 2318 552 2353 civilibus
577 2317 708 2352 officiis
733 2316 883 2351 recessit
904 2320 959 2358 12,
981 2319 1016 2360 2,
1040 2317 1074 2350 6.
1123 2314 1175 2358 11)
1203 2317 1245 2349 de
1273 2317 1539 2360 philosophorum
1565 2319 1672 2362 paru·-
1705 2327 1709 2332 '

177 2366 257 2396 bus.-
286 2364 428 2398 Stoicae
452 2370 570 2398 sectae
595 2366 635 2397 11
650 2389 660 2406 ,
685 2366 726 2405 1,
744 2365 800 2398 70.
829 2364 905 2407 ejus
929 2367 1069 2403 sectae,
1104 2371 1194 2405 quae
1218 2361 1295 2395 aliis
1320 2361 1567 2406 severissima,
1593 2362 1671 2398 aliis

178 2410 371 2452 asperrima
398 2411 560 2452 videtur,
594 2409 775 2454 principes
801 2412 844 2452 1,
874 2410 939 2452 10,
967 2410 1011 2443 15
1033 2409 1078 2441 Ν.
1115 2418 1205 2452 quae
1232 2419 1260 2441 s.
1286 2409 1454 2442 conferre
1471 2408 1672 2454 'plurimum

182 2456 410 2497 eloquentiae
437 2456 551 2500 possit
570 2459 626 2497 12,
651 2459 686 2498 2,
711 2457 768 2489 23.
797 2465 924 2498 neque
939 2453 1035 2488 enim
1056 2464 1114 2487 me
1136 2454 1320 2497 cujusdam
1349 2460 1467 2489 sectae
1491 2453 1618 2488 addixi'
1635 2455 1671 2497 3,

181 2503 212 2542 1,
237 2504 283 2533 22
302 2506 342 2535 Z.
368 2504 411 2535 ad
436 2513 573 2536 morem
598 2507 712 2536 oertas
736 2501 774 2535 in
797 2500 1026 2545 philosophia
1050 2505 1164 2534 sectas
1188 2500 1362 2545 sequendi
1385 2502 1420 2543 3,
1445 2503 1479 2542 1,
1505 2501 1562 2534 18.
1585 2499 1670 2543 Epi-

178 2546 254 2578 curi
285 2554 418 2626 sgctam
449 2554 592 2583 secutos
618 2548 661 2592 5,
687 2551 734 2591 7,
758 2547 804 2582 35
831 2549 868 2584 S.
905 2546 1128 2583 diversarum
1159 2547 1336 2581 sectarum
1365 2547 1466 2580 velut
1498 2546 1606 2580 duces
1633 2545 1669 2589 5,

181 2593 249 2632 13,
277 2593 296 2625 5
324 2618 331 2624 .

135 2635 292 2677 SGCfiO·
329 2649 373 2681 de
397 2649 557 2684 sectione
581 2649 618 2684 in
640 2650 816 2684 infinitum
849 2654 889 2692 1,
917 2652 979 2693 10,
1003 2648 1059 2685 49.

137 2703 301 2745 sector·
348 2721 500 2750 sectatur
526 2719 747 2761 voluptatem
773 2721 837 2759 10,
864 2721 881 2751 1
896 2744 907 2761 ,
932 2719 988 2752 28.
1018 2727 1143 2751 omnes
1168 2715 1307 2750 dicendi
1333 2715 1492 2748 Veneres
1516 2720 1670 2750 sectatus
