<?xml version="1.0" encoding="UTF-8"?>
<!DOCTYPE html PUBLIC "-//W3C//DTD XHTML 1.0 Transitional//EN"
    "http://www.w3.org/TR/xhtml1/DTD/xhtml1-transitional.dtd">
<html xmlns="http://www.w3.org/1999/xhtml" xml:lang="en" lang="en">
 <head>
  <title>
</title>
<meta http-equiv="Content-Type" content="text/html;charset=utf-8" />
  <meta name='ocr-system' content='tesseract 3.04.00' />
  <meta name='ocr-capabilities' content='ocr_page ocr_carea ocr_par ocr_line ocrx_word'/>
</head>
<body>
  <div class='ocr_page' id='page_1' title='image "./lexiconquintilia06bonnuoft_1003.png"; bbox 0 0 1794 2976; ppageno 0'>
   <div class='ocr_carea' id='block_1_1' title="bbox 535 195 1640 244">
    <p class='ocr_par' dir='ltr' id='par_1_1' title="bbox 535 195 1640 244">
     <span class='ocr_line' id='line_1_1' title="bbox 535 195 1640 244; baseline -0.005 0"><span class='ocrx_word' id='word_1_1' title='bbox 535 197 1013 244; x_wconf 81' lang='lat' dir='ltr'>Tubnrchinabundum</span> <span class='ocrx_word' id='word_1_2' title='bbox 1040 219 1086 228; x_wconf 89' lang='lat'>-</span> <span class='ocrx_word' id='word_1_3' title='bbox 1121 195 1234 239; x_wconf 83' lang='lat' dir='ltr'>Tum</span> <span class='ocrx_word' id='word_1_4' title='bbox 1561 198 1640 239; x_wconf 89' lang='grc'>911</span> 
     </span>
    </p>
   </div>
   <div class='ocr_carea' id='block_1_2' title="bbox 0 283 1648 361">
    <p class='ocr_par' dir='ltr' id='par_1_2' title="bbox 0 283 1648 361">
     <span class='ocr_line' id='line_1_2' title="bbox 0 283 1648 361; baseline -0.002 -14"><span class='ocrx_word' id='word_1_5' title='bbox 0 342 4 347; x_wconf 75' lang='lat'><strong>.</strong></span> <span class='ocrx_word' id='word_1_6' title='bbox 107 283 593 350; x_wconf 77' lang='lat' dir='ltr'>Tuburchinabundum·</span> <span class='ocrx_word' id='word_1_7' title='bbox 636 326 756 361; x_wconf 84' lang='lat' dir='ltr'>neque</span> <span class='ocrx_word' id='word_1_8' title='bbox 788 313 885 349; x_wconf 90' lang='lat' dir='ltr'>enim</span> <span class='ocrx_word' id='word_1_9' title='bbox 915 313 993 348; x_wconf 89' lang='lat' dir='ltr'>tub.</span> <span class='ocrx_word' id='word_1_10' title='bbox 1024 312 1095 356; x_wconf 82' lang='lat' dir='ltr'>jam</span> <span class='ocrx_word' id='word_1_11' title='bbox 1128 310 1168 346; x_wconf 91' lang='lat' dir='ltr'>in</span> <span class='ocrx_word' id='word_1_12' title='bbox 1198 309 1303 346; x_wconf 78' lang='lat' dir='ltr'>nobis</span> <span class='ocrx_word' id='word_1_13' title='bbox 1337 311 1522 356; x_wconf 87' lang='lat' dir='ltr'>quisquam</span> <span class='ocrx_word' id='word_1_14' title='bbox 1555 311 1648 345; x_wconf 78' lang='lat' dir='ltr'>serat</span> 
     </span>
    </p>
   </div>
   <div class='ocr_carea' id='block_1_3' title="bbox 155 364 408 408">
    <p class='ocr_par' dir='ltr' id='par_1_3' title="bbox 155 364 408 408">
     <span class='ocr_line' id='line_1_3' title="bbox 155 364 408 408; baseline -0.008 -10"><span class='ocrx_word' id='word_1_15' title='bbox 155 368 189 408; x_wconf 94' lang='lat'>1,</span> <span class='ocrx_word' id='word_1_16' title='bbox 215 365 257 408; x_wconf 81' lang='lat'>6,</span> <span class='ocrx_word' id='word_1_17' title='bbox 279 364 340 399; x_wconf 79' lang='lat'><strong>42.</strong></span> <span class='ocrx_word' id='word_1_18' title='bbox 405 371 408 376; x_wconf 39' lang='grc' dir='ltr'><em>ν</em></span> 
     </span>
    </p>
   </div>
   <div class='ocr_carea' id='block_1_4' title="bbox 102 419 1686 1941">
    <p class='ocr_par' dir='ltr' id='par_1_4' title="bbox 108 419 1686 614">
     <span class='ocr_line' id='line_1_4' title="bbox 108 419 1686 474; baseline -0.006 -8"><span class='ocrx_word' id='word_1_19' title='bbox 108 419 269 463; x_wconf 68' lang='grc' dir='ltr'><strong>ΤΙΙΘΟΓ·</strong></span> <span class='ocrx_word' id='word_1_20' title='bbox 315 429 353 474; x_wconf 93' lang='grc' dir='ltr'>Ι)</span> <span class='ocrx_word' id='word_1_21' title='bbox 381 444 447 465; x_wconf 83' lang='lat' dir='ltr'>re.-</span> <span class='ocrx_word' id='word_1_22' title='bbox 476 429 628 464; x_wconf 78' lang='lat' dir='ltr'>ferire</span> <span class='ocrx_word' id='word_1_23' title='bbox 652 427 777 465; x_wconf 78' lang='lat' dir='ltr'>vitalia</span> <span class='ocrx_word' id='word_1_24' title='bbox 806 439 848 463; x_wconf 85' lang='lat' dir='ltr'>ac</span> <span class='ocrx_word' id='word_1_25' title='bbox 874 425 996 462; x_wconf 84' lang='lat' dir='ltr'>tueri</span> <span class='ocrx_word' id='word_1_26' title='bbox 1019 425 1108 460; x_wconf 75' lang='lat' dir='ltr'>sciat</span> <span class='ocrx_word' id='word_1_27' title='bbox 1133 424 1227 470; x_wconf 78' lang='lat' dir='ltr'>(jam</span> <span class='ocrx_word' id='word_1_28' title='bbox 1251 427 1282 458; x_wconf 83' lang='lat' dir='ltr'>in</span> <span class='ocrx_word' id='word_1_29' title='bbox 1307 427 1420 460; x_wconf 79' lang='lat' dir='ltr'>schola</span> <span class='ocrx_word' id='word_1_30' title='bbox 1446 424 1648 468; x_wconf 79' lang='lat' dir='ltr'><em>adolescens)</em></span> <span class='ocrx_word' id='word_1_31' title='bbox 1682 428 1686 431; x_wconf 77' lang='grc'>’</span> 
     </span>
     <span class='ocr_line' id='line_1_5' title="bbox 153 471 1648 522; baseline -0.006 -9"><span class='ocrx_word' id='word_1_32' title='bbox 153 479 195 522; x_wconf 88' lang='grc'>5,</span> <span class='ocrx_word' id='word_1_33' title='bbox 220 481 284 519; x_wconf 90' lang='grc'>12,</span> <span class='ocrx_word' id='word_1_34' title='bbox 307 481 367 512; x_wconf 91' lang='grc'>22.</span> <span class='ocrx_word' id='word_1_35' title='bbox 396 477 542 511; x_wconf 88' lang='lat' dir='ltr'>castella</span> <span class='ocrx_word' id='word_1_36' title='bbox 572 477 703 510; x_wconf 84' lang='lat' dir='ltr'>tuenda</span> <span class='ocrx_word' id='word_1_37' title='bbox 726 479 769 518; x_wconf 96' lang='lat'>7,</span> <span class='ocrx_word' id='word_1_38' title='bbox 805 477 866 511; x_wconf 84' lang='grc'>10.</span> <span class='ocrx_word' id='word_1_39' title='bbox 898 475 961 516; x_wconf 84' lang='grc'>13;</span> <span class='ocrx_word' id='word_1_40' title='bbox 999 471 1140 517; x_wconf 85' lang='lat' dir='ltr'>aequali</span> <span class='ocrx_word' id='word_1_41' title='bbox 1165 474 1250 506; x_wconf 67' lang='lat' dir='ltr'>cura</span> <span class='ocrx_word' id='word_1_42' title='bbox 1275 471 1430 519; x_wconf 81' lang='lat' dir='ltr'>linguam</span> <span class='ocrx_word' id='word_1_43' title='bbox 1463 478 1648 516; x_wconf 86' lang='lat' dir='ltr'>utramque</span> 
     </span>
     <span class='ocr_line' id='line_1_6' title="bbox 150 518 1649 567; baseline -0.005 -8"><span class='ocrx_word' id='word_1_44' title='bbox 150 522 244 559; x_wconf 82' lang='lat' dir='ltr'>tueri</span> <span class='ocrx_word' id='word_1_45' title='bbox 267 526 300 563; x_wconf 87' lang='lat'>1,</span> <span class='ocrx_word' id='word_1_46' title='bbox 314 526 348 567; x_wconf 91' lang='lat'>1,</span> <span class='ocrx_word' id='word_1_47' title='bbox 363 522 419 557; x_wconf 82' lang='lat'>14.</span> <span class='ocrx_word' id='word_1_48' title='bbox 467 522 517 564; x_wconf 93' lang='lat'>11)</span> <span class='ocrx_word' id='word_1_49' title='bbox 542 525 697 556; x_wconf 72' lang='lat' dir='ltr'>verbis.</span> <span class='ocrx_word' id='word_1_50' title='bbox 725 520 762 564; x_wconf 71' lang='grc' dir='ltr'>ι)</span> <span class='ocrx_word' id='word_1_51' title='bbox 792 522 828 562; x_wconf 86' lang='lat' dir='ltr'>a)</span> <span class='ocrx_word' id='word_1_52' title='bbox 850 522 894 554; x_wconf 82' lang='lat' dir='ltr'>de</span> <span class='ocrx_word' id='word_1_53' title='bbox 916 522 1088 564; x_wconf 80' lang='lat' dir='ltr'>personis.-</span> <span class='ocrx_word' id='word_1_54' title='bbox 1114 529 1219 562; x_wconf 88' lang='lat' dir='ltr'>quem</span> <span class='ocrx_word' id='word_1_55' title='bbox 1240 524 1339 552; x_wconf 88' lang='lat' dir='ltr'>actor</span> <span class='ocrx_word' id='word_1_56' title='bbox 1358 518 1491 563; x_wconf 88' lang='lat' dir='ltr'>optime</span> <span class='ocrx_word' id='word_1_57' title='bbox 1509 523 1649 553; x_wconf 89' lang='lat' dir='ltr'>tueatur</span> 
     </span>
     <span class='ocr_line' id='line_1_7' title="bbox 152 565 1647 614; baseline -0.006 -8"><span class='ocrx_word' id='word_1_58' title='bbox 152 572 189 614; x_wconf 78' lang='lat'>3,</span> <span class='ocrx_word' id='word_1_59' title='bbox 214 571 250 612; x_wconf 97' lang='grc'>6,</span> <span class='ocrx_word' id='word_1_60' title='bbox 275 571 333 606; x_wconf 92' lang='grc'>92.</span> <span class='ocrx_word' id='word_1_61' title='bbox 360 568 405 611; x_wconf 85' lang='lat' dir='ltr'>cs.</span> <span class='ocrx_word' id='word_1_62' title='bbox 433 567 489 612; x_wconf 89' lang='grc'>11,</span> <span class='ocrx_word' id='word_1_63' title='bbox 515 571 548 612; x_wconf 89' lang='grc'>1,</span> <span class='ocrx_word' id='word_1_64' title='bbox 574 570 634 603; x_wconf 88' lang='grc'><strong>18.’</strong></span> <span class='ocrx_word' id='word_1_65' title='bbox 655 568 867 602; x_wconf 82' lang='lat' dir='ltr'>innocentes</span> <span class='ocrx_word' id='word_1_66' title='bbox 888 565 1044 600; x_wconf 72' lang='lat' dir='ltr'><strong>tuebitur</strong></span> <span class='ocrx_word' id='word_1_67' title='bbox 1070 568 1126 608; x_wconf 87' lang='grc'>12,</span> <span class='ocrx_word' id='word_1_68' title='bbox 1153 568 1188 608; x_wconf 88' lang='grc'>2,</span> <span class='ocrx_word' id='word_1_69' title='bbox 1212 566 1270 598; x_wconf 88' lang='grc'>26.</span> <span class='ocrx_word' id='word_1_70' title='bbox 1300 566 1426 609; x_wconf 82' lang='lat' dir='ltr'>quosd.</span> <span class='ocrx_word' id='word_1_71' title='bbox 1452 565 1544 599; x_wconf 87' lang='lat' dir='ltr'>ratio</span> <span class='ocrx_word' id='word_1_72' title='bbox 1571 565 1647 609; x_wconf 86' lang='lat' dir='ltr'>ipsa</span> 
     </span>
    </p>

    <p class='ocr_par' dir='ltr' id='par_1_5' title="bbox 102 610 1650 710">
     <span class='ocr_line' id='line_1_8' title="bbox 102 610 1648 661; baseline -0.005 -11"><span class='ocrx_word' id='word_1_73' title='bbox 102 622 104 625; x_wconf 84' lang='grc'><strong>“</strong></span> <span class='ocrx_word' id='word_1_74' title='bbox 154 628 197 650; x_wconf 79' lang='lat' dir='ltr'>ae</span> <span class='ocrx_word' id='word_1_75' title='bbox 223 627 262 650; x_wconf 89' lang='lat' dir='ltr'>re</span> <span class='ocrx_word' id='word_1_76' title='bbox 285 621 406 650; x_wconf 90' lang='lat' dir='ltr'>tuetur</span> <span class='ocrx_word' id='word_1_77' title='bbox 428 617 472 658; x_wconf 87' lang='lat'>3,</span> <span class='ocrx_word' id='word_1_78' title='bbox 498 615 543 657; x_wconf 94' lang='grc'>8,</span> <span class='ocrx_word' id='word_1_79' title='bbox 565 613 623 649; x_wconf 80' lang='grc'>48.</span> <span class='ocrx_word' id='word_1_80' title='bbox 649 614 800 661; x_wconf 79' lang='lat' dir='ltr'>dignitas</span> <span class='ocrx_word' id='word_1_81' title='bbox 823 618 942 647; x_wconf 88' lang='lat' dir='ltr'>tuetur</span> <span class='ocrx_word' id='word_1_82' title='bbox 964 623 1064 646; x_wconf 86' lang='lat' dir='ltr'>reum</span> <span class='ocrx_word' id='word_1_83' title='bbox 1089 614 1124 654; x_wconf 89' lang='lat'>7,</span> <span class='ocrx_word' id='word_1_84' title='bbox 1148 614 1183 654; x_wconf 82' lang='lat'>2,</span> <span class='ocrx_word' id='word_1_85' title='bbox 1209 612 1264 644; x_wconf 83' lang='lat'><strong>32.</strong></span> <span class='ocrx_word' id='word_1_86' title='bbox 1290 610 1334 652; x_wconf 75' lang='lat' dir='ltr'>es.</span> <span class='ocrx_word' id='word_1_87' title='bbox 1360 610 1395 651; x_wconf 82' lang='lat'>4,</span> <span class='ocrx_word' id='word_1_88' title='bbox 1419 613 1453 653; x_wconf 88' lang='lat'>5,</span> <span class='ocrx_word' id='word_1_89' title='bbox 1478 612 1512 647; x_wconf 84' lang='grc'>9.</span> <span class='ocrx_word' id='word_1_90' title='bbox 1546 621 1648 644; x_wconf 86' lang='lat' dir='ltr'>reum</span> 
     </span>
     <span class='ocr_line' id='line_1_9' title="bbox 151 627 1650 710; baseline -0.004 -14"><span class='ocrx_word' id='word_1_91' title='bbox 151 627 279 697; x_wconf 75' lang='lat' dir='ltr'>tuegbar</span> <span class='ocrx_word' id='word_1_92' title='bbox 295 663 330 705; x_wconf 88' lang='grc'>9,</span> <span class='ocrx_word' id='word_1_93' title='bbox 349 665 384 705; x_wconf 92' lang='grc'>2,</span> <span class='ocrx_word' id='word_1_94' title='bbox 407 663 465 696; x_wconf 82' lang='lat'>73.</span> <span class='ocrx_word' id='word_1_95' title='bbox 493 660 647 705; x_wconf 80' lang='lat' dir='ltr'>scriptor</span> <span class='ocrx_word' id='word_1_96' title='bbox 668 671 809 704; x_wconf 81' lang='lat' dir='ltr'>semper</span> <span class='ocrx_word' id='word_1_97' title='bbox 825 659 917 693; x_wconf 89' lang='lat' dir='ltr'>tueri</span> <span class='ocrx_word' id='word_1_98' title='bbox 932 658 1146 710; x_wconf 79' lang='lat' dir='ltr'>signatorem</span> <span class='ocrx_word' id='word_1_99' title='bbox 1171 667 1319 691; x_wconf 87' lang='lat' dir='ltr'>necesse</span> <span class='ocrx_word' id='word_1_100' title='bbox 1347 658 1465 699; x_wconf 87' lang='lat' dir='ltr'>habet,</span> <span class='ocrx_word' id='word_1_101' title='bbox 1491 657 1650 710; x_wconf 72' lang='lat' dir='ltr'>signator</span> 
     </span>
    </p>

    <p class='ocr_par' dir='ltr' id='par_1_6' title="bbox 125 704 1652 1850">
     <span class='ocr_line' id='line_1_10' title="bbox 151 704 1649 752; baseline -0.004 -10"><span class='ocrx_word' id='word_1_102' title='bbox 151 708 364 752; x_wconf 72' lang='lat' dir='ltr'>scriptorem</span> <span class='ocrx_word' id='word_1_103' title='bbox 384 718 458 741; x_wconf 83' lang='lat' dir='ltr'>non</span> <span class='ocrx_word' id='word_1_104' title='bbox 482 718 623 751; x_wconf 84' lang='lat' dir='ltr'>semper</span> <span class='ocrx_word' id='word_1_105' title='bbox 645 709 680 749; x_wconf 93' lang='grc'>7,</span> <span class='ocrx_word' id='word_1_106' title='bbox 703 709 738 749; x_wconf 89' lang='grc'>2,</span> <span class='ocrx_word' id='word_1_107' title='bbox 767 708 823 741; x_wconf 83' lang='grc'>53.</span> <span class='ocrx_word' id='word_1_108' title='bbox 853 707 968 740; x_wconf 86' lang='lat' dir='ltr'>bonos</span> <span class='ocrx_word' id='word_1_109' title='bbox 992 705 1156 738; x_wconf 84' lang='lat' dir='ltr'>hommes</span> <span class='ocrx_word' id='word_1_110' title='bbox 1181 704 1363 747; x_wconf 79' lang='lat' dir='ltr'>bonasque</span> <span class='ocrx_word' id='word_1_111' title='bbox 1387 714 1511 737; x_wconf 85' lang='lat' dir='ltr'>causas</span> <span class='ocrx_word' id='word_1_112' title='bbox 1535 708 1649 737; x_wconf 82' lang='lat' dir='ltr'>tuenti</span> 
     </span>
     <span class='ocr_line' id='line_1_11' title="bbox 152 749 1649 800; baseline -0.004 -12"><span class='ocrx_word' id='word_1_113' title='bbox 152 764 228 788; x_wconf 85' lang='lat' dir='ltr'>non</span> <span class='ocrx_word' id='word_1_114' title='bbox 254 753 300 788; x_wconf 88' lang='lat' dir='ltr'>sit</span> <span class='ocrx_word' id='word_1_115' title='bbox 316 753 526 787; x_wconf 87' lang='lat' dir='ltr'>metuendus</span> <span class='ocrx_word' id='word_1_116' title='bbox 550 753 707 800; x_wconf 82' lang='lat' dir='ltr'>ingratus</span> <span class='ocrx_word' id='word_1_117' title='bbox 734 755 789 795; x_wconf 86' lang='lat'>12,</span> <span class='ocrx_word' id='word_1_118' title='bbox 811 755 848 794; x_wconf 91' lang='grc'>7,</span> <span class='ocrx_word' id='word_1_119' title='bbox 875 754 929 786; x_wconf 90' lang='grc'>11.</span> <span class='ocrx_word' id='word_1_120' title='bbox 959 750 1059 786; x_wconf 83' lang='lat' dir='ltr'>victo</span> <span class='ocrx_word' id='word_1_121' title='bbox 1086 755 1267 794; x_wconf 82' lang='lat' dir='ltr'>superest,</span> <span class='ocrx_word' id='word_1_122' title='bbox 1297 755 1335 782; x_wconf 90' lang='lat' dir='ltr'>ut</span> <span class='ocrx_word' id='word_1_123' title='bbox 1358 750 1450 783; x_wconf 85' lang='lat' dir='ltr'>tueri</span> <span class='ocrx_word' id='word_1_124' title='bbox 1475 761 1514 783; x_wconf 89' lang='lat' dir='ltr'>se</span> <span class='ocrx_word' id='word_1_125' title='bbox 1537 749 1649 793; x_wconf 87' lang='lat' dir='ltr'>possit</span> 
     </span>
     <span class='ocr_line' id='line_1_12' title="bbox 151 795 1648 844; baseline -0.004 -9"><span class='ocrx_word' id='word_1_126' title='bbox 151 803 188 844; x_wconf 90' lang='lat'>7,</span> <span class='ocrx_word' id='word_1_127' title='bbox 203 803 239 844; x_wconf 88' lang='grc'>2,</span> <span class='ocrx_word' id='word_1_128' title='bbox 258 800 313 834; x_wconf 89' lang='grc'>16.</span> <span class='ocrx_word' id='word_1_129' title='bbox 338 799 369 834; x_wconf 89' lang='lat' dir='ltr'>si</span> <span class='ocrx_word' id='word_1_130' title='bbox 391 800 562 833; x_wconf 85' lang='lat' dir='ltr'>tuendum</span> <span class='ocrx_word' id='word_1_131' title='bbox 587 799 782 843; x_wconf 70' lang='lat' dir='ltr'>susceperit</span> <span class='ocrx_word' id='word_1_132' title='bbox 809 801 863 840; x_wconf 88' lang='grc'>12,</span> <span class='ocrx_word' id='word_1_133' title='bbox 883 801 916 840; x_wconf 91' lang='grc'>1,</span> <span class='ocrx_word' id='word_1_134' title='bbox 932 796 990 831; x_wconf 82' lang='grc'>40.</span> <span class='ocrx_word' id='word_1_135' title='bbox 1013 795 1136 830; x_wconf 87' lang='lat' dir='ltr'>tuendi</span> <span class='ocrx_word' id='word_1_136' title='bbox 1160 807 1199 830; x_wconf 92' lang='lat' dir='ltr'>se</span> <span class='ocrx_word' id='word_1_137' title='bbox 1223 795 1313 830; x_wconf 90' lang='lat' dir='ltr'>ratio</span> <span class='ocrx_word' id='word_1_138' title='bbox 1331 798 1366 839; x_wconf 89' lang='lat'>3,</span> <span class='ocrx_word' id='word_1_139' title='bbox 1380 797 1415 838; x_wconf 82' lang='lat'>6,</span> <span class='ocrx_word' id='word_1_140' title='bbox 1433 797 1489 829; x_wconf 77' lang='lat'>83.</span> <span class='ocrx_word' id='word_1_141' title='bbox 1514 808 1542 829; x_wconf 37' lang='lat' dir='ltr'>v&gt;</span> <span class='ocrx_word' id='word_1_142' title='bbox 1564 796 1648 829; x_wconf 89' lang='lat' dir='ltr'>De-</span> 
     </span>
     <span class='ocr_line' id='line_1_13' title="bbox 150 841 1648 889; baseline -0.003 -9"><span class='ocrx_word' id='word_1_143' title='bbox 150 846 319 888; x_wconf 82' lang='lat' dir='ltr'>fend03</span> <span class='ocrx_word' id='word_1_144' title='bbox 356 857 436 879; x_wconf 89' lang='lat' dir='ltr'>cum</span> <span class='ocrx_word' id='word_1_145' title='bbox 472 847 655 889; x_wconf 85' lang='lat' dir='ltr'>peculatus</span> <span class='ocrx_word' id='word_1_146' title='bbox 688 855 771 879; x_wconf 87' lang='lat' dir='ltr'>reus</span> <span class='ocrx_word' id='word_1_147' title='bbox 795 845 930 879; x_wconf 85' lang='lat' dir='ltr'>Verres</span> <span class='ocrx_word' id='word_1_148' title='bbox 965 842 1106 877; x_wconf 79' lang='lat' dir='ltr'>fortiter</span> <span class='ocrx_word' id='word_1_149' title='bbox 1136 847 1172 875; x_wconf 90' lang='lat' dir='ltr'>et</span> <span class='ocrx_word' id='word_1_150' title='bbox 1198 841 1372 876; x_wconf 76' lang='lat' dir='ltr'>industrie</span> <span class='ocrx_word' id='word_1_151' title='bbox 1402 841 1510 875; x_wconf 83' lang='lat' dir='ltr'>tuitus</span> <span class='ocrx_word' id='word_1_152' title='bbox 1544 842 1597 884; x_wconf 80' lang='lat' dir='ltr'>(a.</span> <span class='ocrx_word' id='word_1_153' title='bbox 1624 845 1648 875; x_wconf 87' lang='lat'>1.</span> 
     </span>
     <span class='ocr_line' id='line_1_14' title="bbox 153 888 1650 935; baseline -0.003 -9"><span class='ocrx_word' id='word_1_154' title='bbox 153 891 303 935; x_wconf 79' lang='lat' dir='ltr'>tutatus)</span> <span class='ocrx_word' id='word_1_155' title='bbox 328 897 491 926; x_wconf 86' lang='lat' dir='ltr'>contra</span> <span class='ocrx_word' id='word_1_156' title='bbox 517 891 647 935; x_wconf 79' lang='lat' dir='ltr'>piratas</span> <span class='ocrx_word' id='word_1_157' title='bbox 672 890 825 924; x_wconf 85' lang='lat' dir='ltr'>Siciliam</span> <span class='ocrx_word' id='word_1_158' title='bbox 850 890 980 924; x_wconf 86' lang='lat' dir='ltr'>dicitur</span> <span class='ocrx_word' id='word_1_159' title='bbox 1003 890 1041 932; x_wconf 80' lang='lat'>5,</span> <span class='ocrx_word' id='word_1_160' title='bbox 1066 890 1122 931; x_wconf 83' lang='lat'>13,</span> <span class='ocrx_word' id='word_1_161' title='bbox 1146 888 1202 923; x_wconf 89' lang='grc'>35.</span> <span class='ocrx_word' id='word_1_162' title='bbox 1252 889 1290 927; x_wconf 92' lang='lat' dir='ltr'>b)</span> <span class='ocrx_word' id='word_1_163' title='bbox 1316 890 1358 922; x_wconf 85' lang='lat' dir='ltr'>‹Ie</span> <span class='ocrx_word' id='word_1_164' title='bbox 1375 891 1494 922; x_wconf 82' lang='lat' dir='ltr'>rebus:</span> <span class='ocrx_word' id='word_1_165' title='bbox 1522 888 1650 932; x_wconf 83' lang='lat' dir='ltr'>quaed.</span> 
     </span>
     <span class='ocr_line' id='line_1_15' title="bbox 153 933 1648 981; baseline -0.004 -9"><span class='ocrx_word' id='word_1_166' title='bbox 153 944 227 972; x_wconf 80' lang='lat' dir='ltr'>tam</span> <span class='ocrx_word' id='word_1_167' title='bbox 253 938 394 972; x_wconf 84' lang='lat' dir='ltr'>fortiter</span> <span class='ocrx_word' id='word_1_168' title='bbox 417 939 593 971; x_wconf 86' lang='lat' dir='ltr'>tuenda</span> <span class='ocrx_word' id='word_1_169' title='bbox 617 948 721 981; x_wconf 89' lang='lat' dir='ltr'>quam</span> <span class='ocrx_word' id='word_1_170' title='bbox 746 937 878 970; x_wconf 84' lang='lat' dir='ltr'>facta</span> <span class='ocrx_word' id='word_1_171' title='bbox 901 941 983 969; x_wconf 84' lang='lat' dir='ltr'>sunt</span> <span class='ocrx_word' id='word_1_172' title='bbox 1002 935 1037 973; x_wconf 82' lang='grc'>6,</span> <span class='ocrx_word' id='word_1_173' title='bbox 1055 938 1087 976; x_wconf 93' lang='grc'>1,</span> <span class='ocrx_word' id='word_1_174' title='bbox 1104 933 1159 968; x_wconf 82' lang='grc'>34.</span> <span class='ocrx_word' id='word_1_175' title='bbox 1187 935 1445 980; x_wconf 85' lang='lat' dir='ltr'>negandum</span> <span class='ocrx_word' id='word_1_176' title='bbox 1469 933 1526 977; x_wconf 89' lang='lat' dir='ltr'>sit,</span> <span class='ocrx_word' id='word_1_177' title='bbox 1553 935 1648 978; x_wconf 83' lang='lat' dir='ltr'>quod</span> 
     </span>
     <span class='ocr_line' id='line_1_16' title="bbox 152 980 1649 1029; baseline -0.004 -10"><span class='ocrx_word' id='word_1_178' title='bbox 152 983 408 1029; x_wconf 88' lang='lat' dir='ltr'>objicitur,</span> <span class='ocrx_word' id='word_1_179' title='bbox 433 994 479 1016; x_wconf 81' lang='lat' dir='ltr'>sn</span> <span class='ocrx_word' id='word_1_180' title='bbox 505 985 726 1016; x_wconf 87' lang='lat' dir='ltr'>tuendum</span> <span class='ocrx_word' id='word_1_181' title='bbox 750 986 785 1025; x_wconf 94' lang='lat'>7,</span> <span class='ocrx_word' id='word_1_182' title='bbox 813 986 843 1025; x_wconf 93' lang='grc'>1,</span> <span class='ocrx_word' id='word_1_183' title='bbox 868 984 924 1017; x_wconf 88' lang='grc'>13.</span> <span class='ocrx_word' id='word_1_184' title='bbox 948 980 994 1023; x_wconf 72' lang='lat' dir='ltr'>qs.</span> <span class='ocrx_word' id='word_1_185' title='bbox 1025 983 1081 1022; x_wconf 93' lang='grc'>11,</span> <span class='ocrx_word' id='word_1_186' title='bbox 1108 983 1140 1023; x_wconf 91' lang='grc'>1,</span> <span class='ocrx_word' id='word_1_187' title='bbox 1164 981 1222 1014; x_wconf 87' lang='grc'>23.</span> <span class='ocrx_word' id='word_1_188' title='bbox 1248 987 1398 1025; x_wconf 71' lang='lat' dir='ltr'>utraque</span> <span class='ocrx_word' id='word_1_189' title='bbox 1422 992 1524 1024; x_wconf 87' lang='lat' dir='ltr'>pars,</span> <span class='ocrx_word' id='word_1_190' title='bbox 1552 980 1649 1025; x_wconf 89' lang='lat' dir='ltr'>quod</span> 
     </span>
     <span class='ocr_line' id='line_1_17' title="bbox 154 1026 1648 1075; baseline -0.003 -11"><span class='ocrx_word' id='word_1_191' title='bbox 154 1029 428 1075; x_wconf 84' lang='lat' dir='ltr'>proposuit,</span> <span class='ocrx_word' id='word_1_192' title='bbox 457 1035 617 1063; x_wconf 87' lang='lat' dir='ltr'>tuetur</span> <span class='ocrx_word' id='word_1_193' title='bbox 641 1031 684 1071; x_wconf 88' lang='lat'>7,</span> <span class='ocrx_word' id='word_1_194' title='bbox 713 1031 758 1070; x_wconf 83' lang='lat'>2,</span> <span class='ocrx_word' id='word_1_195' title='bbox 786 1031 848 1070; x_wconf 80' lang='lat'>133</span> <span class='ocrx_word' id='word_1_196' title='bbox 885 1033 991 1071; x_wconf 86' lang='lat' dir='ltr'>caput</span> <span class='ocrx_word' id='word_1_197' title='bbox 1023 1027 1115 1060; x_wconf 87' lang='lat' dir='ltr'>tueri</span> <span class='ocrx_word' id='word_1_198' title='bbox 1141 1030 1186 1068; x_wconf 85' lang='grc'>9,</span> <span class='ocrx_word' id='word_1_199' title='bbox 1215 1030 1258 1064; x_wconf 84' lang='grc'>2,</span> <span class='ocrx_word' id='word_1_200' title='bbox 1282 1026 1340 1061; x_wconf 83' lang='lat'>74.</span> <span class='ocrx_word' id='word_1_201' title='bbox 1380 1028 1492 1061; x_wconf 81' lang='lat' dir='ltr'>bonas</span> <span class='ocrx_word' id='word_1_202' title='bbox 1522 1037 1648 1060; x_wconf 87' lang='lat' dir='ltr'>causas</span> 
     </span>
     <span class='ocr_line' id='line_1_18' title="bbox 151 1071 1648 1119; baseline -0.003 -9"><span class='ocrx_word' id='word_1_203' title='bbox 151 1075 256 1110; x_wconf 82' lang='lat' dir='ltr'>etiam</span> <span class='ocrx_word' id='word_1_204' title='bbox 278 1075 356 1110; x_wconf 88' lang='lat' dir='ltr'>sine</span> <span class='ocrx_word' id='word_1_205' title='bbox 381 1074 545 1109; x_wconf 88' lang='lat' dir='ltr'>doctrina</span> <span class='ocrx_word' id='word_1_206' title='bbox 568 1076 652 1108; x_wconf 89' lang='lat' dir='ltr'>satis</span> <span class='ocrx_word' id='word_1_207' title='bbox 678 1086 743 1119; x_wconf 89' lang='lat' dir='ltr'>per</span> <span class='ocrx_word' id='word_1_208' title='bbox 766 1085 804 1108; x_wconf 91' lang='lat' dir='ltr'>se</span> <span class='ocrx_word' id='word_1_209' title='bbox 829 1079 948 1108; x_wconf 87' lang='lat' dir='ltr'>tuetur</span> <span class='ocrx_word' id='word_1_210' title='bbox 970 1072 1104 1108; x_wconf 79' lang='lat' dir='ltr'>veritas</span> <span class='ocrx_word' id='word_1_211' title='bbox 1130 1071 1207 1116; x_wconf 89' lang='lat' dir='ltr'>ipsa</span> <span class='ocrx_word' id='word_1_212' title='bbox 1226 1074 1280 1111; x_wconf 88' lang='grc'>12,</span> <span class='ocrx_word' id='word_1_213' title='bbox 1302 1075 1334 1114; x_wconf 85' lang='grc'>1,</span> <span class='ocrx_word' id='word_1_214' title='bbox 1351 1074 1407 1112; x_wconf 81' lang='grc'>33.</span> <span class='ocrx_word' id='word_1_215' title='bbox 1433 1085 1465 1106; x_wconf 87' lang='lat' dir='ltr'>v.</span> <span class='ocrx_word' id='word_1_216' title='bbox 1488 1071 1648 1106; x_wconf 88' lang='lat' dir='ltr'>Causa.</span> 
     </span>
     <span class='ocr_line' id='line_1_19' title="bbox 125 1117 1649 1166; baseline -0.003 -11"><span class='ocrx_word' id='word_1_217' title='bbox 125 1123 314 1166; x_wconf 86' lang='lat' dir='ltr'>.·cu1pam‚</span> <span class='ocrx_word' id='word_1_218' title='bbox 343 1121 553 1166; x_wconf 81' lang='lat' dir='ltr'>praesertim</span> <span class='ocrx_word' id='word_1_219' title='bbox 589 1122 955 1164; x_wconf 86' lang='lat' dir='ltr'>deprehensam,</span> <span class='ocrx_word' id='word_1_220' title='bbox 988 1119 1118 1152; x_wconf 87' lang='lat' dir='ltr'>acriter</span> <span class='ocrx_word' id='word_1_221' title='bbox 1142 1117 1295 1160; x_wconf 90' lang='lat' dir='ltr'>tueri,</span> <span class='ocrx_word' id='word_1_222' title='bbox 1330 1119 1434 1162; x_wconf 87' lang='lat' dir='ltr'>culpa</span> <span class='ocrx_word' id='word_1_223' title='bbox 1458 1119 1569 1152; x_wconf 89' lang='lat' dir='ltr'>altera</span> <span class='ocrx_word' id='word_1_224' title='bbox 1594 1123 1649 1152; x_wconf 88' lang='lat' dir='ltr'>est</span> 
     </span>
     <span class='ocr_line' id='line_1_20' title="bbox 151 1164 1649 1211; baseline -0.002 -10"><span class='ocrx_word' id='word_1_225' title='bbox 151 1168 187 1210; x_wconf 89' lang='grc'>6,</span> <span class='ocrx_word' id='word_1_226' title='bbox 210 1169 246 1210; x_wconf 85' lang='grc'>4,</span> <span class='ocrx_word' id='word_1_227' title='bbox 273 1167 330 1201; x_wconf 81' lang='lat'><strong>14.</strong></span> <span class='ocrx_word' id='word_1_228' title='bbox 361 1173 511 1211; x_wconf 83' lang='lat' dir='ltr'>utraque</span> <span class='ocrx_word' id='word_1_229' title='bbox 535 1179 616 1211; x_wconf 88' lang='lat' dir='ltr'>pars</span> <span class='ocrx_word' id='word_1_230' title='bbox 640 1178 739 1200; x_wconf 88' lang='lat' dir='ltr'>suam</span> <span class='ocrx_word' id='word_1_231' title='bbox 763 1165 1027 1210; x_wconf 77' lang='lat' dir='ltr'>expositionem</span> <span class='ocrx_word' id='word_1_232' title='bbox 1052 1164 1157 1197; x_wconf 88' lang='lat' dir='ltr'>habet</span> <span class='ocrx_word' id='word_1_233' title='bbox 1181 1170 1287 1208; x_wconf 83' lang='lat' dir='ltr'>atque</span> <span class='ocrx_word' id='word_1_234' title='bbox 1312 1175 1389 1198; x_wconf 90' lang='lat' dir='ltr'>eam</span> <span class='ocrx_word' id='word_1_235' title='bbox 1414 1170 1532 1198; x_wconf 78' lang='lat' dir='ltr'>tuetur</span> <span class='ocrx_word' id='word_1_236' title='bbox 1554 1167 1588 1206; x_wconf 88' lang='grc'>7,</span> <span class='ocrx_word' id='word_1_237' title='bbox 1614 1167 1649 1207; x_wconf 90' lang='grc'>2,</span> 
     </span>
     <span class='ocr_line' id='line_1_21' title="bbox 150 1209 1651 1256; baseline -0.002 -9"><span class='ocrx_word' id='word_1_238' title='bbox 150 1214 209 1247; x_wconf 83' lang='grc'>26.</span> <span class='ocrx_word' id='word_1_239' title='bbox 234 1213 266 1247; x_wconf 87' lang='lat' dir='ltr'>si</span> <span class='ocrx_word' id='word_1_240' title='bbox 287 1214 418 1247; x_wconf 81' lang='lat' dir='ltr'>falsum</span> <span class='ocrx_word' id='word_1_241' title='bbox 442 1212 598 1247; x_wconf 86' lang='lat' dir='ltr'>tuebitur</span> <span class='ocrx_word' id='word_1_242' title='bbox 625 1215 681 1255; x_wconf 82' lang='lat'>12,</span> <span class='ocrx_word' id='word_1_243' title='bbox 706 1215 740 1252; x_wconf 90' lang='grc'>7,</span> <span class='ocrx_word' id='word_1_244' title='bbox 757 1216 800 1246; x_wconf 80' lang='grc'>,7.</span> <span class='ocrx_word' id='word_1_245' title='bbox 826 1212 956 1254; x_wconf 80' lang='lat' dir='ltr'>injusta</span> <span class='ocrx_word' id='word_1_246' title='bbox 977 1210 1072 1244; x_wconf 73' lang='lat' dir='ltr'>tueri</span> <span class='ocrx_word' id='word_1_247' title='bbox 1099 1212 1144 1243; x_wconf 81' lang='lat' dir='ltr'>ib.</span> <span class='ocrx_word' id='word_1_248' title='bbox 1172 1209 1218 1253; x_wconf 90' lang='lat' dir='ltr'>[si</span> <span class='ocrx_word' id='word_1_249' title='bbox 1243 1211 1360 1256; x_wconf 77' lang='lat' dir='ltr'>legem</span> <span class='ocrx_word' id='word_1_250' title='bbox 1384 1222 1544 1254; x_wconf 79' lang='lat' dir='ltr'>asperam</span> <span class='ocrx_word' id='word_1_251' title='bbox 1568 1216 1651 1244; x_wconf 87' lang='lat' dir='ltr'>tue-</span> 
     </span>
     <span class='ocr_line' id='line_1_22' title="bbox 152 1256 1649 1302; baseline -0.002 -9"><span class='ocrx_word' id='word_1_252' title='bbox 152 1259 269 1293; x_wconf 85' lang='lat' dir='ltr'>bimur</span> <span class='ocrx_word' id='word_1_253' title='bbox 292 1259 345 1302; x_wconf 91' lang='lat' dir='ltr'>(Z</span> <span class='ocrx_word' id='word_1_254' title='bbox 377 1260 461 1301; x_wconf 81' lang='lat' dir='ltr'>om.)</span> <span class='ocrx_word' id='word_1_255' title='bbox 483 1257 519 1302; x_wconf 81' lang='lat'>4,</span> <span class='ocrx_word' id='word_1_256' title='bbox 544 1261 578 1301; x_wconf 87' lang='lat'>3,</span> <span class='ocrx_word' id='word_1_257' title='bbox 601 1258 654 1302; x_wconf 88' lang='lat'><strong>9.]</strong></span> <span class='ocrx_word' id='word_1_258' title='bbox 681 1257 833 1293; x_wconf 83' lang='lat' dir='ltr'>diversis</span> <span class='ocrx_word' id='word_1_259' title='bbox 858 1257 1088 1302; x_wconf 85' lang='lat' dir='ltr'>opinionibus</span> <span class='ocrx_word' id='word_1_260' title='bbox 1111 1256 1341 1300; x_wconf 84' lang='lat' dir='ltr'>pertinaciter</span> <span class='ocrx_word' id='word_1_261' title='bbox 1367 1257 1508 1291; x_wconf 89' lang='lat' dir='ltr'>tuendis</span> <span class='ocrx_word' id='word_1_262' title='bbox 1530 1259 1565 1299; x_wconf 87' lang='grc'>8,</span> <span class='ocrx_word' id='word_1_263' title='bbox 1590 1257 1649 1290; x_wconf 91' lang='lat' dir='ltr'>Pr.</span> 
     </span>
     <span class='ocr_line' id='line_1_23' title="bbox 149 1301 1648 1348; baseline -0.002 -9"><span class='ocrx_word' id='word_1_264' title='bbox 149 1304 188 1339; x_wconf 86' lang='lat'>4.</span> <span class='ocrx_word' id='word_1_265' title='bbox 215 1303 264 1346; x_wconf 81' lang='lat' dir='ltr'>cs.</span> <span class='ocrx_word' id='word_1_266' title='bbox 295 1307 360 1347; x_wconf 87' lang='lat'>12,</span> <span class='ocrx_word' id='word_1_267' title='bbox 385 1307 427 1347; x_wconf 87' lang='grc'>3,</span> <span class='ocrx_word' id='word_1_268' title='bbox 451 1305 485 1339; x_wconf 88' lang='grc'>8.</span> <span class='ocrx_word' id='word_1_269' title='bbox 526 1303 647 1348; x_wconf 81' lang='lat' dir='ltr'>[nobis</span> <span class='ocrx_word' id='word_1_270' title='bbox 678 1309 837 1338; x_wconf 90' lang='lat' dir='ltr'>nostrum</span> <span class='ocrx_word' id='word_1_271' title='bbox 867 1314 957 1347; x_wconf 89' lang='lat' dir='ltr'>opus</span> <span class='ocrx_word' id='word_1_272' title='bbox 990 1302 1133 1336; x_wconf 81' lang='lat' dir='ltr'>interim</span> <span class='ocrx_word' id='word_1_273' title='bbox 1163 1301 1255 1336; x_wconf 83' lang='lat' dir='ltr'>tueri</span> <span class='ocrx_word' id='word_1_274' title='bbox 1290 1307 1344 1336; x_wconf 86' lang='lat' dir='ltr'>sat</span> <span class='ocrx_word' id='word_1_275' title='bbox 1379 1309 1434 1337; x_wconf 85' lang='lat' dir='ltr'>est</span> <span class='ocrx_word' id='word_1_276' title='bbox 1458 1303 1534 1346; x_wconf 81' lang='lat' dir='ltr'>(sic</span> <span class='ocrx_word' id='word_1_277' title='bbox 1561 1304 1648 1346; x_wconf 87' lang='lat' dir='ltr'>Sp.;</span> 
     </span>
     <span class='ocr_line' id='line_1_24' title="bbox 154 1348 1650 1394; baseline -0.003 -8"><span class='ocrx_word' id='word_1_278' title='bbox 154 1351 260 1386; x_wconf 71' lang='lat' dir='ltr'>aad.</span> <span class='ocrx_word' id='word_1_279' title='bbox 298 1358 379 1394; x_wconf 74' lang='lat' dir='ltr'>opti.</span> <span class='ocrx_word' id='word_1_280' title='bbox 409 1361 466 1394; x_wconf 90' lang='lat' dir='ltr'>op.</span> <span class='ocrx_word' id='word_1_281' title='bbox 490 1349 586 1384; x_wconf 88' lang='lat' dir='ltr'>inter</span> <span class='ocrx_word' id='word_1_282' title='bbox 608 1349 662 1393; x_wconf 81' lang='lat' dir='ltr'>(s.</span> <span class='ocrx_word' id='word_1_283' title='bbox 687 1349 797 1392; x_wconf 87' lang='lat' dir='ltr'>item)</span> <span class='ocrx_word' id='word_1_284' title='bbox 822 1349 994 1384; x_wconf 88' lang='lat' dir='ltr'>inveteris</span> <span class='ocrx_word' id='word_1_285' title='bbox 1025 1354 1059 1381; x_wconf 88' lang='lat' dir='ltr'>at</span> <span class='ocrx_word' id='word_1_286' title='bbox 1092 1353 1165 1390; x_wconf 87' lang='lat' dir='ltr'>est;</span> <span class='ocrx_word' id='word_1_287' title='bbox 1200 1351 1346 1382; x_wconf 78' lang='lat' dir='ltr'>Basil.</span> <span class='ocrx_word' id='word_1_288' title='bbox 1373 1359 1431 1393; x_wconf 90' lang='lat' dir='ltr'>op.</span> <span class='ocrx_word' id='word_1_289' title='bbox 1458 1348 1590 1382; x_wconf 90' lang='lat' dir='ltr'>intueri</span> <span class='ocrx_word' id='word_1_290' title='bbox 1619 1360 1650 1383; x_wconf 84' lang='lat' dir='ltr'>s.</span> 
     </span>
     <span class='ocr_line' id='line_1_25' title="bbox 151 1393 1650 1441; baseline -0.001 -10"><span class='ocrx_word' id='word_1_291' title='bbox 151 1401 219 1439; x_wconf 78' lang='lat' dir='ltr'>est,</span> <span class='ocrx_word' id='word_1_292' title='bbox 242 1398 331 1441; x_wconf 79' lang='lat' dir='ltr'>quod</span> <span class='ocrx_word' id='word_1_293' title='bbox 353 1399 411 1430; x_wconf 82' lang='lat' dir='ltr'>Fr.</span> <span class='ocrx_word' id='word_1_294' title='bbox 441 1409 571 1441; x_wconf 72' lang='lat' dir='ltr'>quoque</span> <span class='ocrx_word' id='word_1_295' title='bbox 595 1395 734 1439; x_wconf 72' lang='lat' dir='ltr'>recepit)</span> <span class='ocrx_word' id='word_1_296' title='bbox 759 1399 816 1439; x_wconf 88' lang='lat'>10,</span> <span class='ocrx_word' id='word_1_297' title='bbox 846 1398 878 1439; x_wconf 88' lang='lat'>1,</span> <span class='ocrx_word' id='word_1_298' title='bbox 903 1393 956 1439; x_wconf 85' lang='lat'>9.]</span> <span class='ocrx_word' id='word_1_299' title='bbox 982 1394 1091 1438; x_wconf 86' lang='lat' dir='ltr'>partis</span> <span class='ocrx_word' id='word_1_300' title='bbox 1119 1395 1209 1436; x_wconf 83' lang='lat' dir='ltr'>ejus,</span> <span class='ocrx_word' id='word_1_301' title='bbox 1234 1406 1339 1438; x_wconf 86' lang='lat' dir='ltr'>quam</span> <span class='ocrx_word' id='word_1_302' title='bbox 1362 1400 1504 1429; x_wconf 88' lang='lat' dir='ltr'>tuemur</span> <span class='ocrx_word' id='word_1_303' title='bbox 1532 1395 1565 1437; x_wconf 87' lang='lat'>5,</span> <span class='ocrx_word' id='word_1_304' title='bbox 1594 1398 1650 1439; x_wconf 88' lang='lat'>12,</span> 
     </span>
     <span class='ocr_line' id='line_1_26' title="bbox 150 1441 1650 1487; baseline -0.001 -11"><span class='ocrx_word' id='word_1_305' title='bbox 150 1445 186 1483; x_wconf 78' lang='lat'>7,</span> <span class='ocrx_word' id='word_1_306' title='bbox 204 1443 313 1485; x_wconf 73' lang='lat' dir='ltr'>&#39;cujus</span> <span class='ocrx_word' id='word_1_307' title='bbox 338 1453 527 1487; x_wconf 82' lang='lat' dir='ltr'>personam</span> <span class='ocrx_word' id='word_1_308' title='bbox 550 1442 731 1476; x_wconf 86' lang='lat' dir='ltr'>tuebimur</span> <span class='ocrx_word' id='word_1_309' title='bbox 752 1445 787 1485; x_wconf 91' lang='lat'>7,</span> <span class='ocrx_word' id='word_1_310' title='bbox 814 1444 846 1484; x_wconf 92' lang='lat'>1,</span> <span class='ocrx_word' id='word_1_311' title='bbox 870 1442 926 1477; x_wconf 82' lang='lat'><strong>39.</strong></span> <span class='ocrx_word' id='word_1_312' title='bbox 956 1452 1061 1485; x_wconf 82' lang='lat' dir='ltr'>quam</span> <span class='ocrx_word' id='word_1_313' title='bbox 1087 1451 1183 1474; x_wconf 89' lang='lat' dir='ltr'>nunc</span> <span class='ocrx_word' id='word_1_314' title='bbox 1206 1446 1323 1483; x_wconf 86' lang='lat' dir='ltr'>tueor,</span> <span class='ocrx_word' id='word_1_315' title='bbox 1353 1441 1528 1475; x_wconf 78' lang='lat' dir='ltr'>sententia</span> <span class='ocrx_word' id='word_1_316' title='bbox 1555 1444 1590 1483; x_wconf 90' lang='grc'>2,</span> <span class='ocrx_word' id='word_1_317' title='bbox 1614 1443 1650 1484; x_wconf 87' lang='lat'>3,</span> 
     </span>
     <span class='ocr_line' id='line_1_27' title="bbox 153 1486 1651 1532; baseline -0.001 -10"><span class='ocrx_word' id='word_1_318' title='bbox 153 1491 211 1522; x_wconf 86' lang='grc'>10.</span> <span class='ocrx_word' id='word_1_319' title='bbox 243 1488 304 1532; x_wconf 87' lang='lat' dir='ltr'>qui</span> <span class='ocrx_word' id='word_1_320' title='bbox 339 1488 511 1532; x_wconf 87' lang='lat' dir='ltr'>scriptum</span> <span class='ocrx_word' id='word_1_321' title='bbox 537 1488 779 1530; x_wconf 86' lang='lat' dir='ltr'>tuebitur,</span> <span class='ocrx_word' id='word_1_322' title='bbox 812 1488 1045 1531; x_wconf 78' lang='lat' dir='ltr'>adjuvare</span> <span class='ocrx_word' id='word_1_323' title='bbox 1077 1498 1117 1520; x_wconf 84' lang='lat' dir='ltr'>se</span> <span class='ocrx_word' id='word_1_324' title='bbox 1149 1486 1254 1520; x_wconf 88' lang='lat' dir='ltr'>etiam</span> <span class='ocrx_word' id='word_1_325' title='bbox 1283 1488 1468 1522; x_wconf 83' lang='lat' dir='ltr'>voluntate</span> <span class='ocrx_word' id='word_1_326' title='bbox 1500 1487 1651 1521; x_wconf 84' lang='lat' dir='ltr'>tentabit</span> 
     </span>
     <span class='ocr_line' id='line_1_28' title="bbox 149 1532 1651 1576; baseline 0 -9"><span class='ocrx_word' id='word_1_327' title='bbox 149 1537 188 1576; x_wconf 89' lang='grc'>7,</span> <span class='ocrx_word' id='word_1_328' title='bbox 210 1534 246 1575; x_wconf 89' lang='grc'>6,</span> <span class='ocrx_word' id='word_1_329' title='bbox 272 1535 307 1568; x_wconf 89' lang='grc'>9.</span> <span class='ocrx_word' id='word_1_330' title='bbox 335 1533 373 1566; x_wconf 88' lang='lat' dir='ltr'>in</span> <span class='ocrx_word' id='word_1_331' title='bbox 398 1544 470 1576; x_wconf 88' lang='lat' dir='ltr'>quo</span> <span class='ocrx_word' id='word_1_332' title='bbox 492 1532 631 1574; x_wconf 72' lang='lat' dir='ltr'>(statu)</span> <span class='ocrx_word' id='word_1_333' title='bbox 655 1534 791 1567; x_wconf 87' lang='lat' dir='ltr'>tuendo</span> <span class='ocrx_word' id='word_1_334' title='bbox 815 1535 858 1575; x_wconf 89' lang='grc'>3,</span> <span class='ocrx_word' id='word_1_335' title='bbox 884 1533 928 1574; x_wconf 88' lang='grc'>6,</span> <span class='ocrx_word' id='word_1_336' title='bbox 950 1533 1007 1567; x_wconf 92' lang='grc'>92.</span> <span class='ocrx_word' id='word_1_337' title='bbox 1037 1542 1111 1565; x_wconf 89' lang='lat' dir='ltr'>non</span> <span class='ocrx_word' id='word_1_338' title='bbox 1135 1543 1278 1575; x_wconf 87' lang='lat' dir='ltr'>semper</span> <span class='ocrx_word' id='word_1_339' title='bbox 1306 1532 1338 1565; x_wconf 83' lang='lat' dir='ltr'>ei</span> <span class='ocrx_word' id='word_1_340' title='bbox 1362 1535 1495 1566; x_wconf 88' lang='lat' dir='ltr'>tuenda</span> <span class='ocrx_word' id='word_1_341' title='bbox 1517 1533 1651 1567; x_wconf 85' lang='lat' dir='ltr'>veritas</span> 
     </span>
     <span class='ocr_line' id='line_1_29' title="bbox 151 1577 1651 1622; baseline -0.001 -9"><span class='ocrx_word' id='word_1_342' title='bbox 151 1577 222 1613; x_wconf 84' lang='lat' dir='ltr'>erit</span> <span class='ocrx_word' id='word_1_343' title='bbox 243 1581 279 1620; x_wconf 87' lang='grc'>2,</span> <span class='ocrx_word' id='word_1_344' title='bbox 303 1582 360 1620; x_wconf 92' lang='grc'>17,</span> <span class='ocrx_word' id='word_1_345' title='bbox 385 1580 431 1613; x_wconf 91' lang='grc'>36</span> <span class='ocrx_word' id='word_1_346' title='bbox 446 1583 488 1612; x_wconf 90' lang='grc' dir='ltr'>Ζ.</span> <span class='ocrx_word' id='word_1_347' title='bbox 536 1578 574 1621; x_wconf 81' lang='grc' dir='ltr'>β)</span> <span class='ocrx_word' id='word_1_348' title='bbox 599 1579 670 1622; x_wconf 81' lang='lat' dir='ltr'>adj.</span> <span class='ocrx_word' id='word_1_349' title='bbox 695 1581 834 1612; x_wconf 73' lang='lat' dir='ltr'>Ablat..·</span> <span class='ocrx_word' id='word_1_350' title='bbox 861 1579 951 1612; x_wconf 85' lang='lat' dir='ltr'>haec</span> <span class='ocrx_word' id='word_1_351' title='bbox 974 1588 1014 1610; x_wconf 90' lang='lat' dir='ltr'>se</span> <span class='ocrx_word' id='word_1_352' title='bbox 1038 1588 1119 1620; x_wconf 84' lang='lat' dir='ltr'>pars</span> <span class='ocrx_word' id='word_1_353' title='bbox 1145 1578 1386 1620; x_wconf 86' lang='lat' dir='ltr'>jurejurando,</span> <span class='ocrx_word' id='word_1_354' title='bbox 1410 1579 1471 1612; x_wconf 90' lang='lat' dir='ltr'>illa</span> <span class='ocrx_word' id='word_1_355' title='bbox 1495 1589 1651 1612; x_wconf 89' lang='lat' dir='ltr'>consen-</span> 
     </span>
     <span class='ocr_line' id='line_1_30' title="bbox 137 1622 1647 1671; baseline 0.001 -13"><span class='ocrx_word' id='word_1_356' title='bbox 137 1635 196 1658; x_wconf 79' lang='lat' dir='ltr'>·su</span> <span class='ocrx_word' id='word_1_357' title='bbox 219 1624 433 1671; x_wconf 85' lang='lat' dir='ltr'>signantium</span> <span class='ocrx_word' id='word_1_358' title='bbox 454 1629 574 1658; x_wconf 87' lang='lat' dir='ltr'>tuetur</span> <span class='ocrx_word' id='word_1_359' title='bbox 596 1626 629 1663; x_wconf 88' lang='grc'>5,</span> <span class='ocrx_word' id='word_1_360' title='bbox 657 1627 693 1666; x_wconf 89' lang='grc'>7,</span> <span class='ocrx_word' id='word_1_361' title='bbox 717 1626 775 1657; x_wconf 78' lang='lat'><strong>31.</strong></span> <span class='ocrx_word' id='word_1_362' title='bbox 803 1623 849 1664; x_wconf 85' lang='lat' dir='ltr'>cs.</span> <span class='ocrx_word' id='word_1_363' title='bbox 874 1626 908 1665; x_wconf 89' lang='lat'>3,</span> <span class='ocrx_word' id='word_1_364' title='bbox 932 1624 968 1665; x_wconf 87' lang='grc'>6,</span> <span class='ocrx_word' id='word_1_365' title='bbox 992 1624 1050 1658; x_wconf 83' lang='grc'>99.</span> <span class='ocrx_word' id='word_1_366' title='bbox 1076 1622 1138 1666; x_wconf 89' lang='lat' dir='ltr'>qui</span> <span class='ocrx_word' id='word_1_367' title='bbox 1160 1624 1235 1657; x_wconf 81' lang='lat' dir='ltr'>vita</span> <span class='ocrx_word' id='word_1_368' title='bbox 1260 1635 1299 1657; x_wconf 88' lang='lat' dir='ltr'>se</span> <span class='ocrx_word' id='word_1_369' title='bbox 1317 1625 1475 1658; x_wconf 85' lang='lat' dir='ltr'>tuebitur</span> <span class='ocrx_word' id='word_1_370' title='bbox 1493 1626 1527 1666; x_wconf 90' lang='grc'>5,</span> <span class='ocrx_word' id='word_1_371' title='bbox 1548 1626 1571 1659; x_wconf 91' lang='grc'>6</span> <span class='ocrx_word' id='word_1_372' title='bbox 1606 1628 1647 1667; x_wconf 84' lang='grc'><strong>2;</strong></span> 
     </span>
     <span class='ocr_line' id='line_1_31' title="bbox 151 1651 1651 1715; baseline 0.001 -11"><span class='ocrx_word' id='word_1_373' title='bbox 151 1671 287 1704; x_wconf 72' lang='lat' dir='ltr'>factum</span> <span class='ocrx_word' id='word_1_374' title='bbox 309 1682 374 1715; x_wconf 88' lang='lat' dir='ltr'>per</span> <span class='ocrx_word' id='word_1_375' title='bbox 397 1681 436 1704; x_wconf 89' lang='lat' dir='ltr'>se</span> <span class='ocrx_word' id='word_1_376' title='bbox 459 1670 695 1713; x_wconf 81' lang='lat' dir='ltr'>improbabile</span> <span class='ocrx_word' id='word_1_377' title='bbox 723 1669 885 1702; x_wconf 84' lang='lat' dir='ltr'>assumtis</span> <span class='ocrx_word' id='word_1_378' title='bbox 913 1669 1138 1702; x_wconf 79' lang='lat' dir='ltr'>extrinsecus</span> <span class='ocrx_word' id='word_1_379' title='bbox 1163 1669 1306 1702; x_wconf 78' lang='lat' dir='ltr'>auxiliis</span> <span class='ocrx_word' id='word_1_380' title='bbox 1333 1674 1475 1704; x_wconf 88' lang='lat' dir='ltr'>tuemur</span> <span class='ocrx_word' id='word_1_381' title='bbox 1500 1674 1535 1713; x_wconf 89' lang='grc'>7,</span> <span class='ocrx_word' id='word_1_382' title='bbox 1555 1651 1592 1712; x_wconf 63' lang='lat' dir='ltr'>as,</span> <span class='ocrx_word' id='word_1_383' title='bbox 1615 1674 1651 1705; x_wconf 90' lang='grc'>7.</span> 
     </span>
     <span class='ocr_line' id='line_1_32' title="bbox 151 1714 1652 1761; baseline 0 -12"><span class='ocrx_word' id='word_1_384' title='bbox 151 1715 288 1757; x_wconf 77' lang='lat' dir='ltr'>crimen</span> <span class='ocrx_word' id='word_1_385' title='bbox 320 1727 427 1750; x_wconf 87' lang='lat' dir='ltr'>causa</span> <span class='ocrx_word' id='word_1_386' title='bbox 457 1716 544 1750; x_wconf 81' lang='lat' dir='ltr'>facti</span> <span class='ocrx_word' id='word_1_387' title='bbox 571 1722 711 1749; x_wconf 89' lang='lat' dir='ltr'>tuemur</span> <span class='ocrx_word' id='word_1_388' title='bbox 747 1718 790 1749; x_wconf 80' lang='lat' dir='ltr'>ib.</span> <span class='ocrx_word' id='word_1_389' title='bbox 818 1716 852 1750; x_wconf 88' lang='grc'>8.</span> <span class='ocrx_word' id='word_1_390' title='bbox 878 1716 1027 1748; x_wconf 87' lang='lat' dir='ltr'>alterum</span> <span class='ocrx_word' id='word_1_391' title='bbox 1059 1714 1297 1758; x_wconf 81' lang='lat' dir='ltr'>expositionis</span> <span class='ocrx_word' id='word_1_392' title='bbox 1333 1726 1445 1761; x_wconf 85' lang='lat' dir='ltr'>genus</span> <span class='ocrx_word' id='word_1_393' title='bbox 1478 1718 1652 1750; x_wconf 85' lang='lat' dir='ltr'>tuendum</span> 
     </span>
     <span class='ocr_line' id='line_1_33' title="bbox 152 1760 1649 1809; baseline 0.001 -14"><span class='ocrx_word' id='word_1_394' title='bbox 152 1761 305 1796; x_wconf 84' lang='lat' dir='ltr'>dicentis</span> <span class='ocrx_word' id='word_1_395' title='bbox 330 1762 477 1809; x_wconf 86' lang='lat' dir='ltr'>ingenio</span> <span class='ocrx_word' id='word_1_396' title='bbox 500 1762 536 1804; x_wconf 91' lang='lat'>4,</span> <span class='ocrx_word' id='word_1_397' title='bbox 561 1765 596 1805; x_wconf 88' lang='grc'>2,</span> <span class='ocrx_word' id='word_1_398' title='bbox 620 1763 678 1796; x_wconf 87' lang='grc'>88.</span> <span class='ocrx_word' id='word_1_399' title='bbox 706 1761 866 1796; x_wconf 84' lang='lat' dir='ltr'>diversas</span> <span class='ocrx_word' id='word_1_400' title='bbox 894 1766 1014 1804; x_wconf 88' lang='lat' dir='ltr'>partes</span> <span class='ocrx_word' id='word_1_401' title='bbox 1036 1760 1276 1793; x_wconf 84' lang='lat' dir='ltr'>altercationis</span> <span class='ocrx_word' id='word_1_402' title='bbox 1301 1762 1410 1795; x_wconf 89' lang='lat' dir='ltr'>modo</span> <span class='ocrx_word' id='word_1_403' title='bbox 1435 1762 1528 1796; x_wconf 86' lang='lat' dir='ltr'>tueri</span> <span class='ocrx_word' id='word_1_404' title='bbox 1553 1763 1587 1805; x_wconf 88' lang='lat'>6,</span> <span class='ocrx_word' id='word_1_405' title='bbox 1612 1763 1649 1806; x_wconf 89' lang='lat'>4,</span> 
     </span>
     <span class='ocr_line' id='line_1_34' title="bbox 150 1805 1652 1850; baseline 0.001 -9"><span class='ocrx_word' id='word_1_406' title='bbox 150 1810 208 1842; x_wconf 82' lang='lat'><strong>21.</strong></span> <span class='ocrx_word' id='word_1_407' title='bbox 231 1819 312 1842; x_wconf 84' lang='lat' dir='ltr'>cum</span> <span class='ocrx_word' id='word_1_408' title='bbox 334 1809 427 1842; x_wconf 88' lang='lat' dir='ltr'>mala</span> <span class='ocrx_word' id='word_1_409' title='bbox 456 1819 561 1842; x_wconf 84' lang='lat' dir='ltr'>causa</span> <span class='ocrx_word' id='word_1_410' title='bbox 589 1807 727 1841; x_wconf 54' lang='lat' dir='ltr'>mend&amp;</span> <span class='ocrx_word' id='word_1_411' title='bbox 744 1813 799 1842; x_wconf 86' lang='lat' dir='ltr'>est</span> <span class='ocrx_word' id='word_1_412' title='bbox 826 1806 991 1840; x_wconf 83' lang='lat' dir='ltr'>adhibitis</span> <span class='ocrx_word' id='word_1_413' title='bbox 1016 1805 1240 1840; x_wconf 81' lang='lat' dir='ltr'>extrinsecus</span> <span class='ocrx_word' id='word_1_414' title='bbox 1263 1807 1429 1841; x_wconf 86' lang='lat' dir='ltr'>remediis</span> <span class='ocrx_word' id='word_1_415' title='bbox 1453 1810 1488 1850; x_wconf 89' lang='grc'>5,</span> <span class='ocrx_word' id='word_1_416' title='bbox 1516 1810 1571 1850; x_wconf 91' lang='grc'>13,</span> <span class='ocrx_word' id='word_1_417' title='bbox 1595 1809 1652 1844; x_wconf 84' lang='grc'>55.</span> 
     </span>
    </p>

    <p class='ocr_par' dir='ltr' id='par_1_7' title="bbox 139 1851 1650 1934">
     <span class='ocr_line' id='line_1_35' title="bbox 139 1851 1650 1934; baseline 0.001 -48"><span class='ocrx_word' id='word_1_418' title='bbox 139 1863 199 1934; x_wconf 61' lang='grc' dir='ltr'>ἔα</span> <span class='ocrx_word' id='word_1_419' title='bbox 218 1853 360 1888; x_wconf 87' lang='lat' dir='ltr'>dicendi</span> <span class='ocrx_word' id='word_1_420' title='bbox 386 1854 522 1890; x_wconf 79' lang='lat' dir='ltr'>viribus</span> <span class='ocrx_word' id='word_1_421' title='bbox 545 1859 690 1888; x_wconf 87' lang='lat' dir='ltr'>tuentur</span> <span class='ocrx_word' id='word_1_422' title='bbox 713 1857 779 1898; x_wconf 88' lang='grc'>12,</span> <span class='ocrx_word' id='word_1_423' title='bbox 803 1856 845 1895; x_wconf 90' lang='grc'>2,</span> <span class='ocrx_word' id='word_1_424' title='bbox 871 1854 913 1897; x_wconf 77' lang='lat'>55</span> <span class='ocrx_word' id='word_1_425' title='bbox 953 1851 1118 1899; x_wconf 84' lang='lat' dir='ltr'>analogia</span> <span class='ocrx_word' id='word_1_426' title='bbox 1143 1852 1275 1886; x_wconf 85' lang='lat' dir='ltr'>dictum</span> <span class='ocrx_word' id='word_1_427' title='bbox 1302 1853 1374 1887; x_wconf 87' lang='lat' dir='ltr'>hoc</span> <span class='ocrx_word' id='word_1_428' title='bbox 1403 1855 1593 1901; x_wconf 87' lang='lat' dir='ltr'>tuebamur</span> <span class='ocrx_word' id='word_1_429' title='bbox 1618 1857 1650 1899; x_wconf 88' lang='lat'>1,</span> 
     </span>
    </p>

    <p class='ocr_par' dir='ltr' id='par_1_8' title="bbox 182 1901 1489 1941">
     <span class='ocr_line' id='line_1_36' title="bbox 182 1901 1489 1941; baseline -0.003 -9"><span class='ocrx_word' id='word_1_430' title='bbox 182 1923 194 1941; x_wconf 93' lang='lat'>,</span> <span class='ocrx_word' id='word_1_431' title='bbox 218 1901 276 1932; x_wconf 85' lang='lat'>11.</span> <span class='ocrx_word' id='word_1_432' title='bbox 1486 1908 1489 1910; x_wconf 97' lang='lat'>·</span> 
     </span>
    </p>
   </div>
   <div class='ocr_carea' id='block_1_5' title="bbox 107 1955 1650 2838">
    <p class='ocr_par' dir='ltr' id='par_1_9' title="bbox 107 1955 1650 2792">
     <span class='ocr_line' id='line_1_37' title="bbox 107 1955 1649 2012; baseline 0.002 -14"><span class='ocrx_word' id='word_1_433' title='bbox 107 1955 256 2012; x_wconf 39' lang='lat' dir='ltr'>Tumg</span> <span class='ocrx_word' id='word_1_434' title='bbox 289 1964 332 2008; x_wconf 92' lang='lat'>1)</span> <span class='ocrx_word' id='word_1_435' title='bbox 359 1967 592 2002; x_wconf 56' lang='lat' dir='ltr'>minerbium·</span> <span class='ocrx_word' id='word_1_436' title='bbox 612 1966 650 2008; x_wconf 81' lang='grc' dir='ltr'>α)</span> <span class='ocrx_word' id='word_1_437' title='bbox 677 1969 909 2000; x_wconf 77' lang='lat' dir='ltr'>correlativum</span> <span class='ocrx_word' id='word_1_438' title='bbox 923 1981 933 2000; x_wconf 87' lang='lat'><strong>.-</strong></span> <span class='ocrx_word' id='word_1_439' title='bbox 958 1978 1049 2010; x_wconf 88' lang='lat' dir='ltr'>quae</span> <span class='ocrx_word' id='word_1_440' title='bbox 1074 1964 1186 2009; x_wconf 80' lang='lat' dir='ltr'>(laus)</span> <span class='ocrx_word' id='word_1_441' title='bbox 1209 1972 1303 2000; x_wconf 88' lang='lat' dir='ltr'>tum</span> <span class='ocrx_word' id='word_1_442' title='bbox 1323 1973 1378 2001; x_wconf 86' lang='lat' dir='ltr'>est</span> <span class='ocrx_word' id='word_1_443' title='bbox 1399 1967 1649 2012; x_wconf 88' lang='lat' dir='ltr'>pulcherrima,</span> 
     </span>
     <span class='ocr_line' id='line_1_38' title="bbox 154 2012 1650 2056; baseline 0.001 -10"><span class='ocrx_word' id='word_1_444' title='bbox 154 2023 256 2046; x_wconf 90' lang='lat' dir='ltr'>cum</span> <span class='ocrx_word' id='word_1_445' title='bbox 277 2012 457 2055; x_wconf 70' lang='lat' dir='ltr'>sequitur,</span> <span class='ocrx_word' id='word_1_446' title='bbox 481 2023 556 2046; x_wconf 87' lang='lat' dir='ltr'>non</span> <span class='ocrx_word' id='word_1_447' title='bbox 580 2024 676 2047; x_wconf 88' lang='lat' dir='ltr'>cum</span> <span class='ocrx_word' id='word_1_448' title='bbox 701 2013 894 2047; x_wconf 88' lang='lat' dir='ltr'>arcessitur</span> <span class='ocrx_word' id='word_1_449' title='bbox 919 2015 983 2055; x_wconf 91' lang='lat'>10,</span> <span class='ocrx_word' id='word_1_450' title='bbox 1008 2015 1043 2054; x_wconf 88' lang='grc'>2,</span> <span class='ocrx_word' id='word_1_451' title='bbox 1068 2015 1125 2047; x_wconf 87' lang='grc'>27.</span> <span class='ocrx_word' id='word_1_452' title='bbox 1153 2012 1201 2054; x_wconf 85' lang='lat' dir='ltr'>cf.</span> <span class='ocrx_word' id='word_1_453' title='bbox 1222 2014 1267 2056; x_wconf 89' lang='grc'>8,</span> <span class='ocrx_word' id='word_1_454' title='bbox 1293 2014 1334 2056; x_wconf 88' lang='grc'>6,</span> <span class='ocrx_word' id='word_1_455' title='bbox 1358 2015 1416 2048; x_wconf 84' lang='grc'>76.</span> <span class='ocrx_word' id='word_1_456' title='bbox 1446 2020 1650 2048; x_wconf 76' lang='lat' dir='ltr'>tum-ma-</span> 
     </span>
     <span class='ocr_line' id='line_1_39' title="bbox 153 2058 1650 2106; baseline 0.003 -16"><span class='ocrx_word' id='word_1_457' title='bbox 153 2058 298 2100; x_wconf 85' lang='lat' dir='ltr'>xime,</span> <span class='ocrx_word' id='word_1_458' title='bbox 330 2068 425 2090; x_wconf 89' lang='lat' dir='ltr'>cum</span> <span class='ocrx_word' id='word_1_459' title='bbox 450 2059 600 2092; x_wconf 75' lang='lat' dir='ltr'>facultas</span> <span class='ocrx_word' id='word_1_460' title='bbox 626 2059 686 2093; x_wconf 90' lang='lat' dir='ltr'>illa</span> <span class='ocrx_word' id='word_1_461' title='bbox 718 2059 926 2106; x_wconf 85' lang='lat' dir='ltr'>contigerit,</span> <span class='ocrx_word' id='word_1_462' title='bbox 965 2059 1170 2092; x_wconf 88' lang='lat' dir='ltr'>resistamus</span> <span class='ocrx_word' id='word_1_463' title='bbox 1200 2061 1261 2102; x_wconf 90' lang='lat'>10,</span> <span class='ocrx_word' id='word_1_464' title='bbox 1292 2061 1335 2101; x_wconf 91' lang='grc'>3,</span> <span class='ocrx_word' id='word_1_465' title='bbox 1361 2062 1416 2093; x_wconf 89' lang='grc'>10.</span> <span class='ocrx_word' id='word_1_466' title='bbox 1452 2066 1544 2092; x_wconf 89' lang='lat' dir='ltr'>tum</span> <span class='ocrx_word' id='word_1_467' title='bbox 1569 2062 1650 2094; x_wconf 83' lang='lat' dir='ltr'>vel</span> 
     </span>
     <span class='ocr_line' id='line_1_40' title="bbox 152 2102 1650 2148; baseline 0.003 -12"><span class='ocrx_word' id='word_1_468' title='bbox 152 2102 351 2144; x_wconf 79' lang='lat' dir='ltr'>maxime</span> <span class='ocrx_word' id='word_1_469' title='bbox 375 2104 562 2148; x_wconf 81' lang='lat' dir='ltr'>formanda</span> <span class='ocrx_word' id='word_1_470' title='bbox 585 2106 753 2147; x_wconf 82' lang='lat' dir='ltr'>(aetas),</span> <span class='ocrx_word' id='word_1_471' title='bbox 792 2117 892 2138; x_wconf 89' lang='lat' dir='ltr'>cum</span> <span class='ocrx_word' id='word_1_472' title='bbox 920 2104 1108 2138; x_wconf 87' lang='lat' dir='ltr'>simulandi</span> <span class='ocrx_word' id='word_1_473' title='bbox 1139 2105 1261 2138; x_wconf 87' lang='lat' dir='ltr'>nescia</span> <span class='ocrx_word' id='word_1_474' title='bbox 1293 2111 1347 2139; x_wconf 91' lang='lat' dir='ltr'>est</span> <span class='ocrx_word' id='word_1_475' title='bbox 1382 2110 1423 2147; x_wconf 93' lang='lat'>1,</span> <span class='ocrx_word' id='word_1_476' title='bbox 1449 2108 1492 2147; x_wconf 90' lang='lat'>3,</span> <span class='ocrx_word' id='word_1_477' title='bbox 1519 2109 1574 2144; x_wconf 83' lang='lat'>12,</span> <span class='ocrx_word' id='word_1_478' title='bbox 1613 2112 1650 2140; x_wconf 88' lang='lat' dir='ltr'>et</span> 
     </span>
     <span class='ocr_line' id='line_1_41' title="bbox 152 2150 1648 2195; baseline 0.003 -13"><span class='ocrx_word' id='word_1_479' title='bbox 152 2159 274 2182; x_wconf 87' lang='lat' dir='ltr'>nunc</span> <span class='ocrx_word' id='word_1_480' title='bbox 298 2150 423 2193; x_wconf 87' lang='lat' dir='ltr'>quaed.</span> <span class='ocrx_word' id='word_1_481' title='bbox 438 2151 643 2194; x_wconf 86' lang='lat' dir='ltr'>solvuntur,</span> <span class='ocrx_word' id='word_1_482' title='bbox 669 2157 704 2185; x_wconf 91' lang='lat' dir='ltr'>et</span> <span class='ocrx_word' id='word_1_483' title='bbox 727 2157 818 2184; x_wconf 87' lang='lat' dir='ltr'>tum</span> <span class='ocrx_word' id='word_1_484' title='bbox 843 2157 944 2185; x_wconf 89' lang='lat' dir='ltr'>erant</span> <span class='ocrx_word' id='word_1_485' title='bbox 969 2151 1129 2193; x_wconf 87' lang='lat' dir='ltr'>notiora,</span> <span class='ocrx_word' id='word_1_486' title='bbox 1154 2162 1235 2184; x_wconf 89' lang='lat' dir='ltr'>cum</span> <span class='ocrx_word' id='word_1_487' title='bbox 1258 2151 1463 2185; x_wconf 87' lang='lat' dir='ltr'>dicerentur</span> <span class='ocrx_word' id='word_1_488' title='bbox 1477 2153 1512 2193; x_wconf 89' lang='grc'>8,</span> <span class='ocrx_word' id='word_1_489' title='bbox 1527 2152 1561 2193; x_wconf 88' lang='grc'>6,</span> <span class='ocrx_word' id='word_1_490' title='bbox 1582 2154 1648 2195; x_wconf 81' lang='grc'>53;</span> 
     </span>
     <span class='ocr_line' id='line_1_42' title="bbox 150 2194 1649 2240; baseline 0.003 -11"><span class='ocrx_word' id='word_1_491' title='bbox 150 2196 242 2229; x_wconf 86' lang='lat' dir='ltr'>haec</span> <span class='ocrx_word' id='word_1_492' title='bbox 260 2194 298 2228; x_wconf 88' lang='lat' dir='ltr'>si</span> <span class='ocrx_word' id='word_1_493' title='bbox 315 2194 587 2239; x_wconf 85' lang='lat' dir='ltr'>perviderimus,</span> <span class='ocrx_word' id='word_1_494' title='bbox 611 2203 701 2230; x_wconf 90' lang='lat' dir='ltr'>tum</span> <span class='ocrx_word' id='word_1_495' title='bbox 718 2208 807 2231; x_wconf 80' lang='lat' dir='ltr'>vere</span> <span class='ocrx_word' id='word_1_496' title='bbox 822 2196 1037 2231; x_wconf 81' lang='lat' dir='ltr'>imitabimur</span> <span class='ocrx_word' id='word_1_497' title='bbox 1049 2200 1104 2240; x_wconf 91' lang='lat'>10,</span> <span class='ocrx_word' id='word_1_498' title='bbox 1118 2200 1152 2237; x_wconf 78' lang='lat'>2,</span> <span class='ocrx_word' id='word_1_499' title='bbox 1165 2200 1222 2231; x_wconf 76' lang='lat'>27.</span> <span class='ocrx_word' id='word_1_500' title='bbox 1243 2197 1286 2238; x_wconf 82' lang='lat' dir='ltr'>cs.</span> <span class='ocrx_word' id='word_1_501' title='bbox 1302 2199 1334 2239; x_wconf 87' lang='grc'>5,</span> <span class='ocrx_word' id='word_1_502' title='bbox 1350 2199 1403 2239; x_wconf 84' lang='grc'>13,</span> <span class='ocrx_word' id='word_1_503' title='bbox 1420 2197 1478 2230; x_wconf 75' lang='grc'>24.</span> <span class='ocrx_word' id='word_1_504' title='bbox 1494 2199 1531 2240; x_wconf 90' lang='grc'>8,</span> <span class='ocrx_word' id='word_1_505' title='bbox 1544 2197 1579 2240; x_wconf 92' lang='grc'>6,</span> <span class='ocrx_word' id='word_1_506' title='bbox 1591 2198 1649 2233; x_wconf 81' lang='lat'><strong>40.</strong></span> 
     </span>
     <span class='ocr_line' id='line_1_43' title="bbox 151 2241 1649 2287; baseline 0.002 -13"><span class='ocrx_word' id='word_1_507' title='bbox 151 2241 190 2286; x_wconf 79' lang='grc' dir='ltr'>β)</span> <span class='ocrx_word' id='word_1_508' title='bbox 207 2242 510 2275; x_wconf 77' lang='lat' dir='ltr'>dmonstrativum.</span> <span class='ocrx_word' id='word_1_509' title='bbox 539 2243 577 2283; x_wconf 91' lang='lat' dir='ltr'>a)</span> <span class='ocrx_word' id='word_1_510' title='bbox 595 2245 628 2275; x_wconf 75' lang='lat' dir='ltr'>in</span> <span class='ocrx_word' id='word_1_511' title='bbox 645 2242 801 2284; x_wconf 72' lang='lat' dir='ltr'>futurum</span> <span class='ocrx_word' id='word_1_512' title='bbox 814 2257 824 2276; x_wconf 65' lang='grc' dir='ltr'><strong><em>ε</em></strong></span> <span class='ocrx_word' id='word_1_513' title='bbox 849 2248 874 2275; x_wconf 89' lang='lat' dir='ltr'>t.</span> <span class='ocrx_word' id='word_1_514' title='bbox 892 2243 1028 2277; x_wconf 88' lang='lat' dir='ltr'>tardior</span> <span class='ocrx_word' id='word_1_515' title='bbox 1043 2249 1115 2287; x_wconf 82' lang='lat' dir='ltr'>atq.</span> <span class='ocrx_word' id='word_1_516' title='bbox 1132 2243 1355 2277; x_wconf 88' lang='lat' dir='ltr'>summissior</span> <span class='ocrx_word' id='word_1_517' title='bbox 1373 2243 1514 2277; x_wconf 85' lang='lat' dir='ltr'>decebit</span> <span class='ocrx_word' id='word_1_518' title='bbox 1533 2244 1649 2277; x_wconf 89' lang='lat' dir='ltr'>oratio</span> 
     </span>
     <span class='ocr_line' id='line_1_44' title="bbox 152 2285 1650 2333; baseline 0.003 -14"><span class='ocrx_word' id='word_1_519' title='bbox 152 2290 209 2329; x_wconf 89' lang='lat'>11,</span> <span class='ocrx_word' id='word_1_520' title='bbox 224 2289 257 2328; x_wconf 93' lang='lat'>1,</span> <span class='ocrx_word' id='word_1_521' title='bbox 269 2285 327 2320; x_wconf 83' lang='lat'><strong>64.</strong></span> <span class='ocrx_word' id='word_1_522' title='bbox 349 2285 395 2327; x_wconf 86' lang='lat' dir='ltr'>cs.</span> <span class='ocrx_word' id='word_1_523' title='bbox 409 2289 464 2328; x_wconf 90' lang='grc'>10,</span> <span class='ocrx_word' id='word_1_524' title='bbox 475 2290 510 2327; x_wconf 87' lang='grc'>7,</span> <span class='ocrx_word' id='word_1_525' title='bbox 524 2290 581 2320; x_wconf 91' lang='grc'>22.</span> <span class='ocrx_word' id='word_1_526' title='bbox 598 2289 828 2331; x_wconf 80' lang='lat' dir='ltr'>producenda</span> <span class='ocrx_word' id='word_1_527' title='bbox 847 2288 981 2332; x_wconf 87' lang='lat' dir='ltr'>omnia,</span> <span class='ocrx_word' id='word_1_528' title='bbox 1007 2290 1271 2333; x_wconf 80' lang='lat' dir='ltr'>trahendaeque</span> <span class='ocrx_word' id='word_1_529' title='bbox 1284 2295 1309 2322; x_wconf 90' lang='lat' dir='ltr'>t.</span> <span class='ocrx_word' id='word_1_530' title='bbox 1322 2291 1467 2323; x_wconf 81' lang='lat' dir='ltr'>vocales</span> <span class='ocrx_word' id='word_1_531' title='bbox 1485 2289 1650 2332; x_wconf 83' lang='lat' dir='ltr'>aperien-</span> 
     </span>
     <span class='ocr_line' id='line_1_45' title="bbox 153 2333 1648 2379; baseline 0.003 -14"><span class='ocrx_word' id='word_1_532' title='bbox 153 2333 291 2376; x_wconf 88' lang='lat' dir='ltr'>daeque</span> <span class='ocrx_word' id='word_1_533' title='bbox 314 2338 396 2365; x_wconf 89' lang='lat' dir='ltr'>sunt</span> <span class='ocrx_word' id='word_1_534' title='bbox 422 2333 544 2367; x_wconf 81' lang='lat' dir='ltr'>fauces</span> <span class='ocrx_word' id='word_1_535' title='bbox 572 2336 627 2376; x_wconf 89' lang='lat'>11,</span> <span class='ocrx_word' id='word_1_536' title='bbox 651 2336 687 2375; x_wconf 88' lang='grc'>3,</span> <span class='ocrx_word' id='word_1_537' title='bbox 712 2336 790 2368; x_wconf 91' lang='grc'><strong>107.</strong></span> <span class='ocrx_word' id='word_1_538' title='bbox 823 2334 867 2375; x_wconf 85' lang='lat' dir='ltr'>cs.</span> <span class='ocrx_word' id='word_1_539' title='bbox 895 2336 928 2375; x_wconf 90' lang='lat'>5,</span> <span class='ocrx_word' id='word_1_540' title='bbox 954 2336 1010 2376; x_wconf 85' lang='lat'>13,</span> <span class='ocrx_word' id='word_1_541' title='bbox 1039 2338 1094 2368; x_wconf 84' lang='lat'>11.</span> <span class='ocrx_word' id='word_1_542' title='bbox 1120 2336 1184 2368; x_wconf 90' lang='lat' dir='ltr'>sed</span> <span class='ocrx_word' id='word_1_543' title='bbox 1210 2341 1236 2368; x_wconf 91' lang='lat' dir='ltr'>t.</span> <span class='ocrx_word' id='word_1_544' title='bbox 1265 2346 1448 2379; x_wconf 88' lang='lat' dir='ltr'>quoque</span> <span class='ocrx_word' id='word_1_545' title='bbox 1471 2337 1648 2370; x_wconf 86' lang='lat' dir='ltr'>tenendus</span> 
     </span>
     <span class='ocr_line' id='line_1_46' title="bbox 153 2378 1647 2425; baseline 0.003 -13"><span class='ocrx_word' id='word_1_546' title='bbox 153 2383 208 2412; x_wconf 76' lang='lat' dir='ltr'>est</span> <span class='ocrx_word' id='word_1_547' title='bbox 233 2379 359 2411; x_wconf 83' lang='lat' dir='ltr'>modus</span> <span class='ocrx_word' id='word_1_548' title='bbox 384 2380 450 2420; x_wconf 83' lang='lat'>12,</span> <span class='ocrx_word' id='word_1_549' title='bbox 477 2381 520 2422; x_wconf 87' lang='grc'>7,</span> <span class='ocrx_word' id='word_1_550' title='bbox 549 2381 606 2413; x_wconf 88' lang='grc'>11.</span> <span class='ocrx_word' id='word_1_551' title='bbox 649 2379 695 2420; x_wconf 83' lang='lat' dir='ltr'>cs.</span> <span class='ocrx_word' id='word_1_552' title='bbox 721 2383 760 2421; x_wconf 87' lang='lat'>2,</span> <span class='ocrx_word' id='word_1_553' title='bbox 789 2382 832 2422; x_wconf 86' lang='lat'>1,</span> <span class='ocrx_word' id='word_1_554' title='bbox 857 2382 914 2414; x_wconf 82' lang='lat'><strong>13.</strong></span> <span class='ocrx_word' id='word_1_555' title='bbox 961 2378 1005 2422; x_wconf 90' lang='lat' dir='ltr'>b)</span> <span class='ocrx_word' id='word_1_556' title='bbox 1038 2383 1071 2413; x_wconf 79' lang='lat' dir='ltr'>in</span> <span class='ocrx_word' id='word_1_557' title='bbox 1096 2383 1311 2414; x_wconf 77' lang='lat' dir='ltr'>antecedens.-</span> <span class='ocrx_word' id='word_1_558' title='bbox 1347 2391 1421 2414; x_wconf 87' lang='lat' dir='ltr'>non</span> <span class='ocrx_word' id='word_1_559' title='bbox 1446 2381 1532 2425; x_wconf 75' lang='lat' dir='ltr'>quid</span> <span class='ocrx_word' id='word_1_560' title='bbox 1555 2382 1647 2416; x_wconf 81' lang='lat' dir='ltr'>fre-</span> 
     </span>
     <span class='ocr_line' id='line_1_47' title="bbox 154 2423 1647 2470; baseline 0.003 -14"><span class='ocrx_word' id='word_1_561' title='bbox 154 2423 496 2468; x_wconf 83' lang='lat' dir='ltr'>quentissime,</span> <span class='ocrx_word' id='word_1_562' title='bbox 527 2425 591 2457; x_wconf 91' lang='lat' dir='ltr'>sed</span> <span class='ocrx_word' id='word_1_563' title='bbox 615 2425 698 2468; x_wconf 89' lang='lat' dir='ltr'>quid</span> <span class='ocrx_word' id='word_1_564' title='bbox 721 2430 816 2458; x_wconf 90' lang='lat' dir='ltr'>tum</span> <span class='ocrx_word' id='word_1_565' title='bbox 845 2425 1034 2469; x_wconf 84' lang='lat' dir='ltr'>expediret</span> <span class='ocrx_word' id='word_1_566' title='bbox 1057 2429 1101 2468; x_wconf 95' lang='lat'>7,</span> <span class='ocrx_word' id='word_1_567' title='bbox 1128 2429 1169 2466; x_wconf 92' lang='grc'>1,</span> <span class='ocrx_word' id='word_1_568' title='bbox 1195 2429 1249 2460; x_wconf 86' lang='grc'>12.</span> <span class='ocrx_word' id='word_1_569' title='bbox 1283 2427 1344 2470; x_wconf 86' lang='lat' dir='ltr'>qni</span> <span class='ocrx_word' id='word_1_570' title='bbox 1376 2432 1400 2460; x_wconf 88' lang='lat' dir='ltr'>t.</span> <span class='ocrx_word' id='word_1_571' title='bbox 1427 2426 1464 2460; x_wconf 91' lang='lat' dir='ltr'>in</span> <span class='ocrx_word' id='word_1_572' title='bbox 1492 2427 1647 2462; x_wconf 81' lang='lat' dir='ltr'>dicendo</span> 
     </span>
     <span class='ocr_line' id='line_1_48' title="bbox 151 2469 1647 2516; baseline 0.004 -14"><span class='ocrx_word' id='word_1_573' title='bbox 151 2469 471 2513; x_wconf 87' lang='lat' dir='ltr'>praestantissimus</span> <span class='ocrx_word' id='word_1_574' title='bbox 494 2470 691 2504; x_wconf 87' lang='lat' dir='ltr'>habebatur</span> <span class='ocrx_word' id='word_1_575' title='bbox 714 2473 778 2512; x_wconf 83' lang='lat'>11,</span> <span class='ocrx_word' id='word_1_576' title='bbox 804 2474 845 2512; x_wconf 89' lang='lat'>1,</span> <span class='ocrx_word' id='word_1_577' title='bbox 874 2474 932 2504; x_wconf 86' lang='grc'>11.</span> <span class='ocrx_word' id='word_1_578' title='bbox 958 2470 1004 2512; x_wconf 86' lang='lat' dir='ltr'>cs.</span> <span class='ocrx_word' id='word_1_579' title='bbox 1029 2474 1071 2511; x_wconf 86' lang='grc'>2,</span> <span class='ocrx_word' id='word_1_580' title='bbox 1094 2475 1158 2514; x_wconf 89' lang='grc'>17,</span> <span class='ocrx_word' id='word_1_581' title='bbox 1188 2475 1243 2505; x_wconf 92' lang='grc'>11.</span> <span class='ocrx_word' id='word_1_582' title='bbox 1271 2473 1310 2513; x_wconf 88' lang='grc'>6,</span> <span class='ocrx_word' id='word_1_583' title='bbox 1338 2475 1380 2515; x_wconf 88' lang='grc'>3,</span> <span class='ocrx_word' id='word_1_584' title='bbox 1409 2474 1466 2507; x_wconf 85' lang='grc'>38.</span> <span class='ocrx_word' id='word_1_585' title='bbox 1492 2476 1527 2515; x_wconf 92' lang='grc'>7,</span> <span class='ocrx_word' id='word_1_586' title='bbox 1550 2473 1586 2516; x_wconf 87' lang='grc'>4,</span> <span class='ocrx_word' id='word_1_587' title='bbox 1609 2478 1647 2508; x_wconf 88' lang='grc'>2.</span> 
     </span>
     <span class='ocr_line' id='line_1_49' title="bbox 154 2516 1648 2558; baseline 0.003 -9"><span class='ocrx_word' id='word_1_588' title='bbox 154 2517 220 2558; x_wconf 89' lang='grc'>10,</span> <span class='ocrx_word' id='word_1_589' title='bbox 248 2518 290 2557; x_wconf 90' lang='grc'>1,</span> <span class='ocrx_word' id='word_1_590' title='bbox 320 2516 397 2550; x_wconf 89' lang='grc'><strong>126.</strong></span> <span class='ocrx_word' id='word_1_591' title='bbox 430 2517 499 2557; x_wconf 88' lang='grc'>12,</span> <span class='ocrx_word' id='word_1_592' title='bbox 523 2516 565 2557; x_wconf 89' lang='grc'>6,</span> <span class='ocrx_word' id='word_1_593' title='bbox 589 2519 624 2550; x_wconf 89' lang='grc'>7.</span> <span class='ocrx_word' id='word_1_594' title='bbox 662 2518 729 2558; x_wconf 92' lang='grc'>12,</span> <span class='ocrx_word' id='word_1_595' title='bbox 756 2517 800 2558; x_wconf 88' lang='grc'>9,</span> <span class='ocrx_word' id='word_1_596' title='bbox 829 2516 862 2550; x_wconf 88' lang='grc'>5.</span> <span class='ocrx_word' id='word_1_597' title='bbox 891 2522 931 2549; x_wconf 89' lang='lat' dir='ltr'>ut</span> <span class='ocrx_word' id='word_1_598' title='bbox 966 2522 1054 2550; x_wconf 86' lang='lat' dir='ltr'>tum</span> <span class='ocrx_word' id='word_1_599' title='bbox 1084 2518 1283 2551; x_wconf 73' lang='lat' dir='ltr'>maxime</span> <span class='ocrx_word' id='word_1_600' title='bbox 1314 2517 1431 2551; x_wconf 91' lang='lat' dir='ltr'>occidi</span> <span class='ocrx_word' id='word_1_601' title='bbox 1463 2518 1648 2554; x_wconf 78' lang='lat' dir='ltr'>videretur</span> 
     </span>
     <span class='ocr_line' id='line_1_50' title="bbox 154 2560 1647 2607; baseline 0.003 -13"><span class='ocrx_word' id='word_1_602' title='bbox 154 2560 315 2603; x_wconf 81' lang='lat' dir='ltr'>(Caesar)</span> <span class='ocrx_word' id='word_1_603' title='bbox 339 2562 382 2603; x_wconf 83' lang='grc'>6,</span> <span class='ocrx_word' id='word_1_604' title='bbox 410 2563 449 2604; x_wconf 90' lang='grc'>1,</span> <span class='ocrx_word' id='word_1_605' title='bbox 475 2563 532 2595; x_wconf 87' lang='grc'>31.</span> <span class='ocrx_word' id='word_1_606' title='bbox 558 2560 603 2602; x_wconf 82' lang='lat' dir='ltr'>cs.</span> <span class='ocrx_word' id='word_1_607' title='bbox 630 2564 676 2604; x_wconf 85' lang='lat'>2,</span> <span class='ocrx_word' id='word_1_608' title='bbox 704 2563 764 2604; x_wconf 85' lang='lat'>15,</span> <span class='ocrx_word' id='word_1_609' title='bbox 790 2563 845 2595; x_wconf 87' lang='grc'>30.</span> <span class='ocrx_word' id='word_1_610' title='bbox 895 2563 932 2606; x_wconf 83' lang='grc' dir='ltr'>γ)</span> <span class='ocrx_word' id='word_1_611' title='bbox 957 2566 1193 2605; x_wconf 71' lang='lat' dir='ltr'>copulativam.</span> <span class='ocrx_word' id='word_1_612' title='bbox 1226 2564 1262 2605; x_wconf 90' lang='lat' dir='ltr'>a)</span> <span class='ocrx_word' id='word_1_613' title='bbox 1288 2565 1329 2597; x_wconf 71' lang='lat' dir='ltr'>cle</span> <span class='ocrx_word' id='word_1_614' title='bbox 1351 2571 1519 2607; x_wconf 74' lang='lat' dir='ltr'>tempore.-</span> <span class='ocrx_word' id='word_1_615' title='bbox 1551 2567 1647 2599; x_wconf 88' lang='lat' dir='ltr'>Tum</span> 
     </span>
     <span class='ocr_line' id='line_1_51' title="bbox 155 2606 1647 2653; baseline 0.004 -13"><span class='ocrx_word' id='word_1_616' title='bbox 155 2606 357 2641; x_wconf 89' lang='lat' dir='ltr'>Simonides</span> <span class='ocrx_word' id='word_1_617' title='bbox 385 2607 513 2640; x_wconf 91' lang='lat' dir='ltr'>dicitur</span> <span class='ocrx_word' id='word_1_618' title='bbox 536 2618 675 2640; x_wconf 91' lang='lat' dir='ltr'>memor</span> <span class='ocrx_word' id='word_1_619' title='bbox 698 2615 759 2640; x_wconf 74' lang='lat' dir='ltr'>etc.</span> <span class='ocrx_word' id='word_1_620' title='bbox 789 2617 942 2650; x_wconf 89' lang='lat' dir='ltr'>corpora</span> <span class='ocrx_word' id='word_1_621' title='bbox 966 2607 1039 2641; x_wconf 89' lang='lat' dir='ltr'>suis</span> <span class='ocrx_word' id='word_1_622' title='bbox 1063 2608 1259 2642; x_wconf 88' lang='lat' dir='ltr'>reddidisse</span> <span class='ocrx_word' id='word_1_623' title='bbox 1285 2613 1339 2651; x_wconf 89' lang='lat'>11,</span> <span class='ocrx_word' id='word_1_624' title='bbox 1364 2613 1398 2653; x_wconf 87' lang='grc'>2,</span> <span class='ocrx_word' id='word_1_625' title='bbox 1426 2612 1479 2645; x_wconf 85' lang='grc'>13.</span> <span class='ocrx_word' id='word_1_626' title='bbox 1504 2617 1528 2644; x_wconf 90' lang='lat' dir='ltr'>t.</span> <span class='ocrx_word' id='word_1_627' title='bbox 1558 2614 1606 2653; x_wconf 79' lang='lat' dir='ltr'>(a.</span> <span class='ocrx_word' id='word_1_628' title='bbox 1623 2617 1647 2646; x_wconf 86' lang='lat'>1.</span> 
     </span>
     <span class='ocr_line' id='line_1_52' title="bbox 157 2651 1645 2700; baseline 0.003 -14"><span class='ocrx_word' id='word_1_629' title='bbox 157 2651 260 2695; x_wconf 89' lang='lat' dir='ltr'>cum)</span> <span class='ocrx_word' id='word_1_630' title='bbox 286 2652 348 2686; x_wconf 90' lang='lat' dir='ltr'>ille</span> <span class='ocrx_word' id='word_1_631' title='bbox 374 2653 548 2686; x_wconf 82' lang='lat' dir='ltr'>obmutuit</span> <span class='ocrx_word' id='word_1_632' title='bbox 571 2653 617 2695; x_wconf 91' lang='grc'>6,</span> <span class='ocrx_word' id='word_1_633' title='bbox 643 2656 683 2695; x_wconf 92' lang='grc'>1,</span> <span class='ocrx_word' id='word_1_634' title='bbox 708 2653 765 2688; x_wconf 86' lang='grc'>39.</span> <span class='ocrx_word' id='word_1_635' title='bbox 793 2654 966 2699; x_wconf 84' lang='lat' dir='ltr'>legendos</span> <span class='ocrx_word' id='word_1_636' title='bbox 998 2654 1279 2688; x_wconf 88' lang='lat' dir='ltr'>Demosthenem</span> <span class='ocrx_word' id='word_1_637' title='bbox 1303 2661 1373 2700; x_wconf 82' lang='lat' dir='ltr'>atq.</span> <span class='ocrx_word' id='word_1_638' title='bbox 1398 2655 1495 2699; x_wconf 89' lang='lat' dir='ltr'>Cic.,</span> <span class='ocrx_word' id='word_1_639' title='bbox 1529 2662 1556 2690; x_wconf 92' lang='lat' dir='ltr'>t.</span> <span class='ocrx_word' id='word_1_640' title='bbox 1581 2657 1645 2699; x_wconf 85' lang='lat' dir='ltr'>ita,</span> 
     </span>
     <span class='ocr_line' id='line_1_53' title="bbox 155 2698 1644 2745; baseline 0.003 -14"><span class='ocrx_word' id='word_1_641' title='bbox 155 2702 196 2731; x_wconf 86' lang='lat' dir='ltr'>ut</span> <span class='ocrx_word' id='word_1_642' title='bbox 225 2698 374 2743; x_wconf 86' lang='lat' dir='ltr'>quisque</span> <span class='ocrx_word' id='word_1_643' title='bbox 406 2704 499 2732; x_wconf 89' lang='lat' dir='ltr'>esset</span> <span class='ocrx_word' id='word_1_644' title='bbox 522 2698 761 2732; x_wconf 87' lang='lat' dir='ltr'>Demostheni</span> <span class='ocrx_word' id='word_1_645' title='bbox 793 2704 864 2743; x_wconf 84' lang='lat' dir='ltr'>atq.</span> <span class='ocrx_word' id='word_1_646' title='bbox 890 2698 1056 2745; x_wconf 81' lang='lat' dir='ltr'>Ciceroni</span> <span class='ocrx_word' id='word_1_647' title='bbox 1079 2699 1276 2734; x_wconf 90' lang='lat' dir='ltr'>simillimus</span> <span class='ocrx_word' id='word_1_648' title='bbox 1302 2703 1365 2745; x_wconf 88' lang='grc'>10,</span> <span class='ocrx_word' id='word_1_649' title='bbox 1391 2704 1435 2745; x_wconf 91' lang='grc'>1,</span> <span class='ocrx_word' id='word_1_650' title='bbox 1467 2703 1522 2738; x_wconf 88' lang='grc'>39.</span> <span class='ocrx_word' id='word_1_651' title='bbox 1556 2708 1644 2736; x_wconf 90' lang='lat' dir='ltr'>tum</span> 
     </span>
     <span class='ocr_line' id='line_1_54' title="bbox 154 2743 1646 2792; baseline 0.004 -16"><span class='ocrx_word' id='word_1_652' title='bbox 154 2743 333 2778; x_wconf 86' lang='lat' dir='ltr'>deinde</span> <span class='ocrx_word' id='word_1_653' title='bbox 359 2747 423 2787; x_wconf 87' lang='lat'>12,</span> <span class='ocrx_word' id='word_1_654' title='bbox 449 2747 513 2786; x_wconf 89' lang='lat'>10,</span> <span class='ocrx_word' id='word_1_655' title='bbox 539 2747 581 2777; x_wconf 90' lang='lat'>11</span> <span class='ocrx_word' id='word_1_656' title='bbox 617 2757 651 2777; x_wconf 85' lang='lat' dir='ltr'><strong>v.</strong></span> <span class='ocrx_word' id='word_1_657' title='bbox 675 2744 874 2779; x_wconf 85' lang='lat' dir='ltr'>Deinde.</span> <span class='ocrx_word' id='word_1_658' title='bbox 921 2744 965 2786; x_wconf 87' lang='lat' dir='ltr'>b)</span> <span class='ocrx_word' id='word_1_659' title='bbox 990 2748 1022 2778; x_wconf 83' lang='lat' dir='ltr'>in</span> <span class='ocrx_word' id='word_1_660' title='bbox 1047 2748 1288 2780; x_wconf 78' lang='lat' dir='ltr'>enumerando:</span> <span class='ocrx_word' id='word_1_661' title='bbox 1322 2752 1347 2781; x_wconf 91' lang='lat' dir='ltr'>t.</span> <span class='ocrx_word' id='word_1_662' title='bbox 1377 2754 1587 2792; x_wconf 84' lang='lat' dir='ltr'>anapaestus</span> <span class='ocrx_word' id='word_1_663' title='bbox 1611 2755 1646 2782; x_wconf 88' lang='lat' dir='ltr'>et</span> 
     </span>
    </p>

    <p class='ocr_par' dir='ltr' id='par_1_10' title="bbox 107 2790 1644 2838">
     <span class='ocr_line' id='line_1_55' title="bbox 107 2790 1644 2838; baseline 0.004 -15"><span class='ocrx_word' id='word_1_664' title='bbox 107 2832 112 2838; x_wconf 41' lang='grc'>·</span> <span class='ocrx_word' id='word_1_665' title='bbox 153 2790 319 2833; x_wconf 82' lang='lat' dir='ltr'>creticus,</span> <span class='ocrx_word' id='word_1_666' title='bbox 346 2790 483 2824; x_wconf 89' lang='lat' dir='ltr'>iambus</span> <span class='ocrx_word' id='word_1_667' title='bbox 507 2800 648 2835; x_wconf 84' lang='lat' dir='ltr'>quoque</span> <span class='ocrx_word' id='word_1_668' title='bbox 672 2790 707 2834; x_wconf 87' lang='lat'>9,</span> <span class='ocrx_word' id='word_1_669' title='bbox 732 2790 767 2833; x_wconf 87' lang='lat'>4,</span> <span class='ocrx_word' id='word_1_670' title='bbox 791 2790 847 2826; x_wconf 88' lang='grc'>99.</span> <span class='ocrx_word' id='word_1_671' title='bbox 870 2795 896 2823; x_wconf 92' lang='lat' dir='ltr'>t.</span> <span class='ocrx_word' id='word_1_672' title='bbox 922 2790 972 2834; x_wconf 92' lang='lat' dir='ltr'>id,</span> <span class='ocrx_word' id='word_1_673' title='bbox 1000 2793 1098 2836; x_wconf 88' lang='lat' dir='ltr'>quod</span> <span class='ocrx_word' id='word_1_674' title='bbox 1118 2792 1246 2826; x_wconf 83' lang='lat' dir='ltr'>Graeci</span> <span class='ocrx_word' id='word_1_675' title='bbox 1270 2793 1559 2838; x_wconf 85' lang='lat' dir='ltr'>frequentissime</span> <span class='ocrx_word' id='word_1_676' title='bbox 1583 2795 1644 2828; x_wconf 83' lang='lat' dir='ltr'>fa·-</span> 
     </span>
    </p>
   </div>
  </div>
 </body>
</html>
