1728 3002
83 184 101 211 Ι
700 238 701 241 ¹
731 205 873 263 Gigno
1486 209 1569 248 365

72 325 167 361 haec
187 321 309 366 omnia
331 319 464 357 oratori
487 315 719 356 necessaria?
761 330 915 366 quomm
937 329 1048 354 unum
1085 317 1127 365 (ι’.
1150 331 1182 354 e.
1205 319 1332 353 numeri
1355 320 1390 353 in
1413 320 1568 365 mrpore)

73 371 120 406 ad
144 375 284 418 gestum
305 389 353 395 —
369 366 537 412 pertinet.
561 370 595 411 1,
621 369 678 411 10,
701 369 759 402 22.
805 365 851 411 β)
877 366 949 409 adj.
969 368 1101 402 Genii„-
1127 372 1265 412 gestum
1297 366 1468 411 poculum
1498 377 1569 411 po-

73 416 219 459 scentis,
243 420 305 450 aut
326 413 480 450 verbera
501 411 679 456 minantis,
708 417 768 446 ant
796 423 984 447 numerum
1011 411 1287 459 quingentorum
1315 412 1412 447 flexo
1435 412 1571 456 pollice

72 461 255 507 poscentis
272 480 316 488 —
336 471 384 494 ne
406 459 446 493 in
470 457 612 493 rusticis
637 458 782 503 quidem
804 458 881 493 vidi
908 462 964 502 11,
987 459 1023 501 3,
1047 461 1114 494 117
1137 460 1187 494 Ν.
1209 458 1272 493 ille
1294 457 1454 505 urgentis
1480 469 1570 493 ora-

73 508 209 542 tionem
232 518 267 554 g.
300 508 343 540 ib.
370 507 449 540 102.
475 506 514 550 y)
541 518 570 539 c.
598 507 799 539 Antibaris.-
823 503 862 548 a)
877 503 937 538 hic
959 505 1075 539 adhuc
1090 504 1211 549 priore
1226 509 1348 552 gestus
1361 504 1568 548 instantior,

72 553 249 599 principio
272 557 309 586 et
327 550 520 586 narrationi
544 562 618 586 non
645 552 931 586 accommodatus
954 553 1012 594 11,
1043 552 1079 594 3,
1102 552 1161 586 93.
1193 568 1238 576 —
1262 561 1348 584 acer
1381 556 1488 596 atque
1510 551 1569 585 in-

76 604 174 634 stans
198 601 241 633 ib.
265 599 322 634 92.
346 597 491 631 alternis
515 603 603 644 gest.
628 597 664 639 6,
687 599 722 636 3.
754 597 801 632 65
827 598 876 631 Ν.
901 597 1030 632 breves
1052 607 1086 650 g.
1122 598 1179 640 11,
1205 598 1242 640 3,
1275 599 1353 631 100.
1378 617 1425 624 -—-
1448 602 1567 631 certus

69 647 142 680 sed
161 645 269 691 paulo
293 643 503 688 productior
528 644 633 686 11,3,
645 645 691 678 92
699 644 747 677 Ν.
781 642 940 677 comicus
972 653 1085 688 magis
1117 654 1222 688 quam
1256 643 1436 677 oratorius
1462 654 1496 690 g.
1520 645 1566 678 ib.

78 691 157 726 125.
203 690 486 725 consentientem
525 687 680 724 orationi
708 699 744 736 g.
767 691 810 723 ib.
835 687 915 724 164.
943 688 1119 723 dissidens
1152 700 1174 722 a
1194 698 1313 724 voce
1336 699 1374 735 g.
1410 691 1455 723 ib.
1487 689 1567 724 165.

75 748 110 784 g.
137 736 339 771 distinctum
363 738 406 770 ib.
430 735 498 770 162
532 737 580 770 N.
616 735 787 769 distortus
820 735 982 770 vultus
1054 740 1250 779 estusque
1272 735 1316 778 6,
1340 738 1386 778 3,
1437 736 1495 771 29.
1531 746 1568 782 g.

75 784 252 827 quendam
276 781 447 816 humilem
473 787 579 826 atque
617 781 786 816 servilem
820 786 857 814 et
890 780 992 824 quasi
1079 781 1287 815 udulentum
1328 783 1395 824 11,
1429 782 1475 822 3,
1505 782 1566 816 83.

76 829 267 873 jactantior
279 839 316 876 g.
343 831 397 862 Co
411 831 462 861 el.
487 831 544 870 11,
570 831 603 871 1,
630 829 687 862 51.
703 838 737 874 g.
765 828 948 861 modestus
976 829 1033 870 11,
1046 826 1233 870 3‚161.‹.;r.
1255 829 1300 861 ib.
1326 827 1404 862 159.
1429 827 1568 863 vultu

75 880 281 922 gestuque
302 873 454 908 ridiculo
476 873 522 916 6,
548 875 592 917 3,
616 873 675 908 26.
723 874 764 914 b)
796 879 836 907 nt
861 872 907 906 sit
933 878 1054 920 gestus
1082 873 1127 906 ad
1151 883 1296 906 sensum
1321 871 1434 918 magis
1458 884 1567 917 quam

76 921 119 953 ad
140 921 255 955 verba
278 920 564 954 accommodatus
593 922 650 960 11,
673 920 716 961 3,
740 919 797 954 89.
839 924 892 952 est
919 925 955 952 et
977 918 1039 953 ille
1071 919 1300 954 verecundae
1333 918 1489 952 orationi
1524 931 1566 953 a-

75 965 254 1010 ptissimus
280 967 367 1011 gab.
392 965 451 1000 96.
472 970 526 998 est
551 975 586 1010 g.
611 965 674 998 ille
698 964 855 998 maxime
878 964 1076 998 communis
1100 967 1144 997 1'17-
1171 965 1228 1000 92.
1262 969 1317 998 est
1339 963 1566 1001 admirationi

77 1011 298 1045 conveniens
320 1010 381 1044 ille
404 1020 439 1056 g.
466 1012 510 1043 ib.
531 1012 610 1044 100.
642 1020 692 1056 g.,
715 1015 756 1043 ut
779 1011 824 1044 ad
847 1011 1002 1045 eundem
1023 1011 1187 1054 tendens,
1210 1009 1339 1044 elatior
1360 1010 1406 1044 ait
1428 1013 1474 1046 ib.
1485 1010 1565 1046 134.

74 1062 132 1091 est
150 1056 294 1090 interim
315 1067 350 1102 g.
380 1066 455 1090 non
476 1055 670 1090 inurbanus
693 1056 739 1098 6,
767 1057 802 1099 3,
825 1056 883 1090 26.
944 1090 962 1094 ,,
1411 1070 1415 1073 ·

167 1119 203 1164 ὃ)
226 1123 421 1156 Neminem:
456 1128 518 1157 aut
541 1129 623 1157 ante
646 1133 818 1159 vocem
840 1122 908 1157 erit
931 1128 1094 1172 gestus
1125 1127 1188 1157 aut
1222 1128 1306 1168 post
1336 1134 1470 1159 vocem
1505 1127 1563 1169 11,

72 1170 114 1211 3,
153 1169 233 1203 106.
283 1169 327 1202 ad
372 1178 462 1212 quos
502 1168 639 1212 (pedes)
692 1169 927 1213 plurimorum
969 1175 1091 1216 gestus
1137 1168 1234 1203 cadit
1281 1172 1330 1203 ,11
1343 1195 1355 1213 ,
1399 1173 1444 1211 3,
1482 1173 1565 1206 108.

73 1215 119 1249 de
142 1225 222 1260 ges
234 1219 305 1257 tn,
344 1214 405 1258 qui
431 1220 468 1248 et
492 1213 571 1258 ipse
599 1214 711 1249 voci
741 1215 921 1250 consentit
951 1218 996 1250 ib.
1023 1216 1083 1251 65.
1122 1225 1159 1261 g.
1184 1225 1265 1249 cum
1287 1215 1367 1260 ipsa
1390 1217 1565 1251 orationis

71 1261 254 1294 celeritate
287 1260 470 1294 crebescet
509 1263 553 1294 ib.
586 1262 665 1294 111.
697 1265 737 1293 ut
759 1271 793 1314 g.
807 1286 819 1303 ,
855 1261 917 1305 qui
951 1262 990 1295 in
1019 1261 1091 1295 fine
1116 1262 1247 1295 dexter
1278 1264 1328 1303 (ιι.
1352 1266 1375 1296 1.
1402 1263 1564 1304 dextrae)

71 1317 151 1340 esse
174 1305 297 1348 debet,
327 1305 367 1339 in
390 1305 570 1340 sinistrum
591 1305 644 1350 (a.
667 1310 691 1339 1.
709 1305 904 1349 sinistram)
931 1308 1142 1352 frequenter
1168 1306 1308 1341 desinat
1338 1310 1383 1344 ib.
1413 1311 1493 1344 109.
1531 1309 1564 1343 si

69 1352 227 1386 vultus
254 1362 297 1386 ac
317 1356 480 1399 gestus
511 1353 556 1385 ab
585 1351 749 1387 oratione
780 1353 990 1388 dissentiant
1024 1355 1068 1387 ib.
1093 1354 1154 1390 67.
1193 1365 1276 1387 cum
1299 1353 1386 1398 ipsis
1408 1355 1564 1389 vocibus

69 1397 278 1431 naturaliter
302 1402 436 1431 exeunt
459 1404 579 1444 gestus
613 1400 658 1431 ib.
685 1399 742 1433 88.
776 1409 825 1432 ex
849 1399 961 1434 altera
986 1405 1088 1444 parte
1120 1400 1222 1432 multi
1256 1406 1377 1446 gestus
1412 1411 1563 1435 necesse

68 1448 125 1482 est
148 1442 188 1477 in
210 1443 390 1477 sinistrum
413 1449 495 1477 eant
518 1446 560 1477 ib.
584 1444 664 1478 135.
697 1464 744 1470 —
765 1444 895 1489 reliqui
917 1451 999 1480 ante
1022 1456 1091 1479 nos
1117 1450 1154 1479 et
1177 1446 1304 1479 dextra
1328 1447 1503 1491 laevaque
1526 1454 1563 1481 et

68 1499 208 1524 sursum
236 1494 273 1523 et
295 1490 461 1523 deorsum
483 1489 616 1534 aliquid
642 1491 836 1525 ostendunt
862 1493 905 1525 ib.
934 1494 1012 1526 105.
1047 1502 1130 1525 cum
1157 1497 1316 1538 gestus
1343 1498 1562 1537 motusque

67 1534 242 1582 significet
265 1534 397 1579 aliquid
419 1538 462 1568 ib.
476 1536 511 1570 9.
535 1535 583 1577 cs.
598 1537 657 1571 88.
686 1554 731 1562 —
747 1542 786 1570 ut
811 1538 856 1570 ad
880 1537 1035 1581 judicem
1057 1543 1218 1581 spectent
1238 1539 1281 1571 ib.
1310 1539 1388 1573 135.
1412 1539 1562 1573 histrio-

67 1591 154 1615 num
174 1581 283 1614 multa
305 1581 401 1615 circa
421 1591 534 1616 voces
558 1583 699 1616 easdem
716 1582 859 1617 variare
884 1589 1005 1630 gestus
1028 1589 1147 1627 potest
1171 1586 1228 1625 10,
1252 1585 1286 1624 5,
1306 1584 1341 1618 6.
1381 1585 1416 1625 ε)
1430 1587 1558 1619 Genii..-

66 1627 127 1660 De
155 1626 269 1671 prima
299 1627 710 1671 pronuntiationis
746 1634 783 1663 et
820 1635 983 1675 gestus
1020 1628 1255 1663 institutione.
1295 1631 1337 1672 1,
1377 1629 1464 1675 Cap.
1494 1634 1558 1673 113

66 1671 311 1715 chironomia,
345 1684 437 1717 quae
463 1678 518 1707 est
540 1674 603 1707 lex
625 1680 746 1720 gestus
770 1677 812 1717 1,
839 1677 902 1717 11,
932 1679 987 1710 17.
1027 1692 1072 1698 -
1097 1674 1353 1710 observatione
1378 1678 1441 1719 10,
1466 1680 1501 1719 7,
1526 1679 1561 1712 9.

67 1733 116 1741 --
139 1717 354 1762 praestantia
390 1721 454 1761 12,
479 1719 521 1762 5,
549 1719 583 1754 5.
643 1718 683 1763 ζ)
707 1724 855 1754 Accua.-
890 1722 1011 1755 vultus
1035 1721 1079 1753 ad
1106 1726 1244 1767 gestum
1269 1723 1562 1756 accommodetur

70 1764 110 1804 1,
135 1765 202 1804 11,
223 1764 257 1797 8.
296 1762 342 1804 cs.
370 1766 437 1806 11,
462 1766 506 1803 3,
535 1764 604 1807 14;
650 1765 783 1800 vitiose
815 1765 912 1800 idem
946 1765 1012 1810 (g.)
1036 1766 1219 1800 sinistrum
1247 1766 1348 1811 quasi
1372 1768 1560 1802 humerum

68 1807 255 1858 petens-in
280 1809 372 1842 latus
399 1809 454 1855 agi
479 1811 571 1844 solet
595 1813 652 1853 11,
676 1813 711 1854 3,
736 1813 794 1846 93.
826 1817 1005 1858 gestum
1030 1813 1082 1857 (a.
1108 1817 1131 1846 1.
1157 1812 1277 1859 gestu)
1300 1815 1559 1856 praemodulati

69 1857 285 1897 cogitatione
309 1854 359 1893 (a.
378 1858 402 1890 1.
427 1855 696 1900 cogitationem)
724 1857 777 1891 sic
794 1865 1023 1902 componant,
1046 1859 1228 1902 quomodo
1254 1869 1381 1892 casura
1402 1871 1560 1895 manus

22 1920 27 1926 .
68 1902 125 1930 oet
147 1898 192 1929 ib.
217 1898 295 1931 109.
323 1897 363 1930 in
384 1900 583 1941 posteriora
605 1912 637 1947 g.
659 1912 735 1935 non
757 1902 922 1949 dirigitur
948 1907 993 1938 ib.
1020 1905 1100 1938 105.
1136 1905 1180 1937 ad
1207 1905 1297 1938 haec
1320 1910 1459 1950 gestum
1483 1905 1559 1939 dis-

68 1952 203 1986 ponere
211 1943 255 1974 ιἸ).
272 1943 349 1975 110.
362 1943 496 1977 soloeo
519 1945 644 1987 (vultu)
655 1947 775 1981 facere
794 1954 934 1994 gestum
953 1952 998 1984 ib.
1006 1949 1220 1984 71.sinistra
1228 1955 1371 1996 gestum
1382 1951 1558 1985 facientes

66 1990 115 2024 ib.
158 1989 239 2022 131.
279 1987 409 2020 dextro
451 1989 563 2023 latere
603 1991 725 2025 facere
767 1998 888 2038 gestus
911 1996 957 2028 ib.
1004 1996 1072 2030 179
1111 1996 1160 2029 N.
1197 2007 1219 2028 a
1254 1995 1381 2038 quibus
1407 2002 1558 2042 gestus

66 2038 291 2084 motusque
313 2033 512 2067 formantur
535 2037 576 2076 1,
601 2037 665 2077 11,
692 2036 747 2070 16.
779 2047 827 2071 ne
847 2044 1015 2083 gestus
1039 2039 1182 2083 quidem
1208 2040 1327 2074 omnis
1363 2051 1405 2073 ac
1437 2048 1559 2076 motus

65 2089 87 2112 a
120 2078 301 2113 oomoedls
325 2079 499 2121 petendus
524 2085 578 2112 est
600 2083 618 2112 1
633 2105 645 2122 ,
669 2083 731 2123 11,
755 2082 789 2115 3.
824 2087 897 2116 tam
922 2089 977 2117 est
1002 2084 1202 2126 ridiculum,
1226 2096 1399 2128 quaerere
1423 2087 1476 2120 ha
1487 2087 1556 2121 bi-

65 2129 160 2158 tum
184 2129 429 2171 gestumque
456 2124 533 2158 sine
558 2135 708 2168 corpore
730 2126 767 2168 9,
786 2128 821 2169 3,
845 2129 922 2161 100.
949 2129 1093 2162 interim
1117 2131 1219 2163 velut
1240 2130 1342 2173 rejici
1368 2132 1461 2164 solet
1484 2132 1556 2175 (g.)

67 2171 125 2212 11,
149 2171 184 2212 3,
209 2170 287 2204 105.
326 2168 478 2213 repetito
505 2171 598 2203 ultra
624 2171 767 2206 laevum
792 2172 981 2206 humerum
1004 2180 1108 2221 gestu
1134 2177 1175 2208 ib.
1202 2176 1280 2210 118.
1322 2184 1558 2220 aspectus

66 2226 206 2259 semper
231 2215 357 2249 eodem
379 2215 551 2258 vertitur,
590 2226 662 2260 quo
684 2222 805 2263 gestus
837 2220 881 2251 ib.
903 2220 961 2252 70.
1013 2218 1055 2263 η)
1082 2232 1111 2254 c.
1133 2221 1251 2254 Ablat.
1266 2234 1277 2254 .-
1310 2214 1350 2255 in
1373 2233 1442 2266 qua
1465 2224 1556 2259 nihil

65 2262 239 2295 absonum
262 2268 323 2294 etc.
362 2271 480 2305 neque
514 2272 676 2304 sensu,
718 2273 836 2306 neque
870 2264 1060 2308 verbis,
1102 2275 1221 2310 neque
1252 2275 1338 2301 ore
1369 2274 1556 2312 gestuve

61 2307 179 2350 *possit
212 2307 430 2350 deprehendi
462 2308 506 2348 6,
534 2309 577 2350 3,
603 2310 682 2342 107.
719 2308 863 2342 alternis
887 2310 1044 2355 gestibus
1067 2312 1331 2346 contendebant
1364 2316 1406 2346 ib.
1432 2315 1479 2349 65
1502 2317 1553 2350 Ν.

66 2353 328 2396 enthymemata
350 2363 414 2386 sna
435 2359 537 2397 gestu
562 2354 663 2387 velut
684 2355 941 2389 corrotundant
969 2357 1019 2399 (a.
1041 2360 1065 2390 1.
1080 2367 1203 2391 ‘cornu
1225 2359 1394 2401 tundunt)
1425 2363 1467 2394 11
1480 2386 1492 2403 ,
1515 2363 1552 2406 3,

67 2399 135 2431 102
158 2398 206 2431 Ν.
246 2410 294 2430 cr.
339 2398 465 2432 dextra
490 2398 638 2442 (manus)
666 2401 772 2443 paulo
797 2401 935 2444 prolata
961 2403 1054 2436 ultra
1076 2402 1193 2436 sinum
1217 2409 1320 2450 gestu
1342 2416 1447 2449 quam
1470 2418 1553 2442 mo-

66 2442 266 2476 destissimo
289 2444 332 2475 ib.
357 2444 446 2486 1593
470 2455 552 2478 cum
573 2450 673 2491 gestu
700 2446 895 2480 concordet
917 2445 1041 2491 (adio)
1065 2450 1109 2482 ib.
1132 2449 1190 2484 69.
1211 2449 1324 2484 latera
1345 2462 1424 2484 cum
1447 2458 1551 2498 gestu

66 2488 291 2522 consentiant
312 2490 356 2522 ib.
378 2491 456 2524 122.
478 2489 554 2534 ipsa
572 2492 832 2534 quodammodo
854 2502 895 2526 se
918 2503 999 2526 cum
1021 2499 1124 2539 gestu
1146 2494 1263 2529 fundit
1285 2496 1403 2531 oratio
1426 2500 1470 2531 ib.
1489 2498 1550 2534 84.

65 2545 134 2568 nec
157 2535 360 2568 saltatorem
388 2534 425 2568 in
450 2541 551 2581 gestu
576 2536 671 2571 facio
695 2539 728 2579 1,
753 2540 809 2580 12,
836 2537 893 2572 14.
928 2537 967 2572 in
989 2545 1093 2586 gestu
1117 2540 1350 2575 soloecismus
1374 2546 1407 2584 1,
1432 2546 1466 2586 5,
1487 2546 1550 2583 36.

65 2590 184 2624 neque
207 2581 332 2614 eadem
355 2579 395 2614 in
416 2591 561 2623 voce,
586 2588 743 2628 gestu,
766 2582 958 2617 incessu
982 2596 1038 2629 ap.
1062 2585 1272 2630 principem,
1297 2594 1459 2622 senatum
1483 2598 1547 2624 etc.

66 2625 228 2660 similiter
244 2627 372 2660 decent
388 2629 444 2668 11,
462 2629 586 2669 3‚150.
599 2629 760 2672 nequeid
771 2628 1032 2665 inmanibus
1052 2632 1397 2667 solumsedinomni
1414 2641 1550 2681 gestu

65 2681 110 2704 ac
135 2681 189 2706 vo
199 2682 247 2705 ce
273 2672 488 2706 servandum
499 2675 542 2706 ib.
565 2674 623 2708 90.
638 2685 756 2718 neque
764 2673 801 2708 in
817 2680 920 2720 gestu
936 2687 1190 2721 persequemur
1205 2689 1329 2713 omnes
1342 2679 1494 2726 argutias
1503 2684 1549 2716 ib.

66 2717 149 2751 181.
186 2717 299 2752 decor
320 2727 463 2762 quoque
499 2729 520 2752 a
545 2725 688 2765 gestu
712 2724 782 2764 atq.
820 2731 843 2754 a
871 2727 1005 2763 motu
1025 2723 1127 2758 venit
1155 2726 1199 2758 ib.
1228 2725 1288 2759 67.
1311 2736 1347 2759 v.
1374 2726 1547 2760 Motus

20 2769 174 2827 Gigno·
213 2783 464 2829 probationes,
498 2796 586 2831 quas
609 2787 869 2830 quodammodo
894 2787 1059 2836 gigneret
1080 2789 1195 2826 oratio
1222 2792 1267 2836 5,
1292 2794 1335 2836 1,
1359 2795 1391 2827 1.
1422 2798 1546 2829 natura
