1728 3002
237 242 344 279 Lxu
855 238 1166 298 Prolegomena

243 354 575 423 amplificare
630 353 908 417 existim0‘‚
973 369 1037 405 ut
1082 373 1233 406 suam
1278 353 1593 423 opinionem
1649 360 1728 411 ali‹

240 454 361 484 rum
396 433 708 484 auctoritati
747 437 913 500 plane
949 434 1209 503 subjicere
1242 435 1495 489 videatur
1526 438 1728 503 Quinti]

244 533 405 575 anus,
443 532 614 580 quum
644 513 812 562 dicat:
851 510 897 576 5,
925 529 1000 576 10,
1023 530 1087 580 90
1117 534 1181 564 ac
1200 514 1330 565 mihi
1352 517 1553 582 quidem
1579 521 1728 583 sufj

243 603 423 646 aeret
449 594 542 643 hoc
563 603 748 658 genae,
786 595 874 642 sed
900 595 956 642 in
988 596 1174 661 species
1202 606 1431 659 secatur,
1469 612 1637 664 atque
1659 613 1706 662 9,

241 675 305 725 85
342 676 477 742 quod
507 691 598 739 ego
627 675 850 722 maxime
881 692 1206 741 sequerer,
1241 683 1353 742 quc
1385 680 1509 726 loco
1531 676 1728 743 Spaldii

238 756 354 824 gius
386 755 442 802 in
472 756 620 802 Nota
651 752 836 801 critica
864 755 1092 816 fatetur,
1140 772 1195 803 se
1226 773 1343 804 non
1376 746 1582 818 videre,
1620 773 1728 822 que

239 839 418 883 locum
458 833 658 880 habeat
701 833 1095 898 Imperfectum.
1178 838 1305 890 NQn
1344 849 1528 884 tamen
1559 852 1728 884 serva]

240 918 369 962 dum
390 928 583 960 censeo
604 914 709 958 hoc
738 910 880 959 idem
902 913 1145 979 Tempus
1169 934 1222 976 7,
1251 933 1268 962 1
1287 952 1300 976 ‚
1323 912 1387 964 50
1421 916 1543 964 Iam
1562 914 1728 963 multu

239 994 350 1042 acti
383 1000 480 1041 est:
525 999 750 1057 posset
786 992 970 1057 aliquis
1010 1010 1109 1041 non
1148 995 1364 1062 affuisse
1392 1003 1442 1044 et
1475 993 1618 1042 heres
1661 1009 1728 1042 esa

237 1073 335 1121 nisi
355 1088 490 1121 vero
506 1084 561 1119 et
590 1071 986 1120 Grammaticae
1006 1086 1059 1120 et
1079 1073 1258 1122 sensui
1282 1072 1390 1123 vim
1411 1072 1609 1121 inferre
1629 1073 1728 1122 vol1

234 1170 378 1213 mus3
425 1153 516 1199 sed
548 1152 716 1216 plane
750 1149 948 1197 sufficit
979 1150 1238 1200 Obrechti
1263 1141 1477 1218 possit
1503 1168 1600 1213 „es
1630 1156 1728 1200 was

235 1230 494 1299 m6glich‚
544 1232 661 1276 dass
699 1228 919 1294 jemand
953 1232 1234 1286 k6nnte‚“
1282 1235 1437 1296 quod
1465 1227 1728 1279 Ambrosia

235 1328 366 1359 num
390 1311 428 1358 Ι.
452 1325 703 1374 quoque,
741 1307 837 1374 qui
859 1322 1097 1368 tacetur,
1127 1313 1284 1371 dare,
1318 1327 1388 1359 ex
1414 1308 1626 1359 silentio
1652 1308 1728 1356 Co

233 1389 501 1437 lationum
530 1402 890 1455 argumentor.

370 1467 749 1515 Perfectum
793 1466 1240 1531 Conjunctivi
1281 1466 1562 1533 proprium
1600 1483 1728 1532 quei

233 1550 357 1595 dam
378 1548 560 1593 locum
582 1546 747 1593 habet
776 1545 834 1592 in
854 1544 1157 1611 praeceptis
1177 1536 1534 1611 proferendis,
1551 1550 1700 1606 iuti,

234 1645 259 1688 7
287 1627 348 1674 de
365 1625 545 1689 pueris
571 1654 640 1661 —
664 1625 822 1685 idem,
856 1625 990 1690 quod
1005 1625 1066 1672 de
1085 1624 1373 1673 nutricibus
1402 1625 1471 1673 di
1476 1642 1504 1672 ο
1514 1633 1644 1674 tum
1670 1623 1728 1672 si

230 1704 288 1767 6,
320 1704 376 1764 5,
406 1706 470 1750 26
509 1704 654 1751 Idem
683 1713 857 1752 autem
888 1704 950 1752 de
976 1703 1123 1753 vultu
1151 1713 1398 1770 gestuque
1425 1703 1648 1753 ridiculo
1687 1703 1728 1751 d

231 1792 398 1846 ctum
428 1783 525 1831 sit.
560 1784 623 1832 cf.
660 1801 703 1844 7,
733 1801 773 1843 1,
797 1798 855 1846 93
892 1783 1087 1831 deinde
1123 1799 1164 1843 ι,
1192 1800 1233 1842 1,
1259 1798 1319 1847 19
1348 1784 1494 1833 Idem
1523 1781 1679 1833 eiiam
1710 1798 1728 1830 ι

230 1862 547 1928 sequentibus
566 1863 715 1909 annis
733 1879 963 1926 praece
970 1879 1008 1926 p
1020 1870 1149 1910 tum
1169 1862 1270 1910 sit.
1306 1877 1353 1924 9,
1377 1878 1424 1922 2,
1441 1860 1509 1926 95
1531 1871 1596 1913 ‘ut
1607 1869 1728 1927 prot

227 1960 326 1990 nus
355 1941 511 1989 etiam
538 1950 959 2005 praeceptum
990 1941 1101 2002 sit,
1134 1941 1388 2006 ejusmodi
1395 1942 1598 2003 figuris
1626 1949 1728 1990 utet

228 2022 352 2070 dum
379 2029 565 2069 temere
600 2037 700 2067 nou
728 2037 831 2068 esse
866 2023 947 2081 (v.
970 2020 1144 2085 Not).
1194 2035 1251 2083 9,
1281 2019 1339 2080 5,
1372 2015 1436 2067 56
1470 2020 1571 2069 Sit
1601 2028 1728 2069 tame

227 2111 289 2149 tr
299 2101 486 2150 adita
520 2107 570 2147 et
602 2100 792 2148 Latina
819 2099 1111 2162 (gradatio)
1142 2117 1194 2148 v.
1214 2101 1339 2147 Not.

674 2251 713 2289 3.
777 2245 865 2288 DE
902 2244 1317 2288 INFINITIVO.

358 2336 599 2384 Laxiora
637 2335 748 2384 fieri
789 2336 1014 2386 vincula
1049 2333 1302 2383 sermonis
1333 2333 1522 2381 Latini
1553 2317 1728 2397 Graec

220 2408 588 2462 invalescente
620 2414 840 2463 licentia
866 2414 953 2462 hic
979 2411 1228 2478 imprimis
1249 2414 1444 2460 Modus
1477 2415 1663 2473 docet,
1697 2413 1726 2465 li

219 2491 394 2539 berius
434 2492 576 2540 enim
610 2493 771 2542 etiam
814 2495 964 2558 apud
1001 2493 1047 2539 F
1050 2491 1610 2539 abiumconstruitur
1635 2503 1728 2558 ου’,

218 2569 406 2621 Verbis
428 2585 481 2618 et
503 2571 848 2632 Nominibus,
880 2570 971 2619 ubi
1003 2586 1174 2637 grave
1202 2583 1256 2617 et
1282 2584 1488 2618 castum
1515 2569 1722 2641 snperiq

215 2665 335 2696 rum
371 2648 693 2715 scriptorum
721 2667 890 2716 genus
913 2648 1126 2696 dicendi
1158 2648 1418 2715 legitimas
1444 2659 1719 2718 structura

214 2743 309 2775 sua
337 2745 612 2794 quamque
637 2727 872 2788 ratione,
909 2726 1246 2774 adhibuisset.
1316 2725 1581 2775 Permittit
1613 2725 1712 2791 en's

212 2804 305 2853 sibi
343 2821 529 2855 noster
565 2824 682 2854 non
705 2808 885 2868 ‚solum
916 2808 1077 2853 haec:
1118 2807 1201 2853 Pr.
1230 2805 1260 2851 5
1301 2802 1637 2854 demittere
