1728 3002
497 124 763 204 Congu-essu·
789 165 848 175 --
875 141 1129 200 Coniunctio
1503 146 1585 189 ¹59

54 258 334 314 congraum.
379 263 410 309 1)
432 263 589 308 propriu
614 260 674 297 hic
697 258 838 306 (orator)
864 260 953 295 deo·
979 259 1078 305 ipsos
1098 259 1138 294 in
1160 262 1458 307 congre-num
1481 273 1587 299 tuum

100 320 437 356 sermonemque
457 310 608 344 deducet
625 310 681 350 12,
698 308 822 350 10,62.
851 318 932 342 cum
954 317 994 341 se
1019 317 1040 340 a
1064 316 1271 352 congressu,
1299 307 1358 352 qui
1375 318 1448 342 non
1470 309 1587 345 homi-

101 360 215 397 nibus
229 359 364 400 solum,
389 356 452 390 sed
474 354 581 389 mutin
594 364 738 399 quoque
756 352 964 387 animalibus
981 353 1152 387 naturalis
1176 359 1250 395 est,
1277 354 1471 401 segregarit
1495 359 1528 399 1,
1552 359 1588 399 2,

100 408 161 443 20.
212 404 266 448 11)
290 406 407 437 transl.
422 416 432 436 e
457 401 592 446 primns
614 411 742 435 causae
764 410 889 446 congr.
912 401 949 443 3,
970 399 1017 442 6,
1038 398 1073 434 4.
1100 399 1283 437 duriorum
1305 400 1588 446 (consonantium)

100 451 196 488 inter
217 461 258 485 ne
281 459 406 496 congr.
431 450 488 490 11,
511 449 547 490 3,
570 446 627 482 35.

57 498 272 553 Gongruo.
307 517 388 540 cnm
410 510 447 539 et
466 501 546 548 ipsa
567 501 773 538 naturaliter
797 506 992 548 congruant
1016 500 1242 545 (argumenta)
1266 505 1302 546 5,
1328 506 1385 548 ιο,
1406 504 1465 540 74,
1494 511 1587 540 tem-

97 564 194 600 pora
218 563 295 587 non
317 556 519 598 congruunt
540 550 584 593 5,
602 549 651 592 -5‚
674 552 709 584 2.
745 553 984 596 congruentes
1006 549 1104 595 leges
1128 550 1167 590 5,
1195 550 1256 590 10,
1285 551 1362 584 107.
1394 562 1455 585 res
1481 559 1587 596 prout

104 602 373 646 congruunt
406 602 466 630 aut
497 600 759 642 repugnant
782 597 826 638 7,
849 598 894 636 2,
918 595 963 629 57
986 596 1033 629 N.
1070 600 1109 628 ut
1135 595 1346 639 jungantur,
1384 609 1472 641 quo
1498 609 1588 633 con-

104 650 236 694 gruunt
251 643 406 678 maxime
428 643 564 685 (verba)
576 657 588 685 ,·
614 651 690 675 non
708 639 804 674 omni
824 651 965 683 causae,
987 651 1104 685 neque
1123 641 1276 675 auditori
1298 650 1359 676 etc.
1387 654 1587 692 congruere

104 690 279 729 orationis
299 700 411 723 unum
434 698 546 742 genus
570 690 628 730 11,
654 689 687 729 1,
711 686 745 720 4.
773 692 814 719 ut
836 686 894 729 id,
921 687 1018 730 quod
1042 687 1240 733 fingemus,
1268 693 1304 722 et
1326 699 1525 734 personae,
1550 698 1587 726 et

100 738 206 780 loco,
239 742 277 772 et
300 741 454 780 temporl
477 738 650 781 congruat
675 732 719 776 4,
744 735 788 775 2,
811 733 868 768 89.
901 744 935 766 υ.
962 731 1218 767 Cohaereo.
1260 734 1376 769 media
1401 737 1525 780 primis
1551 744 1589 772 et

24 800 33 802 κ
101 782 230 818 mediis
249 780 374 816 ultima
402 780 534 825 (verba)
559 785 759 827 congruunt
779 779 822 819 9,
849 780 891 820 3,
914 776 984 820 403
1022 779 1120 823 quod
1142 789 1240 813 cum
1265 779 1327 824 iis,
1356 794 1442 826 quaa
1467 790 1588 830 agunt,

100 828 259 874 panibus
282 832 454 874 congruat
476 828 518 860 11
533 851 546 870 ,
572 828 617 870 3,
643 824 702 862 74.
746 824 878 859 inter
906 835 946 859 se
973 830 1174 871 congruunt
1199 834 1389 872 praecepta
1414 834 1451 864 et
1473 840 1589 875 expe-

102 875 255 910 rimfflita
278 876 335 917 12,
360 874 397 915 6,
421 875 457 908 7.

0 949 7 980 ;
58 919 254 964 coniicit.
287 931 323 972 1,
345 928 382 972 4,
407 931 464 963 11.

58 977 224 1021 conire
245 997 321 1021 non
346 985 446 1020 coire
471 986 505 1027 1,
528 984 566 1027 6,
594 987 651 1020 17.

60 1033 281 1093 [Conisoo.
319 1049 425 1088 caput
447 1041 619 1088 opponis,
646 1052 727 1076 cum
750 1050 796 1076 eo
819 1038 1004 1075 coniscans
1027 1038 1091 1085 (ἡ.
1112 1042 1156 1075 «ιε
1177 1041 1263 1085 conj.
1285 1044 1450 1088 Βααῐῑ,
1480 1047 1587 1081 aaa.

105 1090 315 1134 conifican's3
346 1091 399 1124 ed.
425 1091 532 1124 Basa·
539 1092 561 1122 1.
587 1091 660 1121 sola
682 1086 902 1129 oomiscam)
928 1087 964 1130 8,
990 1087 1027 1130 3,
1053 1088 1098 1120 21
1123 1085 1189 1132 M]

58 1136 278 1192 conjecto·
311 1152 430 1194 utrum
453 1146 498 1180 sit
522 1145 560 1179 in
580 1155 622 1179 m
647 1145 823 1188 conjectat
844 1147 881 1187 7,
907 1146 943 1187 3,
969 1144 1005 1180 5.

56 1193 350 1294 anjgftozres}
377 1202 616 1284 5εοι,ιῚ]ιιιίἑ>(ιί-ιιιιι
639 1207 711 1247 atq.
735 1201 894 1237 ominum
923 1201 1136 1247 interpretes
1163 1204 1385 1249 conjectores
1410 1211 1591 1244 vocantur

126 1276 139 1294 ‚
270 1274 279 1281 .
308 1263 327 1283 c
343 1273 355 1284 .
409 1275 421 1292 ,
468 1274 480 1293 ,
553 1273 561 1280 ·

57 1307 329 1363 conjectura.
375 1319 433 1351 De
457 1317 662 1361 conjectura
684 1319 725 1360 7,
754 1315 841 1360 Cap.
864 1318 899 1349 2.
943 1331 986 1341 -
1011 1315 1104 1351 dicta
1129 1323 1184 1352 est
1213 1329 1234 1352 a
1266 1318 1517 1364 conjectu,
1549 1319 1590 1356 id

104 1370 160 1400 est
184 1363 380 1399 directione
407 1363 512 1408 quad.
539 1362 686 1396 rationis
713 1363 757 1396 ad
778 1363 967 1397 veritatem
990 1363 1030 1405 3,
1056 1364 1098 1405 6,
1122 1366 1178 1399 30.
1212 1363 1352 1408 (status)
1380 1367 1422 1400 ib.
1447 1368 1503 1400 50.
1520 1367 1588 1403 51.

104 1413 151 1446 53
185 1400 242 1445 56.
262 1411 318 1444 66.
340 1412 397 1444 73.
420 1410 475 1444 82.
498 1409 554 1444 86.
577 1410 634 1444 88.
668 1409 710 1451 5,
736 1410 799 1451 10,
822 1409 878 1442 38.
902 1406 961 1441 44.
987 1410 1044 1442 52.
1077 1413 1112 1451 7,
1138 1413 1178 1452 1,
1203 1413 1236 1444 7.
1274 1428 1317 1434 -
1340 1411 1402 1444 ina
1427 1423 1483 1455 ap.
1509 1412 1587 1449 eie.

103 1456 161 1502 (ιίι
184 1468 233 1490 οι.
261 1469 296 1499 p.
320 1454 426 1498 ΜΠ.)
455 1457 497 1496 5,
525 1456 589 1496 10,
614 1456 680 1496 50;
721 1454 816 1497 conj.
844 1454 959 1487 omnis
990 1460 1050 1487 aut
1077 1456 1121 1489 de
1148 1466 1188 1490 re
1216 1461 1276 1489 aut
1305 1457 1350 1490 de
1377 1457 1495 1492 animo
1520 1465 1589 1503 est,

162 1501 171 1509 ⁵
265 1510 286 1536 e
307 1501 376 1534 tria
396 1506 558 1544 tempora
578 1503 614 1542 7,
636 1503 672 1543 2,
697 1502 729 1534 1.
765 1496 974 1543 συπιλικὴν
998 1503 1013 1539 (
1023 1500 1330 1546 στάσιν),’([ῐια
1349 1504 1590 1545 conjecturam

104 1546 295 1597 significari
316 1549 362 1590 3,
388 1547 435 1587 6,
464 1546 523 1581 47.
564 1546 659 1589 conj.
688 1552 743 1580 est
769 1545 959 1589 aliquando
987 1545 1024 1579 in
1049 1546 1229 1592 plerisque
1254 1549 1384 1582 horum
1419 1548 1590 1592 (statuum

105 1593 288 1642 qualitatis)
309 1596 346 1636 7,
368 1591 404 1633 4,
429 1592 486 1627 25.
511 1591 557 1633 cf.
581 1594 616 1634 3,
642 1593 676 1630 8.
702 1595 766 1633 173
802 1590 841 1624 in
865 1591 990 1635 quibus
1019 1593 1224 1635 conjectura
1254 1594 1589 1635 artificialiratione

12 1637 17 1644 ¹
59 1671 66 1676 ,
104 1639 283 1686 colligitur
303 1639 340 1682 6,
362 1638 398 1678 4,
421 1637 456 1672 4.
492 1637 719 1671 confirmatur
742 1637 836 1678 conj.
863 1648 911 1670 ex
933 1638 1067 1681 majore
1091 1641 1134 1681 5,
1159 1641 1216 1682 10,
1240 1640 1298 1674 87.
1333 1641 1473 1675 ducitur
1496 1644 1591 1687 conj.

100 1686 254 1733 primum
282 1695 303 1718 a
328 1683 527 1729 praeteritis
549 1687 587 1726 7,
611 1686 655 1725 2,
680 1687 737 1718 27.
769 1684 876 1717 rebus
899 1689 1000 1716 extra
1022 1684 1168 1727 positis,
1198 1685 1326 1730 quibus
1350 1687 1444 1730 conj.
1471 1690 1591 1733 expli-

105 1737 206 1767 catur
224 1733 259 1773 3,
282 1731 319 1774 6,
346 1730 403 1764 35.
439 1729 532 1772 conj.
560 1729 783 1763 extrinsecus
808 1729 975 1762 adductas
997 1729 1207 1774 frequenter
1228 1732 1458 1775 probationes
1480 1735 1591 1771 habet

104 1779 142 1819 7,
163 1775 206 1819 4,
229 1775 297 1818 24;
334 1775 441 1810 animi
463 1776 669 1817 conjectura
691 1785 765 1809 non
791 1774 897 1808 dubie
922 1773 959 1807 in
983 1775 1101 1809 omnia
1126 1782 1287 1820 tempora
1311 1778 1403 1812 cadit
1427 1783 1461 1822 7,
1486 1783 1527 1824 2,
1551 1782 1589 1816 6.

104 1822 164 1857 45.
195 1822 346 1865 conject.
370 1821 497 1855 mentis
519 1824 560 1863 7,
583 1823 628 1864 3,
652 1821 698 1855 25
723 1822 771 1854 Ν.
806 1841 854 1846 -
878 1821 1073 1855 voluntatis
1099 1825 1166 1866 12,
1190 1826 1233 1866 2,
1259 1824 1324 1865 193
1359 1826 1590 1868 conjecturae

105 1870 339 1903 instrumenta
360 1869 404 1908 3,
428 1867 474 1910 6,
498 1866 564 1908 25;
600 1867 695 1910 conj.
721 1866 852 1910 duplici
876 1872 981 1910 atque
1006 1866 1148 1901 diversa
1174 1871 1210 1911 7,
1232 1871 1275 1911 2,
1299 1873 1365 1912 27;
1405 1870 1466 1905 illa
1495 1871 1590 1916 (ἔμ-

106 1911 268 1959 φασις)
294 1923 342 1945 ex
364 1912 498 1954 verbo,
524 1913 596 1945 hoc
619 1923 666 1945 ex
692 1923 732 1946 re
760 1912 1001 1955 conjecturam
1024 1913 1111 1947 facit
1137 1915 1180 1957 8,
1202 1913 1240 1957 4,
1263 1915 1320 1950 26.
1351 1927 1431 1949 cum
1456 1917 1588 1961 adjicit,

107 1959 186 1995 sed
213 1967 303 1991 non
326 1953 372 1991 Te
384 1957 443 1998 ci,
471 1958 709 1999 conjecturam
735 1963 858 1992 movet
882 1959 922 1999 3,
946 1959 989 1998 6,
1015 1961 1060 1992 10
1083 1960 1155 2003 Ν.;
1187 1966 1358 2004 quantum
1386 1962 1494 1996 animi
1518 1964 1616 1999 mei-

106 2005 311 2047 conjectura
336 2002 506 2048 colligere
527 2012 672 2045 possum
695 2006 737 2044 1,
762 2006 803 2043 2,
825 2005 882 2037 25.
912 2002 956 2043 cs.
982 2007 1016 2045 7,
1040 2003 1083 2048 4,
1110 2008 1143 2038 1.
1180 2005 1269 2038 illud
1293 2008 1589 2054 conjectura,

38 2061 42 2068 “
107 2054 180 2087 hoc
204 2048 430 2082 finitione
456 2048 697 2091 quaerendum
722 2050 768 2089 3,
792 2049 839 2090 6,
864 2048 896 2082 5.
929 2047 974 2089 cf.
1002 2052 1068 2092 12,
1092 2053 1135 2091 2,
1163 2052 1206 2085 15
1229 2052 1275 2084 Ν.
1308 2064 1341 2084 υ.
1366 2054 1460 2087 Jus.
1501 2064 1593 2089 con-

105 2099 243 2143 jectura
266 2093 513 2132 excutiuntur,
551 2103 597 2125 an
620 2103 707 2126 vera
731 2092 800 2125 sint
823 2095 866 2134 5,
899 2095 962 2133 13,
997 2095 1052 2128 19.
1097 2095 1208 2128 utinu-
1237 2097 1441 2139 conjectura
1465 2100 1592 2147 magis,

106 2143 169 2189 qui
195 2142 266 2187 agit
291 2143 330 2183 3,
362 2140 407 2182 6,
442 2138 506 2179 15;
552 2137 590 2171 in
621 2138 862 2179 conjecturam
895 2148 1037 2181 quoque
1070 2140 1244 2182 quantitas
1272 2143 1365 2175 cadit
1389 2147 1433 2186 7,
1460 2143 1504 2188 4,
1530 2148 1592 2182 43.

107 2189 288 2234 quaeritur
310 2196 389 2230 per
416 2185 654 2227 conjecturam
678 2186 714 2224 7,
737 2186 781 2224 2,
805 2183 839 2218 6.
874 2182 910 2216 in
938 2185 1143 2225 conjectura
1165 2192 1219 2219 est
1246 2188 1406 2230 quaestio
1430 2200 1478 2224 ex
1504 2191 1593 2228 illo:

106 2238 142 2278 3,
167 2236 223 2276 11,
250 2236 303 2266 11.
331 2233 421 2265 haec
445 2229 544 2263 utin
567 2228 797 2273 qualitate
820 2227 954 2262 crimen
979 2230 1146 2274 elevant,
1175 2231 1225 2265 ita
1249 2232 1286 2265 iu
1314 2235 1594 2278 conjectura

105 2284 271 2325 premunt
293 2280 335 2319 7,
361 2280 408 2357 Ξό
428 2275 485 2310 40.
520 2275 710 2308 intuendae
733 2279 837 2317 sunt,
868 2273 1060 2318 praecipue
1086 2275 1125 2309 in
1151 2278 1384 2324 conjecturis,
1417 2287 1453 2315 et
1476 2283 1593 2319 famil-

106 2331 197 2359 tates
219 2326 255 2366 5,
278 2324 335 2362 10,
409 2346 419 2356 -

0 2396 22 2413 ,κ
63 2365 386 2424 conjecturalis·
426 2378 685 2421 conjecturales
708 2387 836 2410 causae
858 2379 904 2418 2,
931 2375 977 2418 4,
1001 2377 1059 2412 26.
1090 2375 1131 2420 4,
1156 2382 1198 2421 2,
1221 2381 1279 2416 80,
1311 2393 1421 2418 mmm
1442 2386 1591 2421 omnino

0 2446 2 2450 ν
107 2431 236 2462 statum
260 2434 339 2458 esse
361 2424 511 2466 conject.
533 2424 642 2476 3’.(.5‘
672 2424 734 2464 293
776 2423 877 2456 Haec
903 2423 1155 2466 conjecturali-a
1179 2428 1223 2470 7,
1249 2430 1291 2471 1,
1318 2429 1374 2464 53.
1405 2429 1444 2464 in
1468 2433 1593 2477 conje.

107 2471 299 2508 cturalibus
322 2469 416 2503 nuda
442 2475 639 2512 propositio
665 2467 702 2511 4,
728 2467 764 2510 4,
787 2469 824 2502 8.
1426 2490 1430 2494 .

0 2523 17 2571 ξ
53 2517 307 2572 Coujectus.
341 2543 388 2550 —
411 2526 596 2559 oculorum
614 2526 654 2565 9.
678 2527 720 2568 3,
745 2526 824 2558 101.
854 2537 886 2557 v.
912 2523 1223 2569 Coniectura.

0 2568 12 2580 θ
62 2573 274 2630 conjugo.
326 2582 394 2635 ῌὶι
416 2581 505 2616 illud
530 2581 685 2625 adjicere
710 2581 901 2615 ridiculum
928 2587 1108 2626 putarem,
1148 2583 1218 2618 nisi
1246 2585 1324 2621 Cic.
1348 2599 1393 2623 eo
1418 2595 1592 2636 uteretur,

102 2632 207 2719 Jnod
238 2634 541 2675 conjugatum
571 2633 728 2662 vocant:
770 2633 847 2679 ³¹²³,
868 2629 956 2669 Eos,
991 2631 1047 2673 qui
1073 2642 1141 2662 rem
1162 2631 1288 2674 justam
1309 2633 1467 2680 faciam,
1499 2638 1592 2681 jum

125 2689 241 2718 acere,
268 2676 365 2730 quod
388 2679 484 2708 certe
507 2683 583 2723 non
608 2678 690 2720 eget
710 2673 922 2718 probatione
945 2673 979 2716 5,
1005 2676 1062 2717 10,
1088 2676 1147 2710 85.

63 2720 332 2776 Goujunctw·
396 2731 437 2775 1)
471 2729 647 2766 inoffensa
675 2735 781 2775 atque
811 2728 1007 2765 indubitata
1030 2730 1211 2768 literarum
1241 2733 1336 2771 inter
1362 2747 1404 2773 se
1434 2739 1531 2785 conj.
1555 2742 1591 2784 1,
