1728 3002
564 144 812 189 Nundiuum
846 151 899 176 -'-
932 142 1115 201 Nuptiae
1529 146 1609 184 583

115 267 491 310 nuno-computamus
514 271 647 304 annon,
678 270 754 295 non
777 259 903 304 quibus
936 258 1157 302 studuimus,
1192 259 1254 292 sed
1284 258 1413 302 quibus
1446 257 1605 292 viximus

109 313 178 356 12,
202 313 260 356 11,
271 313 326 347 19.
351 309 397 351 cs·
419 309 456 352 6,
479 310 518 351 3,·
543 307 600 343 16.
622 307 659 350 6,
683 307 719 351 5,
742 307 799 342 58.
823 309 880 349 11,
905 308 940 349 3,
965 308 1042 340 102.
1072 306 1117 340 N.
1142 306 1230 348 (Sp.
1255 303 1356 346 tunc)
1379 304 1488 351 igitur
1509 303 1605 348 opti-

119 369 216 394 mum
242 357 311 391 fuit
334 355 526 390 infaustum
552 364 642 398 opus
673 370 719 378 -
750 352 900 386 flammis
932 351 1081 394 injicere
1102 351 1138 394 6,
1169 351 1228 384 Pr.
1262 352 1285 385 3
1317 354 1361 385 Z.
1409 350 1470 394 qui
1492 349 1605 384 olim

118 402 382 442 nominabitur,
411 410 531 435 nunc
552 397 759 446 intelligitur
785 401 841 441 10,
865 402 900 442 1,
926 396 1004 432 104.
1050 402 1090 431 ut
1116 407 1242 431 nunc
1271 397 1443 431 demum
1467 401 1605 430 crescat

118 450 211 484 nihil
233 451 289 492 10,
314 451 349 491 2,
373 448 406 482 8.
453 456 572 480 nunc
601 455 787 490 quoque
817 444 1002 479 invenient
1032 445 1067 487 6,
1090 445 1125 486 3,
1150 445 1185 478 5.
1232 442 1443 477 dicebantur
1465 442 1604 476 etiam

119 507 241 530 nunc
266 505 345 529 esse
371 495 428 536 11,
454 495 489 534 2,
513 493 571 526 51.
617 492 671 524 lta
691 501 729 526 n.
750 491 1031 538 indignationem
1057 490 1202 534 adjuvat
1226 492 1280 531 12,
1307 491 1363 532 10,
1386 489 1444 523 26.
1476 489 1604 522 Nunc

117 552 240 577 vero
263 539 340 574 scio
361 538 400 573 id
420 537 499 572 fieri
521 547 579 582 ap.
603 537 760 572 Graecos
787 550 862 582 opp.
886 535 1089 581 jam‘tum
1114 538 1150 579 2,
1175 536 1209 578 5,
1232 538 1266 569 2.
1302 537 1336 570 3.
1378 545 1448 579 quo
1481 545 1605 568 nunc

119 587 319 622 maxime
339 585 523 620 laboratur
547 585 604 625 11,
627 585 663 626 3,
689 583 747 618 57.
770 595 804 617 v.
836 582 1045 621 Maxime.
1089 592 1197 626 quem
1219 592 1339 615 nunc
1363 580 1604 615 consummari

119 631 420 678 potissimum
442 634 618 674 oporteat,
641 639 739 663 cum
764 634 863 663 tanto
885 630 987 673 plura
1010 629 1174 672 exempla
1195 627 1289 661 bene
1311 626 1454 661 dicendi
1478 637 1605 670 super-

119 679 191 714 s'mt
215 681 272 722 10,
296 681 332 721 2,
356 677 412 712 18.
457 676 508 718 ll)
533 678 566 708 in
585 676 735 708 ‹licendo-
764 675 802 719 α)
834 679 855 710 ἱ.
878 688 910 720 q.
940 676 1022 708 hoc
1054 678 1176 708 loco.-
1222 674 1295 708 Sed
1327 674 1372 708 de
1402 683 1474 718 quo
1508 684 1604 707 nunc

118 726 235 773 agitur
261 726 316 766 10,
341 724 376 767 5,
402 724 436 756 1.
480 731 598 766 neque
630 719 725 755 enim
745 733 781 756 ιι.
816 721 1053 756 declamamus
1087 722 1144 764 11,
1173 722 1208 762 1,
1230 721 1290 755 83.
1336 719 1390 762 si,
1435 720 1531 764 quod
1559 718 1603 752 in

117 770 270 806 initio
291 779 367 803 non
389 768 567 809 feceram,
599 777 724 801 nunc
746 778 871 802 omnes
892 767 932 801 in
956 766 1128 801 auxilium
1161 765 1248 800 deos
1280 765 1447 799 invocem
1486 765 1522 808 4,
1545 765 1602 799 Pr.

119 818 154 853 5.
200 818 243 862 β)
267 819 300 849 in
326 817 487 848 1ransi1u:
521 813 593 847 Sed
621 823 716 847 nunc
751 824 883 860 genera
916 813 994 857 ipsa
1024 812 1219 847 lectionum
1252 822 1450 855 persequor
1482 814 1538 852 10,
1571 813 1605 854 1,

117 863 178 903 45.
223 861 445 896 excutiamus
469 871 505 892 n.
529 863 815 903 argumentorum
837 861 940 894 locos
966 861 1002 902 5,
1026 861 1084 901 10,
1111 860 1167 892 20.
1200 855 1349 901 accipite
1372 868 1409 896 ιι.
1437 868 1528 901 quae
1550 856 1605 890 in-

120 913 318 954 sequuntur
342 906 379 949 4,
402 909 436 942 2.
461 906 518 940 50.
566 905 610 938 Ν.
637 915 728 949 quae
751 905 796 939 sit
822 904 987 939 narrandi
1010 905 1101 938 ratio
1125 904 1334 950 subjungam
1357 902 1392 945 4,
1416 905 1451 946 2,
1475 905 1532 938 30.
1559 903 1604 939 N.

117 957 163 990 ad
184 965 243 988 res
266 959 410 988 transeo
429 951 532 993 5,10‚
542 951 599 984 32.
620 950 666 991 cs.
694 952 728 991 8,
738 952 773 992 3,
787 954 820 984 1.
845 963 881 984 ιι.
906 952 950 984 de
973 950 1017 984 iis
1041 949 1233 983 dicendum
1256 955 1323 991 est,
1351 960 1441 994 quae
1461 956 1524 982 etc.
1545 951 1604 990 12,

120 1005 156 1045 1,
180 998 246 1043 143
278 999 323 1034 N.
348 998 394 1032 de
419 996 634 1044 argumentis
661 997 695 1039 5,
722 999 780 1039 10,
810 999 841 1032 1.
865 995 909 1038 cs:
934 998 969 1039 3,
990 995 1028 1039 9,
1053 999 1086 1030 1.
1108 998 1144 1039 7,
1164 997 1211 1038 “2,
1239 998 1279 1029 11
1312 996 1360 1028 Ν.
1409 995 1480 1028 Sed
1500 1005 1538 1028 ιι.
1563 995 1608 1027 ad

117 1044 325 1082 suasoriam.
349 1045 384 1084 3.
410 1044 447 1086 8,
472 1045 527 1076 10.
572 1043 617 1076 N.
645 1043 691 1075 ad
714 1042 878 1076 ordinem
901 1042 1083 1086 inceptum
1105 1042 1164 1085 (a.
1198 1045 1220 1075 1.
1254 1041 1324 1084 adj.
1356 1039 1607 1079 revertamur).

119 1095 155 1136 5,
180 1095 238 1135 12,
262 1092 321 1126 23.
367 1089 414 1123 Et
441 1087 596 1122 nominis
621 1087 763 1132 quidem
784 1089 874 1122 haec
898 1089 1022 1141 origo:
1062 1098 1159 1121 nunc
1192 1086 1301 1131 quid
1328 1086 1402 1121 sit.
1436 1087 1469 1128 3,
1504 1087 1549 1129 6,.
1569 1084 1605 1123 4.

118 1137 185 1180 111)
211 1140 235 1172 ί.
258 1150 291 1181 q.
312 1142 362 1169 ut
385 1147 430 1168 se
451 1147 517 1168 res
540 1136 682 1182 habet.
706 1133 895 1168 Credibilis
918 1140 987 1168 erit
1010 1133 1114 1168 etiam
1137 1133 1282 1177 propria
1320 1133 1447 1176 quaed.
1486 1131 1524 1166 in
1547 1131 1607 1165 illa

126 1184 315 1219 meretrice
336 1180 532 1224 turpitudo,
555 1191 661 1224 quam
682 1190 779 1214 nunc
801 1180 862 1214 hic
885 1186 987 1224 pater
1010 1180 1108 1214 ferre
1140 1189 1216 1213 non
1248 1178 1362 1222 possit
1394 1181 1449 1220 11,
1483 1181 1518 1219 1,
1547 1178 1606 1212 83.

117 1233 177 1275 Ν.,
201 1229 285 1274 quia
305 1226 447 1263 varium
470 1227 548 1260 fere
570 1226 793 1270 propositum
816 1226 997 1273 agentium
1020 1225 1090 1259 fuit
1110 1241 1158 1248 —
1187 1235 1262 1259 non
1285 1225 1439 1258 alienum
1463 1223 1609 1259 videtur

118 1280 176 1320 12,
198 1278 234 1319 9,
258 1273 315 1309 14.
352 1284 390 1306 ιι.
418 1271 555 1316 utique,
581 1282 662 1305 cum
697 1272 788 1306 alter
809 1271 1011 1315 semissem,
1045 1273 1136 1305 alter
1170 1270 1361 1314 universa,
1394 1271 1507 1304 fratre
1540 1281 1608 1304 ex-

117 1324 219 1357 cluso
258 1321 323 1365 (so.
359 1319 445 1353 sibi
481 1318 769 1360 vindicaret)
792 1321 829 1361 7,
854 1321 887 1360 1,
913 1319 971 1353 62.
1017 1317 1125 1351 Nisi
1151 1316 1340 1359 adjecisset
1363 1336 1412 1343 —
1440 1321 1535 1350 esset
1557 1317 1608 1349 al-

116 1368 276 1416 legoria.-
311 1375 349 1398 ιι.
380 1374 460 1398 eam
486 1362 629 1397 miscuit
649 1364 686 1406 8,
716 1366 752 1405 6,
775 1365 834 1402 38.
859 1363 904 1405 cs.
939 1367 973 1406 9,
1006 1363 1042 1405 4,
1065 1364 1131 1398 86-
1169 1364 1260 1396 Nam
1289 1363 1331 1396 si
1368 1372 1442 1396 uno
1475 1373 1607 1409 genere

117 1416 214 1449 bene
240 1411 445 1452 diceretur,
467 1409 524 1443 fas
547 1415 623 1443 erat
649 1409 848 1443 existimari
870 1411 1095 1453 praeclusam
1121 1408 1225 1443 nobis
1251 1419 1271 1442 a
1294 1407 1472 1453 prioribus
1497 1408 1606 1443 viam.

117 1462 165 1495 N.
187 1468 304 1495 vero
327 1454 605 1490 innumerabiles
629 1461 711 1488 sunt
733 1455 832 1490 modi
856 1458 912 1498 10,
937 1458 972 1499 5,
996 1459 1019 1491 7
1042 1459 1092 1490 Η.
1117 1454 1163 1496 cs.
1188 1457 1246 1497 12,
1273 1455 1309 1497 8,
1332 1455 1378 1497 63
1416 1453 1521 1499 [nam
1542 1454 1609 1487 bo-

115 1518 165 1541 na
185 1504 292 1540 facile
322 1506 502 1535 mutantur
526 1502 565 1534 in
587 1501 711 1545 pejus:
743 1513 861 1536 nunc
885 1503 942 1544 (Ζ.
967 1500 1065 1544 ιιιιιιι)
1090 1502 1275 1546 quando
1299 1500 1335 1534 in
1358 1501 1490 1534 bonum
1522 1511 1609 1535 ver-

118 1552 205 1588 teris
233 1548 349 1587 vitia?
376 1551 410 1590 1,
434 1550 467 1588 1,
491 1547 513 1583 5
536 1548 583 1580 N.
609 1560 655 1581 cr.
681 1554 712 1581 et
738 1547 790 1592 S.]
839 1549 898 1581 Da
928 1559 1023 1582 nunc
1053 1553 1094 1580 ut
1117 1546 1266 1581 crimine
1298 1546 1492 1580 ‘manifesto
1527 1557 1610 1590 pre-

51 1619 56 1626 .
116 1604 233 1639 matur
266 1597 341 1629 dux
370 1593 487 1627 bonus
521 1608 568 1617 —
594 1603 715 1627 nonne
740 1593 775 1628 ei
801 1594 1000 1628 communis
1023 1593 1156 1627 utilitas
1179 1598 1360 1627 oratorem
1393 1592 1607 1627 advocabit?

118 1647 178 1688 12,
212 1645 247 1682 1,
278 1639 338 1676 43.
384 1640 455 1681 IV)
486 1641 659 1682 repetitum
687 1641 712 1672 ἰ.
748 1652 781 1683 q.
805 1642 927 1673 modo
952 1656 999 1662 —-
1024 1641 1171 1672 modo:
1208 1644 1327 1672 nun'c
1353 1638 1428 1672 acie
1452 1638 1608 1681 directa,

117 1699 246 1724 nunc
285 1685 430 1727 cuneis,
472 1695 591 1718 nuuc
634 1683 801 1729 auxiliis,
845 1697 963 1719 nunc
995 1685 1137 1732 legione
1169 1684 1383 1731 pugnabitur
1413 1687 1449 1727 2,
1488 1685 1544 1726 13,
1573 1682 1609 1719 4.

93 1776 98 1780 ῃ
122 1740 164 1768 ut
185 1744 308 1768 nunc
331 1731 471 1777 singula
492 1730 735 1774 ostendamus,
757 1742 886 1765 nunc
914 1732 1193 1775 complectamur
1213 1730 1384 1766 universa
1406 1731 1443 1783 5,
1469 1731 1526 1774 13,
1550 1731 1607 1764 13.

74 1788 338 1833 Nundinum·
382 1809 459 1832 non
479 1797 574 1832 trino
598 1797 759 1833 nundino
782 1799 1005 1846 promulgata
1032 1796 1212 1842 (rogatio)
1235 1801 1270 1841 2,
1294 1797 1331 1841 4,
1360 1798 1418 1832 35.

0 1859 5 1901 ᾗ
74 1846 299 1901 Nuncupo·
341 1855 516 1899 quaedam
538 1860 575 1888 et
597 1855 801 1890 necessario
823 1855 968 1891 interim
990 1859 1192 1898 sumuntur,
1218 1866 1475 1899 nuncupare
1497 1851 1560 1897 (a.
1583 1857 1606 1888 l.

0 1912 33 1936 *h
121 1903 276 1942 enunc.)
300 1906 337 1934 et
353 1899 453 1942 sari
480 1901 515 1943 8,
541 1902 576 1943 3,
601 1903 645 1935 27
681 1902 728 1935 Ν.
757 1914 806 1935 cr.

19 2006 21 2008 ,
74 1959 318 2014 Nunquam·
347 1977 436 2018 vera
457 1965 601 2012 negotia
623 1978 852 2011 nunquam
879 1971 1031 2004 adhuc
1054 1968 1109 2014 (a.
1136 1974 1159 2003 1.
1185 1967 1265 2012 om.)
1288 1968 1486 2001 habuerunt
1514 1967 1608 2000 hanc

0 2019 13 2050 ί.
121 2014 254 2052 silentii
275 2017 524 2047 necessitatem
546 2013 583 2054 9,
605 2015 640 2054 2,
662 2012 709 2047 68
731 2014 781 2046 Ν.
809 2027 856 2048 cr.
890 2016 994 2059 probi
1014 2026 1132 2050 mores
1155 2025 1392 2058 nunquam
1416 2023 1504 2048 non
1526 2013 1609 2056 plu-

11 2067 13 2069 “
119 2063 249 2098 rimum
271 2057 474 2104 profuerint
498 2060 533 2099 7,
558 2059 594 2100 2,
617 2059 676 2092 23.
699 2070 734 2092 v.
764 2058 1056 2104 Aliquando.
1078 2062 1384 2103 Plerumque.

75 2117 252 2162 Nuntio.
286 2125 349 2170 qui
370 2130 522 2159 mortem
543 2123 683 2158 nuntiat
704 2126 860 2161 Patrocli
882 2130 939 2171 10,
965 2134 999 2171 1,
1023 2126 1089 2170 493
1114 2128 1210 2172 quod
1238 2126 1329 2161 dixit
1350 2127 1402 2161 M.
1425 2125 1609 2169 Vestinus,

4 2200 6 2203 v
122 2187 205 2210 cum
228 2173 263 2208 ei
285 2171 485 2206 mmtiaum
507 2175 625 2212 esset,
648 2169 852 2214 Aliquando
876 2173 1014 2208 desinet
1056 2179 1182 2218 putere
1218 2171 1307 2217 (per
1340 2173 1607 2217 euphemismum.

0 2205 11 2250 i
123 2221 251 2266 aliquid
273 2214 424 2259 tacetur)
453 2217 488 2259 6,
512 2218 548 2260 3,
575 2214 623 2251 64
644 2217 692 2250 Ν.
718 2224 751 2250 et
771 2221 818 2259 Z,
1332 2236 1335 2238 ·

75 2277 278 2322 Nuntius.
333 2284 501 2319 nuntio
533 2289 588 2319 est
618 2283 772 2326 excitus,
797 2286 894 2329 quod
931 2297 1013 2319 eum
1044 2286 1117 2320 duo
1150 2287 1301 2330 juvenes
1330 2303 1374 2309 —
1406 2275 1609 2320 desiderare

0 2334 24 2381 bs
121 2354 169 2361 —-
193 2331 418 2383 diceban}
430 2341 482 2364 ur
510 2333 567 2373 11,
590 2332 626 2373 2,
651 2332 708 2364 12.
732 2330 793 2375 qui
817 2332 902 2365 (licit
924 2337 1163 2378 expugnatam
1187 2343 1266 2366 esse
1291 2330 1483 2374 civitatem,
1509 2341 1607 2366 com-

33 2386 38 2390 “
121 2379 289 2424 plectitur
312 2386 452 2418 omma,
489 2386 723 2420 quaecunque
756 2377 837 2412 talis
865 2378 1011 2412 fortuna
1042 2378 1190 2422 recipit:
1222 2378 1286 2412 sed
1310 2377 1348 2411 in
1372 2378 1517 2412 affectus
1539 2376 1607 2412 mi-

2 2455 16 2464 ,
122 2436 192 2458 nus
213 2427 375 2467 penetrat
396 2421 518 2456 brevis
540 2421 600 2456 hic
622 2424 724 2458 velut
745 2423 900 2457 nuntius.
928 2424 965 2467 8,
987 2425 1022 2466 3,
1045 2424 1104 2460 67.

0 2486 21 2536 y
78 2468 266 2573 Νξῃιὲἰὶοἰᾶ
290 2478 440 2560 ἓιιεῧῐὸιι
461 2479 603 2522 Bassus,
626 2490 732 2523 quem
757 2490 794 2514 ιι.
817 2480 973 2517 vidimus
997 2483 1054 2525 10,
1079 2483 1114 2525 1,
1135 2480 1193 2517 96.
1240 2485 1342 2515 erant
1373 2480 1468 2514 clara
1501 2485 1537 2514 et
1569 2491 1606 2514 n.

6 2580 31 2639 ἶῖἶ
78 2582 276 2647 Nuptiae·
330 2603 378 2627 ne
400 2592 635 2636 exprobraret
656 2592 748 2636 patri
774 2593 915 2639 nuptias
950 2597 1006 2637 11,
1043 2598 1077 2637 1,
1098 2595 1158 2629 83.
1205 2604 1252 2627 an
1279 2593 1450 2639 quidquid
1479 2596 1612 2641 optarit

13 2658 25 2669 .
42 2668 57 2681 *⁷
80 2677 101 2687 Ὁ
125 2650 289 2683 accipere
312 2637 468 2673 debeat?
495 2655 539 2663 —-
565 2648 616 2673 au
638 2638 806 2682 nuptias?
838 2652 883 2674 an
904 2642 1068 2674 maritum
1091 2638 1278 2673 habentis?
1312 2643 1347 2684 7,
1372 2645 1406 2685 1,
1430 2641 1485 2675 24.
1533 2642 1609 2676 im-

26 2714 30 2716 ,
50 2719 54 2722 ,
125 2691 231 2730 perat
256 2685 291 2720 ei
311 2684 455 2728 nuptias
475 2683 665 2727 locupletis
691 2686 912 2731 propinquae
936 2688 979 2719 ib.
1006 2685 1051 2720 14
1085 2686 1136 2722 Ν.
1183 2696 1310 2719 causae
1341 2689 1507 2721 orbarum
1541 2699 1610 2721 nu-

19 2731 63 2773 ³5(
126 2730 218 2775 ptias
240 2729 472 2767 indicentium
498 2733 535 2774 7,
557 2728 592 2773 4,
618 2727 677 2766 24.
707 2730 738 2765 si
753 2733 863 2767 orbae
877 2732 1018 2776 nuptias
1041 2731 1200 2766 indicant
1221 2742 1323 2776 pares
1349 2735 1461 2780 gradu
1483 2734 1525 2769 ib.
1550 2735 1607 2769 39.
