1728 3002
572 173 589 192 Ι

602 234 730 278 Fides
770 260 826 267 —-
867 233 1026 291 Figura
1310 286 1314 290 ‚
1516 234 1600 274 339

114 353 176 390 vel
196 349 276 387 fieri
302 350 366 403 vel
393 347 532 386 detrahi
557 347 705 383 testibus
728 348 817 384 fides
842 349 877 392 5,
900 351 936 392 7,
961 350 996 384 8.
1018 347 1058 383 in
1091 346 1190 382 illam
1224 351 1360 392 partem
1392 351 1599 392 sequentem

114 399 204 439 fides,
226 409 274 432 ex
295 395 408 442 priori
441 396 591 432 ducatur
616 394 652 439 4,
676 395 711 438 5,
735 398 792 430 17.
821 393 948 440 quibus
974 405 1022 430 ex
1058 405 1123 429 sna
1160 393 1320 428 bonitate
1350 392 1460 428 faciet
1492 393 1599 427 fidem

113 445 150 488 6,
174 449 210 487 2,
239 444 297 478 18.
326 440 374 485 cs.
402 441 435 477 5.
462 442 497 484 8,
522 443 555 474 1.
576 451 625 476 ex
647 451 720 486 quo
746 441 862 475 dubiis
884 441 972 476 fides
995 440 1056 474 fiat
1083 441 1117 484 5,
1143 442 1201 484 10,
1226 442 1280 474 12.
1311 450 1385 474 non
1408 445 1463 474 est
1494 438 1599 473 habi-

117 497 216 524 turus
238 488 278 522 in
300 488 465 535 negando
491 486 601 521 fidem‘
620 485 656 530 4,
678 489 715 530 2,
736 488 795 524 93.
819 492 977 522 meretur
1001 486 1107 521 fidem
1135 487 1169 527 9,
1190 489 1227 530 2,
1263 487 1322 523 98.
1358 486 1464 525 fidem
1496 496 1599 519 suam

116 535 252 570 minuat
275 534 309 578 5,
333 537 368 576 7,
394 534 450 568 16.
477 533 584 567 fidem
605 533 835 577 perdiderunt
854 532 891 576 4,
916 536 951 577 2,
984 532 1043 569 94.
1072 532 1117 574 cfi
1146 533 1182 575 9,
1221 532 1259 575 4,
1291 535 1347 566 17.
1380 534 1415 575 5,
1447 533 1503 573 13,
1536 532 1596 566 28.

118 581 264 616 fidem
285 585 487 626 praestare,
516 589 591 626 non
614 579 719 614 etiam
742 579 1000 615 consilium
1022 584 1059 613 et
1094 583 1314 614 eventum
1343 580 1379 621 7,
1409 577 1446 621 4,
1475 577 1521 612 35
1552 581 1597 612 Ζ.

117 638 282 662 servasse
302 625 465 662 veritatis
487 625 594 659 fidem
617 627 653 669 3,
675 627 711 668 8,
734 627 791 660 51.
819 631 858 659 ut
881 625 916 660 ei
936 631 1009 659 tam
1036 636 1128 670 quae
1152 624 1341 670 cogitarit,
1375 635 1480 668 quam
1503 634 1597 668 qnae

116 671 299 717 scripserit
320 677 425 717 atque
449 670 646 714 edidicerit,
670 671 709 704 in
733 671 884 706 dicendo
898 672 1004 706 fidem
1017 676 1164 707 servent
1180 674 1236 715 10,
1259 670 1295 713 6,
1318 668 1353 705 4.
1377 682 1409 704 v.
1434 670 1594 706 Serve.

115 717 158 763 b)
180 719 329 753 multum
351 718 408 752 ad
433 718 539 751 fidem
562 717 714 761 adjuvat-
729 718 763 760 5,
789 719 846 761 14,
870 719 928 753 35.
954 717 1015 762 qui
1046 723 1212 752 veterum
1247 719 1414 761 poemata
1450 717 1513 752 vel
1542 716 1596 749 ad

114 764 260 798 fidem
287 775 473 798 causarum
494 764 556 797 vel
589 764 634 797 ad
664 769 990 798 ornamentum
1022 763 1248 808 eloquentiae
1278 767 1461 796 assumunt
1495 764 1530 804 1,
1561 762 1597 803 8,

117 812 172 845 10.
195 811 379 854 voluptate
407 810 460 843 ad
482 810 589 844 fidem
613 808 752 842 ducitur
777 808 815 852 4,
841 813 877 852 2,
901 811 968 845 119
994 811 1041 845 Ν.
1075 811 1122 844 ad
1164 819 1310 850 eorum,
1351 819 1442 852 quae
1476 807 1597 842 inten-

80 870 87 875 >
114 854 248 899 dimus',
281 856 388 891 fidem
415 856 448 898 5,
474 858 531 898 11,
557 854 614 889 43.
637 854 846 889 minus‘hoc
870 857 915 889 ad
937 857 1043 890 fidem
1070 856 1187 892 valeat
1211 859 1247 898 7,
1270 857 1305 896 2,
1329 855 1385 888 28.
1411 852 1598 898 [contra

113 902 221 936 fidem
254 900 317 944 (Z.
354 899 553 944 rationem)
593 900 767 945 loquendi
809 900 856 944 4,
893 903 940 944 2,
989 903 1055 936 118
1094 899 1171 945 Ν.]
1214 905 1460 947 argumentum
1494 910 1597 934 con-

114 952 188 980 tra
214 947 322 981 fidem
356 947 399 990 5,
432 949 497 989 13,
530 945 588 981 34.
631 948 723 980 haec
757 958 899 991 supra
926 948 1045 989 fidem,
1069 952 1107 980 et
1128 945 1271 991 poetica
1295 946 1452 980 themata
1473 948 1510 989 2,
1538 947 1595 988 10,

108 992 516 1072 §.bomnisgiypei-bole
538 993 662 1026 ultra
683 991 850 1036 fidem,
886 1003 961 1026 non
989 998 1110 1026 tamen
1137 994 1267 1027 ultra
1298 992 1482 1026 modum
1517 1001 1596 1026 esse

114 1039 159 1072 de
185 1043 222 1072 et
242 1039 280 1082 8,
330 1063 342 1081 ,
363 1040 421 1073 73.

69 1093 214 1144 Fides,
237 1103 344 1138 inin·
386 1109 551 1139 veterum
574 1114 719 1150 quoque
737 1104 980 1140 Romanorum
994 1104 1109 1150 epulis
1135 1104 1262 1139 fides
1289 1115 1332 1139 ac
1354 1103 1505 1139 tibias
1534 1105 1599 1138 ad-

112 1150 238 1185 hibere
252 1149 362 1184 moris
373 1150 455 1193 fuit,
479 1153 513 1193 1,
530 1153 586 1193 10,
609 1153 666 1185 20.
685 1152 794 1186 duces
809 1152 991 1186 maximos
1013 1157 1050 1186 et
1074 1150 1257 1185 fidibus
1281 1156 1318 1185 et
1340 1150 1478 1184 tibiis
1502 1150 1580 1185 ceci

114 1196 212 1231 nisse
233 1198 277 1234 ib.
302 1194 357 1230 14.
383 1196 510 1240 quibus
536 1207 699 1240 quaeque
722 1208 801 1232 vox
823 1198 951 1232 fidibus
979 1198 1160 1244 jungenda
1191 1196 1238 1230 sit
1265 1197 1300 1239 5,
1335 1199 1393 1240 10,
1425 1195 1506 1230 124.
1534 1207 1599 1230 cur

66 1246 75 1253 ’
113 1251 189 1276 11011
209 1240 308 1275 illam
328 1241 433 1276 vocis
462 1242 741 1277 modulationem
775 1243 966 1277 fidibus
999 1254 1041 1277 ac
1064 1241 1208 1277 tibiis⁴
1232 1243 1442 1287 adjuvemus
1475 1244 1532 1286 11,
1557 1245 1594 1286 3,

111 1287 169 1323 59.
193 1288 290 1332 quod
313 1286 352 1321 in
373 1287 501 1321 fidibus
523 1287 602 1321 fieri
629 1288 793 1323 videmus
815 1289 851 1332 9,
874 1292 910 1332 2,
933 1291 967 1324 5.

66 1331 227 1374 Fidius.
274 1353 349 1378 non
371 1343 460 1387 alio,
490 1344 629 1379 medius
650 1346 728 1390 fid„
752 1344 844 1382 vitio
869 1344 1062 1380 dicentium
1090 1345 1125 1389 5,
1153 1347 1210 1389 12,
1235 1347 1293 1382 17.

14 1428 19 1430 -
65 1399 188 1442 Γὶᾶό-
221 1421 292 1446 nec
319 1410 503 1457 quisquam
525 1417 663 1448 tantum
684 1413 769 1447 fidat
796 1412 964 1459 ingenio,
995 1417 1036 1446 ut
1056 1431 1103 1438 —
1125 1418 1247 1458 speret
1270 1414 1327 1455 10,
1351 1415 1387 1456 7,
1419 1413 1493 1453 18.Ν

66 1455 254 1498 Fiducia·
307 1466 346 1511 ι)
378 1482 440 1512 per
482 1472 629 1512 singulos
670 1473 799 1504 Casus:
847 1470 1034 1504 fiducia
1084 1475 1253 1514 appareat
1289 1474 1325 1503 et
1377 1474 1597 1503 constan-

111 1513 196 1556 tia,
228 1513 352 1559 utique
376 1514 407 1548 si
431 1515 711 1550 auctoritas
740 1516 862 1550 subest
877 1519 939 1559 11,
955 1518 989 1560 3,
1016 1516 1095 1551 155.
1119 1528 1153 1551 v.
1180 1515 1485 1550 Constantia.
1509 1514 1596 1550 fid.

110 1560 203 1593 solet
224 1559 394 1604 opinione
419 1561 725 1608 arrogantiae
751 1562 914 1596 laborare
937 1561 973 1604 4,
1005 1565 1040 1604 1,
1077 1560 1135 1596 34.
1170 1562 1231 1595 fid.
1261 1573 1301 1595 se
1335 1560 1414 1604 ipsa
1448 1561 1598 1595 nimium

111 1615 262 1639 exerere
283 1615 359 1639 non
382 1607 489 1640 dehet
514 1610 560 1647 ib.
597 1609 654 1642 55.
687 1607 777 1642 facit
812 1607 974 1642 discendi
1005 1607 1359 1654 negligentiam
1393 1608 1485 1641 haec
1518 1606 1598 1651 ipsa

111 1649 193 1685 fid.
219 1653 276 1694 10,
298 1653 334 1693 7,
357 1653 414 1686 32.
440 1653 667 1697 eloquentiae
690 1659 730 1687 ut
751 1653 923 1688 indecora
946 1653 1106 1698 jactati
1118 1664 1153 1696 o,
1178 1653 1228 1687 ita
1250 1664 1481 1697 nonunquam
1507 1663 1598 1687 con-

112 1696 274 1731 cedenda
294 1697 482 1732 fiducia
507 1702 564 1741 11,
592 1702 626 1742 1,
649 1699 707 1733 25.
731 1699 864 1743 optima
878 1705 933 1734 est
946 1699 1147 1733 emendatio
1171 1699 1494 1734 verecundiae
1515 1699 1596 1732 fid.

114 1743 171 1783 12,
196 1741 232 1793 5,
255 1739 292 1776 4.
317 1743 508 1778 Praevenit
531 1744 630 1779 vires
656 1745 718 1781 fid.
748 1748 805 1788 12,
839 1745 875 1788 6,
901 1748 947 1787 2;
989 1751 1155 1789 expertas
1190 1745 1287 1781 vires
1319 1756 1404 1779 suae
1437 1745 1598 1788 ipsorum

111 1786 264 1837 fiduciae
286 1788 495 1830 permittunt
515 1791 551 1833 2,
575 1790 611 1832 6,
634 1793 669 1824 7.
698 1790 730 1823 si
751 1790 881 1834 injure
895 1791 1014 1824 minus
1035 1791 1187 1825 fiduciae
1205 1791 1273 1825 erit
1296 1794 1332 1834 7,
1358 1794 1394 1834 1,
1421 1792 1479 1826 63.
1503 1791 1598 1824 fidu-

114 1841 205 1863 ciam
228 1841 314 1883 prae
342 1843 381 1866 se
400 1834 471 1867 fert
498 1835 533 1876 5,
560 1837 617 1878 13,
641 1836 698 1869 51.
722 1834 765 1880 β)
789 1849 819 1869 ο.
850 1838 982 1872 Geni1.:
1004 1857 1051 1863 —
1067 1836 1307 1871 confessionis
1322 1837 1479 1880 6,5,1o.
1504 1837 1599 1871 hanc

115 1882 357 1928 conscientiae
380 1889 465 1911 suae
486 1879 653 1913 fiduciam
676 1881 710 1922 5,
745 1881 790 1923 6,
818 1884 853 1915 2.
887 1887 1022 1915 tantam
1053 1883 1112 1916 fid.
1149 1882 1329 1916 facilitatis
1367 1885 1429 1923 10,
1460 1886 1503 1924 7,
1537 1885 1597 1916 20.

95 1930 307 1973 anemonae
329 1921 390 1955 fid.
415 1925 473 1974 12,
497 1924 532 1965 8,
559 1925 592 1958 8.
618 1924 855 1959 Antonius—
871 1938 946 1961 non
964 1927 1135 1961 orationis
1152 1928 1275 1961 habuit
1297 1928 1462 1962 fiduciam
1486 1931 1522 1970 2,
1540 1929 1597 1970 15,

114 1968 150 2000 7.
174 1965 339 2000 fiduciam
353 1972 463 2010 parus
487 1970 703 2020 suae-jactat
727 1969 883 2014 4‚1,19.
911 1985 947 2005 v.
970 1974 1299 2015 Verecundia3
1324 1976 1442 2007 Ablai.
1468 1973 1601 2006 fiducia

115 2021 245 2063 causae
267 2012 303 2054 9,
315 2015 350 2064 2,
368 2014 425 2064 51.
452 2032 499 2038 -
521 2025 609 2056 juris
631 2013 668 2056 4,
682 2018 808 2057 2,113.
827 2034 874 2042 —-
894 2017 1049 2059 justitiae
1074 2019 1151 2061 ejus
1179 2019 1354 2062 11‚1,75.
1381 2030 1428 2052 ne
1453 2018 1600 2052 minima

115 2057 260 2132 Zmdem
284 2058 433 2101 alicujus
457 2064 555 2092 certe
578 2059 705 2093 fiducia
728 2060 836 2103 partis
861 2064 916 2102 10,
937 2065 971 2106 1,
989 2062 1047 2096 41.
1073 2063 1204 2097 fiducia
1226 2063 1371 2097 testium
1392 2081 1438 2090 --
1458 2064 1600 2098 dicebat

142 2123 154 2140 ‚
173 2105 209 2145 2,
232 2104 295 2145 883
329 2114 386 2137 ex
418 2103 549 2137 fiducia
578 2104 695 2138 bonae
727 2105 856 2139 mentis
890 2109 947 2149 12,
977 2111 1014 2150 7,
1043 2110 1085 2150 33
1118 2121 1146 2142 c.
1185 2111 1268 2143 Gen.
1303 2110 1473 2143 Gerund..·
1505 2110 1600 2143 hanc

95 2176 98 2178 ,
116 2143 278 2181 fiduciam
301 2148 414 2182 fnisse
438 2150 701 2183 accusatoribus
723 2151 814 2184 falsa
840 2151 1035 2194 objiciendi
1062 2156 1099 2196 7,
1122 2156 1157 2196 2,
1181 2156 1239 2188 30.
1262 2154 1478 2198 praestandi,
1503 2155 1599 2199 quod

117 2190 347 2236 exigebatur,
371 2195 499 2229 fiducia
521 2196 580 2230 Pr.
606 2198 648 2238 33
681 2206 749 2230 nec
773 2196 862 2230 mihi
884 2197 1015 2232 fidncia
1037 2203 1111 2242 est,
1142 2204 1192 2233 ut
1222 2210 1266 2233 ea
1287 2201 1364 2234 sola
1394 2210 1474 2234 esse
1509 2210 1599 2235 con--

115 2236 261 2269 tendam
286 2237 321 2279 5,
350 2242 407 2281 12,
430 2243 463 2274 1.

71 2278 398 2372 Figgufiassmk*
412 2304 435 2326 a
455 2295 601 2331 nomine
624 2297 825 2332 derivatum
851 2297 903 2342 (α.
917 2302 940 2334 1.
962 2297 1146 2334 fibulatum
1173 2303 1220 2333 al.
1244 2298 1455 2347 figulaturit)
1478 2303 1595 2335 Asin.

141 2361 152 2378 ‚
199 2362 210 2379 ,
337 2359 348 2371 .

72 2381 109 2423 F
110 2382 246 2436 igura.
289 2391 325 2437 Ι)
347 2398 503 2439 proprie.-
530 2397 750 2446 illasiiguras
762 2398 920 2444 Epicuri,
945 2412 1033 2445 quas
1057 2412 1078 2436 e
1102 2399 1249 2435 summis
1272 2401 1486 2446 corporibus
1511 2402 1598 2437 dicit

118 2437 267 2471 effluere
290 2441 346 2481 10,
370 2443 405 2483 2,
432 2443 476 2476 15
502 2444 549 2477 Ν.
589 2444 640 2488 11)
663 2458 759 2478 sensu
782 2448 955 2480 rhetorico.
980 2446 1021 2490 α)
1044 2447 1236 2494 figurae,
1260 2459 1352 2491 quae
1375 2445 1597 2493 ρχήματα

121 2483 259 2536 §haece
282 2491 457 2540 vocantur
483 2489 518 2540 9,
544 2491 577 2531 1,
604 2492 637 2523 1.
660 2496 728 2525 nec
750 2492 890 2535 desunt,
919 2492 979 2536 qui
1003 2492 1152 2537 tropis
1174 2493 1443 2540 figurarum
1465 2504 1597 2528 nomen

118 2535 301 2581 imponant
324 2532 367 2564 ib.
390 2533 426 2566 2.
455 2542 551 2566 coire
574 2535 783 2579 freq-uenter
805 2537 844 2570 in
878 2539 1020 2572 easdem
1043 2538 1237 2575 sententias
1267 2544 1303 2573 et
1338 2537 1527 2581 τρόπον
1562 2545 1599 2573 et

119 2574 318 2621 signi-am
355 2576 481 2630 ib.·9.·
498 2579 636 2612 duobus
660 2582 774 2615 modis
801 2582 931 2616 dicitur
952 2584 1010 2630 fig.
1042 2586 1084 2618 i'b.
1111 2586 1166 2618 10.
1191 2584 1254 2629 fig.
1276 2589 1330 2618 est
1355 2585 1598 2619 conformatio

121 2621 290 2674 quaedam
315 2620 514 2674 [qi-ationis,
542 2624 692 2670 remota]
718 2638 740 2660 a
762 2627 941 2662 communi
965 2635 1001 2663 et
1023 2629 1174 2673 primum
1197 2641 1236 2664 se
1260 2630 1434 2664 offerente
1456 2630 1597 2664 ratione

121 2667 163 2698 ib.
186 2665 221 2700 4.
245 2667 304 2713 fig.
328 2673 477 2720 sit-arte
501 2669 618 2714 aliqua
642 2678 773 2707 novata
796 2675 913 2707 forma
930 2673 1072 2709 dicendi
1086 2678 1129 2709 ib.
1157 2675 1213 2709 14.
1238 2675 1320 2720 quia
1342 2676 1467 2723 figura,
1493 2687 1597 2719 quam

120 2720 195 2744 non
218 2719 452 2766 0011113οω131.-
474 2716 537 2749 sed
559 2716 703 2760 proprie
729 2719 978 2763 nominamus,
1016 2731 1090 2755 non
1122 2719 1167 2755 sit
1201 2720 1355 2765 simplex
1386 2720 1440 2755 rei
1478 2722 1599 2764 cujus-

63 2761 259 2803 ι[0111111113
282 2764 476 2794 enuntiatio
500 2763 542 2794 ib.
572 2764 629 2795 23.
659 2762 705 2804 cs.
738 2767 772 2805 7,
808 2768 840 2805 1,
871 2764 930 2799 40.
964 2767 1007 2809 8,
1043 2767 1086 2810 6,
1123 2769 1187 2811 21;
1213 2766 1323 2811 (quas
1350 2769 1464 2801 Celsus
1483 2766 1597 2810 putet)

103 2798 249 2853 figuras
270 2804 306 2846 9,
331 2807 367 2847 2,
392 2805 470 2840 104.
496 2806 556 2851 qui
585 2808 733 2842 totidem
756 2810 886 2856 figuras
908 2816 1053 2856 putant,
1095 2818 1182 2859 quot
1211 2813 1357 2847 affectus
1384 2812 1597 2857 repudiandi

1173 2866 1264 2902 22*
