1728 3002
672 100 712 123 Χ

744 122 897 191 Scribo
967 187 971 197 ,
1498 150 1580 190 807

87 263 148 298 Pr.
170 265 196 298 7
204 273 215 304 ;
246 262 351 298 eand.
375 261 557 298 materiam
586 262 744 297 scribere
768 262 814 297 de
837 261 977 310 integro
1001 263 1044 304 2,
1067 259 1113 304 4,
1138 262 1193 295 13.
1230 271 1278 295 ex
1301 265 1463 307 tempore
1485 262 1574 296 scri-

86 309 176 344 bant
199 311 256 352 10,
280 311 316 352 3,
341 308 397 344 17.
425 308 567 363 scripsit
589 319 664 343 non
683 309 762 343 sine
785 309 883 343 cultu
906 319 950 342 ac
971 306 1089 342 nitore
1112 309 1171 350 10,
1195 309 1229 350 1,
1254 307 1334 342 124.
1377 307 1418 353 y)
1441 322 1470 343 c.
1496 310 1573 351 Obj.

88 353 128 399 a)
149 358 254 389 Aet..·
286 359 378 408 quae
411 355 672 400 scripseris
704 354 831 389 iterata
854 352 1074 388 lectione
1097 352 1357 397 complecti
1382 357 1448 397 11,
1473 356 1516 398 2,
1540 357 1575 389 2.

90 412 185 446 quae
218 405 536 445 scripserunt,
573 402 634 436 vel
671 399 979 448 cogitatione
1013 400 1412 443 complectuntur
1443 403 1484 434 ib.
1517 402 1572 436 19.

91 446 135 488 Cf
155 448 210 481 10.
238 451 278 480 ut
301 447 433 481 eitam
461 457 553 492 quae
579 446 822 494 cogitarit,
848 457 951 491 quam
1026 455 1068 479 ae
1092 444 1360 489 scripserit
1383 451 1455 490 atq.
1482 446 1573 480 edi·

90 491 272 527 dicerit
292 491 330 526 in
357 493 508 528 dicendo
530 493 634 527 fidem
659 498 806 527 servent
830 495 896 536 10,
918 487 962 536 6,
977 456 1024 525 ἲ
1042 491 1105 544 vel
1130 490 1170 525 in
1194 490 1272 534 his,
1303 502 1395 536 quae
1417 491 1572 538 scripse-

87 538 218 582 rimus,
251 539 352 573 velut
383 546 536 573 summas
566 538 603 573 in
634 538 924 573 commentarium
958 542 994 572 et
1025 542 1140 581 capita
1164 537 1329 571 conterre
1359 540 1420 580 10,
1443 541 1489 581 7,
1513 540 1571 573 32.

86 596 123 618 v.
151 583 543 619 Commentariun.
578 589 635 628 ut,
668 596 748 618 cum
780 586 888 618 multa
925 583 1283 627 scripserimus,
1322 583 1427 617 etiam
1457 585 1573 619 multa

87 629 161 664 dic
172 641 293 665 amus
319 632 361 664 ib.
386 634 421 666 7.
444 630 491 672 es.
517 632 572 673 10,
599 634 633 674 1,
659 630 738 665 124.
763 631 793 664 si
821 629 940 664 omnia
964 629 1179 672 scriberent,
1206 628 1258 662 uti
1283 635 1380 675 gesta
1407 635 1490 664 sunt
1515 633 1571 674 12,

86 676 129 718 8,
149 676 186 713 6.
220 687 303 710 cum
334 676 470 711 Graeca
501 675 686 712 scribimus
712 679 754 719 1,
777 676 823 719 4,
848 680 870 711 7
880 688 892 718 ς
929 686 1009 710 cum
1037 686 1201 718 carmen,
1238 676 1343 719 quale
1374 675 1571 710 victoribus

85 721 305 765 componi
328 723 442 765 solet,
472 721 671 767 scripsisset
696 726 759 766 11,
782 725 825 765 2,
852 725 907 756 11.
944 733 991 755 eu
1017 721 1120 755 aliter
1142 721 1389 755 defensionem
1411 719 1571 769 Socratis

85 771 123 802 et
143 777 289 811 eorum,
314 768 375 812 qui
399 779 466 812 pro
487 768 603 813 patria
627 768 854 811 ceciderunt,
878 768 1019 802 laudem
1043 767 1242 812 scripsisset
1261 770 1302 810 2,
1332 769 1395 811 15,
1422 769 1480 803 29.
1511 768 1570 802 lxi-

83 812 232 847 storism
252 813 353 848 multi
376 814 550 859 scripsere
573 816 754 859 praeclare.
776 817 838 855 10,
863 816 898 858 1,
920 815 979 849 73.
1010 812 1057 855 es.
1083 815 1139 848 31.
1164 820 1201 848 ut
1224 813 1379 848 maxime
1402 822 1569 848 necessa-

82 858 138 893 ria
163 864 200 893 et
223 858 344 904 utique
366 859 470 895 initia
492 861 647 895 scribant
671 863 733 902 10,
755 861 791 904 7,
816 862 873 895 30.
899 871 989 905 quos
1012 859 1162 902 (libros)
1186 859 1397 903 scripseram
1431 860 1495 904 Ep.
1524 861 1570 894 ad

80 904 222 948 Trypb.
250 907 282 939 1.
317 905 482 940 historias
510 907 687 941 scribendi
713 906 921 940 industriam
948 908 1015 949 10,
1040 909 1084 948 1,
1110 908 1168 941 75.
1203 902 1384 940 orationes
1411 906 1568 940 scribere

82 953 129 993 2,
155 951 222 993 1⁷,
255 951 309 984 13.
345 951 390 992 cs.
421 954 484 994 10,
511 954 528 985 1
543 978 554 995 ‚
578 954 643 995 233
684 953 872 996 colaphum
895 951 959 985 tibi
983 953 1109 985 ducam
1141 957 1177 985 et
1202 952 1391 986 formulam
1415 951 1568 985 scribam

26 997 35 1007 '
82 997 124 1038 6,
149 997 191 1038 3,
220 997 265 1030 83
286 996 334 1030 Ν.
380 995 420 1040 b)
446 1000 530 1030 Pass
548 1012 559 1031 .-
585 997 713 1032 Omnia
735 1003 877 1039 nostra,
905 998 989 1031 dum
1012 1003 1225 1039 nascuntur,
1248 999 1410 1040 placent,
1435 997 1569 1042 alioqui

79 1051 150 1075 nec
173 1041 412 1076 scriberentur
434 1045 492 1085 10,
516 1045 550 1086 3,
575 1046 611 1078 7.
636 1043 708 1087 illa,
734 1054 826 1088 quae
846 1042 975 1087 scripta
998 1048 1092 1085 sunt,
1117 1042 1273 1076 retinent
1300 1043 1469 1087 animum,
1495 1054 1570 1077 non

43 1102 50 1107 ·
81 1090 278 1131 sequuntur
301 1090 365 1130 12,
389 1089 434 1131 9,
463 1090 518 1124 18.
545 1099 613 1134 ego
638 1100 682 1123 ne
707 1089 934 1123 scribendum
962 1088 1106 1133 quidem
1129 1094 1236 1132 puto,
1265 1090 1362 1133 quod
1384 1099 1458 1123 non
1481 1088 1568 1133 (Sp.

57 1166 61 1170 .
83 1131 161 1176 cm.)
187 1133 297 1168 simus
318 1133 489 1168 memoria
513 1135 733 1179 persecuturi
759 1138 817 1177 10,
842 1138 877 1177 7,
902 1136 947 1169 32
967 1138 1010 1169 Ζ.
1037 1134 1264 1168 scribendum
1286 1146 1392 1180 quam
1417 1135 1569 1182 diligen-

79 1178 214 1213 tissime
237 1185 274 1214 et
298 1191 403 1224 quam
426 1180 615 1224 plurimum
642 1184 704 1222 10,
727 1183 767 1224 3,
792 1184 827 1214 2.
852 1180 990 1214 etiamsi
1014 1180 1273 1224 scribitur,
1301 1186 1419 1215 tamen
1441 1192 1567 1225 parum

82 1225 377 1269 exprimitur
403 1227 516 1270 (lisera
538 1227 601 1268 Μ)
623 1227 669 1271 9,
692 1226 738 1270 4,
760 1226 817 1260 40.
842 1228 967 1260 laudes
992 1237 1034 1260 ac
1057 1226 1339 1270 vituperationes
1361 1226 1567 1261 soeibeban-

78 1275 142 1304 tur
163 1272 199 1314 3,
226 1270 263 1314 4,
290 1273 324 1306 5.
347 1270 641 1316 inspicienda
663 1272 810 1306 materia
838 1278 903 1313 est,
928 1282 1000 1316 quo
1022 1272 1262 1316 praecipimus
1285 1272 1432 1315 ordine;
1457 1284 1526 1307 scr
1535 1273 1567 1307 i-

40 1353 42 1355 ,
71 1316 252 1363 blinda,
281 1327 352 1362 quo
374 1317 524 1352 dicimus
549 1321 584 1360 3,
607 1319 642 1362 9,
667 1320 702 1355 9.
740 1317 876 1353 Cinnae
898 1318 1094 1362 Zmyrnam
1117 1329 1248 1352 novem
1274 1319 1378 1353 annis
1399 1319 1567 1364 scriptam

78 1364 142 1403 10,
165 1360 211 1405 4,
235 1360 271 1396 4.
292 1374 385 1407 quae
407 1364 598 1408 praecipue
620 1364 808 1398 scribenda
834 1364 904 1398 sint
930 1367 985 1407 10,
1010 1366 1045 1405 5,
1073 1366 1104 1398 1.
1151 1363 1190 1408 c)
1217 1378 1286 1410 seq.
1308 1368 1411 1399 Ace.
1431 1378 1459 1399 c.
1481 1364 1564 1407 Ins.

71 1411 134 1442 ,vet
156 1415 220 1442 ut.-
247 1406 323 1443 Cic.
349 1410 503 1454 quodam
524 1411 608 1444 loco
632 1410 777 1452 scribit,
801 1410 839 1444 id
862 1421 941 1445 esse
966 1410 1137 1454 optimum
1161 1417 1243 1453 ete-,3
1277 1410 1348 1444 alio
1371 1421 1483 1445 vero:
1510 1413 1566 1455 11,

80 1457 126 1497 1,
147 1455 215 1496 92;
250 1465 325 1488 nou
355 1461 410 1490 est
440 1455 630 1500 scriptum,
660 1461 709 1490 ut
738 1456 793 1490 bis
826 1455 1078 1499 praecipitetur
1100 1459 1143 1499 7,
1166 1457 1208 1499 8,
1229 1457 1265 1491 6.
1300 1455 1344 1498 ff.
1369 1459 1412 1499 7,
1436 1457 1479 1500 6,
1509 1459 1564 1491 10.

78 1495 119 1542 ὃ)
142 1512 172 1534 c.
195 1500 278 1534 Dat.
303 1508 363 1534 aut
389 1514 421 1534 c.
447 1504 670 1546 Praeposin.:
701 1501 757 1545 ei,
782 1502 839 1536 cui
864 1501 978 1536 deerit
1007 1501 1212 1547 ingenium,
1233 1512 1317 1548 *non
1340 1502 1452 1549 magis
1474 1504 1565 1536 haec

78 1544 211 1587 scripta
235 1545 306 1578 sint
326 1545 417 1588 (Sp.
440 1545 550 1589 sunt),
585 1559 692 1591 quam
714 1548 759 1581 de
783 1558 948 1593 agrorum
972 1548 1071 1581 cultu
1094 1547 1274 1581 sterilibus
1296 1547 1400 1582 terris
1423 1549 1481 1582 Pr.
1506 1549 1563 1582 26.

79 1589 346 1624 scribebat
367 1590 467 1633 aliis,
502 1592 576 1625 non
602 1593 681 1635 ipse
709 1592 906 1626 dicebat
932 1593 974 1634 9,
996 1591 1041 1635 4,
1066 1595 1109 1627 17
1126 1597 1170 1627 Ζ.
1206 1592 1252 1633 cs.
1277 1595 1318 1636 3,
1341 1594 1384 1637 8,
1410 1594 1468 1628 50.
1503 1594 1566 1638 qui

71 1634 262 1674 orationes
285 1634 362 1669 aliis
384 1636 585 1670 scribebant
611 1641 674 1680 11,
700 1640 740 1680 1,
764 1639 827 1680 383
863 1637 894 1671 si
918 1637 998 1681 quis
1024 1637 1178 1683 fugitivo
1202 1638 1364 1684 stigmata
1387 1638 1592 1683 scripserit*

79 1683 126 1723 7,
147 1679 193 1722 4,
217 1679 263 1714 14
277 1682 346 1723 Ν.;
373 1680 421 1714 in
443 1685 534 1726 quos
558 1682 738 1717 orationes
763 1682 869 1717 etiam
892 1683 1082 1727 scripserat
1106 1686 1163 1725 11,
1188 1687 1221 1724 1,
1247 1687 1306 1719 73.
1330 1696 1374 1719 ea
1401 1692 1568 1720 contra

79 1737 171 1770 quae
194 1725 400 1770 scripsimus
425 1730 488 1770 10,
515 1731 556 1770 7,
581 1730 615 1762 3.
638 1729 698 1772 qui
724 1729 780 1763 de
806 1728 938 1762 artibus
963 1729 1182 1773 scripserunt
1205 1732 1269 1773 10,
1296 1733 1335 1772 1,
1358 1729 1415 1766 49.
1449 1730 1495 1772 qs.
1520 1734 1564 1765 ib.

81 1774 160 1806 122.
184 1773 248 1819 11,
277 1774 323 1814 3,
351 1772 429 1807 143.
488 1772 528 1816 ε)
554 1774 626 1817 adj.
650 1776 790 1808 Abzat..-
819 1786 912 1818 quae
935 1774 966 1808 si
991 1775 1125 1809 nostris
1147 1775 1261 1810 literis
1285 1775 1485 1810 scribantur
1508 1780 1564 1819 12,

82 1819 140 1858 10,
159 1817 217 1851 28.
247 1816 293 1857 qs.
319 1819 365 1851 ib.
390 1821 447 1852 30.
477 1821 510 1861 1,
534 1823 569 1861 7,
595 1819 654 1854 26.
678 1819 741 1863 qui
767 1820 862 1853 notis
888 1820 1047 1855 scribunt
1073 1824 1138 1862 11,
1162 1824 1206 1864 2,
1232 1823 1300 1864 25;
1326 1828 1367 1856 ut
1390 1833 1511 1864 cum,
1535 1823 1566 1856 si

79 1867 219 1906 tempus
251 1863 483 1908 significaret,
513 1876 595 1908 per
631 1865 686 1910 Q,
711 1865 743 1899 si
767 1866 956 1909 comitem,
994 1878 1077 1911 per
1108 1878 1128 1901 c
1152 1878 1194 1901 ac
1224 1869 1310 1902 duas
1335 1868 1565 1913 insequentes

81 1908 297 1942 scriberetur
324 1912 368 1951 1,
394 1913 436 1952 7,
463 1911 503 1952 53
538 1910 644 1944 scribi
674 1911 806 1955 optime
837 1911 931 1946 ceris
955 1915 1023 1955 10,
1050 1914 1093 1955 3,
1119 1915 1178 1947 31.
1206 1913 1252 1955 cs.
1279 1917 1342 1958 11,
1366 1917 1411 1957 2,
1436 1917 1502 1957 32;
1527 1914 1566 1948 in

86 1954 258 1996 epistolis,
284 1965 371 1998 quas
392 1967 455 1988 sua
480 1967 585 1990 manu
608 1957 748 2001 scripsit
769 1960 801 2001 1,
825 1961 860 2001 7,
883 1961 948 1999 223
974 1957 1007 1992 si
1027 1970 1116 2004 puer
1139 1960 1237 1993 omui
1261 1971 1347 1994 cura
1369 1966 1404 1995 et
1427 1971 1566 1994 summo

81 2001 205 2034 labore
229 1999 362 2044 aliquid
390 2002 573 2045 probabile
596 2002 776 2048 scripserit
799 2006 843 2047 2,
865 2002 901 2046 4,
930 2007 985 2038 17.

126 2089 186 2133 11)
212 2093 336 2124 Panic.
371 2091 420 2132 α)
445 2095 584 2126 Proca:
621 2104 713 2138 quae
739 2093 974 2129 scribentibus
998 2094 1231 2130 custodienda
1254 2098 1294 2138 1,
1319 2099 1364 2138 7,
1391 2099 1424 2130 1.
1459 2094 1504 2137 cf.
1531 2099 1565 2140 1,

79 2139 116 2178 2,
144 2139 200 2170 12.
228 2147 332 2180 quam
356 2137 496 2181 culpam
524 2148 598 2172 non
625 2139 946 2174 scribentium
974 2141 1118 2184 quidem
1140 2141 1283 2184 iudico,
1318 2143 1382 2175 sed
1405 2143 1567 2188 legen-

80 2182 190 2216 tium
213 2184 259 2224 8,
295 2184 339 2224 3,
371 2181 429 2229 44.
465 2194 556 2230 quae
587 2194 654 2218 nec
688 2186 1002 2219 scribentium
1026 2198 1164 2228 curam,
1201 2197 1270 2220 nec
1299 2187 1565 2222 dicentium

81 2227 250 2272 impetum
275 2235 539 2271 consequantur
561 2231 617 2272 10,
640 2233 674 2271 3,
695 2233 752 2265 20.
778 2243 880 2275 quam
905 2231 1111 2266 altissimum
1128 2232 1306 2266 silentium
1331 2233 1567 2275 scribentibus

79 2273 236 2307 maxime
263 2274 458 2308 convenire
481 2277 525 2308 ib.
551 2277 609 2309 22.
638 2288 730 2320 quae
754 2277 959 2311 scribentib.
984 2280 1101 2311 solent
1121 2284 1227 2311 extra
1251 2278 1414 2312 ordinem
1437 2289 1567 2314 occur-

79 2329 162 2353 rere
189 2321 234 2351 ib.
261 2320 326 2362 333
374 2330 464 2363 quae
495 2320 605 2355 fuerit
637 2322 824 2356 scribentis
856 2325 1025 2357 voluntas
1050 2324 1102 2367 (in
1126 2324 1344 2367 testamento)
1367 2327 1412 2365 7,
1437 2325 1485 2368 6,
1510 2328 1567 2359 12.

81 2362 119 2407 β)
146 2363 240 2405 Pers.
256 2368 352 2398 Pass.
378 2366 415 2409 a)
439 2368 646 2410 simpliciter.-
672 2379 761 2412 quae
787 2369 962 2412 scripta
987 2374 1088 2411 sunt,
1114 2374 1174 2402 aut
1195 2369 1352 2414 posita
1374 2369 1423 2403 in
1443 2380 1566 2413 more

82 2409 310 2445 civitatis
333 2413 400 2454 12,
429 2413 473 2454 3,
495 2415 530 2446 7.
563 2412 631 2447 alia
663 2424 741 2447 esse
773 2414 978 2458 scripta,
1010 2415 1082 2448 alia
1111 2414 1356 2458 inscript-a
1379 2418 1419 2453 3,
1442 2419 1484 2456 b',
1507 2416 1575 2452 37.-

83 2466 176 2500 quae
205 2461 348 2490 nostrae
378 2458 486 2501 partis
513 2464 615 2501 suut,
650 2458 780 2503 scripta
808 2470 888 2493 esse
911 2466 1060 2504 possunt
1085 2462 1147 2501 12,
1170 2465 1212 2503 9,
1236 2462 1294 2496 19.
1331 2463 1426 2505 quod
1456 2473 1566 2506 prosa

83 2502 252 2554 scriptum
274 2502 318 2544 9,
343 2501 388 2545 4,
413 2503 474 2545 52;
511 2502 604 2538 dicet
627 2505 757 2547 scripta
780 2516 886 2548 quam
914 2516 972 2539 res
1002 2505 1157 2549 patietur
1178 2506 1327 2549 plurima
1351 2509 1416 2551 12,
1442 2510 1487 2551 9,
1512 2509 1567 2543 16.

82 2557 123 2581 rn
152 2558 224 2591 quo
258 2547 352 2581 libro
386 2548 555 2592 scriptum
588 2550 660 2583 hoc
693 2550 876 2584 invenitur
910 2553 951 2593 1,
979 2553 1018 2594 1,
1043 2551 1099 2585 15.
1135 2551 1196 2595 qui
1229 2553 1274 2586 de
1304 2558 1380 2589 arte
1411 2554 1567 2588 oratoria

85 2592 255 2637 scriptum
279 2593 411 2638 aliquid
434 2595 655 2639 reliquerunt
681 2598 716 2638 6,
742 2599 775 2638 1,
799 2599 835 2630 7.
871 2595 916 2637 qs.
936 2597 994 2630 Pr.
1016 2599 1050 2630 1.
1079 2597 1260 2641 scripta
1284 2604 1320 2632 et
1339 2600 1464 2634 {ecta
1481 2611 1567 2634 sae-

85 2638 166 2689 pius
188 2641 401 2674 revolvendi
426 2643 483 2682 11,
499 2644 535 2683 2,
554 2640 613 2675 41.
640 2642 769 2686 scripta
791 2641 953 2676 lectione·
969 2653 1094 2677 secura
1116 2643 1387 2678 transcurrimus
1413 2647 1469 2688 10,
1482 2647 1517 2688 5,
1532 2646 1566 2680 8.

87 2689 130 2718 ut
159 2684 268 2720 facile
298 2691 370 2730 atq.
399 2686 563 2721 distincte
597 2687 729 2731 scripta
754 2687 868 2722 oculis
896 2694 1089 2732 sequantur
1110 2692 1156 2731 2,
1182 2690 1225 2732 5,
1248 2689 1283 2724 4.
1313 2703 1346 2724 v.
1367 2691 1568 2735 Sculpo;

93 2739 233 2765 omnem
267 2732 361 2766 bene
385 2733 598 2777 scriptorum
626 2733 769 2780 gratiam
798 2735 925 2778 perdet
950 2737 992 2768 11
1006 2759 1019 2777 ,
1041 2737 1087 2778 2,
1106 2733 1163 2770 46.
1209 2734 1251 2779 b)
1274 2749 1304 2770 c.
1326 2738 1436 2770 Subst.
1450 2751 1460 2770 .·
1491 2748 1571 2772 cum
