1728 3002
143 293 223 331 198
682 292 856 335 Curatio
884 317 938 324 —
970 293 1137 336 cursito

189 403 286 439 curis
308 408 376 448 12,
402 408 436 449 1,
461 405 494 441 5.
530 415 605 439 non
629 407 768 440 minore
794 418 877 441 cura
902 407 1085 443 vitandum
1110 415 1185 452 est,
1221 407 1392 454 quidquid
1416 415 1472 446 est
1488 408 1679 457 ἔνρυθμον

189 453 234 495 9,
261 449 307 495 4,
330 455 395 495 77;
437 451 587 495 accidit,
628 458 666 485 ut
690 453 865 487 cicatrosa
887 453 977 498 sint,
1005 460 1041 489 et
1064 455 1262 502 exanguia,
1296 461 1333 490 et
1359 467 1445 491 cura
1515 457 1594 501 jora
1622 460 1678 501 10,

187 496 233 541 4,
257 500 278 532 3
303 499 349 550 N.
400 509 486 532 cura
509 499 728 550 lJrotogenes
756 505 810 533 est
833 506 894 533 etc.
925 501 1245 544 praestantissimus
1271 505 1340 545 12,
1366 504 1431 545 10,
1456 467 1515 545 GP?
1545 515 1566 537 a
1594 514 1680 537 cura

191 545 367 586 docendi,
398 545 494 588 quod
517 546 755 588 lntendermt,
783 547 953 580 recedere
976 550 1011 589 2,
1041 551 1096 590 12,
1121 549 1156 582 6.
1191 548 1442 582 remittendum
1465 548 1596 592 aliquid
1621 560 1679 584 ex

191 601 279 624 cura
293 592 489 625 verborum
514 593 570 632 10,
595 594 630 633 7,
654 593 713 624 22.
751 603 846 625 cum
869 604 954 626 cura
976 593 1186 627 intuendum
1210 596 1244 637 5,
1270 597 1326 638 10,
1350 595 1406 629 67.
1438 595 1468 628 si
1490 601 1680 640 utrumque

190 647 272 670 cum
302 648 413 670 cura
440 642 475 671 et
499 637 658 670 studio
683 638 875 672 fecerimus
902 641 956 681 10,
981 642 1015 682 7,
1041 642 1087 674 29
1114 644 1157 674 Ζ.
1196 639 1234 673 in
1258 640 1326 674 hac
1349 640 1427 684 ipsa
1451 641 1536 674 cura
1558 642 1593 683 8,
1620 641 1678 675 Pr.

191 685 249 718 31.
285 684 345 726 qui
372 694 410 716 se
433 688 547 717 totum
571 682 609 716 in
634 684 701 717 hac
724 694 810 717 cura
834 685 1069 719 consumserit
1092 688 1136 730 9,
1160 684 1201 729 4,
1229 689 1305 721 113.
1343 687 1382 720 in
1408 686 1477 721 hac
1504 698 1589 722 cura
1616 688 1680 721 de-

189 729 388 774 prehensus
413 731 456 764 ib.
477 728 553 762 143.
583 728 712 763 nimios
737 729 775 763 in
792 731 860 764 hac
877 742 962 765 cura
986 734 1029 765 ib.
1049 732 1104 767 35.
1135 735 1191 775 10,
1218 735 1251 776 1,
1276 733 1353 768 118.
1404 729 1438 775 ζ)
1461 745 1491 767 ο.
1508 734 1679 777 Athea-u..-

190 786 277 810 cura
300 774 392 809 acris
419 778 452 818 1,
478 778 511 818 1,
535 777 569 810 3.
606 796 654 801 —
678 776 838 820 aequalis
864 780 906 812 ib.
936 776 991 812 14.
1030 798 1076 804 —
1100 778 1281 824 antiquior
1301 778 1338 822 4,
1360 780 1397 822 2,
1423 779 1483 814 26.
1520 796 1564 804 -
1591 790 1682 813 con-
1718 785 1728 787 “

189 827 289 856 texta
314 824 370 864 12,
393 821 430 864 9,
455 823 511 856 18.
548 839 596 874 ζ-
620 820 770 868 diligens
796 824 852 867 10,
877 825 910 866 1,
936 827 967 858 1.
1002 844 1049 850 —
1073 825 1209 868 duplex
1233 828 1290 868 11,
1311 828 1347 868 2,
1373 825 1431 860 25.
1464 845 1512 852 —·
1534 825 1681 860 cuilibet

187 867 304 902 facilis
327 869 362 910 8,
386 869 421 910 3,
449 869 506 901 30.
546 867 705 902 lnfinitae
732 880 867 904 curae
893 872 948 913 10,
974 871 1008 913 3,
1035 873 1091 904 12.
1126 871 1287 906 insanam
1313 882 1435 913 curam
1459 873 1516 914 12,
1542 874 1599 915 11,
1624 873 1681 906 18.

188 925 275 948 cura
297 913 543 966 intentissima·
557 916 623 956 10,
651 918 690 957 1,
717 918 796 949 111.
830 935 876 942 —
899 916 991 951 levis
1017 919 1072 959 11,
1096 919 1138 960 3,
1162 918 1242 952 139.
1279 935 1325 943 -
1347 928 1474 965 magna
1495 918 1532 960 9,
1560 919 1595 960 3,
1622 916 1680 952 74.
1710 956 1728 958 7,

187 961 223 1003 9,
247 959 283 1002 4,
309 958 390 995 147.
429 978 474 985 -
497 970 617 995 mmor
645 964 678 1003 1,
706 964 738 1003 1,
763 964 797 996 7.
823 963 860 1005 9,
883 961 918 1005 4,
943 966 1001 998 77.
1029 966 1086 1007 10,
1113 967 1147 1006 1,
1171 964 1207 999 6.
1245 980 1290 988 -
1310 963 1482 998 minutior
1503 964 1540 1005 8,
1562 964 1597 1006 6,
1620 965 1680 998 28.

188 1023 233 1031 -
257 1006 383 1058 odiosa
406 1007 440 1048 8,
467 1008 501 1049 3,
526 1008 585 1043 30.
623 1027 671 1032 -
696 1018 761 1052 par
786 1011 842 1050 12,
869 1010 904 1052 9,
932 1011 986 1045 19.
1028 1028 1067 1035 -—-
1093 1009 1208 1053 prima
1233 1012 1297 1053 12,
1321 1013 1356 1052 7,
1381 1013 1414 1044 1.
1445 1008 1489 1051 cf.
1518 1013 1551 1054 1,
1579 1010 1679 1053 1‚.8.

187 1069 232 1078 —
257 1063 420 1096 promma
449 1055 513 1095 11,
544 1056 561 1086 1
577 1079 588 1096 ,
617 1056 649 1087 1.
683 1074 729 1080 —
757 1065 892 1088 summa
916 1056 958 1099 5,
985 1057 1050 1098 13,
1075 1057 1133 1091 52.
1166 1073 1215 1080 —
1239 1066 1463 1100 supervacua
1489 1058 1533 1100 2,
1559 1058 1595 1099 2,
1622 1057 1680 1090 10.

186 1097 223 1142 η)
253 1111 280 1132 c.
304 1100 435 1134 Genit.:
462 1109 547 1132 cura
571 1100 682 1133 semel
705 1106 951 1144 susceptorum
976 1100 1257 1136 adolescentium
1285 1104 1341 1144 11,
1368 1105 1401 1145 1,
1425 1101 1481 1136 55.
1511 1120 1555 1128 —

186 1156 267 1178 rum
293 1147 361 1187 12,
386 1147 428 1187 1,
452 1145 487 1178 6.
526 1164 571 1170 ——
596 1145 781 1180 brevitatis
805 1147 849 1189 4,
878 1151 919 1190 2,
943 1147 1000 1182 47.
1039 1166 1083 1173 -
1108 1147 1377 1192 compositionis
1399 1149 1441 1191 9,
1466 1145 1508 1192 4,
1535 1149 1570 1182 3.
1601 1146 1680 1182 147.

186 1205 232 1215 -
255 1190 418 1234 corporis
443 1192 476 1232 1,
502 1193 559 1233 11,
587 1192 641 1225 15.
671 1193 856 1239 -legum
881 1196 916 1236 3,
941 1197 976 1237 7,
1000 1193 1058 1228 24.
1093 1212 1140 1218 —
1162 1205 1302 1228 morum
1324 1195 1382 1228 Pr.
1409 1197 1464 1228 12.
1497 1213 1545 1220 ·-
1567 1204 1682 1238 nepo-

186 1241 262 1270 hun
285 1235 322 1279 4,
349 1237 406 1270 Pr.
431 1239 466 1269 2.
505 1255 552 1263 ·-
574 1248 696 1271 rerum
722 1240 785 1280 10,
814 1242 853 1281 1,
879 1242 958 1274 120.
1001 1257 1043 1265 -
1068 1251 1190 1274 rerum
1213 1239 1552 1283 domesticas-uma,
1577 1241 1619 1283 3,
1643 1242 1680 1275 9.

184 1298 229 1307 -
253 1282 342 1326 reip.
367 1282 401 1325 5,
428 1284 484 1324 11,
510 1281 569 1315 24.
606 1299 651 1308 ·-—
675 1288 851 1317 terrarum
878 1287 933 1328 10,
960 1288 993 1328 1,
1017 1285 1074 1320 91.
1105 1305 1152 1311 --
1174 1287 1370 1320 verborum
1391 1287 1428 1328 8,
1453 1286 1513 1319 Pr.
1540 1289 1596 1320 17.
1619 1288 1679 1320 20.

183 1327 227 1370 9,
251 1330 294 1370 3,
325 1331 404 1362 102.
433 1330 490 1370 10,
515 1331 549 1371 1,
575 1330 653 1364 118.
684 1331 748 1372 10,
771 1334 806 1373 7,
830 1333 888 1365 22.
927 1348 970 1356 -
992 1342 1095 1365 meae
1119 1332 1313 1376 voluptatis
1337 1332 1372 1372 6,
1399 1331 1457 1365 Pr.
1484 1334 1504 1366 1
1527 1333 1680 1376 N.‚·,—

184 1373 328 1408 dicendi
354 1376 389 1418 3,
415 1377 451 1418 2,
478 1377 536 1408 21.
575 1391 620 1401 —
644 1376 799 1410 docendi
825 1379 857 1420 1,
883 1380 917 1421 1,
941 1381 977 1412 7.
1010 1398 1053 1405 -
1078 1376 1259 1412 scribendi
1286 1380 1331 1411 ib.
1355 1378 1414 1412 28.

137 1429 324 1471 Curatio.
364 1461 410 1467 —
432 1444 595 1479 vulneris
619 1444 655 1489 4,
679 1448 716 1489 2,
739 1443 807 1489 843
837 1445 1060 1481 curationem
1074 1446 1253 1481 bonorum
1272 1445 1466 1491 postulabit
1490 1447 1547 1490 11,
1570 1443 1604 1490 1,
1619 1445 1679 1481 58·

135 1485 333 1551 Cur-awr-
381 1500 528 1545 petendi
557 1502 732 1538 curatoris
757 1506 794 1548 7,
821 1502 858 1547 4,
884 1505 927 1537 11
958 1503 1005 1540 N·

135 1541 278 1610 Curia·
320 1559 379 1602 11,
409 1562 442 1603 1,
469 1558 529 1595 47.

135 1599 329 1643 Cunose.
367 1636 415 1642 -
436 1616 537 1662 loqui
563 1617 599 1660 8,
628 1619 662 1660 1,
688 1619 725 1651 2.

135 1662 354 1705 curiosus·
401 1673 440 1707 in
465 1674 666 1708 notioribus
692 1673 985 1719 frequentissime
1010 1673 1327 1718 deprehenduntur
1349 1684 1371 1708 a
1395 1671 1546 1708 curiosis
1570 1674 1613 1716 1,
1642 1673 1678 1717 8,

179 1723 237 1754 21.
273 1719 423 1755 nimimn
447 1721 579 1755 curiosi
606 1725 668 1763 11,
698 1723 742 1764 3,
769 1721 849 1755 143.
891 1726 931 1754 ut
959 1733 981 1754 a
1008 1719 1224 1765 diligenti
1251 1722 1477 1761 curiosus
1510 1718 1618 1753 distat
1642 1721 1679 1762 8,

178 1768 215 1810 3,
240 1767 306 1810 555
334 1772 541 1812 praetorum
566 1769 648 1811 (Sp.
676 1765 887 1812 praeturae)
911 1766 1054 1800 curiosa
1078 1766 1228 1800 consilia
1255 1769 1290 1808 7,
1314 1765 1350 1808 5,
1373 1768 1396 1798 2
1421 1768 1466 1799 Ζ.
1490 1765 1539 1812 Ν.

134 1821 260 1865 curo·
312 1834 350 1878 α)
376 1848 405 1869 c.
430 1838 580 1869 Accus.:
607 1834 746 1869 curabit
771 1833 947 1878 (medicus)
975 1837 1010 1876 2,
1037 1838 1093 1878 17,
1116 1834 1172 1869 39.
1202 1831 1360 1867 leviores
1381 1832 1528 1866 morbos
1552 1831 1680 1867 curare

177 1883 214 1923 2,
238 1883 273 1924 3,
299 1881 335 1916 6.
373 1882 621 1925 quadrupedes
645 1880 827 1927 sanguinis
858 1880 1080 1914 detractione
1108 1885 1278 1913 curantur
1303 1881 1338 1922 2,
1367 1881 1429 1922 10,
1455 1878 1490 1913 6.
1528 1878 1679 1913 medicis

178 1937 255 1960 non
278 1927 485 1971 apparentia
508 1928 616 1960 modo
641 1926 730 1961 vitia
759 1928 914 1960 curanda
942 1931 1024 1960 sunt
1049 1929 1111 1969 12,
1135 1927 1179 1969 8,
1207 1928 1261 1959 10.
1302 1924 1370 1959 erit
1395 1925 1527 1960 vulnus
1551 1935 1681 1959 miran-

180 1973 265 2005 dum
288 1972 323 2016 4,
350 1975 385 2015 2,
411 1972 468 2007 84.
511 1973 573 2017 qui
596 1974 732 2006 ferrum
756 1973 904 2014 medici,
930 1972 1135 2016 priusquam
1159 1977 1322 2015 curetur,
1351 1970 1490 2015 aspexit
1512 1969 1548 2014 4,
1574 1971 1610 2014 5,
1634 1973 1678 2014 5;
1727 1979 1728 2018 ᾗ

179 2022 330 2053 Partim:
361 2017 510 2052 nitida
538 2025 574 2053 et
598 2025 758 2052 curata
784 2030 862 2053 vox
891 2022 948 2061 11,
975 2021 1010 2061 3,
1035 2019 1092 2053 26.
1156 2017 1202 2063 β)
1229 2030 1295 2062 seq.
1322 2025 1369 2050 ut
1395 2021 1450 2050 vel
1472 2029 1545 2050 ne:
1574 2029 1679 2051 cura-
1727 2026 1728 2040 ³

178 2064 252 2108 vit,
279 2070 327 2098 ut
350 2064 425 2099 vim
449 2065 574 2099 afferat
597 2065 632 2109 5,
659 2064 715 2107 14,
742 2067 789 2098 22
815 2066 862 2098 Ν.
907 2066 1125 2107 curandum,
1152 2070 1198 2097 ut
1222 2080 1266 2088 —
1291 2063 1518 2097 detrahamus
1545 2062 1678 2108 aliquid

180 2109 216 2153 4,
240 2114 277 2154 2,
300 2110 357 2146 47.
387 2111 431 2152 cf.
450 2113 485 2153 9,
509 2110 545 2154 4,
569 2112 627 2146 91.
660 2113 717 2153 10,
744 2113 779 2154 3,
807 2113 863 2146 15.
910 2122 1009 2154 non,
1042 2116 1094 2143 ut
1116 2109 1318 2157 intelligere
1344 2108 1481 2153 possit,
1509 2109 1594 2154 sed,
1622 2120 1678 2144 ne

180 2157 329 2191 omnino
355 2168 428 2191 non
449 2157 562 2201 possit
586 2157 799 2203 intelligere,
829 2158 1026 2191 curandum
1048 2158 1083 2200 8,
1107 2159 1143 2198 2,
1166 2155 1224 2190 24.
1255 2166 1419 2197 curasse,
1447 2165 1503 2188 ne
1530 2172 1567 2179 -
1594 2166 1679 2199 per-

180 2203 240 2236 dat
265 2206 298 2245 1,
324 2207 357 2246 1,
384 2202 441 2238 34.
471 2205 668 2237 curandum
688 2203 777 2245 erit,
807 2215 865 2238 ne
889 2211 951 2237 etc.
984 2207 1019 2246 2,
1044 2205 1078 2245 5,
1103 2201 1160 2236 24.
1192 2201 1236 2243 cs.
1261 2200 1297 2244 4,
1323 2204 1359 2243 2,
1382 2202 1440 2236 90.
1469 2199 1500 2234 si
1523 2206 1680 2242 curetur,

178 2259 238 2282 ne
265 2249 352 2293 quid
379 2249 464 2283 insit
488 2250 600 2283 amari
627 2251 669 2293 9,
694 2253 737 2292 3,
762 2252 827 2292 703
872 2248 980 2293 [Nam
1007 2248 1046 2283 C.
1074 2249 1258 2283 Varenum
1283 2247 1520 2282 occidendum
1547 2252 1583 2280 et
1610 2245 1679 2281 Cn.

178 2293 266 2327 Var.
294 2297 557 2386 vulneranduui
581 2303 642 2330 etc.
673 2295 814 2330 curavit
840 2295 918 2338 (hoc
941 2299 985 2330 Ζ.
1010 2297 1052 2329 de
1076 2294 1165 2339 conj.
1188 2306 1250 2338 pro
1274 2297 1366 2335 vulg.
1393 2291 1500 2335 cadit)
1527 2294 1617 2326 Cic.
1641 2295 1678 2337 7,

181 2341 215 2381 1,
239 2342 273 2374 9.
301 2342 348 2375 Ν.
376 2355 422 2376 cr.
447 2350 477 2375 et
501 2344 528 2376 S

133 2381 218 2424 CUI*
221 2399 240 2423 Γ
243 2384 415 2427 iculum.
461 2409 605 2432 omnem
628 2397 846 2443 posteritatis
872 2396 1081 2431 memoriam
1103 2407 1121 2430 ε
1130 2407 1154 2440 p
1164 2406 1185 2429 a
1194 2400 1210 2428 t
1217 2393 1260 2429 iu
1267 2406 1305 2428 m
1326 2392 1423 2429 vitae
1445 2393 1619 2429 honestae
1642 2400 1680 2430 et

182 2441 460 2477 curriculum
484 2444 599 2478 laudis
623 2444 806 2478 existimet
829 2446 886 2486 12,
909 2446 946 2486 2,
970 2445 1027 2477 31.
1611 2450 1635 2468 ³

134 2484 285 2528 CUU'O·
338 2499 370 2538 1)
399 2504 554 2543 proprie.-
585 2501 804 2535 currentium
827 2511 916 2544 pes,
949 2497 1089 2533 etiamsi
1115 2508 1190 2532 non
1211 2501 1393 2540 moratur,
1422 2501 1541 2532 tamen
1563 2497 1679 2532 vesti-

181 2542 278 2589 gium
301 2543 388 2576 facit
412 2546 446 2586 9,
474 2545 509 2587 4,
534 2549 601 2589 67;
639 2558 786 2591 campus
813 2545 1019 2579 curritur
1045 2548 1088 2588 1,
1111 2542 1153 2587 4,
1179 2545 1238 2579 28.
1299 2542 1347 2585 11)
1374 2547 1514 2580 transl„-
1546 2542 1606 2577 hio
1629 2545 1676 2578 ad

181 2588 333 2622 sublime
366 2589 475 2623 etiam
501 2593 654 2626 currit
688 2592 822 2637 (Amb.
849 2594 881 2626 1.
907 2590 1113 2634 cucurrit),
1151 2595 1186 2623 et
1210 2591 1254 2623 ad
1278 2599 1452 2623 summum
1476 2598 1551 2622 non
1574 2600 1679 2633 per-
1695 2607 1705 2630 ,·-

179 2634 312 2669 venit
336 2635 416 2668 nisu
442 2637 506 2669 sed
533 2637 667 2681 impetu
691 2640 734 2682 8,
758 2637 801 2681 4,
825 2638 860 2674 9.
906 2637 1002 2672 acria
1025 2647 1240 2679 currere,
1275 2634 1427 2668 delicata
1451 2634 1615 2670 fluere
1639 2637 1676 2679 9,
1704 2636 1709 2642 ⁴

180 2679 217 2723 4,
245 2681 321 2716 139.
354 2681 483 2715 breves
509 2689 655 2716 currunt
677 2687 719 2718 ib.
745 2686 802 2719 91.
832 2683 1024 2726 historiae,
1053 2694 1144 2728 quae
1171 2691 1360 2716 currere
1389 2680 1495 2714 debet
1520 2691 1562 2714 ac
1586 2682 1697 2719 ferm

179 2726 224 2760 ri
257 2729 300 2759 ib.
339 2728 394 2761 18.
449 2729 674 2765 currentibus
709 2741 775 2772 per
809 2741 849 2764 se
881 2729 1038 2763 numeris
1073 2731 1115 2762 ib.
1150 2730 1208 2763 31.
1265 2726 1447 2770 quomodo
1484 2731 1677 2770 coeperant

180 2769 389 2816 (rhythmi),
435 2779 582 2807 currunt
613 2786 728 2817 usque
762 2776 808 2810 ad
838 2770 1054 2820 μεταβολήν
1089 2776 1134 2808 ib.
1167 2773 1226 2809 50.
1272 2772 1480 2807 trochaeum
1506 2778 1546 2808 ut
1570 2771 1685 2811 nimis

180 2823 384 2852 currentem
409 2818 552 2853 damnet
574 2820 618 2854 ib.
641 2821 698 2854 88.

136 2874 319 2918 Cursito.
368 2885 539 2921 cursitare
564 2886 600 2930 9,
631 2889 664 2929 1,
694 2889 747 2920 12.
