1728 3002
435 228 726 297 Praepropere
752 248 810 259 -—
840 226 1069 270 Praesideo
1439 227 1523 268 685

51 343 199 376 sonum,
234 343 339 377 quem
363 331 503 376 junctae
526 330 705 374 efficiunt,
738 339 804 373 an,
835 340 942 374 quem
973 333 1175 373 separatae,
1220 328 1412 364 observare
1442 337 1529 363 con-

0 384 10 401 f
46 379 171 412 veniat
196 381 229 418 1,
250 379 287 421 7,
311 381 346 413 7.
372 377 416 419 cs.
440 375 475 411 4.
501 377 533 412 5.
558 378 592 412 6.
619 374 656 411 in
679 375 943 421 praepositione
965 374 996 408 B
1021 375 1144 410 literae
1167 373 1336 409 absonam
1359 380 1396 409 et
1417 373 1531 418 ipsam

0 431 2 440 ’
50 425 76 455 S
101 423 323 466 subjiciendo
351 425 406 466 12,
435 425 490 465 10,
511 425 566 456 32.
592 433 682 466 quae
707 420 1026 466 praepositionibus
1049 421 1087 454 in
1110 421 1325 455 contrarium
1351 426 1531 455 mutantur

0 467 3 477 '
49 471 131 503 Non
156 469 351 503 emissus
377 479 432 502 ex
454 469 556 511 urbe,
580 469 643 501 sed
666 467 903 502 immissus
926 468 962 500 in
985 468 1108 501 urbem
1139 475 1200 501 eto-
1224 469 1258 507 9.
1282 468 1315 507 3,
1337 468 1398 504 71.

4 513 308 570 Praepropere.
354 536 471 569 neque
497 537 550 570 pr.
577 525 815 571 destringatur
837 524 1022 558 immatura
1045 525 1146 558 frons
1171 526 1227 567 12,
1250 523 1286 566 6,
1308 526 1344 558 2.
1377 533 1382 542 ’

2 569 268 629 fraescribo-
314 582 345 622 1)
373 583 468 626 quod
491 588 614 620 natura
640 581 716 625 ipsa
740 581 844 615 nobis
867 580 1074 625 praescribit
1091 582 1126 623 3,
1147 581 1184 623 6,
1210 582 1267 616 80.
1293 579 1352 624 (ο.
1377 583 1402 615 1.
1426 590 1533 624 prae-

51 627 178 670 stabit)
206 631 263 669 10,
286 629 322 669 3,
351 630 408 662 15.
455 627 574 662 dicere
601 637 645 661 eo
668 629 798 669 modo,
835 639 938 671 quem
974 633 1157 662 accusator
1186 625 1327 661 actione
1354 625 1532 673 praescri-

2 688 6 691 ·
49 674 159 717 pserit
177 672 212 715 4,
237 676 271 716 1,
298 675 356 708 32.
402 673 452 715 11)
490 677 521 707 in
555 674 710 717 judiciis.-
754 672 991 720 ignominioso
1028 675 1167 717 (patri)
1196 672 1291 706 filius
1321 670 1531 718 praescribit

28 722 92 760 Ἰ7,
125 721 170 762 5,
203 720 238 752 3.

2 761 298 819 Ρϊὸθδῦῐῗρῐὶθο
345 773 544 817 (ictorum)
577 787 622 810 an
662 785 736 810 non
773 773 1071 820 praescriptiones
1105 775 1200 809 easd.
1234 785 1358 809 omnes
1392 773 1532 818 species

50 821 204 863 habent,
235 830 321 865 quas
344 832 409 855 eae
431 822 531 868 leges
546 846 557 864 ,
594 820 720 866 quibus
745 821 882 868 agitur,
914 827 955 855 ut
981 826 1039 854 aut
1068 821 1112 855 de
1140 820 1296 863 nomine,
1321 826 1381 854 aut
1396 820 1531 865 scripto

53 874 114 900 etc.
138 867 352 910 quaeratur?
377 869 411 909 3,
434 867 470 908 6,
495 870 539 901 72
564 868 611 901 N.
636 868 793 907 suerunt,
819 868 880 910 qui
898 866 1188 910 praescriptionis
1217 873 1347 900 statum
1369 867 1530 900 facerent

50 913 86 947 7.
116 914 151 954 5,
174 915 208 945 2.
254 923 334 945 cum
358 923 405 946 ex
428 923 582 955 praescr.
610 914 654 946 lis
677 914 807 955 pendet
829 914 873 945 ib.
898 914 930 946 3.
956 924 988 946 v.
1012 913 1235 946 Intentio.

4 955 327 1011 Praescriptum.
386 967 428 1011 ιι)
451 970 604 1011 proprie.-
628 967 665 1001 in
693 968 784 1001 ceris
808 986 851 992 —
875 973 981 1002 extra
1000 979 1054 1011 pr.
1079 967 1201 1014 egredi
1228 971 1260 1009 1,
1288 969 1320 1010 1,
1345 970 1403 1002 27.
1434 969 1478 1014 β)
1500 969 1527 1002 ι’.

52 1026 85 1058 q,
108 1021 404 1056 praeceptum.-
430 1024 514 1046 num
538 1025 590 1057 pr.
618 1014 693 1056 ejus
716 1013 769 1047 rei
790 1014 900 1047 ullum
921 1013 1001 1046 est?
1029 1015 1064 1056 9,
1086 1014 1122 1056 4,
1151 1017 1226 1047 117.
1252 1024 1321 1047 una
1339 1014 1423 1057 ‘lex
1447 1024 1530 1047 cer-

51 1065 197 1102 tumque
218 1060 284 1103 pr.=
296 1058 331 1100 4,
356 1061 391 1100 2,
418 1059 476 1094 84.
523 1059 637 1092 omnis
675 1058 882 1103 disciplinae
911 1059 1011 1093 initia
1042 1060 1087 1092 ad
1121 1059 1342 1103 propositum
1374 1059 1442 1093 sibi
1473 1071 1528 1104 pr.

51 1103 201 1138 formari
228 1106 285 1146 10,
307 1107 343 1146 2,
367 1106 401 1138 2.
437 1104 473 1137 si
490 1115 563 1138 uno
586 1110 620 1139 et
643 1105 745 1139 brevi
769 1117 822 1149 pr.
848 1104 1090 1139 contineretur
1114 1103 1325 1148 (rhetorice)
1350 1108 1386 1148 2,
1414 1106 1471 1148 13,
1491 1108 1530 1140 2.

6 1147 228 1191 Praesens·
274 1160 311 1199 ι)
336 1163 548 1205 simpliciter.-
571 1161 798 1202 (testimonia)
823 1161 986 1206 dicuntur
1008 1173 1028 1195 a
1050 1161 1294 1205 praesentibus
1318 1161 1377 1206 (a.
1405 1166 1428 1196 1.
1454 1163 1529 1205 adj.

11 1234 14 1237 .
57 1205 230 1248 testibus)
253 1208 286 1248 5,
311 1210 344 1249 7,
370 1210 402 1240 1.
450 1218 530 1240 cum
553 1207 794 1251 praesentibus
824 1207 948 1254 ingens
972 1207 1149 1242 dimicatio
1177 1213 1230 1241 est
1252 1210 1303 1241 ίὸ.
1325 1210 1359 1242 3.
1391 1218 1459 1242 nos
1483 1209 1530 1242 de.

53 1251 296 1297 praesentibus
320 1252 366 1295 (ι’.
399 1265 427 1286 e.
450 1255 526 1296 qui
549 1266 658 1286 nuuc
687 1252 867 1296 vivan-1)
887 1253 1077 1298 ·loquimur
1112 1256 1166 1295 11,
1201 1256 1236 1296 3,
1273 1255 1349 1288 138.
1399 1254 1529 1298 quibus

7 1326 12 1330 s
53 1297 297 1342 praesentibus
320 1299 365 1330 sit
389 1304 529 1332 acturus
556 1301 597 1332 ib.
625 1301 700 1333 150.
748 1299 894 1344 singulis
928 1305 1060 1333 tantum
1092 1311 1208 1342 praes.
1242 1302 1275 1341 1,
1305 1303 1339 1342 2,
1368 1302 1434 1341 29ς
1477 1311 1529 1334 ex

0 1359 8 1363 >
44 1342 328 1387 ·praeteritis
350 1343 527 1377 aestimari
549 1345 666 1378 solent
687 1355 855 1387 praese
869 1344 969 1378 ntia
993 1346 1026 1383 5,
1064 1347 1119 1387 10,
1154 1346 1209 1382 28,
1255 1347 1294 1389 β)
1327 1358 1357 1378 c.
1392 1347 1528 1380 Saba..-

53 1389 172 1423 animo
201 1389 446 1432 praesenti
479 1395 515 1423 et
545 1390 658 1423 acri·
682 1391 717 1432 6,
751 1390 787 1433 4,
817 1392 851 1426 8.
899 1402 953 1434 pr.
991 1391 1199 1434 disceptatio
1225 1391 1259 1433 5,
1293 1394 1348 1434 11,
1379 1389 1435 1424 44.
1472 1402 1531 1436 pr.

15 1450 20 1455 ·
52 1434 264 1477 discriminis
287 1437 323 1477 2,
351 1437 403 1472 13.
427 1434 460 1468 4.
483 1447 536 1479 pr.
561 1437 739 1470 fortunam
763 1439 820 1479 10,
848 1440 882 1480 7,
905 1438 963 1470 32.
1009 1437 1187 1480 praesenti
1210 1437 1328 1473 fructu
1352 1436 1466 1471 landis
1483 1440 1529 1474 ib.

11 1503 13 1506 <
52 1483 112 1515 1⁷.
132 1479 275 1514 honesti
298 1491 351 1524 pr.
386 1480 502 1527 imago
536 1484 599 1524 12,
631 1486 672 1524 1,
706 1483 761 1516 28.
796 1494 850 1526 pr.
884 1482 1035 1526 impetus
1057 1483 1102 1525 6,
1137 1483 1195 1516 Pr.
1231 1482 1287 1523 14.
1333 1483 1530 1526 praesentis

36 1525 184 1569 vcupido
206 1525 320 1561 laudis
347 1528 400 1567 12,
424 1529 457 1568 9,
482 1530 499 1560 1
528 1528 575 1560 Ν.
600 1540 633 1561 υ.
663 1528 801 1562 Laus.
838 1540 893 1572 pr.
922 1528 994 1562 titis
1026 1532 1061 1571 2,
1094 1531 1129 1571 7,
1161 1528 1195 1562 4.
1245 1529 1363 1562 locum
1387 1539 1531 1572 prae-

54 1577 235 1606 sentem
260 1581 334 1604 non
360 1577 501 1605 totam
525 1584 665 1606 causam
689 1574 722 1615 5,
751 1575 807 1614 13,
838 1576 895 1608 31.
920 1573 964 1614 cs}
1003 1577 1058 1617 10,
1096 1577 1127 1616 1,
1164 1573 1220 1607 34.
1270 1573 1530 1617 proximum

54 1622 193 1660 tempus
226 1617 414 1659 lucemque
448 1629 594 1660 praes.
629 1621 685 1661 12,
721 1621 755 1661 2,
788 1621 845 1653 31.
891 1620 973 1653 luce
1006 1619 1249 1662 praesenti
1285 1631 1326 1652 ac
1357 1620 1531 1654 memoria

55 1661 363 1706 posteritatis
389 1665 444 1704 12,
468 1666 524 1704 11,
548 1665 604 1697 30.
630 1674 681 1706 pr.
706 1664 887 1698 materiam
913 1667 966 1707 10,
1002 1669 1034 1707 1,
1068 1667 1126 1699 67.
1166 1676 1220 1708 pr.
1252 1664 1372 1698 ofl'icio
1405 1668 1529 1712 11,‚2,

54 1707 114 1742 44.
141 1718 195 1751 pr.
219 1707 379 1751 periculo
403 1710 437 1746 7,
458 1707 494 1750 4,
522 1710 575 1742 18.
603 1720 656 1752 pr.
677 1709 858 1752 potentiae
891 1712 948 1751 12,
981 1712 1036 1752 10,
1072 1711 1127 1743 13.
1163 1722 1216 1753 pr.
1251 1711 1471 1753 propositum
1493 1713 1530 1754 5,

36 1756 113 1793 ι11,
135 1755 192 1787 31.
216 1759 331 1790 actum
354 1751 407 1785 rei
429 1763 650 1798 pugnamque
677 1766 733 1797 pr.
761 1758 816 1795 10,
844 1758 875 1796 1,
903 1757 958 1788 31.
989 1767 1042 1798 pr.
1075 1755 1234 1798 quaestio
1263 1755 1296 1796 4,
1331 1760 1361 1796 1,
1398 1756 1457 1790 45.
1491 1760 1528 1799 7,

55 1801 91 1840 2,
113 1799 171 1833 29.
198 1801 252 1839 11,
278 1801 310 1838 1,
333 1797 390 1831 63.
435 1797 605 1844 imagines
626 1810 744 1833 rerum
777 1812 795 1833 a
811 1801 1042 1834 bsentium
1072 1800 1120 1835 ita
1146 1806 1465 1844 repraesentantur,
1489 1807 1531 1837 ut

57 1854 118 1878 eas
141 1847 413 1886 praesentes
438 1844 570 1877 habere.
593 1843 777 1878 videamur
795 1847 830 1887 6,
854 1848 888 1886 2,
912 1847 969 1880 29.
1017 1857 1097 1880 cum
1129 1858 1168 1879 re
1191 1846 1367 1889 praesenti
1393 1847 1530 1880 delibe-

54 1890 203 1924 randum
228 1890 263 1930 9,
286 1886 322 1929 4,
348 1890 424 1921 117.
471 1890 508 1921 in
530 1901 570 1923 re
593 1892 769 1932 praesenti
793 1890 962 1925 accidisse
985 1892 1020 1933 6,
1045 1895 1079 1934 2,
1102 1894 1156 1926 31.
1182 1893 1281 1925 velut
1303 1891 1340 1925 in
1364 1903 1404 1925 re
1427 1904 1533 1936 prae-

55 1940 156 1970 sente
181 1933 238 1976 (a.
265 1937 287 1966 1.
312 1933 511 1976 praesenti)
536 1937 570 1976 7,
596 1938 651 1975 10,
678 1939 731 1969 11.
778 1938 877 1969 velut
910 1936 946 1970 in
978 1948 1054 1970 rem
1087 1948 1142 1980 pr.
1173 1937 1311 1970 animos
1345 1938 1530 1972 hominnm

58 1980 260 2015 ducentium
282 1978 318 2020 6,
344 1981 376 2020 1,
400 1981 456 2012 31.
483 1981 525 2012 ad
550 1987 769 2023 praesentem
786 1993 906 2015 rerum
925 1988 1052 2015 statum
1076 1985 1117 2016 ib.
1143 1984 1198 2016 35.
1222 1993 1294 2016 non
1312 1984 1354 2016 ad
1379 1995 1528 2026 praes.

57 2028 164 2062 modo
188 2030 324 2067 tempus
348 2025 411 2057 sed
439 2025 542 2058 etiam
565 2026 601 2058 iu
629 2027 839 2059 futurum
866 2031 921 2069 11,
936 2030 969 2070 3,
993 2032 1050 2061 21.
1079 2027 1124 2068 qs.
1145 2031 1199 2070 10,
1214 2032 1249 2070 7,
1265 2031 1319 2062 31.
1347 2031 1531 2072 Quaestio,

57 2072 118 2108 An
149 2070 296 2111 fecerit,
341 2069 463 2112 incipit
496 2081 516 2103 a
545 2072 749 2105 secundo
782 2077 960 2115 tempore,
998 2072 1035 2106 id
1069 2078 1142 2115 est,
1175 2074 1445 2117 praesenti,
1486 2087 1530 2110 ac

61 2117 189 2152 deinde
230 2116 485 2156 conjuncto
518 2119 553 2157 7,
583 2120 617 2158 2,
655 2116 701 2151 46
733 2118 801 2158 N.;
839 2128 909 2161 quo
942 2129 1059 2162 neque
1097 2119 1397 2162 praesentius
1431 2120 1528 2154 aliud

54 2174 173 2207 neque
196 2160 319 2194 studiis
345 2161 490 2207 magis
513 2161 745 2205 proprium
768 2173 896 2196 numen
932 2169 985 2197 est
1008 2164 1042 2206 4,
1072 2165 1131 2205 Pr.
1168 2165 1211 2204 53
1242 2165 1530 2208 praesentissimo

58 2207 208 2243 consitio
233 2210 267 2248 2,
292 2207 346 2245 13,
374 2207 428 2240 15.
474 2206 510 2239 in
534 2207 824 2251 praesentissimis
847 2209 1044 2253 quibusque
1074 2209 1240 2253 periculis
1266 2213 1321 2253 10,
1345 2214 1380 2254 7,
1405 2214 1439 2246 1.

10 2253 273 2297 Praesentia.
319 2261 487 2307 fingamus
511 2262 546 2296 in
572 2263 768 2306 praesentia
794 2264 885 2299 scire
908 2266 943 2308 5,
969 2269 1000 2307 7,
1027 2266 1081 2300 15.
1115 2265 1160 2306 cs.
1196 2267 1236 2308 8,
1269 2267 1324 2301 Pr.
1361 2269 1396 2304 3.
1443 2267 1530 2312 quid

0 2308 4 2312 ’
56 2311 95 2344 in
118 2308 316 2354 praesentia
339 2309 521 2342 videretur
545 2309 714 2353 optimum
737 2311 772 2351 9,
797 2308 830 2348 4,
868 2312 932 2346 109
956 2312 1001 2344 N.
1027 2310 1073 2352 cs.
1101 2313 1156 2354 10,
1183 2315 1216 2354 7,
1239 2315 1297 2346 22.

0 2355 280 2398 Praesertim.
326 2364 551 2410 grammatice
574 2367 661 2400 fines
690 2376 773 2399 suos
797 2365 912 2409 norit,
949 2378 1001 2410 pr.
1036 2372 1170 2401 tantum
1199 2369 1242 2401 ab
1280 2370 1348 2403 hac
1371 2371 1530 2414 appella-

58 2411 165 2445 tionis
188 2421 272 2443 suae
297 2415 499 2453 paupertate
521 2418 691 2455 provecta
715 2415 748 2453 2,
782 2415 814 2451 1,
839 2410 872 2445 4.
921 2423 1037 2456 neque
1060 2414 1130 2446 hoc
1157 2424 1295 2457 semper
1321 2415 1531 2463 contingere

0 2462 1 2475 ¹
56 2461 197 2500 potest,
229 2467 281 2499 pr.
307 2454 439 2489 oratori
468 2458 523 2497 10,
546 2456 581 2498 4,
612 2458 644 2491 3.
671 2456 715 2498 cs.
740 2459 774 2495 9.
798 2460 832 2498 3,
861 2459 917 2491 73.
948 2462 1001 2498 11,
1027 2461 1058 2499 1,
1084 2460 1140 2492 74.
1178 2463 1231 2502 lt,
1256 2463 1289 2502 2,
1314 2463 1370 2494 38.
1411 2465 1467 2506 12,
1492 2465 1529 2505 8,

55 2503 104 2544 83
135 2513 231 2535 cum
260 2511 321 2543 pr.
343 2502 454 2535 multo
479 2503 556 2544 plus
585 2503 712 2536 secreti
736 2503 849 2536 studia
877 2502 1078 2536 desiderent
1101 2506 1134 2546 1,
1163 2507 1197 2546 2,
1234 2508 1287 2540 11.
1323 2505 1368 2547 cs.
1402 2510 1436 2549 1,
1471 2511 1529 2552 11,

59 2550 116 2582 17.
139 2551 171 2589 1,
197 2549 250 2588 12,
270 2544 304 2580 4.
330 2549 363 2586 2,
392 2549 448 2589 21,
481 2549 535 2580 13.
566 2550 687 2590 3,2‚2.
712 2548 863 2590 8‚6‚74.
892 2551 944 2589 10,
972 2552 1002 2590 1,
1030 2549 1107 2583 105.
1135 2552 1187 2589 12,
1215 2551 1246 2586 3.
1273 2552 1307 2586 6.
1335 2555 1389 2594 12,
1413 2555 1448 2591 7.
1474 2557 1530 2588 11.

11 2596 14 2599 “
55 2603 118 2637 pr.
146 2603 244 2626 cum
267 2592 437 2635 plurimae
470 2594 699 2636 probationes
712 2593 750 2627 in
769 2594 846 2635 ipso
864 2595 1472 2639 causarumcomplexureperiantur
1494 2600 1530 2643 5,

19 2646 21 2652 ·
57 2641 114 2681 10,
142 2639 218 2672 103.
245 2637 289 2678 cs.
324 2640 359 2679 7,
385 2639 419 2680 9,
445 2641 499 2671 12.

11 2677 202 2734 traeses.
248 2694 411 2738 praeside
436 2695 606 2728 bellorum
634 2695 700 2729 deo
726 2697 759 2738 3,
783 2699 816 2738 7,
843 2694 875 2730 5.

11 2735 253 2780 ‘praesideo-
299 2751 475 2793 nem-um,
507 2762 592 2795 quas
614 2751 817 2795 praesidere
846 2753 984 2786 vatibus
1016 2752 1188 2786 creditum
1224 2759 1277 2788 est
1312 2757 1368 2797 10,
1400 2758 1435 2799 1,
1469 2754 1530 2791 45.

59 2795 298 2836 praesidentes
321 2796 444 2830 studiis
468 2797 556 2831 deae
583 2799 626 2832 ib.
651 2799 685 2834 9.
712 2798 948 2840 praesidentes
971 2798 1191 2846 magistratus
1214 2800 1254 2845 6,
1276 2799 1312 2843 4,
1337 2803 1394 2834 11.

0 2790 7 2961 Ξ
