1728 3002
202 178 284 230 458
860 175 863 183 ’
878 187 964 230 Iste
993 212 1050 220 -
1076 173 1141 232 Ita

246 313 335 347 que,
362 312 473 348 quae
500 300 594 335 sint
617 298 730 334 istis
755 302 953 344 contraria,
979 302 1102 337 dicunt
1125 305 1182 347 10,
1207 305 1241 346 1,
1265 303 1322 339 35.
1369 304 1525 348 Eorum,
1549 296 1709 349 qnos‘v‘

247 349 412 392 (terim,
440 351 548 394 longe
570 345 736 391 princeps
763 347 980 393 Pomponius
1003 350 1186 384 Secundus
1211 349 1336 386 ib..98.
1362 349 1408 392 cs.
1431 353 1488 394 11,
1512 353 1546 393 3,
1574 353 1633 385 92.
1671 361 1700 384 c·

243 395 316 440 pite
343 401 448 439 atque
475 393 630 427 humeris
655 394 707 426 ad
732 392 799 434 id,
829 405 920 438 quo
942 406 1066 430 manus
1089 395 1298 439 feratur,
1325 396 1646 432 obsecundantibus
1671 399 1690 430 1

247 444 280 482 3,
305 443 362 476 92.
430 439 472 486 β)
505 440 550 474 id
577 440 693 483 quod
719 449 906 475 commune
930 447 983 475 est
1011 441 1188 485 omnibus,
1236 441 1329 489 Quid
1355 442 1401 476 sit
1422 446 1531 476 status
1557 450 1643 483 erc„
1673 440 1687 475 i

246 488 416 520 tuendum
439 492 537 530 puto.
567 487 608 528 3,
632 485 673 527 6,
699 487 716 517 1
740 487 786 518 N·
820 487 1110 532 frequentissime
1133 497 1247 530 vero,
1277 487 1323 522 id
1339 489 1473 532 quod
1495 487 1671 523 firmissim
1710 528 1712 530 v

246 539 320 576 est,
345 544 524 577 nunquam
546 531 590 565 iis
615 541 868 573 responsurum
891 533 1132 568 adversarium
1154 533 1266 568 fuisse
1291 533 1325 575 5,
1345 536 1402 578 13,
1421 532 1480 568 46.
1512 532 1562 567 ita
1584 544 1694 578 appar

246 578 297 612 bit
322 584 382 612 aut
403 579 461 621 id,
485 578 605 623 quod
631 577 801 621 optimum
824 584 889 622 est,
918 585 978 613 aut
1002 579 1067 622 id,
1096 580 1215 624 quod
1238 579 1382 614 minime
1404 581 1538 614 malum
1555 582 1592 623 7;
1615 582 1650 623 1,
1674 580 1695 613 3

247 625 293 665 cf.
318 627 354 668 8,
377 627 413 667 2,
436 628 470 659 7.
500 626 535 666 3,
559 626 593 666 3,
617 621 674 657 41.
702 626 760 657 73.
795 627 851 671 10,
881 629 912 668 1,
936 625 992 660 84.
1027 629 1084 670 11,
1108 629 1143 670 3,
1171 627 1250 662 160.
1285 629 1342 670 12,
1367 629 1402 670 1,
1427 628 1460 660 1.
1486 626 1520 660 8.
1556 628 1613 668 12,
1633 627 1669 669 2,
1705 664 1707 670 ,

247 671 297 715 (α.
325 675 345 705 l.
373 683 435 704 om.
457 669 512 713 id)
540 672 572 712 5,
599 671 656 711 10,
681 670 735 704 56.
773 673 828 712 12,
854 673 910 714 11,
938 675 992 706 11.
1560 712 1562 715 .
1703 674 1720 706 ’.

339 716 408 760 IV)
443 719 496 750 Id
520 723 601 749 est.-
639 716 688 748 Id
709 722 783 749 esst
805 717 977 751 inductio.
1003 717 1038 760 5,
1063 719 1127 760 11,
1151 719 1173 752 3
1191 718 1236 752 Ν.
1262 716 1310 751 id
1333 716 1422 752 erit
1443 716 1556 751 finitio
1580 719 1616 760 7,
1638 716 1672 759 8,

248 764 262 796 1
287 763 307 795 d
334 762 398 806 (sic
425 765 551 804 Codd.;
578 765 666 803 vulg.
691 761 756 804 Ea)
784 763 943 810 vulgaris
962 762 1084 807 opinio
1111 768 1182 797 est
1210 765 1244 807 1,
1270 765 1326 806 10,
1355 764 1400 802 35
1423 763 1470 797 Ν.
1491 769 1585 796 cnei
1606 763 1641 796 S.
1685 763 1701 796 1

248 809 370 843 enim
396 815 488 852 est,
517 807 577 842 An
599 808 692 841 male
717 810 837 843 facere
860 809 1015 844 voluerit
1032 813 1067 852 7,
1085 812 1120 853 2,
1138 810 1192 844 56.
1240 808 1442 851 Adiecisset
1468 807 1561 843 enim
1575 828 1621 834 —
1635 819 1707 852 ‘1110

250 855 442 889 desiderari
469 860 598 899 potest.
656 854 703 886 Id
730 861 802 889 est
831 862 1000 898 autem,
1033 861 1071 888 ut
1102 861 1196 890 esset
1216 856 1328 889 multo
1351 855 1462 901 magis
1485 865 1631 900 pugnax
1660 852 1728 893 etc}

251 904 314 943 10,
339 904 372 944 1,
400 903 477 934 120.
511 907 629 934 utrum
654 900 697 932 id
722 901 782 935 sit
806 907 936 944 status,
978 913 1022 935 an
1046 901 1084 935 in
1108 912 1152 936 eo
1178 906 1287 936 status
1313 903 1354 944 3,
1378 901 1422 944 6,
1445 902 1512 943 213
1549 899 1690 944 proxim
1719 899 1728 906 “

247 947 339 982 liber
373 959 392 980 a
418 947 530 991 prima
555 945 695 989 (parre),
721 947 757 980 id
782 954 836 981 est
860 948 1014 982 exordio
1038 947 1124 991 (Sp.
1149 946 1350 992 prooemia,
1384 946 1430 980 id
1453 951 1541 990 est,
1569 945 1712 987 exordi

248 993 394 1037 incipiet
419 996 460 1035 3,
486 995 541 1034 11,
566 994 612 1027 28
627 996 693 1034 Z.‚·
725 993 895 1038 quidquid
922 1004 1028 1038 supra
1053 993 1117 1027 tris
1144 994 1319 1038 syllabas,
1356 993 1403 1027 id
1427 998 1522 1035 est,
1555 1003 1604 1026 ex
1625 991 1728 1035 phu-iai

250 1040 316 1073 bus
341 1039 490 1083 pedibus
514 1041 549 1081 9,
574 1037 608 1082 4,
634 1039 689 1072 80.
717 1039 760 1080 cs.
787 1043 819 1082 1,
844 1042 878 1083 9,
909 1043 939 1074 1.
967 1044 1000 1083 1,
1027 1040 1059 1082 5,
1083 1038 1140 1075 49.
1167 1042 1199 1082 1,
1226 1043 1282 1082 11,
1309 1042 1364 1072 12.
1389 1045 1451 1072 εἰσ.
1497 1038 1699 1084 111111110ςαί

250 1086 321 1120 1100
346 1085 520 1119 rationale
543 1095 654 1131 genus
681 1085 915 1132 Hermagoras
935 1092 1004 1130 atq.
1022 1097 1102 1119 eum
1118 1085 1230 1119 secuti
1245 1090 1395 1128 vocant,
1422 1084 1471 1119 id
1493 1089 1566 1119 est
1583 1082 1708 1127 vopu'

253 1138 288 1166 et
311 1128 459 1175 λογικόν
486 1134 519 1174 3,
546 1135 579 1173 5,
603 1130 626 1163 4
645 1131 691 1164 N.
712 1145 758 1165 cr.
796 1129 961 1177 ἐκβάσεις
984 1132 1028 1165 id
1056 1137 1124 1166 est
1147 1130 1264 1166 exitus
1288 1131 1324 1173 5,
1351 1133 1407 1173 10,
1431 1130 1487 1165 86.

345 1177 397 1220 V)
430 1191 517 1221 seqq.
548 1177 855 1220 conjunctionibus:
885 1178 931 1211 id
956 1178 1050 1224 agit,
1075 1183 1122 1211 ut
1146 1177 1286 1212 minore
1314 1176 1451 1212 invidia
1478 1175 1616 1210 laboret
1636 1174 1673 1217 9,
1719 1178 1722 1181 ’

249 1223 306 1256 (52.
356 1224 402 1255 Id
429 1224 522 1257 enim
547 1225 632 1265 (Sp.
659 1222 753 1266 esse)
776 1235 859 1257 raro
883 1224 1085 1257 faciendum
1111 1223 1228 1266 judico
1256 1229 1301 1248 -ὸ
1329 1228 1376 1256 ut
1398 1228 1492 1256 totus
1515 1221 1604 1256 ordo
1626 1224 1667 1254 re

249 1273 343 1300 tatur
366 1268 402 1310 4,
423 1271 457 1309 2,
485 1269 563 1302 128.
591 1280 623 1300 v.
649 1267 758 1314 Ago.
787 1270 973 1303 Laboro.
1003 1269 1041 1303 is
1065 1268 1206 1302 dicendi
1227 1269 1373 1312 modus,
1396 1274 1443 1302 ut
1466 1266 1542 1301 nec
1561 1265 1646 1311 quid
1670 1265 1694 1298 d

251 1315 296 1346 sit
320 1314 354 1346 in
379 1324 423 1347 eo
442 1321 502 1347 etc.
526 1312 690 1347 invenias
708 1316 763 1356 10,
781 1317 814 1355 1,
829 1315 884 1348 76.
919 1314 965 1347 id.
987 1325 1062 1347 non
1085 1314 1129 1347 sit
1149 1313 1345 1358 propositi,
1369 1319 1418 1347 ut
1442 1320 1503 1346 eto.
1526 1314 1581 1354 10,
1600 1315 1633 1354 1,
1650 1313 1696 1346 10

253 1360 431 1405 Quantum
455 1358 593 1403 possis,
618 1358 662 1391 in
687 1370 739 1393 eo
768 1370 908 1403 semper
930 1359 1118 1403 experire,
1153 1364 1198 1391 ut
1222 1358 1337 1398 prosis
1360 1360 1396 1400 9,
1419 1360 1454 1399 3,
1477 1357 1547 1399 763
1579 1367 1662 1391 nam
1685 1356 1716 1389 i·

252 1405 458 1449 quidem,
492 1416 546 1437 ne
579 1416 647 1447 qua
675 1406 754 1448 (Sp.
780 1416 863 1438 nam
886 1403 950 1445 ne)
981 1403 1155 1439 contraria
1181 1411 1242 1439 etc.
1272 1404 1308 1437 in
1334 1403 1536 1445 narratione
1561 1402 1700 1436 dicamu
1725 1411 1728 1413 ·

251 1452 280 1485 si
307 1451 374 1490 cui-
389 1450 676 1495 praecipiendum
700 1456 753 1484 est
775 1450 819 1493 4,
849 1453 892 1494 2,
915 1451 984 1493 603
1019 1450 1058 1484 in
1081 1455 1228 1494 utraque
1251 1454 1351 1493 parte
1373 1444 1655 1493 ittambiginm
1682 1458 1703 1482 a

252 1505 314 1531 etc.
339 1500 380 1540 7,
403 1500 438 1538 7,
467 1499 508 1539 13
545 1496 623 1530 sive
647 1507 729 1530 eum
754 1495 868 1530 movit
890 1496 937 1530 id
966 1496 1050 1540 (Sp.
1075 1495 1177 1538 orm),
1214 1495 1336 1540 quod
1358 1495 1598 1541 Hermagoras
1619 1492 1675 1537 pri

250 1543 287 1577 in
315 1544 386 1577 hoc
410 1544 493 1576 loco
516 1542 636 1586 posuit
657 1544 822 1586 exempla
846 1553 894 1576 ex
918 1541 1181 1588 quaestionibus
1199 1541 1286 1584 juris
1309 1543 1344 1583 3,
1367 1541 1402 1584 6,
1427 1540 1473 1575 59
1489 1544 1552 1585 253
1580 1539 1659 1574 s'rve

252 1591 338 1623 hoc
365 1588 531 1622 duxerint
556 1599 707 1630 nomen,
733 1589 854 1632 quod
876 1608 944 1630 -,
973 1588 1050 1621 sive
1079 1598 1137 1621 ex
1163 1597 1239 1629 eo,
1263 1587 1380 1632 quod
1403 1593 1463 1620 etc.
1488 1587 1524 1629 9,
1551 1588 1584 1629 1,
1609 1588 1642 1620 1.

252 1646 325 1669 non
354 1645 406 1669 eo
432 1640 566 1676 tantum
593 1636 655 1674 (sc.
679 1633 840 1677 valet),
866 1635 981 1678 quod
1004 1652 1051 1659 —
1074 1632 1163 1666 nihil
1191 1632 1236 1666 sit
1258 1631 1409 1676 publicis
1432 1630 1650 1676 privatisque
1708 1671 1714 1679 .

251 1683 318 1715 bus
341 1680 576 1724 perniciosius
609 1679 813 1724 eloquentia
847 1683 911 1723 12,
941 1683 958 1713 1
973 1705 984 1722 ,
1009 1682 1027 1713 1
1049 1681 1096 1713 Ν.
1115 1685 1146 1712 et
1161 1680 1255 1714 AM.
1273 1691 1304 1712 υ.
1325 1678 1410 1721 Εο;
1444 1677 1583 1722 saepius
1599 1677 1658 1723 ‚id

254 1727 487 1769 accusatoris,
512 1732 675 1760 avertere
698 1726 851 1771 judicem
875 1737 896 1760 a
917 1725 1144 1759 miseratione
1170 1725 1206 1768 6,
1231 1727 1264 1769 1,
1287 1725 1344 1762 20.

208 1770 310 1815 Iste.
346 1782 387 1827 α)
398 1786 605 1826 adproxima
628 1787 788 1817 relatum:
818 1793 893 1816 non
920 1783 1006 1818 hoo
1034 1781 1181 1828 agimus,
1206 1786 1245 1814 ut
1261 1780 1387 1818 istud
1405 1778 1503 1822 illi,
1533 1789 1638 1824 quem
1654 1779 1695 1813 fo

254 1842 402 1873 mamus,
427 1830 507 1866 viro
527 1841 634 1874 saepe
658 1829 702 1863 sit
715 1828 911 1863 faciendum
929 1827 1096 1871 12,1,44.
1106 1828 1152 1861 Ut
1166 1827 1234 1861 ista
1253 1827 1466 1863 concedam:
1491 1831 1528 1859 tu
1537 1833 1605 1860 nec
1615 1825 1690 1860 infa

255 1888 294 1910 es
319 1884 377 1916 etc:
403 1879 439 1919 7,
466 1879 499 1918 1,
526 1876 583 1910 51.
615 1886 682 1909 nec
704 1876 820 1908 solum
846 1872 1037 1909 scientibus
1061 1873 1149 1915 ista,
1175 1874 1238 1907 sed
1261 1871 1366 1909 etiam
1389 1871 1604 1906 discentibus
1627 1877 1699 1910 tra-

254 1934 333 1957 mus
359 1925 416 1964 11,
442 1926 475 1964 1,
502 1923 534 1956 5.
574 1922 774 1966 quanquam
800 1920 867 1955 ista
896 1920 967 1954 sint
993 1919 1182 1964 praecipua
1208 1921 1265 1962 10,
1289 1922 1325 1962 7,
1348 1918 1382 1953 5.
1409 1917 1454 1960 cf.
1479 1918 1514 1960 9,
1537 1918 1572 1959 4,
1597 1919 1652 1951 32.

252 1969 376 2012 justis,
406 1967 587 2010 honestis,
615 1966 780 2009 utilibus,
814 1966 966 2010 iisque,
1001 1977 1092 2010 quae
1115 1965 1185 1998 sint
1208 1963 1313 1999 istis
1337 1963 1514 1998 contraria
1539 1964 1594 2006 10,
1620 1966 1652 2005 1,
1674 1964 1698 1997 3

255 2021 380 2048 natura
411 2013 587 2058 permixta
619 2019 673 2047 est
707 2012 916 2046 omnibus
947 2012 1052 2047 istis
1084 2011 1198 2044 oratio
1231 2013 1295 2053 12,
1317 2013 1363 2053 2,
1386 2011 1446 2043 20.
1501 2008 1625 2043 Celsus
1651 2008 1706 2042 ho

254 2072 387 2094 nomen
410 2059 491 2093 isti
517 2061 652 2106 figurae
676 2059 773 2093 dedit
796 2059 831 2098 9,
849 2061 884 2101 2,
899 2057 956 2092 40.
989 2064 1186 2101 ceterarum
1209 2057 1350 2102 fulgore
1374 2055 1546 2090 virtutum
1568 2055 1646 2088 laus
1666 2053 1696 2088 is

254 2105 525 2151 praestringitur
548 2108 603 2147 10,
633 2108 665 2146 1,
687 2106 744 2140 92.
785 2106 950 2148 voluptas
975 2103 1042 2137 ista
1070 2105 1123 2144 10,
1148 2104 1182 2144 3,
1209 2102 1276 2144 24;
1302 2102 1440 2136 Seneca
1462 2100 1501 2134 in
1527 2099 1616 2136 ista
1642 2099 1707 2142 (ιι.·

257 2153 338 2195 om.)
364 2151 620 2192 controversia,
648 2151 781 2193 cujus
814 2161 949 2184 summa
968 2154 1022 2183 est
1039 2155 1100 2183 etc.
1124 2148 1158 2189 9,
1184 2150 1220 2189 2,
1244 2146 1301 2183 42.
1327 2158 1394 2182 nec
1414 2147 1554 2188 mirum,
1577 2146 1607 2179 si
1633 2145 1694 2179 ist
1715 2139 1728 2186 *¹

259 2209 371 2243 quae
396 2204 515 2234 tamen
536 2198 574 2230 in
603 2197 731 2240 aliquo
744 2195 860 2240 posita
877 2201 960 2230 sunt
977 2200 1096 2236 motu,
1124 2199 1257 2227 tantum
1279 2193 1315 2226 in
1337 2191 1461 2235 animis
1485 2193 1606 2225 vatent
1623 2153 1728 2321 lg}

257 2247 313 2279 (57.
338 2243 380 2288 β)
395 2257 467 2276 cum
493 2251 674 2277 contemtu.-
707 2241 871 2287 [istum
894 2239 954 2286 (Z.
976 2237 1093 2283 illum)
1119 2238 1275 2272 nescio
1301 2248 1429 2287 quem
1453 2248 1562 2270 unum
1592 2238 1705 2280 1‚2,9

257 2291 332 2326 Aut
359 2290 478 2323 dicant
500 2289 581 2324 isti
607 2288 714 2331 mihi,
743 2299 833 2333 quae
857 2286 902 2320 sit
927 2286 996 2322 alia
1019 2286 1111 2321 ratio
1135 2283 1315 2318 discendi?
1341 2285 1382 2325 1,
1409 2285 1482 2326 12,-
1495 2283 1531 2316 6.
1549 2281 1696 2328 *istisq

257 2335 461 2380 philosophi
488 2341 664 2369 vocantur
694 2337 758 2376 11,
788 2338 828 2377 1,
851 2332 908 2367 35.
947 2330 1164 2376 perturbatio
1191 2330 1297 2363 istum
1317 2328 1470 2373 mentis,
1504 2333 1543 2371 et
1566 2330 1718 2374 quaeda·

258 2383 435 2415 scelerum
460 2381 573 2415 offusa
596 2380 710 2426 caligo
735 2387 796 2415 etc.
822 2378 1026 2413 excitarunt
1051 2379 1092 2418 9,
1116 2378 1158 2419 3,
1181 2374 1247 2417 47;
1281 2374 1312 2410 O
1341 2385 1446 2419 quam
1468 2373 1563 2408 istud
1586 2384 1687 2419 parvi

256 2428 400 2471 putant!
431 2430 494 2468 12,
519 2430 559 2471 2,
585 2429 618 2460 3.
651 2426 786 2460 utinam
816 2430 888 2458 tam
909 2434 984 2467 non
1006 2422 1125 2469 pigeat
1150 2421 1271 2455 facere
1295 2420 1409 2460 istud,
1441 2431 1554 2464 quam,
1569 2431 1644 2458 non
1667 2419 1701 2454 d‘

257 2473 403 2516 pticebit
437 2476 477 2514 2,
506 2474 547 2514 5,
574 2475 630 2507 17.
667 2472 734 2508 ista
759 2469 972 2518 quaerendi,
1008 2467 1187 2512 judicandi
1217 2474 1278 2500 eto.
1315 2465 1502 2509 anxietas,
1541 2465 1691 2500 adhihen

260 2524 333 2556 est.
359 2520 440 2551 dum
465 2518 648 2560 discimus,
673 2527 746 2551 non
771 2517 853 2550 dum
875 2514 1022 2548 dicimus
1046 2515 1080 2557 8,
1109 2513 1170 2547 Pr.
1195 2514 1253 2549 29.
1284 2511 1352 2547 isto
1380 2511 1550 2563 caedendi
1572 2511 1692 2555 jure-a

259 2569 405 2597 utuntur
441 2567 479 2606 1,
515 2567 560 2607 3,
599 2565 653 2597 17.
696 2567 857 2597 veterem
891 2560 1023 2595 illum
1058 2556 1420 2596 horroreni'dicendi
1452 2557 1594 2600 malim,
1634 2568 1681 2602 qu
1711 2558 1714 2561 ’

260 2608 395 2642 istam
420 2620 551 2644 novam
573 2608 752 2644 licentiam
775 2609 817 2650 8,
841 2607 877 2651 5,
901 2606 961 2640 34.
1412 2614 1414 2616 ’
1702 2608 1728 2663 ’1

218 2665 331 2706 Ῑὸῐὶῦ-
382 2675 490 2709 hodie
514 2683 557 2710 te
582 2677 616 2711 is
627 2676 689 2710 tic
713 2686 856 2711 muscae
880 2672 1116 2708 comedissent
1141 2673 1353 2705 Sicinius.
1385 2672 1441 2711 11,
1465 2671 1500 2711 3,
1525 2671 1605 2704 129.
1691 2669 1728 2810 Α

218 2720 296 2762 Ῑίῐὶ·
351 2731 380 2773 1)
410 2734 568 2766 absentare.
615 2733 654 2775 α)
681 2735 725 2765 ml
761 2733 989 2765 antecedentia
1019 2733 1201 2772 peru'nem:
1234 2738 1337 2772 quam
1356 2737 1455 2770 spem
1475 2725 1695 2760 accusatori}

264 2779 368 2820 beat,
397 2777 560 2811 omnibus
585 2778 631 2811 ita
655 2779 811 2812 defensis
834 2780 870 2821 6,
896 2781 930 2822 1,
954 2778 975 2814 3
997 2777 1044 2812 Ν.
1078 2786 1160 2808 nam
1184 2774 1230 2807 ita
1255 2771 1363 2807 edidit
1383 2773 1419 2814 9,
1443 2770 1477 2815 4,
1501 2771 1558 2806 ⁷4.
1592 2773 1690 2815 deon
