1728 3002
195 163 281 202 906
845 155 1081 200 Transfero

240 274 338 310 sibus
356 278 469 308 aetate
487 271 707 306 transierunt
725 274 759 315 1,
776 271 812 315 4,
832 275 893 315 133
919 273 980 318 qui
999 273 1082 321 agit,
1109 278 1149 307 ut
1170 273 1304 317 prior
1325 273 1397 318 sit,
1421 274 1584 318 forsitan,
1608 273 1728 310 etiam-

241 321 369 356 sinon
399 318 680 362 transierit,
713 319 939 364 aequabit
972 322 1036 359 10,
1061 323 1104 359 2.
1137 321 1189 354 10.
1227 332 1259 353 υ.
1288 320 1573 366 Subsequor.
1631 321 1678 364 b)
1704 335 1728 356 c.

244 368 342 412 Obj.:
370 367 441 401 Sed
466 367 537 400 hoc
565 371 709 399 transeo
736 368 797 408 12,
821 370 862 409 2,
887 365 921 399 4.
947 365 993 407 cs.
1018 365 1052 408 4,
1079 369 1112 409 2,
1138 365 1195 400 43.
1219 367 1440 414 Protagoran
1457 367 1606 402 'transeo
1630 369 1673 412 3,
1699 366 1728 411 4.,

238 417 293 448 10.
322 413 368 454 cs.
393 415 449 455 10,
480 415 512 454 1,
540 414 596 446 57.
627 415 683 454 12,
713 414 744 455 l,
768 415 825 446 22.
857 415 912 455 12,
943 415 998 455 10,
1022 415 1078 447 22.
1113 418 1218 447 utne
1241 412 1279 446 id
1306 413 1451 458 quidem
1473 420 1651 448 transeam
1678 417 1728 458 11,

236 462 272 502 3,
302 462 389 502 131;
413 465 716 503 transeamusque,
741 460 836 503 quod
858 459 1091 492 Archimedes
1115 470 1207 492 unus
1231 459 1454 494 obsidionem
1479 459 1728 504 Syracusarum

236 507 276 540 in
305 506 448 552 longius
477 505 586 539 traxit
613 508 657 547 1,
685 507 746 547 10,
771 505 829 540 48.
865 511 1085 539 transeamus
1119 506 1155 539 id
1182 516 1348 550 quoque,
1381 507 1476 551 quod
1508 506 1728 554 grammatice

237 554 416 597 quondam
446 563 486 586 ac
510 551 645 585 musice
669 551 811 594 junctae
834 552 980 586 fuerunt
1006 555 1047 596 1,
1078 554 1140 595 10,
1167 554 1230 595 173
1267 559 1306 586 ut
1330 558 1530 596 transeam,
1565 554 1728 598 quemad-

236 601 381 633 modum
406 599 516 645 vulgo
541 597 697 641 imperiti
720 599 913 643 loquantur
937 601 954 632 1
969 625 978 642 ,
1003 599 1044 640 6,
1068 597 1135 641 45,
1171 609 1239 632 nec
1263 611 1284 632 a
1307 599 1413 632 nobis
1436 599 1659 646 negligenter
1682 600 1728 634 lo-

238 657 303 679 cus
330 645 398 679 iste
425 644 633 678 transibitur
657 647 696 685 2,
721 643 765 688 4,
793 648 846 679 17.
882 645 942 678 illa
974 655 1116 689 quoque
1146 644 1287 679 minora
1318 656 1392 679 non
1416 651 1498 679 sunt
1521 645 1728 680 transeunda

241 694 296 735 10,
327 694 360 734 3,
389 694 445 726 31.
471 690 641 725 continua
665 691 791 734 lectio,
818 697 853 725 et
877 702 968 736 quae
991 691 1126 738 magis,
1156 697 1191 725 et
1217 703 1308 736 quae
1337 691 1452 725 minus
1475 692 1646 734 haerent,
1675 702 1728 726 ae-

239 738 392 783 qualiter
415 737 541 771 transit
572 740 612 770 11
629 763 639 780 ‚
664 740 706 780 2,
729 736 794 772 34.
824 737 878 779 bf.
909 741 943 781 7,
969 738 1026 771 Pr.
1051 740 1084 772 3.
1116 737 1153 770 in
1178 739 1317 781 verbo,
1349 739 1444 782 quod
1460 764 1470 780 ,
1501 738 1533 772 si
1555 738 1593 772 in
1619 738 1728 772 media

235 790 338 829 parte
363 784 560 818 sententiae
585 785 687 826 latet,
722 784 943 818 t'ransire
967 783 1200 818 intentionem
1225 783 1276 827 (a.
1300 788 1321 818 1.
1351 784 1494 818 transiri
1519 782 1728 827 intentione]

238 837 274 865 et
298 832 408 864 obsc
423 829 560 864 urari
588 830 920 874 circumjacentibus
944 831 1034 865 solet
1061 831 1102 873 9,
1128 829 1170 873 4,
1194 832 1240 865 29
1260 831 1304 863 Ν.
1338 830 1389 864 sic
1422 830 1579 864 tirocinii
1603 837 1728 864 metum

235 877 415 911 transierit
440 880 497 920 12,
526 877 560 917 6,
584 880 626 919 73
651 877 996 911 inhonoratam
1019 876 1170 911 transire
1195 877 1374 925 noluimus
1398 877 1520 917 (artem
1541 875 1728 920 grammat-J

239 927 278 1011 1}
298 926 331 966 5,
359 925 423 965 543
462 934 508 956 ne
539 923 683 957 illorum
717 924 860 969 quidem
891 923 1074 968 persuasio
1099 922 1242 958 silentio
1267 924 1483 957 transeunda
1507 929 1562 957 est
1583 925 1620 966 2,
1643 924 1678 966 3,
1702 924 1728 956 1.

236 983 254 1003 c
273 994 282 1003 .
310 971 354 1012 5,
386 972 450 1013 12,
474 972 530 1004 23.

191 1047 443 1092 Transfero-
491 1059 526 1104 Ι)
551 1061 706 1106 proprie:
742 1071 821 1094 cum
844 1050 881 1094 in
905 1059 1085 1104 triumpho
1112 1060 1275 1096 Caesaris
1304 1062 1436 1096 eborea
1461 1059 1591 1105 oppida
1620 1069 1728 1093 essen·

236 1108 408 1141 translata
434 1107 467 1148 6,
486 1109 519 1149 3,
539 1108 597 1141 61.
627 1106 793 1140 subsellia
818 1106 861 1140 in
888 1107 1068 1141 basilicam
1093 1109 1372 1142 transferrentur
1397 1109 1451 1147 10,
1479 1108 1512 1150 5,
1539 1107 1595 1141 18.
1615 1111 1728 1139 ,πεπιε-

236 1154 316 1188 tulit
352 1153 541 1196 aliquando
583 1154 739 1196 puellam
784 1153 827 1186 in
863 1154 1014 1188 adversa
1047 1154 1216 1188 subsellia
1247 1155 1291 1198 6,
1325 1157 1363 1196 1,
1403 1155 1460 1189 39.
1490 1152 1659 1189 indicem,
1687 1162 1728 1186 ex

238 1200 454 1233 bibliotheca
482 1205 635 1232 sumtum
662 1200 857 1233 transferre
882 1199 928 1233 in
952 1201 1064 1234 libros
1087 1211 1172 1234 suos
1203 1203 1259 1243 10,
1286 1203 1318 1243 1,
1343 1201 1399 1235 57.
1426 1199 1457 1233 si
1482 1198 1603 1244 Scipio
1631 1208 1728 1232 exer·

205 1265 207 1271 ν
238 1246 346 1280 citum
377 1246 422 1278 in
451 1245 611 1279 Africam
637 1246 857 1279 transtulerit
884 1248 926 1289 3,
951 1247 986 1289 8,
1014 1250 1068 1281 17.
1098 1246 1207 1281 adulti
1230 1247 1309 1280 fere
1336 1245 1439 1294 puerxi
1464 1246 1609 1279 ad‘hos
1633 1254 1728 1288 prae—

239 1297 404 1335 ceptores
430 1292 692 1324 transferuntur
716 1295 750 1333 2,
779 1296 813 1333 2,
839 1294 883 1333 33
915 1304 1006 1335 quae
1033 1304 1082 1326 ex
1107 1293 1162 1327 his
1188 1293 1356 1336 (scriptis)
1379 1291 1629 1326 transferenda
1657 1301 1728 1323 sun·

236 1336 301 1381 (sc.
331 1340 363 1370 in
391 1340 493 1369 aliurn
522 1336 724 1379 codicillum)
751 1340 784 1378 1,
811 1340 844 1379 1,
873 1338 929 1371 28.
955 1339 1110 1371 transfer
1131 1341 1203 1372 hoc
1226 1339 1388 1372 ultimum
1404 1335 1596 1382 (verbum),
1619 1335 1728 1370 mintu

235 1383 371 1420 valebit
394 1384 437 1425 9,
461 1382 505 1423 4,
538 1384 594 1416 30.
627 1383 814 1415 translatus
844 1384 996 1416 annulus
1029 1384 1072 1425 (i.
1101 1397 1130 1417 e.
1162 1387 1194 1416 in
1226 1387 1329 1417 alium
1361 1382 1491 1426 locum)
1518 1385 1580 1424 11,
1604 1384 1650 1420 2,
1679 1383 1727 1417 30

237 1443 271 1463 v.
298 1431 380 1463 Per
392 1440 424 1461 m
436 1434 528 1462 uto.
596 1429 653 1469 II)
677 1432 792 1461 transl.
832 1429 872 1469 α)
897 1435 1066 1473 quattuor
1089 1429 1200 1464 libros
1224 1429 1272 1463 in
1296 1439 1408 1463 unum
1433 1427 1610 1462 transtulit
1632 1428 1678 1470 9,
1703 1429 1728 1461 2

237 1479 317 1510 102.
347 1486 427 1509 cum
453 1475 574 1509 ebur
610 1480 645 1508 et
668 1475 819 1508 robur
840 1493 887 1500 ·—-
910 1475 954 1508 in
979 1486 1002 1509 o
1025 1475 1164 1509 literam
1189 1477 1368 1510 secundae
1400 1475 1558 1519 syllabae
1583 1474 1728 1507 transfe-

235 1527 320 1556 runt
346 1524 362 1555 1
379 1545 389 1562 ‚
416 1523 461 1563 (5,
488 1524 545 1554 22.
571 1521 668 1564 quod
693 1521 736 1554 de
764 1520 902 1554 Pericle
927 1521 1062 1557 veteris
1086 1522 1294 1556 comoediae
1316 1521 1560 1556 testimonium
1584 1525 1660 1562 est,
1690 1519 1728 1553 ir

237 1570 334 1602 hunc
360 1567 546 1604 transferri
575 1566 766 1609 justissime
793 1569 849 1609 10,
876 1569 909 1609 1,
936 1569 992 1601 82.
1019 1579 1066 1602 ne
1096 1569 1144 1601 ab
1174 1579 1232 1610 eo,
1260 1568 1356 1613 quod
1380 1567 1459 1612 quis
1484 1566 1616 1610 optime
1638 1565 1728 1600 facit

237 1615 286 1648 in
312 1613 426 1657 aliud,
452 1614 509 1647 cui
533 1613 649 1646 minus
679 1618 733 1647 est
756 1612 930 1656 idoneus,
955 1615 1153 1648 transferas
1179 1614 1352 1660 (aliquem)
1375 1617 1418 1656 2,
1442 1615 1485 1651 8,
1508 1611 1572 1655 143
1599 1622 1728 1646 memo-

237 1661 327 1695 riam
354 1661 404 1693 ab
438 1660 558 1704 aliquo
592 1659 698 1693 simili
729 1660 947 1693 transferunt
970 1661 1025 1694 ad
1047 1660 1106 1703 id,
1144 1661 1239 1705 quod
1264 1659 1518 1694 continendum
1543 1663 1598 1693 est
1621 1660 1678 1700 11,
1701 1660 1728 1700 2.

238 1709 295 1741 30.
321 1708 391 1740 hoc
416 1706 524 1740 animi
547 1705 676 1750 vitium
700 1706 743 1739 ad
767 1706 954 1740 utilitatem
977 1717 1050 1740 non
1074 1706 1359 1742 transferemus?
1384 1707 1427 1749 6,
1453 1708 1496 1748 2,
1522 1707 1579 1739 31.
1609 1703 1728 1738 aliis(

238 1754 289 1787 ad
315 1753 434 1787 album
459 1763 500 1785 ac
525 1751 684 1786 rubricas
710 1753 965 1786 transtulerunt
992 1755 1054 1795 12,
1081 1754 1124 1795 3,
1151 1755 1190 1787 11
1217 1754 1264 1787 Ν.
1320 1751 1368 1796 β)
1403 1755 1435 1785 in
1465 1753 1576 1785 causis
1603 1752 1649 1792 ad
1676 1751 1728 1784 ad-

237 1812 354 1833 versas
379 1806 512 1842 paries.-
549 1810 623 1832 non
650 1798 742 1832 actio
766 1799 991 1839 transfertur,
1017 1799 1080 1832 sed
1105 1810 1211 1833 causa
1234 1801 1277 1842 3,
1303 1799 1344 1838 6,
1370 1799 1428 1834 79.
1462 1797 1506 1839 cs.
1528 1797 1585 1832 69.
1610 1798 1667 1831 70.
1690 1806 1728 1831 ιι(

237 1845 283 1879 in
308 1847 458 1879 alterum
483 1844 625 1888 quidem
650 1845 891 1878 transferendi
915 1844 1073 1878 criminis
1096 1856 1167 1889 una
1196 1846 1314 1878 forma
1339 1850 1393 1878 est
1415 1847 1458 1887 7,
1486 1846 1532 1886 2,
1559 1843 1592 1887 9.
1630 1841 1676 1884 cs.
1701 1844 1728 1885 7,

237 1891 280 1935 4,
307 1894 362 1926 13.
388 1903 422 1924 v.
443 1890 641 1925 Crimen.
669 1891 699 1924 si
724 1896 778 1924 est
802 1891 986 1934 proprium
1011 1891 1113 1935 (quod
1140 1894 1278 1934 protulit
1302 1889 1552 1932 adversarius),
1578 1893 1638 1922 aut
1659 1898 1728 1922 ne-

237 1939 464 1984 gandum,
490 1944 549 1970 aut
574 1938 956 1981 defendendum,
981 1942 1039 1970 aut
1064 1937 1450 1970 transferendum
1476 1935 1509 1977 5,
1538 1936 1594 1977 13,
1621 1933 1655 1968 4.
1688 1932 1728 1975 cf

236 1988 270 2020 7.
297 1986 331 2019 9.
360 1996 391 2017 v.
410 1983 645 2017 Defendo.
677 1985 816 2030 Neg0.
845 1995 913 2017 nec
935 1983 1049 2017 aliena
1071 1989 1206 2016 tantum
1231 1982 1524 2024 transferre,
1549 1981 1612 2015 sed
1632 1979 1728 2015 etiam

234 2030 397 2075 pluribus
420 2030 536 2064 modis
565 2035 771 2063 tractare
797 2032 853 2072 10,
878 2031 913 2071 5,
938 2031 972 2065 9.
1000 2029 1038 2063 in
1061 2034 1157 2062 tanta
1181 2039 1368 2063 causarum
1389 2027 1576 2069 varietate,
1599 2037 1728 2060 cum—

237 2076 307 2110 alia
334 2077 412 2119 jure
445 2081 824 2110 summoveantur
858 2077 921 2110 vel
952 2075 1314 2109 transferantur
1340 2081 1402 2108 ew.
1429 2076 1495 2116 12,
1519 2076 1562 2115 2,
1587 2074 1644 2107 15.
1677 2076 1728 2105 aut

236 2128 396 2156 nostram
420 2121 591 2155 invidiam
620 2122 902 2164 minuemus,
928 2127 987 2155 aut
1013 2122 1051 2155 in
1075 2121 1259 2155 diversum
1283 2131 1361 2154 eam
1386 2120 1728 2153 transferemus

238 2171 295 2211 11,
326 2172 358 2211 1,
383 2167 440 2202 64.
467 2168 645 2202 translatis
670 2174 805 2202 tantum
830 2168 1020 2212 aliquando
1039 2167 1196 2212 partibus
1220 2169 1254 2210 3,
1277 2168 1311 2209 6,
1333 2167 1391 2201 85.
1415 2166 1583 2199 translata
1604 2164 1728 2208 proba-

237 2214 348 2248 tionis
382 2215 594 2248 necessitate
632 2216 674 2248 ib.
703 2217 745 2248 13
805 2212 847 2259 y)
875 2227 916 2247 ex
949 2217 1058 2247 aliena
1095 2216 1228 2254 lingua.-
1261 2213 1371 2246 libros
1395 2209 1650 2255 Xenophontis
1674 2217 1728 2243 etc.

238 2261 309 2295 hoc
341 2271 473 2307 genere
509 2262 698 2294 translatos
725 2262 790 2302 10,
818 2261 862 2299 5,
888 2263 921 2293 2.
946 2261 1013 2293 hos
1038 2260 1212 2302 (Graecos
1241 2258 1414 2300 auctores)
1440 2255 1728 2291 transferentibut

239 2309 283 2340 ib.
310 2309 343 2340 3.
379 2307 475 2350 quod
507 2306 582 2340 Cic.
611 2306 667 2340 his
690 2306 813 2340 verbis
841 2307 1010 2340 transfert
1033 2307 1074 2348 5,
1105 2309 1166 2348 11,
1192 2309 1248 2340 27.
1286 2304 1362 2349 (μή
1379 2305 1469 2338 haec
1498 2314 1557 2337 ex
1597 2302 1728 2335 Graeca*¹

239 2354 496 2386 transtulerunt
521 2356 556 2395 2,
587 2355 642 2395 15,
667 2351 702 2386 4.
725 2351 770 2393 cs.
797 2353 832 2394 9,
858 2354 891 2392 3,
919 2354 974 2385 17.
1001 2354 1055 2386 55.
1084 2363 1151 2385 nec
1178 2351 1350 2385 inutiliter
1377 2361 1436 2384 ex
1463 2348 1617 2389 Graecis·
1633 2353 1728 2382 vete-

239 2409 297 2432 res
321 2404 426 2432 tran
441 2399 705 2441 stulerunt,
738 2399 832 2442 quod
858 2399 900 2431 ab
928 2397 972 2432 iis
995 2403 1235 2441 sumptum
1260 2399 1398 2431 Laenas
1422 2395 1581 2440 Popilius
1604 2392 1728 2438 posuit,

240 2455 320 2478 esse
356 2445 448 2478 hanc
480 2444 670 2478 inotiosam
699 2445 876 2478 actionem
903 2447 969 2486 11,
994 2446 1035 2486 3,
1064 2444 1153 2484 1833
1192 2455 1297 2488 quam
1319 2441 1548 2486 (vocem)=in
1572 2438 1728 2474 Latinum

240 2491 498 2524 transferentes
523 2494 566 2533 2,
595 2494 635 2533 1,
661 2489 694 2523 4.
730 2490 776 2531 cf.
802 2494 845 2532 2,
871 2489 935 2528 14,
961 2492 994 2523 1.
1022 2501 1127 2533 quam
1153 2487 1295 2532 (vocem)
1321 2488 1484 2532 proxime
1511 2497 1569 2520 ex
1594 2486 1728 2519 Graece

238 2538 497 2570 transferentes
524 2536 571 2570 in
596 2536 762 2569 Latinum
787 2539 803 2569 1
818 2562 827 2578 ,
851 2536 892 2578 6,
918 2538 981 2578 223
1007 2535 1133 2569 Latine
1164 2536 1207 2568 ad
1231 2536 1382 2570 verbum
1407 2534 1613 2567 translatum
1636 2532 1671 2573 7,
1698 2530 1728 2573 4,

238 2580 273 2615 4.
301 2581 346 2622 cs.
375 2586 409 2616 7.
459 2579 507 2625 ὃ)
534 2585 566 2615 in
591 2585 692 2616 aliam
717 2583 1001 2624 significationem.
1043 2581 1080 2623 a)
1109 2582 1323 2616 transfertur
1345 2590 1475 2613 nomen
1498 2582 1558 2611 ant
1583 2576 1728 2611 verbum

240 2636 297 2659 ex
329 2638 373 2660 eo
398 2630 492 2670 loco,
515 2629 552 2662 in
578 2639 649 2673 quo
668 2628 852 2672 proprium
878 2633 944 2670 est,
968 2627 1011 2660 in
1036 2639 1131 2670 eum,
1159 2627 1197 2660 in
1221 2638 1293 2672 quo
1317 2624 1561 2670 proprium
1589 2627 1647 2656 aut
1673 2623 1728 2656 de-

242 2677 319 2713 est,
350 2679 409 2706 aut
432 2676 730 2708 translatum
758 2674 960 2718 proprio
985 2673 1112 2707 melius
1136 2679 1190 2707 est
1214 2675 1260 2715 8,
1283 2673 1328 2714 6,
1358 2671 1389 2706 5.
1413 2669 1473 2703 ubi
1495 2669 1584 2702 nihil
1607 2669 1728 2702 horum

241 2719 455 2762 praestabit,
485 2722 582 2764 ‹suod
605 2721 861 2763 transferetur,
885 2719 1117 2763 improprium
1152 2719 1218 2753 erit
1244 2722 1285 2751 ib·
1310 2718 1346 2752 6.
1365 2721 1404 2750 ut
1433 2715 1527 2749 inter
1552 2714 1610 2757 id,
1638 2708 1728 2767 qudtl

243 2764 480 2806 transfertur,
511 2767 556 2800 sit
579 2766 718 2801 medius
743 2766 840 2810 quid.
867 2766 997 2812 gradus
1024 2769 1065 2800 ib.
1092 2765 1408 2810 38.proprietates,
1433 2772 1523 2805 quae
1551 2760 1728 2802 transferu
