1728 3002
153 218 239 260 3⁷6
659 214 883 258 Hactenus
925 239 981 247 —
1018 187 1188 259 Ham-io
1200 199 1213 209 .

199 332 279 366 dem
309 333 366 374 11,
391 333 426 374 3,
447 331 507 366 67.
542 329 697 373 habitus,
723 328 784 374 qul
808 339 888 368 esse
911 328 950 363 in
973 329 1098 365 statuis
1119 330 1330 375 pacificator
1350 332 1509 374 solemb.
1535 333 1604 369 119
1629 333 1696 376 N.;

197 377 339 413 habitus
362 376 516 421 optimus
541 375 688 421 (manus)
709 373 847 410 itm-12.
882 382 1101 419 aspectus
1125 382 1162 411 et
1184 376 1368 412 habitus
1393 377 1466 413 osis
1483 384 1520 414 et
1541 384 1698 426 gestus

198 434 276 460 non
301 424 497 458 inurbanus
524 424 559 466 6,
579 425 614 466 3,
639 423 696 458 26.
723 421 797 456 oris
823 421 946 455 habitu
970 422 1022 466 (a.
1039 426 1060 457 l.
1088 421 1200 466 hiatu)
1225 422 1332 467 simili
1356 430 1417 458 aut
1439 423 1584 460 diverso
1607 427 1642 468 9,
1659 425 1698 470 4,

200 469 258 508 34,
292 470 557 504 Demosthenes
580 485 627 491 —
653 480 705 504 ex
729 469 872 504 vultu
896 467 1072 512 ferientis,
1106 480 1155 503 ex
1181 469 1342 504 habitu
1368 468 1540 510 invidiam
1561 472 1698 507 Midiae

203 516 342 561 quaerit
366 517 401 559 6,
426 521 456 559 t,
473 519 529 551 17.
577 514 618 559 ῥ’)
646 518 670 550 i.
693 528 725 559 q.
751 517 936 549 vestitus
951 529 961 548 .-
985 521 1187 559 permutato
1204 527 1415 551 cumuxore
1437 515 1560 559 habitu
1575 521 1616 561 ·2,
1641 521 1698 562 17,

201 566 259 598 20.
287 562 332 603 cs,
353 564 387 605 3,
401 566 436 606 7,
449 563 483 597 6.
513 561 719 607 philosophi
741 580 789 588 —-
810 562 993 596 vultum
1017 568 1053 596 et
1076 562 1347 606 tristitiam,
1372 568 1409 597 et
1433 561 1699 600 dissentientem

203 621 224 644 a
248 608 378 643 ceteris
405 608 614 651 habitum
636 607 801 653 pessimis
824 607 984 642 moribus
1006 609 1287 652 praetendebant
1308 610 1368 643 Pr.
1387 611 1444 644 15.
1470 608 1554 644 hab.
1573 610 1702 645 trium-

201 654 336 700 phalis,
370 666 443 699 quo
468 654 557 688 nihil
580 653 780 701 excogitari
804 659 923 698 potest
951 654 1140 701 augustius
1161 657 1217 698 11,
1237 658 1270 699 1,
1294 657 1331 691 3.
1362 656 1408 689 ad
1431 666 1575 691 causam
1595 662 1703 691 extra

202 701 357 746 pertinet
380 701 533 744 habitus,
557 702 654 735 unde
678 711 746 745 pro
769 700 909 734 Milone
927 707 988 734 ac.
1003 700 1153 744 4‚1‚31.
1178 701 1224 736 ali
1275 703 1369 736 ando
1387 712 1512 736 eorum
1527 705 1704 747 (patrono-

205 746 296 791 rum)
315 748 457 782 habitus
481 753 580 782 recte
603 746 761 782 incusari
785 748 877 781 solet
902 748 1004 791 5‚13‚
1018 749 1075 783 39.
1123 746 1175 792 ΙΙ)
1197 754 1251 787 tr,
1275 752 1326 783 sl.:
1351 747 1536 782 habitus
1561 748 1704 793 qnidam
1724 787 1728 790 ,

205 800 241 829 et
262 794 363 839 quasi
385 800 505 840 gestus
529 793 594 838 (so.
617 794 860 834 sermonis)
885 793 936 827 sic
960 792 1000 837 (ἰ.
1019 807 1047 828 ε.
1072 793 1264 836 schemis)
1289 794 1491 839 appellandi
1515 801 1598 829 sunt
1618 796 1654 839 9,
1669 797 1704 839 1,

206 843 262 875 13.
291 841 451 874 habitum
473 840 591 886 ipsum
616 839 789 874 orationis
813 839 956 873 virilem
980 839 1014 882 5,
1035 843 1092 883 12,
1117 842 1175 876 18.
1197 850 1256 874 res
1280 840 1388 884 ipsas,
1414 851 1506 885 quae
1526 840 1591 874 illo
1617 852 1705 876 ver-

204 886 333 921 borum
361 887 485 921 habitu
510 886 716 923 vestiuntur
739 888 774 929 8,
802 887 859 920 Pr.
887 888 945 919 20.
973 886 1091 920 media
1104 897 1196 931 vox,
1220 897 1326 931 quem
1349 886 1508 920 habitum
1533 898 1554 920 a
1572 886 1706 921 nostris

205 933 395 977 acceperit,
421 935 518 968 hunc
543 933 702 978 judicum
726 931 853 967 animis
874 931 1090 976 dsbit11,3,
1104 933 1162 968 62.
1188 933 1387 968 animorum
1408 932 1553 966 habitus
1577 932 1706 977 (Plur.)

204 982 249 1013 ib.
259 979 317 1014 45.
343 981 426 1014 hab.
456 979 565 1013 animi
593 981 704 1014 semel
729 978 943 1018 constitutus
970 977 1007 1022 4,
1023 981 1058 1022 2,
1073 979 1151 1015 115.
1174 978 1425 1016 afuimus.
1450 977 1545 1013 affici
1567 978 1706 1016 animos

204 1025 244 1059 in
272 1026 436 1061 diversos
461 1027 603 1060 habitus
633 1029 666 1068 1,
693 1028 749 1068 10,
774 1027 831 1060 25.
867 1026 1024 1059 formare
1045 1025 1181 1068 animos
1203 1025 1243 1059 in
1269 1037 1369 1068 eum,
1395 1035 1502 1070 quem
1525 1026 1707 1069 volnn‘ms,

204 1072 365 1106 habitum
390 1074 424 1116 6,
452 1076 488 1116 2,
514 1076 547 1107 1.
572 1073 688 1106 omnis
714 1071 799 1116 (Sp.
826 1071 967 1113 omnes)
990 1071 1133 1106 habitus
1154 1071 1284 1106 mentis
1307 1071 1344 1114 6,
1357 1074 1392 1114 2,
1404 1072 1437 1107 9.
1463 1070 1510 1114 cs:
1524 1073 1582 1113 11,
1600 1074 1633 1111 1.
1649 1072 1711 1107 29.

207 1121 265 1161 11,
282 1121 316 1159 3,
331 1121 390 1154 78.
415 1130 533 1163 neque
557 1130 621 1153 ero
640 1125 711 1153 tam
736 1119 916 1161 credulus,
945 1123 986 1152 ut
1008 1118 1108 1163 quasi
1130 1118 1256 1153 habitu
1278 1117 1476 1152 tardiorem
1497 1117 1710 1152 firmiorem-

208 1176 278 1208 que
301 1166 510 1199 memoriam
534 1165 612 1200 fieri
635 1171 757 1210 putem
787 1167 844 1207 11,
868 1167 904 1208 2,
929 1162 964 1198 4.

162 1219 400 1262 Hactenus·
446 1233 635 1267 Sed-haec
659 1234 832 1268 hactenus
857 1232 902 1278 4,
927 1235 970 1277 2,
999 1235 1055 1269 30.
1091 1233 1186 1267 hact.
1212 1231 1257 1268 de
1287 1232 1502 1268 soloecismo
1533 1234 1566 1276 1,
1591 1233 1626 1276 5,
1651 1230 1710 1268 54.

206 1278 303 1312 hact.
329 1289 415 1324 ergo
444 1280 489 1313 de
513 1279 638 1313 studiis
667 1283 700 1321 1,
727 1283 782 1322 12,
809 1281 874 1322 19;
903 1291 960 1314 me
984 1281 1018 1315 h.
1046 1281 1316 1322 cedentem‘12,
1338 1282 1394 1322 10,
1419 1278 1478 1314 47.
1506 1279 1544 1315 h.
1565 1278 1714 1325 evagari

207 1326 242 1366 2,
271 1323 304 1367 4,
331 1326 387 1358 32.
424 1326 460 1358 Ιι.
485 1325 685 1359 ostendisse
712 1326 748 1368 6,
779 1327 813 1368 3,
837 1326 896 1360 62.
935 1336 1026 1370 quos
1050 1344 1093 1351 —
1117 1327 1152 1359 h.
1179 1327 1286 1359 utiles
1310 1326 1441 1368 credo,
1465 1336 1513 1360 ne
1537 1324 1624 1370 quid
1647 1336 1714 1369 per

170 1372 173 1375 ’
210 1380 274 1404 eos
305 1370 415 1414 judici
442 1371 489 1405 sit
514 1371 678 1417 ignotum
703 1371 738 1414 6,
763 1373 797 1413 2,
823 1373 856 1405 3.
893 1373 929 1406 h.
954 1370 1161 1416 eloquentia
1186 1377 1365 1406 secretum
1385 1372 1493 1406 habet
1511 1374 1567 1415 12,
1581 1372 1617 1414 9,
1631 1370 1666 1406 5.

163 1425 354 1469 ΗΗΘΥΘΟ.
412 1438 452 1477 Ι)
486 1442 510 1472 ἰ.
533 1452 565 1484 q.
591 1437 793 1480 affixus,
837 1445 961 1471 arcte
994 1438 1269 1478 coniunctus
1306 1452 1400 1472 sum.
1446 1438 1484 1480 a)
1513 1438 1545 1472 si
1569 1439 1716 1473 haereat

146 1519 150 1522 ,
210 1483 318 1528 (sinus
345 1486 462 1527 togae)
496 1488 563 1528 11,
589 1487 632 1527 3,
659 1483 737 1518 144.
775 1486 900 1518 haeret
927 1485 1038 1518 telum
1060 1484 1150 1517 illud
1173 1485 1356 1519 occultum
1376 1485 1413 1528 9,
1439 1484 1476 1528 2,
1498 1485 1559 1520 75.
1594 1484 1714 1532 gladio

168 1567 171 1569 μ
210 1530 305 1564 intra
327 1531 495 1578 vaginam
519 1542 620 1564 suam
645 1530 807 1565 haerenti
829 1531 875 1574 8,
910 1531 964 1564 Pr.
994 1532 1049 1565 15.
1097 1531 1140 1570 b)
1178 1532 1302 1565 haeret
1333 1531 1384 1564 in
1407 1532 1601 1575 complexu
1625 1530 1728 1572 libe-a⁴

211 1587 335 1611 rorum
360 1580 403 1622 6,
434 1581 451 1611 1
465 1604 476 1621 ,
502 1577 574 1620 42;
629 1590 658 1612 c.
681 1581 765 1611 Dat.
780 1590 790 1610 :
825 1578 996 1620 juvenem
1020 1588 1060 1610 se
1082 1576 1175 1620 patri
1199 1577 1361 1611 haesisse
1384 1578 1449 1620 11,
1475 1580 1493 1611 1
1507 1602 1522 1621 ‚
1544 1578 1602 1611 80.
1636 1577 1728 1611 fere-¹

212 1623 372 1676 minqres
414 1634 462 1658 ex
498 1622 719 1658 conscientia
754 1634 839 1656 suae
873 1622 1086 1656 infirmitatis
1119 1623 1270 1657 haerere
1303 1622 1471 1670 singulis,
1518 1627 1555 1657 et
1590 1622 1716 1669 officio

211 1670 316 1715 fungi
348 1671 615 1714 quodammodo
651 1670 945 1716 paedagogorum
959 1695 970 1713 ,
1017 1679 1094 1702 non
1126 1668 1356 1715 indignantur
1392 1671 1410 1702 1
1425 1691 1437 1708 ,
1476 1669 1520 1709 2,
1562 1669 1629 1710 1ος
1675 1672 1717 1701 ut

213 1715 310 1749 aliud
345 1727 403 1750 ex
442 1716 513 1750 alio
549 1717 696 1750 haereat
732 1718 797 1758 10,
823 1718 870 1758 2,
898 1715 957 1750 26.
1023 1714 1081 1758 11)
1116 1720 1254 1758 transl„
1287 1715 1447 1758 imprimis
1468 1715 1513 1747 de
1534 1716 1716 1748 memoria:

216 1774 307 1806 quae
341 1762 523 1796 difficilius
554 1764 726 1796 haereant
761 1764 827 1802 11,
858 1765 903 1802 2,
937 1762 994 1795 28.
1044 1766 1080 1795 et
1114 1772 1205 1805 quae
1234 1760 1370 1808 magis,
1405 1765 1442 1794 et
1473 1770 1568 1804 quae
1599 1758 1728 1795 minus

215 1809 367 1843 haerent
406 1811 449 1842 ib.
474 1807 531 1843 34.
568 1810 686 1842 solent
719 1809 790 1841 hoc
820 1807 900 1852 ipso
935 1806 1091 1840 maxime
1124 1808 1349 1850 haerere,
1397 1807 1496 1850 quod
1533 1805 1720 1840 excide-

215 1861 326 1889 runt
350 1857 392 1888 ib.
418 1854 475 1889 35.
503 1854 615 1902 magis
639 1856 832 1888 haerere
857 1853 997 1897 animo,
1033 1864 1126 1897 quae
1154 1852 1286 1887 diutius
1315 1851 1461 1887 affixa
1483 1851 1578 1886 sint
1604 1849 1718 1886 ib.44·

216 1902 308 1935 haec
331 1900 410 1945 ipsa
433 1900 545 1947 magis
571 1900 802 1944 pertinaciter
831 1900 1005 1942 haerent,
1046 1909 1119 1943 quo
1151 1899 1247 1942 (Sp.
1273 1897 1392 1944 quae)
1427 1897 1605 1932 deteriora
1637 1902 1728 1949 sunt.

219 1950 254 1990 1,
280 1950 313 1990 1,
341 1948 373 1982 5.
408 1947 485 1991 ipsa
510 1947 686 1981 brevitate
708 1946 823 1992 magis
849 1948 1000 1980 haerent
1028 1944 1238 1989 (sententiae)
1269 1942 1479 1989 12,1o‚48;
1506 1943 1581 1978 oni
1607 1943 1725 1977 Grae*-

145 1994 149 1999 ‘
218 2005 282 2028 cae
310 1994 444 2040 figurae
469 1993 611 2027 assidua
637 1991 895 2026 consuetudine
921 1993 1073 2026 haerent
1100 1994 1134 2034 1,
1160 1994 1194 2034 1,
1220 1993 1275 2025 13.
1337 1989 1406 2034 111)
1429 1992 1452 2024 ι’.
1477 2002 1510 2034 q.
1529 1991 1720 2032 haesito,

221 2042 395 2074 dubito:
429 2051 497 2074 nec
520 2050 678 2083 unquam
700 2043 799 2073 tanta
821 2037 932 2072 fuerit
954 2037 1128 2082 loquendi
1149 2038 1328 2079 facultas,
1361 2041 1402 2071 ut
1430 2046 1506 2070 non
1542 2034 1728 2070 titubet?

219 2091 326 2130 atque
358 2086 580 2128 haereat,
620 2084 784 2130 quotiens
811 2085 855 2118 ab
879 2084 998 2119 animo
1025 2085 1138 2119 verba
1163 2082 1375 2119 dissentiunt
1399 2084 1466 2122 12,
1490 2083 1526 2124 1,
1547 2082 1605 2116 29.
1645 2091 1728 2131 uon,

219 2133 371 2166 haerere
397 2132 435 2164 in
459 2142 613 2166 occursu
636 2134 694 2173 11,
722 2133 757 2173 2,
785 2132 829 2165 18
841 2132 889 2165 Ν.
913 2130 1028 2165 haesit
1051 2130 1175 2164 circa
1201 2131 1336 2164 formas
1358 2127 1542 2162 literarum
1566 2129 1602 2170 1,
1617 2130 1651 2171 1,
1661 2129 1728 2162 21.-

219 2178 429 2212 haerentem
463 2177 597 2211 circa
633 2177 772 2223 singula
804 2178 844 2219 8,
889 2178 949 2211 Pr.
973 2179 1029 2213 27.
1096 2187 1164 2210 nec
1199 2175 1327 2210 circa
1365 2172 1616 2219 probationem
1646 2182 1728 2207 res

219 2224 345 2258 haeret
368 2224 411 2267 5,
442 2226 507 2265 10,
536 2222 615 2258 104.
663 2225 747 2257 Non
771 2224 915 2257 obstant
942 2223 1010 2257 hae
1045 2221 1253 2266 disciplinae
1287 2231 1355 2265 per
1373 2219 1455 2255 illas
1479 2217 1728 2263 euntibus,

222 2271 286 2304 sed
311 2270 408 2317 circa
434 2270 514 2303 illas
538 2269 842 2304 haerentibus
869 2271 902 2312 1,
928 2272 964 2312 7,
987 2269 1047 2303 35.

1723 2294 1728 2311 l

177 2324 435 2367 Haesitatio·
482 2348 557 2372 non
589 2337 783 2372 mediocris
814 2338 914 2375 haes.
942 2342 1020 2380 est,
1058 2334 1143 2370 hinc
1166 2333 1323 2378 justitiae
1345 2333 1532 2380 proposita
1554 2319 1728 2382 imagine}

222 2382 306 2417 inde
335 2383 476 2427 pietatis
505 2387 561 2427 12,
588 2386 621 2427 1,
646 2383 705 2418 40.
746 2385 945 2418 deformem
968 2384 1066 2419 haes.
1093 2383 1150 2424 11,
1177 2383 1213 2424 2,
1237 2378 1297 2415 48.
1719 2389 1728 2399 ’·

179 2436 378 2481 Haesito.
426 2451 729 2495 deliberare,
770 2462 846 2485 non
879 2448 1123 2484 haesitare
1156 2450 1213 2491 10,
1239 2452 1274 2492 7,
1298 2451 1355 2484 22.
1711 2409 1728 2487 t

180 2492 368 2538 Halitus.
388 2500 517 2543 noxio
541 2514 659 2543 terrae
683 2508 796 2542 halitu
821 2511 855 2551 7,
880 2510 915 2550 2,
938 2508 973 2540 3·
1312 2524 1315 2530 '
1720 2502 1728 2520 Ι

1719 2522 1728 2544 r.

181 2549 334 2592 Hasta.
387 2565 426 2605 1)
462 2583 506 2589 —
535 2577 642 2601 aurea
670 2569 706 2608 7,
732 2566 767 2605 9,
792 2566 828 2600 8.
863 2584 910 2589 —
933 2564 1086 2597 humero
1111 2563 1318 2607 dependens
1347 2565 1409 2606 11,
1437 2564 1481 2603 3,
1514 2562 1594 2596 130.
1634 2545 1728 2609 quad=

229 2607 358 2642 emissa
385 2610 518 2653 optime
543 2618 618 2656 est,
652 2613 791 2647 hastam
820 2609 1082 2654 speciosissime
1110 2615 1311 2644 contortam
1334 2608 1422 2642 ferri
1449 2609 1495 2650 9,
1518 2605 1564 2651 4,
1587 2607 1623 2643 8.
1670 2605 1706 2640 ΙΙ

229 2657 358 2696 signum
392 2661 600 2691 auctoritatis
634 2658 808 2702 judicum.-
862 2655 900 2690 in
938 2656 1096 2700 partibus
1135 2654 1447 2691 centumviralium
1481 2651 1684 2698 (causarum

231 2710 323 2744 quae
347 2700 385 2733 in
410 2702 496 2735 duas
520 2705 639 2738 hastas
665 2704 803 2739 divisae
828 2707 911 2737 sunt
934 2702 978 2745 5,
1003 2704 1046 2745 2,
1075 2704 1094 2736 1
1119 2702 1168 2739 N.

183 2742 327 2787 Hand·
364 2759 460 2801 quod
484 2769 610 2793 somno
638 2759 827 2805 supererit,
853 2748 949 2794 haud
973 2758 1087 2794 deerit
1112 2760 1170 2802 10,
1193 2760 1229 2802 3,
1251 2757 1310 2793 26.
1702 2738 1728 2798 ’,ἦ

183 2799 366 2843 Haurit).
405 2825 527 2848 auram
554 2827 778 2852 communem
801 2816 944 2851 haurire
971 2816 1006 2859 6,
1034 2817 1092 2850 Pr.
1117 2817 1171 2850 12.
