1728 3002
153 168 235 210 156
649 160 861 220 confingo
888 181 946 195 ---
971 161 1188 206 Confiteor
1236 180 1239 182 ·

149 265 375 324 Confingo.
414 247 534 312 fronte
557 276 710 312 conficta
733 280 790 320 12,
815 279 856 320 s,
884 279 928 313 12
953 277 1003 312 Ν.

152 323 360 368 ConfiniS.
407 335 450 370 Ei
474 335 616 370 confine
641 340 717 379 est,
744 335 839 379 quod
863 333 993 369 dicitur
1008 345 1080 380 ,per
1105 331 1345 380 suspicionem
1365 333 1411 378 6,
1435 333 1481 376 ὃ,
1504 330 1562 367 88.
1597 340 1687 366 oon-

193 383 278 416 finia
302 387 383 415 sunt
409 381 464 417 his
490 382 668 416 celebrata
694 391 750 425 ap.
779 381 939 415 Graecos
964 381 1143 416 schemata
1169 382 1215 424 9,
1244 382 1291 424 2,
1319 380 1378 416 92.
1417 376 1464 421 of.
1485 379 1529 421 8,
1556 379 1601 419 3,
1626 378 1686 412 89.

195 428 255 463 cui
278 433 332 463 est
355 430 453 462 conf.
479 426 712 461 dissimulatio
739 428 781 470 9,
807 430 844 470 2,
867 426 922 461 14.
949 425 994 470 of.
1016 428 1053 471 9,
1076 429 1112 471 3,
1135 428 1194 463 68.
1226 425 1286 460 cui
1308 424 1451 461 confine
1473 430 1529 460 est
1552 434 1689 467 παροι-

192 477 281 519 μίας
305 484 418 520 genus
441 474 476 517 5,
506 476 562 516 11,
588 477 646 508 21.
675 471 720 515 cs.
747 475 804 516 10,
828 473 863 517 5,
891 475 948 508 12.
1556 507 1559 509 ,

147 518 439 562 Confirmatio·
474 529 516 573 4,
541 532 584 573 3,
611 534 644 564 1.
672 531 715 573 5,
741 532 805 573 13,
831 532 866 564 1.
899 528 1117 575 probatio
1140 527 1220 574 (est)
1245 525 1460 564 narrationis
1484 536 1687 574 congruens

193 577 320 611 conf.
345 575 381 619 4,
409 579 444 620 2,
471 578 530 612 79.
566 575 822 611 destructio
848 581 885 611 et
909 577 1040 610 conf.
1064 575 1320 610 sententiarum
1335 576 1401 617 »10,
1426 573 1470 618 5,
1494 575 1550 607 12.
1586 572 1684 606 conf.

174 622 326 668 .primae
349 633 391 656 ac
415 623 593 657 secundae
616 622 726 667 partis
749 623 784 665 5,
811 621 867 666 14,
895 623 919 658 6
942 623 990 657 N.
1027 641 1075 649 —-
1095 627 1218 656 mutua
1243 622 1278 664 5,
1305 622 1362 662 10,
1390 621 1449 655 78.
1483 635 1529 645 --
1555 623 1616 652 aut
1637 627 1693 663 ex,

192 669 493 713 consequentibus
525 675 585 702 aut
612 680 659 702 ex
684 668 963 716 repugnantibus
987 669 1030 712 5,
1057 669 1097 711 8,
1122 668 1153 702 5.
1192 673 1229 702 et
1250 666 1520 712 probandorum
1547 669 1584 699 et
1607 664 1687 698 cul-

190 717 391 758 pandorum
418 726 467 749 ex
488 715 544 749 his
569 716 668 749 conf.
693 715 738 757 5,
766 717 832 759 11,
858 717 894 750 7.
929 713 1194 760 propositio
1220 712 1337 748 omnis
1370 708 1686 746 confirmatio-

190 760 260 795 nis
285 761 426 795 initium
448 760 484 804 4,
507 760 544 804 4,
571 764 603 795 1.
637 761 682 795 ad
706 761 808 805 cujus
829 759 886 796 rei
908 762 1005 796 conf.
1032 763 1069 804 2,
1094 762 1152 803 17,
1178 762 1235 795 12.
1272 758 1306 794 si
1329 758 1415 804 quid
1445 755 1686 792 confirmatio-

188 818 275 841 nem
299 807 556 842 desideraverit
579 809 623 851 2,
650 810 715 851 21,
744 810 788 843 17
801 819 811 851 3
851 806 947 842 dicta
973 818 1055 842 cum
1078 817 1144 840 sua
1169 806 1268 841 conf.
1295 806 1434 840 referre
1458 803 1503 847 5,
1532 804 1599 846 13,
1624 804 1685 836 27.

191 852 350 898 [causam
379 853 652 888 confirmatione
681 852 848 888 roborari
883 853 952 898 (sic
977 855 1055 888 edd.
1087 859 1203 888 contra
1228 853 1333 887 Codd.
1365 852 1409 885 de
1441 848 1529 894 conj.
1554 851 1683 891 fleg„

189 911 223 933 v.
251 898 527 944 Confirmo)
551 900 588 943 8,
615 901 674 945 Ῑξῑ.
702 902 744 934 11
770 901 820 935 Ν.
846 898 916 945 cn]
1425 895 1433 898 “

146 943 379 989 confirmo·
436 955 474 1000 α)
501 968 579 992 vox
604 957 835 992 confirmatur
856 962 894 993 et
915 957 1007 991 latus
1032 958 1098 999 11,
1123 957 1164 1000 3,
1187 955 1259 998 293
1294 951 1350 988 rei
1374 951 1515 998 pondus
1538 955 1575 986 et
1600 960 1685 996 per-

188 1013 278 1036 sona
301 1003 486 1037 confirmet
513 1005 554 1045 8,
579 1005 624 1047 5,
651 1004 686 1041 8.
727 1003 848 1038 inesse
875 1001 1120 1047 epichiremati
1151 999 1343 1046 apodixin,
1378 1003 1416 1033 et
1441 1008 1521 1033 esse
1546 1001 1683 1042 partem

187 1049 265 1092 ejus
290 1049 557 1084 confirmantem
580 1050 626 1093 5,
653 1051 716 1092 10,
741 1052 775 1084 7.
815 1050 1028 1084 confirmare
1053 1048 1260 1082 facultatem
1283 1043 1427 1080 dicendi
1454 1045 1521 1086 10,
1549 1046 1567 1076 1
1582 1067 1595 1087 ,
1620 1040 1684 1076 44.

188 1095 376 1128 confirmat
397 1096 606 1131 memoriam
633 1101 771 1139 tempus
795 1097 853 1139 11,
879 1098 915 1139 2,
943 1089 1001 1130 43.
1039 1094 1100 1140 qui
1124 1093 1336 1129 confirment
1349 1090 1454 1125 villam
1476 1088 1683 1134 opinionem

188 1142 231 1182 3,
258 1142 297 1183 5,
328 1139 382 1174 14.
416 1158 460 1166 —
485 1140 769 1185 propositionem
793 1152 893 1175 suam
917 1142 960 1182 3,
983 1142 1027 1184 6,
1055 1143 1113 1175 13.
1150 1137 1396 1192 proposita
1426 1133 1682 1171 confirma-
1724 1151 1728 1155 -

188 1197 279 1220 mus
303 1184 348 1229 4,
376 1187 436 1221 Pr.
460 1186 494 1222 6.
541 1185 746 1221 narratione
770 1186 953 1231 proposita
976 1186 1258 1220 confirmari
1290 1189 1352 1218 aut
1375 1180 1579 1218 refutari
1610 1179 1683 1223 (sic

188 1245 231 1266 ex
257 1234 361 1266 Codd.
385 1233 536 1276 restitui)
563 1234 607 1276 8,
636 1234 694 1266 Pr.
720 1235 762 1266 11
787 1234 836 1267 Ν.
863 1245 909 1268 cr.
943 1244 977 1265 v.
1002 1231 1239 1266 Narratio.
1280 1239 1374 1274 quae
1396 1227 1518 1262 omnia
1547 1225 1682 1261 confir-

186 1283 259 1312 mat
282 1279 442 1322 aequitas
466 1282 506 1322 7,
534 1280 577 1321 3,
604 1279 673 1322 253
708 1283 791 1312 sunt
816 1277 878 1323 <sui
907 1282 1195 1322 praeparent
1226 1274 1383 1309 animum
1412 1272 1560 1317 judicis,
1600 1276 1683 1305 sunt

187 1324 249 1368 qui
273 1324 561 1359 confirment
587 1325 630 1368 5,
658 1326 725 1368 13,
751 1324 807 1359 58.
841 1324 1131 1362 detrahenda
1157 1323 1220 1356 vel
1245 1319 1578 1365 confirmanda
1603 1317 1682 1361 opi-

186 1370 250 1404 nio
277 1375 331 1404 est
352 1369 398 1413 4,
421 1373 463 1413 1,
485 1373 543 1405 20.
584 1376 625 1405 ut
649 1369 850 1405 finitionem
872 1369 1130 1404 confirmes
1154 1371 1197 1412 7,
1226 1368 1270 1410 3,
1306 1366 1364 1402 19.
1397 1377 1434 1400 v.
1460 1365 1679 1398 Destruo-

187 1427 278 1461 opus
309 1416 594 1451 destruendi
626 1415 1034 1459 confirmandique
1068 1410 1327 1459 (narrationes)
1354 1413 1400 1456 2,
1425 1409 1466 1455 4,
1497 1411 1554 1445 18.
1595 1409 1681 1454 quid

187 1461 569 1498 confirmandum
594 1462 640 1497 sit
668 1473 711 1497 ao
735 1462 1054 1498 refellendum
1079 1462 1114 1504 3,
1141 1460 1177 1501 9,
1205 1459 1241 1494 6.
1282 1467 1359 1492 non
1385 1456 1527 1491 aliter
1548 1455 1679 1490 verisi-

186 1508 282 1542 milia
306 1519 412 1552 quam
434 1519 523 1544 vera
547 1515 583 1542 et
610 1507 956 1544 confirmantur
988 1512 1024 1542 et
1052 1505 1348 1541 refelluntur
1370 1505 1434 1547 12,
1459 1505 1502 1544 1,
1535 1499 1596 1536 45.
1643 1513 1677 1534 v.

186 1555 394 1588 Refello.
441 1566 506 1588 sua
538 1554 844 1590 confirmare
875 1567 954 1598 opp.
988 1553 1208 1587 refutare
1235 1550 1282 1594 5,
1308 1549 1372 1586 Pr·
1395 1551 1429 1583 2.
1472 1558 1555 1583 cum
1574 1546 1615 1580 in
1637 1557 1680 1581 ea

184 1599 292 1645 (lege)
316 1607 467 1645 uterque
492 1612 591 1635 suam
614 1600 947 1644 interpretationem
974 1597 1242 1639 confirmat,
1270 1593 1466 1636 adversarii
1492 1593 1680 1628 subver-

185 1646 246 1680 tit
269 1650 304 1688 7,
329 1647 365 1689 6,
388 1649 423 1681 2.
453 1646 721 1690 annuendi,
744 1645 977 1682 renuendi
1001 1641 1392 1686 confirmandique
1418 1645 1538 1674 motus
1560 1641 1620 1682 11,
1642 1640 1681 1682 3,
1721 1658 1728 1667 ι

183 1696 243 1727 71.
280 1698 405 1727 nostra
431 1692 780 1727 confirmanda
813 1698 898 1726 sunt
927 1691 1104 1737 primum,
1129 1695 1237 1732 ntum,
1275 1698 1368 1733 quae
1400 1685 1533 1721 nostris
1561 1694 1678 1729 oppo-

183 1744 340 1782 nuntur,
367 1739 623 1773 refutanda
647 1739 683 1783 5,
711 1741 768 1783 13,
795 1739 863 1783 533
896 1737 940 1772 iis
970 1734 1275 1773 confirmatis
1301 1739 1339 1768 et
1364 1730 1618 1776 expositis
1640 1728 1676 1774 4,

183 1788 219 1828 2,
246 1787 324 1819 101.
366 1785 437 1828 jam
462 1785 778 1820 confirmatae
802 1783 1182 1827 constitutaeque
1203 1779 1308 1816 vocis
1331 1781 1390 1822 11,
1413 1780 1448 1821 3,
1471 1778 1532 1812 29.
1566 1781 1676 1810 testa-

183 1837 303 1864 menta
326 1836 450 1865 contra
477 1831 571 1866 filios
596 1832 805 1867 confirmata
827 1832 863 1874 5,
887 1833 923 1874 2,
948 1833 982 1864 1.
1036 1829 1076 1874 β)
1106 1829 1178 1873 adj.
1200 1829 1339 1861 Amat„-
1368 1824 1465 1868 quod
1487 1822 1676 1858 confirma-

182 1877 254 1910 turi
278 1888 400 1911 sumus
421 1878 565 1912 actione
587 1876 626 1921 4,
650 1880 686 1921 2,
710 1879 768 1914 78.
801 1881 1010 1924 argumento
1029 1874 1148 1919 aliquo
1173 1869 1554 1912 confirmabimus,
1579 1868 1676 1912 quod

183 1923 570 1967 proposuerimus
604 1926 648 1958 ib.
680 1922 739 1958 54.
795 1922 1088 1958 confirmare
1126 1919 1163 1954 id
1194 1918 1270 1962 ipsa
1302 1914 1533 1958 defensione,
1579 1914 1676 1958 quod

183 1969 456 2003 diluendum
483 1976 537 2004 est
563 1971 598 2013 9,
625 1973 661 2012 2,
685 1971 742 2005 80.
790 1968 1035 2014 frequentius,
1065 1977 1170 2011 quam
1195 1969 1235 1997 ut
1261 1961 1435 2007 exemplis
1463 1960 1686 2009 confirmans

182 2017 267 2049 (lum
290 2015 336 2050 sit
358 2014 394 2059 4,
421 2018 453 2059 1,
479 2018 536 2050 75.
571 2016 767 2051 verborum
788 2015 847 2050 vis
873 2025 915 2048 ac
936 2012 1135 2060 proprietas
1160 2009 1389 2045 confirmatur
1409 2007 1473 2043 vel
1493 2017 1674 2058 praesum-

184 2061 282 2096 tione
304 2082 352 2088 —
374 2067 434 2096 aut
455 2062 737 2106 reprehensione
760 2062 808 2105 9,
833 2063 873 2103 2,
899 2061 955 2095 18.
997 2057 1152 2104 propriis
1189 2054 1518 2091 confirmatur
1545 2051 1674 2094 fimfio,

183 2107 428 2142 differentibus
457 2109 663 2143 solvitur
685 2108 725 2151 5,
761 2109 825 2151 10,
859 2106 918 2142 58.
956 2106 1047 2140 haec
1070 2103 1280 2139 confirmata
1301 2106 1384 2136 sunt
1409 2110 1480 2152 usu
1499 2100 1542 2142 3,
1566 2099 1609 2141 2,
1639 2099 1675 2133 3.

182 2153 430 2199 (praejudicia)
460 2155 714 2189 confirmantur
735 2151 926 2197 praecipue
953 2152 1093 2186 duobus
1116 2152 1152 2193 5,
1173 2151 1211 2192 2,
1233 2151 1269 2183 2.
1329 2145 1365 2192 y)
1394 2147 1466 2190 ad]-
1486 2147 1671 2197 Ρναεροξοτ

182 2200 411 2234 confirmatur
434 2201 638 2244 conjectura
661 2211 715 2235 ex
738 2199 875 2244 majore
898 2198 932 2241 5,
959 2200 1016 2240 10,
1039 2199 1097 2233 87.
1130 2195 1302 2240 quoaest
1324 2190 1491 2238 dubium,
1519 2200 1602 2236 1³⁰¹*
1621 2189 1674 2231 ld·

182 2247 280 2289 quod
304 2246 449 2280 dubium
474 2257 549 2281 non
573 2252 650 2291 est,
688 2246 884 2281 confirmat.
911 2247 955 2278 ib.
982 2246 1038 2278 11.
1114 2239 1148 2284 δ)
1180 2253 1249 2285 seq.
1275 2242 1360 2273 Acc-
1388 2250 1417 2271 c.
1446 2234 1540 2278 Ins..-
1573 2239 1673 2287 recte

183 2291 254 2324 dici
277 2292 434 2326 Messala
456 2293 641 2327 confirmat
665 2294 707 2336 1,
735 2291 780 2333 5,
813 2291 869 2326 15.
917 2289 1146 2325 confirmatur
1173 2297 1251 2321 eam
1273 2295 1352 2337 esse
1377 2287 1500 2334 artem·
1514 2281 1674 2316 brevlter

182 2339 218 2378 2,
247 2339 303 2380 17,
321 2336 389 2380 413
419 2338 545 2381 quibus
568 2339 685 2383 palam
711 2337 896 2373 confirmat
918 2341 1043 2370 auctor
1066 2331 1384 2372 eminentismmus,
1411 2337 1572 2362 musicen
1591 2337 1672 2361 oum

184 2381 385 2416 divinarum
411 2383 516 2418 etiam
539 2395 660 2418 rerum
683 2383 888 2430 cognitione
911 2392 991 2416 esse
1014 2380 1239 2424 conjunctam
1265 2378 1300 2419 1,
1326 2377 1381 2418 10,
1407 2376 1464 2408 10.

139 2425 370 2470 confiteor·
428 2438 462 2483 Ι)
497 2442 647 2474 dicendo.
696 2439 739 2484 α)
771 2442 794 2474 ι’.
821 2453 852 2485 q.
875 2437 1049 2481 fateor:
1087 2445 1167 2478 cum
1193 2444 1231 2467 se
1254 2430 1459 2476 irnperitum
1484 2429 1672 2464 confessus

182 2490 276 2518 esset
305 2487 338 2526 1,
364 2485 420 2527 10,
445 2485 499 2519 19.
538 2485 667 2521 nutrici
692 2495 850 2520 amorem
875 2483 984 2528 patris
1011 2481 1064 2516 sic
1089 2479 1278 2515 confitetur
1303 2479 1338 2520 9,
1366 2480 1405 2519 2,
1431 2474 1489 2510 64.
1527 2485 1670 2509 causam

184 2529 225 2564 C.
250 2529 412 2564 Caesaris
435 2530 621 2564 meliorem
653 2532 842 2566 confitetur
866 2532 906 2572 5,
941 2530 1005 2568 11,
1031 2525 1089 2560 42.
1129 2523 1341 2559 Alcibiaden
1365 2520 1668 2573 confitentem-de

182 2586 241 2617 86,
275 2575 360 2619 quid
384 2593 428 2600 —
450 2576 607 2610 voluerit
630 2578 665 2618 8,
689 2576 733 2621 4,
757 2579 818 2612 23.
853 2585 1024 2610 summam
1044 2571 1282 2607 infirmitatem
1307 2570 1360 2603 de
1386 2579 1427 2602 se
1450 2565 1611 2602 confiteri
1632 2568 1670 2608 2,

182 2620 219 2664 4,
242 2623 300 2656 28.
341 2619 384 2664 β)
409 2623 432 2652 ἰ.
456 2634 488 2665 q.
514 2634 588 2654 con
600 2634 641 2654 ce
651 2625 718 2656 do.-
746 2623 824 2670 Ego
847 2619 1053 2656 rhetoricen
1077 2626 1332 2660 nonnunquam
1349 2613 1468 2649 dicere
1487 2612 1576 2645 salsa
1600 2621 1670 2655 pro

182 2666 281 2701 veris
304 2666 501 2700 confitebor
524 2670 570 2708 2,
599 2670 661 2710 17,
690 2668 744 2702 19.
782 2667 828 2710 cf.
851 2669 895 2701 ib.
919 2668 974 2700 10.
1022 2665 1118 2709 quod
1141 2661 1344 2697 Stoicorum
1372 2668 1517 2704 quoque
1545 2667 1669 2710 asper-

183 2710 263 2747 rimi
295 2712 507 2748 oonfitentur
532 2715 594 2755 12,
629 2716 670 2754 ί,
698 2714 754 2747 38.
800 2715 925 2747 durum
949 2712 985 2746 id
1010 2721 1088 2744 esse
1119 2707 1398 2746 confitetur,
1428 2705 1491 2738 sed
1526 2703 1667 2736 affir-

185 2764 272 2792 mat
297 2766 357 2792 etc.
390 2761 444 2801 11,
471 2761 503 2800 1,
526 2759 583 2793 85.
621 2764 660 2792 ut
687 2759 926 2795 confiteor
955 2775 997 2781 —
1023 2756 1071 2791 ita
1097 2760 1207 2799 puto
1229 2755 1265 2796 9.
1289 2750 1324 2795 4,
1350 2752 1402 2786 ¹3-
1431 2749 1476 2791 ‘'f-
1499 2751 1557 2792 ¹22
1581 2751 1613 2790 2,
1637 2751 1670 2782 ²·
1726 2768 1728 2770 ·
