1728 3002
149 164 204 203 88
314 179 334 184 -
709 151 956 209 Astrologia
982 174 1036 184 ·-
1062 150 1123 193 At

196 273 268 307 late
297 271 414 306 fusam
439 276 513 306 tam
538 269 697 306 breviter
719 267 946 302 astrinxerint
980 267 1002 300 3
1015 291 1025 308 ,
1049 263 1092 309 4,
1115 263 1157 308 43
1204 269 1246 299 ut
1279 275 1319 300 se
1342 263 1413 315 ἱροὶ
1437 263 1604 300 homines
1625 264 1682 301 ad

197 318 406 353 servitutem
428 318 514 362 juris
538 316 769 363 astringerent
792 318 837 357 2,
863 314 919 356 16,
943 313 978 347 9.
1020 311 1082 345 illa
1105 310 1260 346 servitus
1294 311 1362 346 ad.
1382 317 1480 346 cem
1501 322 1541 346 se
1569 313 1683 348 verba

199 364 417 411 astringendi
441 368 476 407 7,
501 366 534 407 3,
560 364 623 404 163
670 359 883 395 luxuriantia
906 358 1100 404 astringere
1125 361 1179 401 (a.
1205 362 1228 392 Ζ.
1253 356 1387 399 adstr.)·
1403 356 1489 393 stilo
1510 359 1568 400 10,
1587 356 1623 399 4,
1644 358 1681 393 ’1.

200 409 270 444 nisi
293 410 497 454 disciplinae
516 409 703 443 severitate
727 417 843 442 mores
867 403 1073 439 astrinxerit
1100 407 1136 447 2,
1160 407 1194 446 2,
1217 402 1242 437 4
1266 404 1313 438 N.
1337 408 1375 438 et
1397 405 1436 437 S.
1458 406 1654 456 -7Par11'0-
1668 417 1683 439 .·

201 455 343 490 astricta
367 466 516 500 corpora
539 457 562 490 8
584 456 640 488 Pr.
668 454 723 488 19.
748 473 793 478 —
821 451 881 485 ilia
905 456 914 492 ί,
927 451 1023 495 equi)
1050 451 1084 493 8,
1110 452 1152 493 3,
1182 452 1245 492 1Ο;
1291 450 1394 485 velut
1417 449 1683 489 usmetincertis

201 503 320 548 legum
349 502 500 537 vinculis
531 503 570 543 5,
602 502 661 542 10,
687 501 763 532 101.
810 498 901 542 apud
936 502 1096 531 oratores
1133 506 1207 530 non
1235 506 1357 541 rarus,
1394 499 1537 540 semper
1563 501 1684 532 tamen

204 547 379 581 astrictior
403 549 581 588 (circuitus
605 544 799 590 eloquendi)
831 545 865 586 8,
889 543 924 586 6,
953 543 1011 577 61.

158 590 418 649 Astrologia·
466 604 546 648 (ars
573 606 604 636 in
629 604 824 646 inspectione
849 598 984 645 posita)
1013 590 1048 643 2,
1075 599 1131 642 18,
1156 599 1194 632 1.
1518 648 1524 652 7

159 657 346 702 Astrum.
394 678 486 706 astra
508 675 605 705 tenet
628 671 767 704 coelum
792 668 941 713 (poetae
962 669 1078 702 incerti
1101 664 1242 711 versus)
1265 667 1302 711 9,
1322 664 1359 710 4,
1381 667 1460 703 90.>
1491 706 1499 711 s

159 725 369 821 Aga-331⁰&
379 741 550 785 quaedam
581 738 687 772 etiam
715 747 762 771 ex
786 736 852 780 iis,
891 746 982 781 quae
1010 735 1105 770 dicta
1129 745 1203 770 non
1230 740 1332 779 sunt,
1365 735 1433 770 sibi
1456 734 1534 781 ipse
1557 740 1691 781 astruat

230 811 238 823 .
289 810 300 828 ,
369 809 378 820 .

161 827 312 920 Αῗὶίῑῖῐῗ
332 841 493 923 Θοτῗῐίἒό
511 851 601 886 quae
626 844 728 874 astu
755 844 876 883 caret,
907 839 1120 883 pondere
1154 839 1265 874 modo
1292 844 1328 874 et
1349 820 1552 884 impulsu
1583 849 1694 884 proe-

236 898 254 920 a
357 913 366 929 ,
415 913 424 930 ‚
497 914 503 921 .

161 929 353 974 Astutus.
400 955 480 978 cum
503 949 539 977 te
555 946 627 987 pro
662 947 816 976 astuto
844 942 1102 987 sapientem
1126 943 1284 987 appelles
1309 943 1347 986 9,
1370 945 1406 986 3,
1428 942 1488 978 65.

163 986 234 1029 At·
283 1001 453 1043 objectioni
487 1003 631 1034 inservii.
680 1000 722 1040 α)
749 1002 960 1044 simpliciter:
998 999 1062 1033 At*
1088 999 1313 1044 prooemium
1339 997 1529 1045 aliquando
1552 1004 1590 1034 et
1610 1008 1698 1039 nar·

208 1045 382 1080 rationem
410 1046 504 1080 dicet
540 1047 652 1079 malus
684 1047 814 1089 homo,
858 1051 895 1080 et
933 1053 1160 1092 argumenta,
1201 1046 1254 1081 sic
1286 1051 1327 1080 ut
1362 1046 1453 1080 nihil
1485 1044 1535 1080 sit
1567 1045 1607 1079 in
1638 1043 1696 1081 hin

210 1093 471 1135 requirendum.
519 1093 620 1126 Nam
649 1097 683 1125 et
714 1094 803 1126 latro
828 1093 999 1139 pugnabit
1023 1092 1170 1136 acriter,
1211 1092 1328 1128 virtus
1354 1097 1475 1126 tamen
1500 1090 1568 1127 erit
1587 1090 1698 1125 forti-

212 1139 298 1172 tudo
344 1141 386 1180 2,
415 1141 476 1181 20,
502 1141 557 1172 10.
607 1138 789 1184 Quaedam
818 1149 930 1173 vero
958 1149 1007 1172 ex
1031 1139 1156 1173 ordine
1180 1138 1494 1182 praetermittenda
1516 1142 1600 1171 sunt
1630 1156 1697 1172 —.

212 1182 270 1216 At
300 1185 443 1228 partitio
470 1184 622 1218 taedium
654 1186 751 1219 levat
779 1183 822 1226 4,
848 1187 892 1228 2,
917 1183 974 1220 49.
1021 1184 1095 1227 At,
1134 1184 1195 1229 qui
1228 1196 1277 1219 ex
1302 1184 1421 1219 media
1454 1182 1700 1228 (quaestione)

214 1230 382 1273 erumpit,
410 1230 480 1264 cito
506 1232 548 1263 ad
573 1231 609 1263 id
633 1231 748 1264 redire
775 1231 901 1273 debet,
937 1231 1033 1264 unde
1057 1230 1214 1265 devertit
1240 1229 1276 1274 4,
1294 1232 1330 1273 3,
1353 1233 1408 1265 17.
1457 1229 1529 1275 Qui
1547 1230 1700 1263 honeste

213 1275 366 1319 faciunt,
393 1276 495 1318 boni;
529 1276 588 1320 qui
611 1276 776 1320 turpiter,
802 1276 884 1310 mali
907 1276 1127 1320 judicantur3
1154 1282 1264 1311 recte.-
1307 1275 1368 1311 At
1390 1274 1601 1310 exercitatio
1623 1275 1702 1319 ple-

214 1331 363 1365 rumque
382 1323 564 1356 robustum
587 1333 715 1366 corpus
737 1322 846 1367 facit,
879 1323 960 1357 sed
974 1319 975 1323 ¹
989 1333 1077 1356 non
1103 1322 1262 1376 quisquis
1289 1328 1344 1357 est
1364 1323 1553 1365 robustus,
1593 1331 1704 1355 exer-n

217 1366 341 1400 citatus
366 1370 398 1408 5,
425 1371 478 1409 10,
504 1370 549 1402 82
577 1370 621 1402 N.
653 1382 698 1406 cr,
733 1368 777 1409 cs.
801 1371 842 1411 3,
866 1369 906 1405 8.
931 1367 988 1404 42.
1031 1370 1107 1403 sed
1136 1374 1228 1403 ratio
1257 1367 1455 1403 communis
1481 1367 1520 1402 in
1546 1373 1702 1411 partem=

218 1411 307 1445 nihil
330 1413 424 1447 enim
448 1416 541 1458 quod
565 1414 603 1447 in
626 1416 835 1448 lacessendo
860 1413 931 1448 dici
949 1420 1088 1459 potest,
1116 1425 1192 1450 non
1217 1414 1324 1449 etiam
1346 1414 1385 1448 in
1407 1412 1702 1458 repercutiendo:

219 1463 260 1491 at
290 1461 458 1502 quaedam
483 1460 624 1504 propria
647 1467 727 1493 sunt
753 1461 1046 1504 respondentium
1072 1461 1114 1504 6,
1137 1463 1178 1504 3,
1201 1459 1259 1496 46.
1300 1459 1449 1494 memini
1471 1459 1614 1504 juvenis
1639 1459 1705 1492 ad-

218 1505 361 1538 modum
384 1517 461 1540 esse
485 1512 686 1549 tractatum,
718 1518 762 1540 an
791 1508 957 1553 gradus
981 1507 1187 1541 eliminat
1209 1506 1248 1541 in
1272 1505 1478 1554 Tragoedia
1499 1504 1572 1549 dici
1593 1515 1704 1552 opor-v

219 1549 353 1585 tuisset.
399 1551 453 1586 At
479 1558 618 1587 veteres
643 1564 688 1586 ne
713 1558 985 1597 expectorat
1013 1553 1156 1598 quidem
1178 1552 1386 1587 timuerunt.
1432 1552 1479 1586 Et
1500 1561 1589 1587 sane
1611 1551 1706 1594 ejus-

222 1595 302 1629 dem
335 1603 438 1631 notae
473 1603 525 1631 est
555 1610 607 1632 ex
618 1598 731 1632 anim
743 1605 793 1633 at.
846 1598 903 1633 At
939 1599 978 1633 in
1007 1605 1123 1633 tractu
1158 1604 1194 1634 et
1225 1599 1466 1636 declinatione
1493 1597 1577 1631 talia
1610 1601 1707 1639 sunt,

224 1641 338 1685 qualia
351 1655 402 1686 ap.
423 1643 496 1678 Cic.
520 1644 716 1678 beatitas
747 1650 782 1679 et
806 1645 1041 1680 beatitudo
1065 1647 1100 1688 8,
1114 1647 1149 1688 3,
1169 1648 1227 1680 31.
1247 1647 1294 1680 32
1311 1646 1360 1680 Ν.
1395 1655 1476 1679 cum
1492 1643 1564 1678 sint
1581 1652 1707 1677 eorum

222 1686 289 1720 alia
313 1688 448 1731 nativa,
485 1689 551 1723 alia
574 1697 731 1734 reperta,
765 1696 804 1724 ut
827 1693 898 1735 jam
927 1690 1032 1726 nobis
1054 1701 1190 1735 ponere
1214 1690 1283 1724 alia
1305 1707 1350 1716 —
1372 1691 1428 1724 fas
1453 1699 1528 1723 non
1551 1689 1614 1731 sit3
1639 1713 1641 1722 ,
1664 1693 1708 1722 at

225 1733 404 1778 derivare,
439 1735 601 1778 flectere,
635 1744 695 1770 etc.
737 1738 880 1781 quando
911 1737 1015 1771 desiit
1046 1738 1157 1771 licere
1190 1739 1233 1772 ib.
1257 1737 1316 1771 36.
1360 1735 1405 1777 cs.
1438 1736 1482 1777 8,
1509 1736 1568 1768 Pr.
1593 1735 1638 1769 19
1661 1737 1707 1767 Z-

225 1789 278 1830 ap.
308 1780 494 1826 Tragicos,
542 1782 586 1815 Et
619 1782 689 1824 iam
720 1784 778 1817 leo
813 1782 947 1827 pariet,
988 1789 1029 1816 at
1059 1789 1161 1826 pater
1195 1788 1250 1816 est
1286 1783 1330 1824 8,
1353 1782 1395 1824 6,
1422 1780 1478 1815 34.
1533 1778 1590 1813 At
1618 1790 1709 1814 non

225 1824 372 1859 h1storia
404 1828 569 1860 cesserim
605 1828 748 1862 Graecis
775 1831 838 1871 10,
867 1831 908 1871 1,
941 1831 1004 1862 101
1037 1830 1084 1862 N.
1116 1842 1163 1862 cr.
1210 1828 1268 1862 At
1301 1827 1516 1872 Lyricorum
1539 1825 1710 1870 Horatius

225 1870 302 1904 fere
337 1873 431 1906 solus
461 1873 531 1920 legi
563 1873 686 1920 dignus
721 1877 763 1909 ib.
786 1875 843 1910 96.
889 1874 944 1907 At
973 1875 1146 1918 perficere
1175 1879 1312 1907 tantum
1341 1883 1432 1916 opus
1461 1873 1628 1914 arduum,
1666 1875 1711 1905 et

227 1925 333 1949 nemo
356 1919 505 1961 perfecit
533 1922 588 1962 12,
614 1923 669 1962 11,
695 1919 751 1954 24,
794 1920 839 1961 cf.
865 1920 899 1962 6,
924 1921 985 1953 Pr.
1008 1923 1043 1954 2.
1079 1921 1113 1962 6,
1140 1923 1174 1962 1,
1193 1922 1250 1954 33.
1271 1920 1327 1954 39.
1353 1920 1388 1961 6,
1411 1921 1445 1962 2,
1460 1919 1518 1954 29.
1550 1921 1586 1960 7,
1602 1916 1709 1959 1,.40.

231 1963 286 2004 12,
307 1965 360 2006 10,
379 1962 424 1998 49
449 1972 531 2007 etc.‚·
578 1968 731 1999 auditur.-
759 1965 798 2000 Si
821 1967 1020 2009 pulsasses,
1056 1966 1201 1999 defendi
1225 1975 1301 1999 non
1324 1971 1490 2009 poteras:
1514 1959 1713 1998 vulnerasti

229 2007 264 2049 6,
288 2011 321 2046 2,
344 2011 407 2051 23;
456 2013 487 2042 ίη
505 2014 665 2044 transiia:
690 2011 746 2045 At
772 2014 819 2054 (a.
845 2015 866 2044 l.
891 2017 930 2044 ut
954 2013 1000 2045 N.
1027 2012 1100 2051 cr.)
1129 2012 1310 2045 hominem
1333 2010 1493 2045 occisum
1518 2019 1652 2054 queror
1675 2006 1714 2051 6,

228 2055 264 2095 2,
290 2055 330 2087 31
367 2056 412 2087 Ν.
458 2055 513 2088 At
543 2053 739 2102 ἀλληγορία
772 2057 865 2090 aliud
898 2057 1038 2100 verbis,
1075 2058 1171 2090 aliud
1202 2069 1309 2091 sensu
1333 2056 1494 2092 ostendit
1522 2057 1564 2098 8,
1587 2056 1631 2098 6,
1653 2052 1712 2089 44.

230 2098 275 2139 cs.
302 2103 344 2133 Z.
373 2103 406 2143 2,
433 2102 486 2143 15,
512 2102 567 2135 36.
597 2101 631 2143 4,
659 2105 693 2145 2,
722 2106 797 2137 127.
832 2104 868 2143 8,
891 2105 926 2145 2,
954 2106 1008 2138 12.
1034 2104 1112 2146 (ubi
1136 2107 1201 2147 Sp.
1225 2103 1274 2137 At
1303 2102 1396 2147 om.)
1442 2101 1658 2146 p>1⁸un01um
1681 2113 1712 2134 c-

230 2147 304 2177 aliis
335 2149 527 2188 particulis.-
565 2147 601 2180 si
633 2158 721 2181 non
754 2148 984 2191 inveniendi,
1025 2155 1067 2183 at
1098 2155 1219 2184 certe
1250 2148 1432 2192 judicandi
1465 2149 1510 2181 de
1531 2146 1715 2182 veteribus

229 2190 385 2241 laborem
410 2193 466 2225 Pr.
490 2195 524 2227 2.
560 2192 604 2233 cf.
635 2197 699 2236 12,
726 2197 789 2237 11,
815 2197 873 2228 31.
913 2194 1004 2238 (Sp.
1028 2195 1280 2242 paedagogus)
1313 2201 1358 2229 at
1386 2199 1638 2238 unuscerte
1669 2191 1716 2226 sit

234 2238 391 2270 assiduus
424 2240 466 2279 1,
494 2241 534 2280 1,
560 2242 600 2271 11
634 2240 678 2272 N.
707 2253 752 2272 cr.
788 2246 824 2273 et
852 2242 913 2282 S.‚·
960 2242 1016 2274 At
1053 2248 1215 2276 contra
1249 2250 1324 2274 non
1357 2239 1547 2284 persuadet
1577 2248 1717 2281 semper

235 2287 353 2314 orator
379 2285 413 2325 2,
441 2285 494 2324 15,
523 2287 576 2316 11.
623 2284 679 2317 At
706 2292 867 2319 contra
890 2286 967 2320 vio
992 2298 1056 2330 pro
1081 2298 1133 2321 eo
1158 2283 1337 2321 infelicius
1364 2282 1530 2328 (fictum)
1554 2285 1590 2327 8,
1613 2283 1649 2326 6,
1670 2284 1717 2317 33

236 2326 281 2357 Ν.
309 2340 396 2378 ον.,-.
423 2327 479 2361 At
511 2329 626 2362 enim
654 2331 890 2364 emendationi
915 2333 1214 2377 praelectionirpie
1232 2342 1398 2365 numerus
1415 2331 1531 2364 obstat
1555 2331 1588 2370 1,
1601 2331 1637 2371 2,
1657 2326 1716 2363 14·

236 2368 293 2402 At
331 2381 461 2414 enim,
500 2374 529 2406 si
560 2374 637 2417 quis
666 2376 798 2409 liberos
830 2388 1020 2420 procreare
1051 2381 1167 2419 volet,
1212 2389 1361 2412 necesse
1387 2377 1528 2410 habeat
1565 2385 1720 2409 uxorem

238 2415 379 2450 ducere.
430 2418 517 2462 Quis
549 2419 705 2453 dubitat?
745 2423 824 2455 sed
850 2423 901 2464 ei,
936 2424 996 2468 qui
1029 2430 1127 2468 pater
1155 2425 1233 2459 vult
1266 2423 1364 2463 fieri,
1401 2422 1536 2467 liqueat
1570 2430 1720 2455 necesse

239 2467 310 2502 est,
342 2472 491 2513 uxorem
515 2475 592 2497 esse
618 2466 812 2500 ducendam
836 2470 869 2510 3,
894 2471 928 2510 8,
953 2469 1010 2503 24.
1045 2469 1087 2511 cf.
1115 2473 1154 2512 3,
1177 2470 1218 2511 6,
1243 2470 1298 2503 76.
1331 2467 1365 2510 4,
1386 2471 1421 2512 2,
1444 2469 1490 2504 82
1518 2468 1565 2501 N·
1600 2467 1634 2509 5·
1662 2467 1720 2508 13³

239 2508 304 2547 30;
353 2513 391 2557 at
416 2509 576 2558 indoctus
601 2509 658 2542 ille
684 2511 814 2545 etiam
846 2516 1009 2557 probabit
1032 2517 1184 2549 fortasse
1211 2515 1343 2550 vitiosa
1365 2518 1399 2557 2,
1424 2516 1459 2556 3,
1485 2515 1546 2555 11;
1595 2512 1650 2545 At
1680 2511 1721 2545 si

241 2551 335 2583 bona
367 2563 475 2595 ipsuis
512 2553 667 2595 indoles,
707 2556 742 2588 si
767 2568 856 2591 non
889 2571 996 2594 caeca
1030 2573 1071 2595 ac
1098 2562 1212 2606 sopita
1239 2567 1425 2605 parentum
1453 2557 1618 2597 socordia
1644 2562 1719 2591 est=

241 2613 286 2619 -
313 2597 397 2630 licet
424 2601 454 2639 1,
483 2601 516 2638 2,
546 2601 577 2632 5.
628 2598 708 2642 [At
732 2600 833 2645 (optt-
862 2608 957 2639 codd.
984 2606 1058 2644 Ac)
1093 2607 1134 2640 si
1165 2607 1243 2652 quis
1270 2613 1341 2640 tam
1369 2615 1495 2640 caecus
1523 2602 1630 2638 animi
1654 2607 1722 2645 est,

241 2646 279 2673 ut
304 2643 347 2675 de
372 2642 448 2675 aliis
475 2643 625 2695 dubitet:
666 2644 744 2678 illos
778 2655 902 2684 certe
933 2655 1108 2694 (legendos
1142 2653 1382 2695 concesserit),
1420 2650 1481 2694 qui
1507 2657 1569 2683 etc.
1597 2651 1638 2691 1,
1664 2650 1722 2689 10,

242 2689 287 2721 29
313 2686 370 2731 S.]
419 2688 493 2730 At,
531 2700 566 2721 ει
605 2695 707 2723 extra
731 2703 871 2727 causam
904 2696 949 2730 sit
981 2699 1189 2738 adductum,
1224 2698 1345 2732 malim
1377 2697 1558 2741 quidem
1589 2693 1723 2736 dicere,

243 2732 331 2766 nihil
357 2733 390 2766 id
419 2735 460 2766 ad
499 2734 737 2777 quaestionem
770 2751 830 2772 ——z
864 2746 1013 2776 tamen
1048 2745 1147 2779 velut
1170 2745 1256 2779 huic
1284 2741 1500 2778 simulationi
1529 2739 1724 2777 oblivionis
