1728 3002
271 213 356 251 404
627 220 631 233 ·
720 207 986 264 Impendium
1025 233 1076 242 -—-
1117 206 1342 265 Imperitns

321 325 397 358 lant
418 323 454 366 8,
475 325 521 403 3.8
530 322 588 358 85.
626 323 677 357 ad
700 328 847 367 metum,
870 321 1110 368 cupiditatem,
1133 322 1270 368 odium,
1291 321 1578 358 conciliationem
1597 323 1728 369 impellae

323 370 428 404 animi
451 371 486 411 3,
523 395 534 411 ,
557 372 613 403 12.

277 414 558 471 Impendium·
591 425 652 470 qui
674 425 878 470 reposcenti
892 425 1003 460 filium
1025 425 1201 460 rationem
1222 424 1499 472 impendiorum,
1521 438 1613 472 qliae
1633 427 1671 461 in
1694 427 1728 461 fil

322 472 534 514 contulerit,
567 483 752 516 exponens
776 489 820 496 —
847 471 934 506 dicit
963 475 1004 515 1,
1030 475 1097 516 10,
1125 473 1180 507 18.
1217 471 1364 507 nimium
1385 473 1478 508 risus
1502 473 1711 519 pretium

326 519 355 552 si
376 518 561 562 probitatis
585 518 817 563 impendio
844 518 890 562 (a.
905 523 926 553 l.
952 517 1086 563 comp.)
1113 524 1252 553 constat
1274 520 1309 563 6,
1333 521 1368 563 3,
1393 520 1449 555 35.

277 563 499 620 ImpendO·
543 574 585 618 α)
610 574 639 608 si
668 575 787 608 omnia
810 574 933 609 studiis
956 575 1248 619 impenderentur
1275 578 1331 619 12,
1357 579 1414 619 11,
1440 577 1495 612 19.
1522 581 1658 610 tantum
1681 581 1728 610 stt

322 621 456 655 laboris
478 621 684 665 impendere
713 624 748 664 2,
771 619 808 664 4,
836 623 870 656 3.
903 623 1086 665 paululum
1108 621 1351 675 impendamus
1375 621 1459 656 huic
1482 633 1623 667 qnoque
1649 633 1728 667 pect

323 667 373 702 ris
401 679 531 711 operae
563 668 608 710 6,
635 666 682 710 4,
710 667 745 701 3.
788 678 908 701 acrem
940 679 1047 712 quam
1075 679 1233 703 maxime
1265 679 1387 702 curam
1419 669 1495 713 spei
1523 669 1633 702 futuri
1657 674 1728 702 orat

322 715 503 758 impendat
530 716 563 756 1,
589 716 621 756 1,
639 716 673 747 3.
698 719 738 747 ut
755 719 928 758 tempora,
957 725 1050 758 quae
1073 713 1297 758 spectaculis,
1323 725 1448 759 campo
1473 721 1534 751 etc.
1561 720 1724 749 conter

323 767 393 802 tur,
418 765 620 807 geometrae
646 759 764 804 potius
787 771 828 794 ac
851 760 990 794 musico
1019 760 1252 805 impendat
1276 763 1310 804 1,
1336 763 1392 804 12,
1418 762 1472 796 18.
1511 760 1691 801 liberalius
1713 766 1728 795 t

323 817 411 851 pora
437 818 501 840 sua
528 806 621 850 imp
635 817 687 839 en
701 817 843 840 surus
868 806 930 839 uni
953 806 1114 850 videtur,
1140 818 1245 852 quam
1267 806 1299 841 si
1317 807 1395 841 ead.
1427 807 1466 840 in
1489 809 1609 851 plures
1634 813 1728 851 part

321 858 379 886 tur
404 855 436 895 1,
460 856 495 894 2,
520 856 560 895 2;
602 852 730 897 quibus
750 850 869 896 (libris)
891 852 1149 897 componendis
1173 853 1280 897 paulo
1301 854 1382 898 plus
1409 865 1514 898 quam
1538 852 1719 887 biennium

322 898 432 943 pendi
460 899 526 943 Ep.
553 899 596 931 ad
619 899 758 943 Tryph.
786 901 818 934 1.
845 909 935 942 quae
961 899 1100 943 (studia)
1128 898 1326 942 juvenibus.
1340 897 1543 933 erudiendis
1566 899 1728 943 impende

321 945 386 980 Pr.
413 948 445 980 1.
490 944 534 990 β)
558 944 629 989 adj.
660 947 725 978 in.-
751 955 834 978 clun
856 944 940 979 satis
965 945 1010 979 in
1038 944 1215 979 audiendo
1240 944 1431 989 patientiae
1454 944 1665 989 impenderit
1691 947 1728 978 12

323 994 379 1025 10.
409 991 459 1024 in
482 992 583 1034 plura
604 991 679 1026 vim
703 1002 802 1024 suam
827 990 1008 1034 impendat
1031 995 1066 1036 1,
1094 993 1149 1033 12,
1173 994 1208 1025 2.
1243 996 1318 1026 tota
1341 991 1526 1026 volumina
1546 990 1594 1024 in
1616 992 1709 1024 hanc

320 1037 542 1081 putationem
566 1035 783 1081 impendisse
806 1038 849 1080 3,
877 1037 920 1081 6,
943 1041 1004 1076 21.
1049 1036 1088 1083 γ)
1115 1039 1267 1082 Par-tic..-
1301 1036 1500 1084 impensam
1527 1036 1612 1071 huic
1637 1036 1728 1072 scien

319 1094 469 1127 operam
492 1083 668 1117 dederunt
695 1086 734 1127 1,
763 1085 827 1126 10,
851 1081 907 1117 34.

274 1127 486 1184 Impense.
530 1158 578 1167 --
604 1139 747 1184 petierit
780 1142 836 1183 10,
861 1140 897 1184 5,
925 1141 980 1175 18.

274 1184 522 1240 Imperator·
583 1210 767 1231 summus
798 1199 906 1231 belli
938 1199 1047 1232 dux.-
1083 1195 1169 1242 imp.
1184 1191 1354 1233 idoneum
1369 1197 1513 1242 12,3,5.
1541 1195 1669 1232 summi
1691 1195 1728 1233 in

317 1249 457 1276 ratores
483 1244 544 1276 Pr.
571 1242 625 1276 14.
665 1242 710 1284 cs.
736 1246 793 1285 12,
819 1246 875 1286 11,
899 1245 944 1277 23
968 1247 1012 1277 Z.
1049 1249 1086 1277 et
1106 1243 1191 1286 imp.
1213 1243 1312 1278 salsis
1335 1243 1447 1278 utitur
1471 1254 1580 1287 saepe
1602 1246 1636 1286 2,
1663 1242 1728 1287 17„

318 1288 513 1332 imperator
538 1299 619 1321 cum
641 1288 856 1332 imperatore
880 1288 1063 1322 contendit
1089 1292 1124 1331 2,
1145 1290 1199 1331 17,
1219 1287 1277 1323 34.
1301 1288 1512 1323 incredibile
1536 1300 1628 1332 esse,
1654 1290 1697 1322 ab
1719 1287 1728 1324 i

318 1333 497 1377 proditam
522 1333 683 1367 hostibus
708 1333 857 1377 patriam
883 1337 927 1375 7,
955 1336 1003 1375 2,
1028 1335 1084 1367 31.
1119 1333 1452 1377 imperatorum
1476 1345 1518 1368 ac
1541 1334 1680 1369 trium
1693 1336 1728 1378 pl

318 1381 427 1413 lium
451 1385 614 1422 separata
641 1384 695 1413 est
721 1378 839 1422 aliqua
863 1389 911 1412 ex
938 1386 1039 1422 parte
1061 1378 1152 1412 ratio
1180 1380 1408 1424 eloquentiae
1437 1382 1494 1423 11,
1520 1383 1554 1423 1,
1583 1382 1640 1414 36.
1676 1381 1720 1414 de

318 1425 502 1460 oratori
529 1424 581 1459 sic
604 1435 683 1459 esse
707 1423 993 1459 adversariorum
1018 1430 1104 1458 nota
1131 1425 1304 1469 consilia,
1344 1431 1385 1459 ut
1415 1426 1570 1460 hostium
1598 1427 1688 1471 imp

319 1471 413 1505 tori
450 1474 515 1514 12,
544 1474 562 1504 1
577 1496 588 1514 ,
612 1472 670 1506 35.
719 1476 756 1504 ut
780 1470 884 1506 divus
911 1471 1112 1517 Augustus,
1138 1482 1218 1505 cum
1242 1471 1432 1507 Dolabella
1451 1472 1622 1515 dixisset,
1646 1475 1699 1506 lm

318 1523 400 1598 ἔοι-ἑ
422 1522 551 1598 tpgque
574 1528 632 1551 me
657 1517 750 1551 dona
775 1517 821 1560 6,
844 1518 879 1559 3,
907 1516 965 1552 79.
1003 1516 1187 1552 hominem
1211 1517 1349 1562 occidi,
1379 1517 1497 1562 jussus
1522 1519 1567 1552 ab
1590 1380 1728 1601 impet}

273 1589 588 1664 Impessatorius.
634 1636 680 1645 —-
701 1629 758 1652 ars
786 1620 823 1661 2,
847 1620 904 1660 17,
931 1616 990 1653 34.
1017 1618 1107 1653 haec
1130 1623 1184 1652 est
1205 1618 1308 1654 velut
1331 1616 1416 1662 imp.
1440 1617 1556 1654 virtus
1579 1599 1728 1663 copiasff¹

317 1666 515 1710 partientis,
544 1683 588 1687 -—
611 1664 797 1699 retinentis
821 1669 940 1708 partes
962 1667 1000 1708 7,
1026 1666 1089 1708 10,
1115 1666 1171 1699 13.
1223 1664 1354 1699 Fabius
1375 1663 1472 1700 inter
1493 1667 1694 1710 complures
1719 1665 1728 1706 i

318 1712 471 1746 virtutes
489 1711 684 1745 Cunctator
707 1717 761 1745 est
786 1711 982 1754 appellatus
1005 1711 1041 1753 8,
1066 1713 1101 1754 2,
1126 1713 1184 1744 11·
1713 1732 1728 1753 ,5

274 1755 731 1812 Imperfectus-'rudia
755 1773 860 1811 atque
885 1767 1172 1812 imperfecta
1195 1769 1314 1811 3,1,7.
1341 1766 1683 1802 causarum—alias

320 1817 504 1894 Ξεοῖἰὶεὲ
523 1813 943 1894 alix-imperfectas
965 1818 1099 1850 vocant
1121 1812 1156 1857 4,
1168 1816 1202 1857 2,
1215 1815 1250 1848 3.
1273 1811 1416 1858 imperf.
1439 1812 1613 1848 sermonis
1634 1814 1671 1858 9,
1718 1871 1727 1882 Ἀ

274 1860 548 1962 Int'iieritisu’s·
587 1914 771 1960 imperiosi
792 1916 895 1951 velut
921 1914 1001 1960 jure
1023 1916 1176 1960 quodam
1199 1913 1383 1960 potestatis
1406 1914 1605 1963 paedagogi
1637 1917 1680 1959 1,
1701 1884 1728 1963 Ξ

319 1964 395 1998 vim
417 1962 768 2006 imperiosissimam,
796 1966 831 1996 et
856 1961 914 1996 cui
939 1962 1133 2009 repugnari
1158 1962 1304 1997 minime
1326 1966 1445 2006 potest
1466 1961 1508 2005 6,
1531 1963 1567 2005 3,
1590 1962 1627 1996 8.
1704 1990 1709 1997 .

273 2007 490 2063 Imperite.
534 2035 580 2044 —
604 2023 775 2063 excerpta
800 2021 846 2062 2,
874 2018 942 2063 15,
966 2016 1026 2053 24.

273 2064 504 2119 Imperitia·
549 2093 597 2102 —-
621 2081 658 2110 et
679 2075 858 2110 rusticitas
882 2083 945 2110 etc.
971 2075 1123 2110 afferunt
1147 2073 1291 2109 interim
1313 2072 1426 2121 frigus
1448 2073 1485 2118 θ,
1509 2075 1543 2118 1,
1568 2074 1627 2109 37.

278 2121 518 2179 [Imperiw-
542 2132 758 2177 imperitanti
770 2133 938 2167 fortunae
961 2131 1026 2176 (εἰσ
1042 2135 1071 2167 S
1075 2146 1108 2177 p.
1129 2135 1172 2166 de
1189 2132 1444 2166 Lachmanni
1467 2130 1573 2175 conj.;
1607 2133 1652 2166 Co
1710 2126 1715 2127 ⁷

320 2178 447 2223 imperi
469 2184 542 2222 aut,
567 2183 613 2213 al.
638 2178 836 2223 imperitiae
862 2185 923 2213 ant
946 2178 992 2223 s.)
1014 2178 1240 2213 remittantur
1261 2178 1297 2221 6,
1319 2177 1379 2212 Pr.
1405 2177 1450 2212 15
1472 2176 1556 2221 M]-
1703 2177 1706 2183 '

273 2234 514 2289 Imperitus·
557 2243 600 2288 a)
627 2247 839 2290 simpliciter.-
874 2245 1029 2292 imperiti
1057 2249 1091 2289 1,
1117 2245 1153 2288 6,
1176 2242 1235 2279 45.
1267 2246 1303 2287 2,
1331 2246 1388 2288 12,
1411 2245 1445 2280 3.
1477 2243 1512 2288 5,
1535 2245 1594 2287 11,
1618 2243 1676 2280 19.
1727 2254 1728 2262 ¹

321 2295 378 2326 33.
389 2294 445 2327 39.
469 2291 623 2335 imperiti
645 2292 802 2335 judicant
816 2295 920 2337 2,17,
931 2294 991 2329 28.
1016 2303 1066 2326 ex
1083 2290 1209 2335 quibus
1235 2291 1386 2324 alterum
1409 2288 1618 2337 imperiti
1641 2301 1682 2324 se
1726 2299 1728 2302 ⁴

321 2337 494 2381 consequi
517 2338 674 2381 credent,
699 2344 863 2372 neutrum
888 2338 965 2383 qni
992 2336 1275 2382 intelligunt
1301 2339 1357 2380 11,
1384 2338 1416 2379 1,
1439 2337 1497 2372 93.
1533 2346 1651 2370 sermo

320 2383 410 2418 ctis
434 2383 651 2427 probabilis,
684 2390 720 2417 et
745 2386 872 2428 planus
895 2382 1135 2428 imperitis
1167 2383 1202 2424 8,
1227 2385 1263 2424 2,
1287 2384 1344 2416 22.
1386 2381 1494 2419 etiam
1518 2381 1695 2426 imperito·

321 2432 354 2472 1,
381 2431 437 2472 10,
461 2428 520 2463 45.
558 2429 648 2464 ideo
666 2429 781 2464 dictus
809 2429 964 2471 εἴρων,
995 2439 1104 2474 agens
1129 2427 1397 2472 imperitum
1419 2429 1463 2470 9,
1487 2429 1532 2469 2,
1557 2427 1614 2462 46.
1649 2438 1681 2461 v.
1724 2420 1728 2464 i

321 2473 520 2509 mirator.
542 2474 623 2518 (non
640 2475 821 2516 tolerabile)
839 2474 870 2508 si
894 2474 1090 2508 disertus
1114 2473 1373 2517 imperitum
1395 2474 1501 2518 plane
1520 2478 1555 2507 et
1575 2472 1675 2506 infe

321 2520 384 2563 (se)
407 2526 516 2555 vocet
543 2523 598 2563 11,
624 2524 658 2564 1,
680 2523 735 2554 21.
761 2521 1041 2555 commovendos
1066 2531 1144 2554 esse
1171 2521 1424 2564 ducendosque
1446 2517 1640 2562 imperitor.

322 2568 378 2607 12,
404 2568 461 2608 10,
486 2567 538 2601 50.
564 2565 624 2600 ubi
653 2565 736 2610 quid
762 2565 975 2610 exquisitius
998 2566 1131 2599 dictum
1154 2566 1283 2600 accidit
1311 2565 1454 2599 auribus
1473 2563 1638 2608 imperito

324 2613 391 2651 10,
419 2614 474 2646 75.
510 2623 666 2665 pugnam
698 2611 794 2646 illam
829 2611 1063 2646 decretoriam
1094 2611 1333 2655 imperitis
1366 2621 1409 2645 ac
1439 2620 1547 2654 saepe
1587 2610 1663 2654 pul

317 2656 482 2690 turbae
505 2659 710 2702 relinquunt
732 2658 774 2700 6,
797 2656 839 2702 4,
871 2658 964 2693 θ’Ν.
1008 2657 1171 2691 inventio
1205 2657 1311 2701 etiam
1346 2655 1518 2700 imperitis
1559 2662 1676 2699 saepe*

319 2701 436 2733 munis
460 2703 495 2744 8,
519 2705 554 2744 3,
578 2707 613 2737 2.
645 2703 816 2748 imperitis
840 2713 983 2748 quoque
1003 2704 1115 2738 verba
1140 2714 1214 2737 non
1239 2704 1367 2737 desunt
1390 2703 1446 2744 10,
1469 2704 1504 2744 7,
1534 2702 1589 2740 15,
1628 2700 1675 2734 im

317 2747 460 2789 placere
483 2747 688 2792 aliquando,
711 2761 801 2793 quae
825 2749 956 2784 vitiosa
978 2755 1060 2783 sunt
1088 2752 1144 2792 12,
1160 2751 1218 2792 10,
1229 2749 1285 2783 51.
1312 2759 1369 2792 ap.
1389 2746 1571 2792 imperitos
1593 2747 1614 2781 f

319 2790 469 2826 dicenda
496 2793 670 2828 sententia
697 2796 731 2838 3,
759 2796 795 2838 8,
817 2797 853 2831 2.
893 2806 952 2841 ap.
979 2794 1126 2830 omnino
1149 2793 1333 2839 imperitos
1355 2795 1391 2839 5,
1416 2792 1473 2841 14,
1498 2794 1567 2836 293
1599 2791 1655 2827 im
