1728 3002
191 202 273 242 802
709 196 900 247 Saxosus
930 220 986 228 —-
1015 194 1200 239 Schema

193 299 397 343 Saxosus.
439 311 556 355 pisces
579 308 722 355 quidam
746 329 790 335 —
814 309 955 345 saxosis
980 311 1134 358 gaudent
1157 311 1201 354 5,
1227 314 1289 356 10,
1315 314 1372 346 21.

190 369 366 412 Saxum·
409 378 447 412 in
473 377 658 413 structuris
681 387 850 412 saxorum
872 378 1014 412 rudium
1039 379 1075 423 9,
1099 378 1135 422 4,
1159 381 1217 415 27.
1242 392 1275 414 v.
1298 376 1517 416 Materia.
1537 381 1631 418 iuter
1657 383 1723 418 ob-

235 426 362 460 stantia
386 436 415 459 s.
440 428 483 460 ib.
507 429 542 461 7.
567 424 668 472 vulgi
695 425 763 468 jam
788 425 922 459 faces
947 436 988 459 ac
1012 436 1124 460 saxa
1148 427 1335 470 jaculantis
1365 431 1422 471 12,
1449 431 1484 472 1,
1505 431 1566 465 27.

191 469 449 513 scabellum·
496 493 560 516 cur
590 493 639 516 ex
664 492 855 516 scamno
882 483 942 516 fiat
965 483 1226 517 scabellum
1252 485 1285 527 1,
1309 483 1346 527 4,
1371 487 1428 519 12.

192 538 331 582 Scala.
373 561 419 584 sc
433 550 507 584 ala
531 554 568 584 et
590 561 733 595 scopa
756 561 830 584 non
853 550 923 585 alio
944 550 1075 587 vitiosa
1103 556 1204 595 sunt,
1233 563 1338 597 quam
1361 555 1458 599 quod
1478 552 1629 598 pluralia
1643 532 1724 588 ¹‘sin-

236 596 405 644 gulariter
428 597 621 630 afferuntur
646 600 679 639 1,
705 597 739 639 5,
763 597 819 631 16.

192 641 436 684 Scamnum·
482 665 516 688 v.
548 654 572 688 S
587 654 826 688 cabellum.

189 709 598 804 8ἳῖηέο.5ἒοεηᾰευῐί
625 719 721 757 circa
745 721 818 756 ima
843 722 945 756 labor
968 727 1022 756 est
1047 724 1103 766 12,
1120 724 1176 766 10,
1197 723 1254 760 78.
1279 722 1454 758 scandens
1477 722 1517 757 in
1534 724 1724 760 adversum

189 794 361 855 Scaiug·
407 835 476 860 nec
499 830 624 860 nostro
652 823 740 859 mari
764 811 902 859 scarum
929 825 1038 859 ducas
1062 825 1097 869 5,
1128 828 1184 869 10,
1207 828 1267 860 21.
1290 826 1339 860 Ν.
1364 831 1396 859 et
1419 826 1467 862 N.
1491 839 1538 861 cr.

190 880 446 923 Sceleratus·
492 904 569 927 rem
594 892 902 928 sceleratissimam
929 893 1061 928 audere
1085 895 1121 937 3,
1147 894 1184 937 8,
1207 891 1266 928 45.

188 948 418 991 scelestus·
457 971 549 1006 quae
571 961 698 1006 poenis
723 961 850 1006 eripiat
873 962 1045 996 scelestos
1071 965 1106 1005 2,
1134 961 1190 1005 16,
1215 964 1249 997 2.

188 1015 356 1060 Scelus·
388 1029 459 1074 jam
483 1040 565 1063 cum
589 1029 736 1064 sceleris
761 1041 907 1076 compos
931 1030 1000 1064 fuit
1025 1033 1087 1073 12,
1115 1033 1156 1074 1,
1179 1034 1216 1066 7.
1249 1031 1376 1076 quaed.
1401 1029 1578 1065 scelerum
1609 1029 1721 1065 offusa

232 1075 347 1122 caligo
371 1076 408 1119 9,
434 1077 477 1118 3,
503 1075 562 1112 47.
583 1087 720 1121 poenas
745 1079 919 1111 scelerum
944 1082 1116 1120 expetere
1143 1080 1203 1120 12,
1228 1079 1273 1120 7,
1301 1080 1333 1111 1.
1359 1077 1551 1122 prohibitio
1575 1077 1719 1111 sceleris

233 1124 318 1156 Cic.
347 1124 381 1164 9,
407 1124 443 1164 2,
472 1123 528 1166 18.
553 1122 757 1157 facultatem
785 1123 927 1157 dicendi
957 1123 1092 1157 sociam
1121 1124 1356 1166 scelerum,
1379 1124 1566 1158 adversam
1589 1118 1720 1156 in'no-

231 1167 424 1202 centiae
450 1170 506 1211 12,
536 1170 570 1212 1,
598 1171 640 1212 23
680 1169 710 1203 Ο
736 1181 788 1203 sc.
817 1169 1092 1204 abominandum
1116 1171 1150 1210 8,
1175 1170 1210 1212 6,
1234 1168 1293 1204 40.
1317 1170 1429 1223 vulgo
1457 1168 1606 1210 dicitur,
1631 1168 1720 1202 Sce-

228 1214 304 1247 lera
328 1223 402 1246 non
425 1214 558 1248 habere
583 1214 771 1248 consilium
794 1219 838 1259 7,
865 1219 908 1258 2,
934 1214 993 1250 44.
1031 1216 1126 1259 quod
1153 1215 1272 1249 omnia
1297 1226 1347 1249 sc.
1382 1227 1421 1249 ln
1442 1215 1556 1248 malos
1582 1214 1720 1255 cadant,

230 1258 385 1302 ideoque
419 1260 558 1303 saepius
595 1262 817 1304 deprehensa
846 1261 916 1294 sint
949 1263 992 1295 fb.
1028 1264 1083 1295 31.
1118 1261 1258 1308 dignius
1289 1272 1367 1295 esse
1396 1260 1481 1295 odio
1514 1270 1588 1302 sc.,
1622 1261 1719 1304 quod

229 1314 304 1337 non
333 1304 496 1338 habuerit
530 1316 670 1339 causam
704 1309 746 1340 ib.
775 1307 831 1341 36.
864 1318 931 1341 nec
959 1317 1025 1349 pro
1063 1307 1227 1340 encomio
1259 1307 1460 1341 ducendum
1491 1306 1607 1339 scelus
1643 1305 1718 1350 pri-

228 1361 325 1383 mum
358 1351 401 1383 ib.
429 1352 473 1384 33
505 1362 537 1384 v.
565 1351 847 1393 Encomium3
883 1358 1018 1385 tantum
1046 1363 1095 1385 sc.
1130 1353 1184 1385 M.
1209 1351 1348 1386 Cottam
1371 1363 1451 1386 esse
1478 1357 1717 1385 commentum

227 1416 274 1422 —
297 1401 432 1429 tantum
456 1406 506 1429 sc.
533 1396 688 1440 Oppium
712 1408 791 1431 esse
819 1404 986 1431 conatum
1014 1400 1094 1431 Cic.
1117 1399 1161 1441 5,
1191 1398 1256 1439 13,
1281 1399 1337 1432 30.
1366 1397 1610 1441 improborum
1635 1409 1717 1431 sce-

226 1443 303 1475 lera
327 1447 530 1485 compescet
556 1445 619 1485 12,
645 1445 678 1485 1,
701 1443 759 1477 26.
806 1444 866 1476 An
889 1442 1058 1477 credibile
1086 1442 1149 1486 sit,
1174 1454 1275 1478 reum
1300 1455 1465 1488 sperare,
1489 1443 1527 1476 id
1554 1455 1574 1477 a
1599 1454 1639 1477 se
1663 1455 1714 1477 sc.

228 1487 322 1522 effici
348 1488 482 1531 posse?
510 1499 555 1521 an
581 1488 760 1534 ignorari,
784 1500 865 1523 cum
889 1489 1035 1524 fecisset
1057 1489 1098 1532 7,
1123 1492 1166 1532 2,
1189 1489 1247 1523 42.
1278 1488 1323 1530 cs.
1349 1492 1393 1533 5,
1419 1491 1482 1532 13,
1509 1488 1564 1524 14.
1598 1490 1716 1522 scelus

225 1534 338 1578 palam
362 1535 498 1567 factum
522 1534 556 1577 5,
582 1537 638 1577 10,
666 1535 709 1570 19
729 1539 773 1569 Ζ.
807 1537 942 1570 scelera
968 1534 1196 1569 suadentibus
1222 1533 1308 1579 (Sp.
1336 1538 1448 1579 pers.)
1471 1537 1507 1578 2,
1527 1537 1584 1578 15,
1605 1537 1650 1568 17
1670 1539 1714 1568 Ζ.

227 1581 339 1613 ultum
362 1580 415 1613 ire
444 1581 636 1614 scelera
663 1586 698 1614 et
720 1580 925 1625 injurias
950 1584 1015 1624 11,
1042 1583 1086 1625 1,
1112 1578 1179 1624 42,
1210 1582 1390 1615 scelere
1413 1581 1567 1615 solutum
1593 1579 1717 1624 peri-

227 1626 333 1660 culo
357 1625 525 1661 liberavit
549 1626 583 1668 5,
614 1629 668 1669 11,
695 1626 750 1661 15.

182 1671 336 1714 Scena-
381 1682 522 1716 fabulae
546 1683 590 1716 ad
623 1689 738 1716 actum
770 1694 956 1717 scenarum
988 1682 1206 1727 compositae
1229 1684 1272 1727 5,
1297 1686 1360 1726 10,
1383 1684 1417 1719 9.
1449 1687 1484 1717 et
1506 1681 1609 1717 vocis
1633 1680 1716 1716 seli-

227 1729 315 1762 citas
339 1733 375 1761 et
404 1728 645 1772 pronuntiatio
675 1730 737 1764 vel
773 1730 890 1763 scenis
917 1729 1108 1763 suffectura
1131 1732 1192 1772 10,
1223 1732 1262 1771 1,
1287 1731 1366 1764 119.
1391 1729 1431 1772 in
1457 1728 1522 1771 iis,
1552 1739 1643 1773 quae
1669 1728 1715 1761 ad

225 1786 370 1808 scenam
394 1780 669 1818 componuntur,
694 1775 823 1809 fabulis
845 1778 899 1818 11,
921 1778 955 1817 3,
979 1776 1039 1810 73.
1065 1781 1104 1809 ut
1126 1775 1156 1809 si
1181 1774 1226 1809 sit
1249 1775 1286 1808 in
1307 1785 1420 1814 ,scena
1443 1773 1632 1808 dicendum
1657 1776 1713 1816 11,

225 1823 264 1863 3,
291 1821 368 1854 182.
399 1832 488 1864 quae
518 1832 612 1854 nunc
635 1821 672 1854 in
696 1822 812 1855 scenis
837 1822 1036 1855 effeminata
1059 1819 1211 1864 (musice)
1238 1824 1270 1864 ¹,
1295 1823 1357 1864 10,
1385 1823 1440 1854 31.
1463 1821 1632 1855 miracula
1652 1819 1714 1853 illa

224 1866 264 1900 in
287 1865 404 1900 scenis
426 1866 632 1909 pilariorum
655 1878 697 1901 ac
719 1867 974 1902 ventilatorum
988 1869 1045 1911 10,
1065 1871 1100 1911 7,
1119 1870 1181 1910 113
1207 1870 1342 1901 transl„-
1368 1866 1610 1902 discutiendae
1629 1876 1712 1901 ora-

223 1912 322 1946 tione
346 1912 548 1955 hujusmodi
573 1923 714 1947 scenae.

180 1958 374 2000 scenice.
400 1979 481 2003 cum
501 1968 618 2013 aliqua
641 1971 743 2004 velut
766 1980 814 2003 sc.
842 1968 930 2003 fiunt
956 1970 991 2013 6,
1019 1972 1052 2012 1,
1077 1971 1134 2004 38.

180 2015 398 2057 scenicus·
445 2027 487 2069 α)
512 2027 607 2070 quod
634 2031 687 2060 est
709 2026 747 2060 in
776 2026 898 2069 primis
922 2026 1151 2062 frivolum
1174 2037 1216 2060 ac
1241 2025 1485 2061 scenicum
1510 2027 1566 2068 10,
1582 2026 1624 2068 7,
1650 2025 1709 2058 21.

222 2073 451 2116 complodere
477 2083 602 2106 manus
627 2079 662 2107 et
686 2077 808 2116 pectus
833 2073 983 2106 caedere
1011 2072 1191 2107 scenicum
1215 2078 1269 2106 est
1290 2075 1345 2115 11,
1371 2075 1405 2115 3,
1427 2075 1511 2114 123,
1539 2081 1590 2105 sc.
1612 2076 1710 2104 acto-

222 2128 282 2152 res
306 2121 363 2158 11,
392 2120 426 2158 3,
450 2117 484 2152 4.
516 2118 561 2159 cs.
586 2119 620 2160 6,
649 2121 681 2161 1,
705 2120 758 2153 26.
789 2130 838 2152 sc.
874 2120 1039 2153 doctores
1068 2121 1124 2160 11,
1151 2120 1185 2160 3,
1209 2121 1264 2152 71.
1298 2119 1407 2158 decor
1431 2118 1573 2163 quidam
1596 2127 1647 2150 sc.
1672 2119 1708 2158 2,

226 2166 288 2206 10,
317 2166 373 2198 13.
403 2175 453 2197 sc.
480 2165 669 2198 ostentatio
695 2167 728 2207 2,
758 2167 814 2207 10,
839 2166 873 2198 8.
899 2176 919 2198 a
942 2164 1138 2210 peregrinis
1161 2164 1294 2198 scholis
1317 2175 1429 2208 prope
1451 2169 1594 2207 recepta
1616 2160 1709 2205 (ma-

224 2209 300 2251 nus)
326 2211 500 2252 tremula,
528 2210 671 2244 scenica
699 2216 753 2244 est
782 2213 837 2252 11,
862 2213 897 2253 3,
924 2213 1000 2245 103.
1023 2208 1217 2243 modulatio
1245 2222 1294 2244 sc.
1321 2213 1360 2243 ib.
1386 2212 1441 2246 57.
1473 2220 1508 2244 v.
1534 2207 1709 2243 Seurri-

222 2254 295 2289 lis.
349 2255 399 2300 β)
433 2258 457 2289 i.
483 2269 513 2300 q.
543 2259 802 2290 comoedus.-
836 2267 882 2290 ne
907 2262 1026 2303 gestus
1058 2255 1198 2300 quidem
1232 2257 1347 2290 omnis
1376 2267 1418 2290 ac
1447 2260 1564 2290 motus
1588 2264 1613 2288 a
1634 2263 1707 2287 αο-

222 2301 399 2335 moedis
424 2303 597 2345 petendus
622 2308 686 2337 est.
750 2303 960 2347 Quanquam
993 2301 1089 2336 enim
1120 2307 1308 2347 utrumque
1345 2312 1471 2336 eorum
1501 2300 1546 2334 ad
1574 2299 1706 2344 quend.

220 2347 367 2380 modum
388 2352 569 2391 praestare
596 2349 702 2382 debet
725 2354 912 2391 orator,
947 2347 1134 2391 plurimum
1161 2353 1280 2381 tamen
1310 2347 1422 2382 aberit
1452 2358 1472 2380 a
1497 2344 1705 2380 scenico

223 2394 354 2472 1,811,
378 2394 411 2428 3.
434 2395 562 2438 quaed.
587 2405 662 2428 non
683 2393 911 2437 indecentes,
935 2399 974 2427 ut
998 2395 1173 2438 appellant
1198 2393 1404 2435 scenici,
1436 2402 1558 2426 morae
1584 2393 1647 2434 11,
1670 2391 1705 2432 3,

175 2481 412 2536 Sceptrum.
457 2500 498 2528 nt
527 2506 586 2540 ap.
607 2497 804 2530 Homerum
830 2496 874 2529 de
899 2501 1060 2540 sceptro,
1095 2497 1191 2540 quod
1222 2507 1243 2529 a
1267 2496 1359 2530 Jove
1389 2492 1432 2528 ad
1466 2493 1724 2539 Agamemno-⁴

218 2549 301 2572 nem
333 2551 445 2584 usque
481 2541 623 2575 deducit
647 2543 692 2584 9,
725 2544 770 2585 3,
803 2542 859 2576 57.
893 2547 1033 2586 sceptra
1066 2541 1153 2575 mihi
1183 2541 1286 2587 liquit
1312 2542 1441 2584 Pelops
1471 2540 1515 2582 9,
1548 2538 1595 2581 4,
1625 2536 1702 2571 140·

219 2583 404 2628 (Ulixem)
431 2587 570 2621 stetisse
594 2588 742 2622 immoto
766 2593 906 2632 sceptro
932 2591 987 2631 11,
1013 2590 1048 2630 3,
1078 2588 1157 2622 158.

174 2626 371 2669 SChema·
414 2643 519 2686 (quid
545 2643 661 2678 Zoilus
684 2646 815 2678 schema
839 2643 1035 2688 putaverit)
1063 2645 1107 2686 9,
1137 2646 1153 2678 1
1170 2669 1180 2686 ,
1206 2642 1262 2677 14.
1295 2641 1407 2685 (quae
1444 2640 1512 2691 6:1⁸0.
1536 2642 1704 2691 Rufflverfi

218 2686 397 2736 schemata)
423 2690 465 2720 ib.
491 2692 546 2723 25.
574 2689 611 2723 in
635 2702 741 2724 seusu
765 2691 827 2725 vel
850 2701 1015 2724 sermone
1040 2689 1156 2734 aliqua
1180 2701 1198 2722 a
1217 2686 1354 2732 vulgari
1381 2690 1415 2718 et
1441 2685 1593 2736 simpllct
1620 2696 1703 2728 spe-

170 2766 173 2769 ,
220 2741 274 2763 cie
303 2741 382 2763 cum
406 2733 544 2767 ratione
571 2737 717 2769 mutatio
738 2738 774 2778 9,
800 2738 833 2777 1,
863 2739 917 2769 11.
968 2736 1104 2782 Quaed.
1128 2740 1163 2768 et
1187 2733 1316 2767 faciem
1341 2730 1615 2764 soloecismi
1638 2732 1701 2765 ha·

219 2776 324 2816 beat,
350 2782 385 2810 et
409 2777 478 2810 dici
501 2779 631 2814 vitiosa
657 2792 729 2815 non
756 2787 915 2824 possunt.
941 2797 982 2803 -—
1011 2780 1257 2814 Schemata
1282 2776 1390 2823 igitur
1403 2775 1700 2820 nominabuntur,
