1742 2964
434 208 571 253 ludex
596 206 830 256 Nominum
858 206 1151 264 Pmpriorum.

59 324 228 361 omnibus
261 323 354 363 mire
387 324 434 360 ab
466 333 512 360 eo
546 322 746 360 custoditur

60 386 233 425 decormn
265 386 310 420 ib.
345 387 406 422 72.
450 381 571 418 Eludit
602 381 743 418 Atticae

60 440 179 478 tanae
202 447 362 477 naturam
385 444 442 484 12,
465 444 523 486 10,
545 441 606 477 25.
655 441 742 484 Ejus

57 486 215 538 fabulae
237 497 531 545 Ἐπιτρέπσπες,
558 495 740 545 ’Rutaq-

56 571 139 608 ρος,
169 561 332 604 Λοκροὶ,
370 555 579 604 Ψοφοδεὴς,
606 560 739 604 ,Νομο-

57 619 196 664 stirne,
218 614 509 662 ‘stofflohpoei'oe
532 619 589 662 10,
618 620 651 660 1,
678 619 739 652 70.

56 677 220 724 Georgus
243 679 301 721 11,
325 678 361 720 3,
383 677 443 712 91.
473 675 633 722 Hydriae
652 685 740 721 pro-

54 737 161 783 logus
185 738 228 770 ib.
253 737 297 770 Iu
312 734 599 781 Hypobolimaeo
625 738 658 779 1,
681 737 738 776 10,

56 796 115 831 18.
138 795 231 840 apud
257 805 339 829 eum
370 793 530 839 Oedipus
552 793 738 828 Thriasius

53 854 100 899 9,
136 856 181 898 3,
214 855 274 890 83.
319 855 423 897 Sunt,
458 852 520 898 qui
546 852 739 897 orationes,

59 923 151 958 quae
175 911 328 948 Charisii
352 912 498 947 nomine
520 913 692 956 eduntur,
716 924 737 947 a

54 972 258 1006 Menandro
282 971 430 1016 scriptas
453 977 577 1015 putent
605 974 672 1014 10,
702 974 737 1014 1,

53 1034 113 1067 70.
159 1031 291 1066 Orator
313 1029 535 1076 Quintiliano
567 1031 738 1075 probatur

52 1089 94 1125 in
126 1099 237 1135 opere
267 1099 335 1124 suo
366 1091 412 1122 ib.
458 1086 664 1132 Euripidem
699 1094 736 1123 et

54 1149 247 1184 admiratus
276 1147 431 1182 maxime
455 1153 492 1181 et
516 1141 666 1182 secutus'
688 1150 734 1182 ib.

21 1209 111 1244 xG9.
163 1205 320 1243 Justiora
360 1212 586 1251 posterorum
628 1217 734 1251 quam

52 1277 139 1302 suae
168 1264 291 1300 aetatis
324 1264 456 1310 judicia
481 1270 537 1299 est
559 1275 735 1299 consecu-

46 1330 106 1359 tus
130 1327 174 1368 3,
205 1327 252 1367 7,
286 1325 343 1358 18.
367 1322 424 1365 '‘af-
448 1324 637 1357 Philemon
659 1323 734 1368 (eui

47 1385 104 1417 itte
124 1385 167 1416 ab
190 1384 384 1428 aequamus
406 1380 633 1426 postpositus).

1 1433 279 1478 Menelaus.
307 1441 399 1484 apud
418 1441 615 1476 Homerum
634 1444 670 1485 8,
695 1445 730 1486 3,

51 1500 109 1535 84.
138 1503 205 1542 12,
230 1500 295 1541 10,
317 1498 375 1532 64.
407 1498 446 1531 in
473 1499 628 1547 imagine
656 1501 730 1535 Ti-

50 1556 204 1592 mantbis
232 1559 279 1599 2,
306 1557 368 1598 13,
395 1557 452 1590 13.

3 1614 275 1652 Menenius.
310 1625 344 1647 v.
369 1613 540 1660 Agrippa.

3 1671 244 1710 Menerva.
293 1676 327 1715 1,
350 1670 387 1715 4,
413 1675 467 1707 17.

3 1732 280 1770 Mercurius.
312 1731 495 1765 literarum
522 1730 670 1766 inventa
693 1731 732 1766 iu

49 1791 234 1827 Mercurio
256 1790 492 1824 ostenduntur
522 1791 556 1831 3,
581 1793 617 1833 7,
642 1791 730 1827 8N.

5 1851 244 1892 Meropes.
280 1848 320 1882 in
350 1848 466 1882 insula
490 1847 544 1883 Co
566 1848 732 1884 dicuntur

50 1907 229 1942 habitasse
251 1907 286 1944 8,
306 1907 341 1949 6,
364 1910 407 1942 71
427 1907 473 1941 Ν.

3 1966 231 2007 Messala,
266 1965 320 1999 Μ.
347 1965 513 2000 Valerius
538 1965 732 2002 Corvinus.

54 2024 187 2060 orator.-
213 2026 315 2057 verba
332 2025 403 2068 ejus
426 2027 458 2067 1,
483 2025 518 2068 5,
543 2026 586 2060 15
598 2026 646 2059 N.
671 2027 731 2062 61,

53 2087 101 2127 1,
122 2083 166 2126 6,
187 2081 247 2117 42.
270 2084 314 2126 8,
337 2084 384 2125 3,
408 2082 466 2116 34.
498 2093 565 2126 pro
589 2084 731 2119 Aufidia

52 2145 111 2185 10,
135 2144 169 2184 1,
192 2143 250 2175 22.
281 2141 455 2175 Defendit
480 2143 625 2176 eosdem
649 2154 731 2177 cum

50 2199 219 2235 Pollione
250 2201 317 2241 10,
347 2203 365 2234 1
379 2225 390 2243 ,
414 2199 472 2234 24.
518 2200 671 2235 Multum
692 2201 732 2236 in

51 2257 337 2305 vitastiguitatis
359 2258 493 2302 habuit,
516 2260 666 2293 multum
688 2261 733 2294 ad

0 2304 21 2367 ζ’
51 2322 217 2363 posteros
242 2317 378 2364 gloriae
401 2317 545 2351 tradidit
574 2320 640 2361 12,
673 2320 732 2362 11,

0 2371 2 2403 ὲ
49 2378 110 2412 28.
155 2378 324 2410 Iudicium
349 2377 392 2409 ae
414 2379 469 2409 1110
496 2378 559 2419 10,
585 2378 627 2418 1,
653 2379 733 2423 113,

51 2435 192 2470 nitidus
225 2437 266 2478 1,
300 2437 347 2477 7,
380 2432 436 2472 34.
481 2437 547 2478 10,
580 2437 621 2476 1,
651 2437 732 2470 113.

56 2495 239 2529 character
273 2493 344 2538 ejus
377 2492 539 2539 Dignitas
574 2495 618 2526 12
628 2518 639 2536 ,
677 2495 733 2536 10,

4 2574 13 2598 J
51 2555 110 2588 11.
152 2550 271 2586 Vertit
305 2551 442 2585 Graeca
479 2551 518 2584 in
553 2551 732 2595 Latinum,

52 2611 257 2654 multaeque
279 2616 361 2644 sunt
385 2611 428 2644 ab
450 2620 495 2645 eo
512 2610 665 2654 scriptae
689 2611 733 2644 ad

26 2706 31 2708 ‚
54 2669 152 2704 hunc
177 2669 321 2703 modum
344 2668 547 2712 orationes,
580 2669 671 2703 adeo
693 2674 734 2702 ut

36 2716 44 2750 .'
56 2726 163 2761 etiam
210 2739 290 2762 cum
325 2727 387 2762 illa
425 2727 620 2772 Hyperidis
666 2737 734 2771 pro

55 2785 200 2830 Phryne
231 2786 438 2823 difficillima
458 2785 626 2822 Romanis
648 2786 735 2821 sub·

1431 218 1536 260 1011

856 321 984 358 tilitate
1001 325 1237 362 contenderet
1254 328 1312 372 10,
1330 328 1365 373 5,
1377 319 1425 367 ’2.
1449 331 1538 377 Ejus

855 383 1045 418 Prooemia
1055 384 1255 420 orationum
1270 388 1440 434 pleraque
1453 401 1549 437 ver--

854 447 977 476 santur
1003 441 1043 477 in
1076 444 1304 480 confessione
1326 446 1538 485 infirmitatis

852 497 888 544 4,
913 504 947 545 1,
970 502 1004 537 8.
1029 501 1158 541 ‘Liber
1181 504 1226 538 de
1248 504 1364 540 littera
1390 508 1415 542 S
1440 511 1474 552 1,
1497 513 1535 554 7,

850 560 908 594 23.
937 558 983 601 es.
1005 560 1040 604 9,
1062 559 1097 605 4,
1122 563 1180 598 38.
1230 563 1411 610 Quosdam
1437 572 1535 603 totos

850 617 992 654 libellos
1015 625 1100 654 nou*
1118 621 1163 656 de
1189 616 1311 658 verbis
1333 627 1443 660 modo
1456 627 1535 662 sin-

849 676 962 725 gulis,
992 679 1058 714 sed
1086 679 1194 715 etiam
1226 681 1353 718 litteris
1376 685 1475 720 dedit
1499 689 1534 732 1,

849 739 885 780 7,
908 737 967 772 34.

803 792 998 829 Metelli
1027 797 1171 841 contio,
1194 805 1319 836 contra
1345 813 1452 848 quam
1473 804 1531 840 di-

849 851 906 886 xit
929 852 1058 889 Cicero
1080 857 1115 898 9,
1137 859 1171 901 3,
1197 860 1255 894 50.

802 910 989 947 Metieo
1013 914 1190 954 Fufetieo.
1224 920 1258 962 1,
1286 919 1322 963 5,
1347 922 1391 954 12
1410 921 1459 956 Ν.

802 967 1106 1007 Metrodorus
1130 974 1309 1022 Scepsius.
1348 982 1406 1024 10,
1427 981 1466 1026 6,
1493 979 1530 1017 4.

850 1030 906 1070 11,
932 1031 966 1072 2,
994 1033 1052 1065 22.
1077 1034 1136 1068 26.

800 1085 986 1124 Midias.
1009 1092 1240 1128 Demosthenis
1260 1095 1473 1132 adversarius
1491 1100 1528 1142 6,

846 1148 881 1188 1,
911 1149 968 1180 17.

800 1203 997 1240 Milesia
1020 1209 1192 1251 quaedam
1216 1211 1250 1252 8,
1271 1210 1317 1255 4,
1334 1215 1391 1251 11.

799 1262 938 1307 Milo,
963 1263 1189 1302 Crotoniates
1215 1271 1247 1312 1,
1274 1271 1308 1314 9,
1333 1274 1368 1311 5.

797 1338 846 1346 -—
877 1321 922 1354 T.
957 1321 1112 1358 Annius.
1157 1326 1382 1376 Accusatur,
1430 1337 1528 1379 quod

843 1377 1007 1414 Clodium
1036 1382 1208 1419 occiderit
1231 1390 1279 1431 7,
1306 1392 1345 1433 1,
1370 1390 1427 1426 34.
1454 1395 1528 1438 ejus

842 1450 946 1470 causa
970 1441 1016 1482 3,
1042 1443 1104 1484 11,
1130 1444 1173 1477 15
1196 1456 1266 1489 sqq.
1304 1446 1347 1488 ej:
1372 1451 1407 1493 5,
1431 1453 1466 1496 2,
1495 1457 1527 1488 1.

841 1495 886 1536 6,
910 1496 955 1538 3,
979 1496 1035 1532 49.
1071 1499 1114 1542 6,
1139 1501 1183 1543 5,
1209 1505 1266 1536 10.
1301 1508 1364 1550 10,
1388 1510 1435 1552 5,
1467 1513 1524 1547 13.

840 1552 989 1587 Milonis
1015 1555 1178 1591 defensio
1203 1562 1239 1603 7,
1262 1560 1303 1606 4,
1329 1565 1363 1599 8.
1386 1583 1432 1592 —-
1460 1580 1527 1603 co-

840 1610 984 1646 mitatus
1006 1613 1042 1658 7,
1069 1617 1105 1659 2,
1128 1614 1187 1652 45.
1212 1619 1291 1662 quis
1317 1623 1429 1660 ferret
1450 1628 1526 1663 Mi-

841 1670 962 1704 lonem
989 1682 1055 1715 pro
1089 1674 1204 1718 capite
1229 1688 1296 1714 suo
1320 1684 1525 1728 supplican-

842 1734 915 1763 tem
945 1731 978 1773 6,
1005 1733 1040 1775 1,
1063 1734 1121 1768 25.
1245 1730 1253 1740 s
1427 1734 1437 1740 ”

795 1787 1099 1824 Milonianum
1121 1792 1292 1836 judicium
1306 1800 1342 1842 2,
1362 1802 1421 1846 20,
1438 1804 1523 1841 8Ν.

841 1866 889 1872 -
911 1850 1113 1892 exemplum
1135 1850 1170 1894 4,
1195 1855 1229 1896 2,
1258 1857 1299 1889 61
1316 1858 1366 1896 Ν.

795 1905 1028 1942 Minerva.
1052 1914 1145 1943 artes
1169 1911 1291 1947 docuit
1312 1914 1524 1956 Ciceronem

844 1968 908 2009 11,
935 1969 976 2008 1,
1002 1965 1060 2000 24.
1097 1968 1154 2002 cui
1185 1973 1295 2019 magis
1325 1985 1406 2010 suas
1428 1985 1523 2015 artes

841 2023 998 2068 aperiret
1036 2026 1209 2063 familiare
1256 2043 1386 2068 numen
1418 2037 1526 2084 Min„

842 2095 941 2128 quam
966 2087 1158 2120 Domitiano
1186 2091 1241 2132 10,
1268 2094 1300 2134 1,
1324 2093 1381 2128 91.
1410 2094 1524 2132 Athe-

841 2141 898 2175 nis
924 2145 988 2185 12,
1019 2145 1081 2186 10,
1108 2147 1142 2180 9.
1169 2145 1206 2180 in
1231 2159 1275 2182 ea
1297 2149 1446 2189 inventa
1468 2167 1525 2190 ar-

841 2199 929 2234 tium
953 2203 1187 2238 ostenduntur
1208 2208 1243 2250 3,
1268 2211 1302 2250 7,
1326 2210 1362 2245 8.

798 2257 1123 2298 Mithridates.
1155 2265 1191 2307 8,
1214 2267 1250 2309 3,
1273 2267 1331 2301 82.
1369 2270 1412 2304 Εἰ
1435 2254 1524 2308 duas

845 2321 881 2350 et
906 2317 1034 2363 viginti
1056 2320 1215 2367 linguas,
1253 2333 1339 2369 quot
1369 2330 1526 2366 nationi-

845 2375 911 2410 bus
925 2376 1131 2424 imperabat,
1143 2381 1292 2418 traditur
1301 2393 1404 2422 notas
1414 2390 1526 2427 fuisse

845 2437 902 2477 11,
927 2437 962 2475 2,
986 2437 1094 2473 50N.

799 2492 1064 2538 Modestus,
1107 2498 1236 2535 Julius.
1275 2507 1525 2552 grammaticus,

844 2553 880 2594 1,
903 2552 942 2609 6,
963 2553 1010 2587 36
1025 2554 1072 2588 N.

798 2608 969 2645 Melon.
991 2623 1025 2646 v.
1042 2612 1273 2657 Apollonius.

799 2667 956 2708 uincti.
1003 2672 1060 2714 12,
1083 2674 1120 2716 2,
1147 2675 1204 2708 30.

799 2726 1007 2763 Murena.
1047 2732 1089 2775 1,
1111 2730 1156 2778 4,
1176 2732 1235 2770 24.
1256 2733 1299 2779 6,
1323 2737 1362 2779 1,
1386 2736 1444 2773 35.
1471 2739 1527 2782 11,

847 2789 882 2831 1,
911 2786 969 2823 69.

977 2854 1024 2891 54
1044 2856 1065 2878 a
