1728 3002
570 165 788 209 Adversus
816 188 872 195 --
888 148 1158 207 ‘Aedfficium
1230 131 1234 133 Δ
1576 161 1632 202 29

145 276 238 322 sidio
260 283 354 320 inter
376 281 558 328 pericula,
583 287 705 316 tamen
726 279 855 316 solatio
874 278 969 314 inter
986 278 1153 314 adversa.
1188 277 1347 312 Domit.
1370 273 1442 317 As.
1467 273 1503 318 9,
1522 274 1557 316 3,
1572 273 1632 308 79.

142 334 192 380 β)
224 345 254 367 ο.
283 333 367 365 Dat.
395 330 460 372 iis,
503 339 596 373 quae
626 339 716 364 vera
749 338 829 362 esse
862 325 1059 368 constabit,
1101 325 1253 359 adversa
1276 321 1320 367 4,
1343 324 1387 364 2,
1410 322 1469 357 90.
1515 320 1630 364 ipsam

146 377 401 414 verecundiam
424 386 502 410 esse
524 374 618 408 inter
640 375 810 412 adversa,
832 372 1022 416 multisque
1046 371 1085 405 in
1109 381 1216 404 causa
1237 368 1349 403 fuisse
1370 370 1426 411 12,
1446 367 1482 410 5,
1499 369 1535 400 2.
1565 367 1632 399 ad-

119 432 274 460 ’νοω
297 421 456 457 consiliis
479 421 617 464 (locus)
643 422 686 463 5,
713 422 779 462 10,
806 420 863 453 37.
898 418 1024 461 virtus,
1049 417 1134 462 quid
1159 416 1224 458 sit,
1260 416 1412 449 adversa
1436 413 1471 447 ei
1496 411 1632 446 malitia

148 470 283 517 detegit
315 471 376 510 12,
403 470 445 511 1,
466 467 527 502 ¹35.
575 477 623 501 ne
655 466 766 510 judex
803 464 1023 509 reliquorum
1056 461 1258 497 defensioni
1291 460 1336 495 sit
1371 458 1631 494 adven-sior

150 517 208 560 (a.
235 520 260 549 1.
286 513 370 556 av.)
401 515 443 558 7,
469 516 509 556 1,
537 515 578 547 11
606 512 653 546 Ν.
684 525 731 546 cr.
769 511 1015 546 adversum
1037 508 1173 556 gratiae
1197 519 1243 542 an
1269 505 1528 545 obnoxium
1553 503 1630 538 ani-

148 572 247 595 mum
272 563 309 604 3,
334 561 372 604 9,
394 562 430 594 7.
477 559 509 593 si
534 559 739 593 facultatem
766 556 910 591 dicendi
941 555 1116 590 sociam
1148 555 1348 597 scelerum,
1380 553 1631 588 adversam

147 606 397 651 innocentiae,
422 606 608 640 hostem
633 603 795 640 veritatis
818 601 958 649 invenit
980 603 1039 647 12,
1064 604 1098 644 1,
1120 603 1157 635 2.

102 661 332 705 Adversus·
367 676 562 719 =Pramo...-
601 671 692 706 nihn
724 670 794 706 sibi
826 671 909 704 adv.
944 680 1003 704 me
1035 667 1180 713 reliquit
1213 664 1390 713 worma)
1425 665 1461 710 6,
1483 664 1548 701 Pr.
1572 663 1633 699 15.

148 721 234 756 adv.
258 721 329 754 hoc
356 719 549 754 facientem
578 718 691 752 lineas
721 716 888 762 poposcit
920 718 977 757 11,
1002 717 1037 758 3,
1062 717 1141 750 133.
1179 719 1216 748 et
1239 713 1296 749 vis
1320 717 1445 747 contra
1466 710 1564 755 vim,
1595 715 1634 744 et

146 766 255 810 talio,
289 765 532 809 nihilfhabent
554 765 727 799 adversus
751 765 822 808 (Z.
849 759 1062 804 adversum)
1094 771 1197 803 eum,
1233 759 1294 804 qui
1314 759 1415 803 prior
1436 757 1543 799 fecit,
1577 756 1634 790 in-

148 812 234 900 gusti
257 810 354 892 7,44,
376 811 412 846 6.
455 810 526 845 alia
553 810 662 855 patris
685 810 768 845 adv.
790 807 926 852 filium,
958 806 1085 842 tutoris
1116 807 1199 842 adv.
1231 805 1406 851 pupillum
1434 802 1635 838 moderatio

106 911 356 955 Advocatio·
402 923 433 958 si
464 923 548 968 quid
577 923 622 958 ab
646 922 854 959 adversario
878 941 921 950 -
944 921 984 966 {n
1010 918 1306 957 advocationibus
1341 917 1387 962 (i.
1413 930 1443 951 e.
1475 917 1636 950 ...n-⁶.

156 971 428 1013 advocator.)
451 969 617 1014 jactatam
640 970 686 1003 sit
707 972 743 1012 5,
766 972 823 1009 13,
845 967 904 1004 49.
928 971 978 1003 Ν.
1003 976 1035 1003 et
1058 970 1122 1010 S.,·
1167 976 1216 1001 ex
1241 962 1516 999 advocationum
1544 962 1636 1006 stipo

154 1017 191 1058 1,
217 1017 275 1058 12,
299 1016 344 1050 18
364 1015 414 1049 N.
454 1016 580 1056 (bonus
606 1015 743 1059 orator)
778 1016 927 1048 ducetur
956 1013 995 1048 in
1033 1012 1306 1048 advocationem
1340 1009 1498 1044 maxime
1528 1019 1637 1042 causa

154 1063 213 1101 12,
234 1064 272 1103 7,
293 1058 330 1094 4.
362 1071 409 1095 ne
431 1061 592 1105 periculo
619 1061 719 1095 exilii
741 1062 985 1096 deterreantur
1013 1060 1059 1094 ab
1088 1058 1326 1094 advocatione
1350 1059 1388 1100 7,
1412 1059 1442 1096 1,
1465 1055 1523 1090 58.
1557 1055 1637 1088 elo-

152 1105 339 1188 clspenltiaffi
382 1117 464 1141 cum
516 1106 758 1151 plenissimam
808 1106 974 1142 diversae
1023 1105 1134 1151 partis
1183 1101 1375 1139 advocatio
1419 1100 1636 1159 concederet

201 1177 217 1199 Ξ4
260 1175 271 1194 D
340 1174 351 1185 ⁰

104 1205 363 1249 Advocatus.
408 1215 439 1262 Ῑ)
465 1219 522 1264 qui
544 1221 646 1253 alicui
671 1221 764 1253 adest
786 1220 821 1253 in
852 1231 980 1254 causa:
1016 1217 1183 1253 advocati
1212 1217 1291 1262 ejus
1327 1215 1385 1260 (a.
1412 1218 1437 1249 l.
1469 1208 1637 1258 evocati)

149 1264 189 1308 6,
211 1267 248 1308 3,
269 1266 329 1300 78.
367 1265 536 1300 advocati
568 1265 678 1310 partis
713 1267 887 1301 adversae
921 1267 957 1308 5,
979 1265 1016 1307 6,
1039 1265 1062 1300 6
1088 1266 1137 1299 Ν.
1178 1266 1235 1307 12,
1258 1264 1295 1307 9,
1320 1265 1376 1296 11.
1424 1261 1519 1296 inter
1550 1261 1639 1294 sub-

151 1310 255 1345 uenia
275 1310 433 1345 minores
458 1312 540 1346 adv.
566 1311 764 1359 interroget
786 1315 844 1356 12,
870 1314 907 1355 3,
930 1314 966 1345 2.
1002 1312 1085 1345 adv.
1109 1309 1270 1344 adversis
1293 1307 1471 1342 subselliis
1497 1305 1638 1341 sedenti

154 1357 214 1401 11,
234 1358 271 1398 3,
294 1359 374 1391 132.
466 1356 516 1401 Π)
550 1359 574 1391 ἰ.
600 1371 632 1403 q.
660 1366 803 1392 actor.-
841 1355 878 1401 4,
903 1360 937 1400 1,
959 1360 983 1393 7
1007 1358 1055 1391 AV.
1098 1356 1132 1398 6,
1158 1359 1190 1396 1.
1213 1354 1272 1390 47.
1308 1355 1344 1395 6,
1366 1353 1401 1396 4,
1423 1356 1482 1388 22.
1521 1356 1580 1396 11,
1603 1356 1638 1396 1,

135 1404 216 1440 ·61.
253 1413 328 1437 non
350 1401 511 1437 inutilem
542 1413 629 1438 sane
658 1403 775 1438 litium
809 1404 1091 1439 advocatum
1123 1402 1243 1444 (abest
1266 1414 1289 1434 a
1314 1401 1418 1435 codd.
1441 1399 1638 1442 meliana),

118 1488 120 1490 ‚
154 1459 263 1494 quem
285 1448 439 1493 denique
466 1449 755 1483 causidicum
778 1450 890 1496 vulgo
912 1454 1047 1484 vocant
1070 1450 1126 1490 12,
1151 1451 1185 1490 1,
1208 1446 1255 1482 25
1278 1447 1326 1480 Ν.
1352 1458 1401 1479 cr·
1439 1445 1567 1490 aliquis
1589 1455 1639 1479 ex

156 1505 363 1541 eo·genere
393 1495 750 1538 advocatorum,
788 1495 849 1540 qui
879 1506 919 1529 se
942 1505 1017 1529 non
1039 1505 1146 1538 posse
1172 1493 1313 1546 agere
1342 1491 1557 1526 confitentur
1580 1494 1638 1534 12,

155 1542 192 1584 8,
215 1541 251 1576 5.
291 1541 433 1584 quando
465 1540 597 1584 ipsos
628 1541 785 1586 loqui,
822 1541 966 1586 quando
1006 1542 1227 1575 advocati
1258 1548 1379 1573 voce
1412 1538 1481 1571 uti
1513 1538 1639 1571 deceat

157 1588 214 1627 11,
236 1588 271 1629 1,
294 1587 351 1637 59:
387 1596 458 1630 quo
480 1587 560 1630 plus
588 1587 862 1621 dicentibus
886 1586 989 1628 fidei,
1013 1586 1202 1629 minusque
1226 1590 1412 1628 suspectae
1439 1585 1639 1618 advoca-

156 1636 308 1683 torum
334 1631 483 1665 msidiae
505 1633 627 1666 forent
651 1636 715 1676 12,
736 1634 780 1675 9,
805 1634 840 1668 5.
872 1634 1048 1666 clamante
1070 1633 1219 1665 multum
1245 1632 1420 1665 advocato
1445 1630 1490 1671 9,
1508 1632 1551 1672 2,
1575 1630 1641 1665 95.

157 1677 421 1712 controversias
453 1677 575 1711 dicunt
598 1678 662 1720 ita,
695 1684 736 1712 ut
759 1678 925 1713 advocati
951 1681 993 1721 3,
1019 1679 1061 1722 8,
1087 1679 1144 1712 51.
1184 1677 1349 1718 affectus,
1385 1686 1475 1720 quos
1497 1686 1573 1709 non
1598 1680 1641 1709 ut

145 1722 397 1763 advocati,
430 1724 494 1757 sed
521 1729 560 1756 ut
585 1724 707 1768 passi
736 1725 894 1758 subimus
919 1727 984 1767 11,
1007 1726 1050 1767 1,
1072 1725 1118 1758 55
1139 1724 1187 1758 N.
1220 1723 1280 1764 (in
1302 1723 1440 1765 schola)
1473 1726 1514 1754 ut
1542 1721 1642 1755 liti-

157 1773 358 1820 gatores·
372 1769 552 1813 loquimur
573 1770 795 1814 frequentius
821 1781 927 1815 quam
950 1775 989 1804 ut
1015 1771 1110 1804 adv.
1135 1769 1171 1811 6,
1187 1771 1223 1811 2,
1239 1769 1297 1803 36.
1323 1767 1369 1809 cs.
1391 1770 1449 1810 11,
1465 1770 1499 1810 1,
1520 1768 1640 1801 38.-

157 1822 233 1848 non
263 1815 419 1866 defuisse
449 1815 518 1848 sibi
540 1817 754 1849 advocatum
785 1816 831 1860 6,
853 1819 895 1858 2,
916 1814 953 1849 4.
999 1815 1059 1850 Sic
1085 1814 1289 1861 continget,
1314 1819 1354 1847 ut
1379 1824 1455 1847 non
1482 1813 1638 1846 studium

159 1861 381 1894 advocatl
402 1859 566 1895 videatur
591 1862 715 1896 afferre
739 1861 885 1906 gador),
909 1862 973 1895 sed
998 1872 1113 1906 paene
1137 1860 1280 1895 testis
1304 1860 1411 1893 fidem
1436 1858 1473 1901 4,
1493 1862 1527 1902 1,
1544 1862 1567 1894 7
1587 1860 1639 1893 Ν.

157 1904 205 1946 cs.
234 1907 291 1945 10,
315 1907 349 1947 1,
374 1907 453 1938 111.
485 1906 650 1941 videatur
671 1907 751 1941 talis
775 1909 858 1942 adv.
881 1909 998 1941 malae
1022 1918 1149 1941 causae
1173 1911 1419 1953 argumentum
1442 1908 1499 1947 12,
1523 1907 1558 1947 1,
1584 1907 1640 1938 13.

158 1951 353 2004 advocatus
377 1951 498 2002 plura,
527 1963 632 1995 quam
653 1954 906 1995 ostenduntur,
933 1953 1081 1997 aspiciat
1104 1955 1162 1995 12,
1183 1954 1220 1996 8,
1246 1954 1303 1986 10.
1333 1951 1531 1985 simillimus
1553 1950 1640 1984 huic

162 1994 395 2037 (mperatori)
420 2001 466 2028 sit
490 1998 571 2030 adv.
591 2000 648 2039 12,
662 2000 696 2039 3,
712 1999 747 2033 6.
768 1998 979 2042 proditionis
1003 2000 1187 2032 damnatus
1211 2009 1294 2032 cum
1314 1998 1491 2031 advocato
1517 1998 1640 2030 exalet

159 2040 208 2091 ⁵⁹.
224 2041 279 2078 10,
296 2042 383 2090 107.
425 2043 462 2082 7,
486 2043 521 2083 1,
542 2040 600 2092 42.
634 2043 741 2076 debet
773 2045 920 2077 bonus
956 2045 1055 2079 adv.
1082 2054 1148 2088 pro
1181 2043 1236 2077 rei
1261 2043 1374 2076 salute
1400 2043 1550 2077 brevem
1573 2053 1640 2076 ne-

160 2085 350 2132 ghgenuae
370 2085 687 2128 reprehensmnem
708 2098 783 2122 non
805 2089 1057 2132 pertimescere
1085 2089 1120 2130 5,
1137 2090 1194 2130 13,
1217 2091 1274 2123 10.

115 2139 307 2183 Advoco.
364 2148 394 2193 I)
428 2154 581 2203 proprie.-
614 2161 735 2186 nonne
767 2153 801 2187 ei
831 2155 1027 2188 communis
1057 2155 1190 2188 utilitas
1217 2158 1397 2188 oratorem
1422 2154 1641 2189 advocabit?

161 2199 279 2249 pul).
299 2195 450 2249 43·.‘1¹¹¹.
470 2197 515 2230 ad
539 2198 779 2232 defendendas
806 2210 930 2232 causas
955 2201 1152 2234 advocatur
1181 2199 1294 2233 ib.24.
1319 2200 1408 2234 alios
1430 2201 1642 2245 plerumque

158 2243 300 2287 judicus
322 2249 471 2287 privatis
499 2244 543 2276 ad
568 2243 728 2277 actiones
751 2244 940 2287 advocari,
967 2245 1055 2279 alios
1082 2246 1125 2279 ad
1150 2245 1397 2290 probationem
1419 2247 1505 2290 (Sp.
1528 2245 1637 2290 voc.)

159 2289 196 2330 6,
219 2286 255 2330 4,
278 2292 327 2341 7..
346 2288 386 2322 in
407 2289 463 2322 his
488 2289 621 2342 causis,
649 2289 776 2333 quibus
800 2291 1018 2325 advocamur
1042 2291 1100 2335 (a.
1124 2295 1146 2324 l.
1171 2290 1406 2333 advocamus)
1440 2295 1498 2336 11,
1522 2296 1555 2336 1,
1580 2294 1641 2328 39.

123 2335 329 2368 *advocari
357 2345 396 2368 ιιι
430 2336 580 2369 consllia
611 2335 807 2369 amicorum
836 2338 882 2378 3,
906 2338 951 2379 8,
975 2339 1032 2371 70.
1068 2347 1090 2370 a
1116 2347 1188 2381 qno
1214 2336 1251 2371 in
1275 2338 1468 2371 concilium
1490 2339 1643 2372 deorum

162 2380 356 2414 advocatur
381 2382 438 2422 11,
464 2383 497 2424 1,
520 2379 578 2415 24.
611 2382 775 2415 homines
800 2381 838 2415 in
862 2383 933 2416 hoc
962 2382 1126 2417 advocati
1160 2384 1203 2427 (ι’.
1227 2395 1256 2418 e.
1282 2384 1329 2416 ad
1351 2386 1575 2428 audiendum)
1605 2388 1641 2427 2,

162 2426 220 2467 10,
244 2427 300 2476 11.
389 2425 443 2468 11)
470 2430 585 2461 transl.
598 2440 609 2460 .·
651 2428 830 2462 advocare
851 2427 896 2461 iis
920 2429 1027 2462 rebus
1053 2429 1236 2472 affectum,
1263 2440 1351 2473 quas
1382 2440 1529 2464 securus
1557 2441 1643 2463 nar-

160 2480 300 2550 {ja-ven}
320 2467 360 2549 4.ξ
375 2473 411 2514 2,
396 2471 506 2551 3ιῖ115νρ
536 2483 618 2507 eum
641 2483 800 2508 amorem
825 2479 862 2508 et
885 2485 967 2508 eum
988 2475 1153 2510 favorem
1176 2474 1217 2508 in
1239 2474 1427 2509 consilium
1454 2477 1641 2512 advocabo

197 2528 247 2549 1οι
302 2541 312 2558 .
338 2539 346 2549 ι
361 2542 373 2560 ,
501 2540 514 2552 ο
541 2527 548 2531 „

77 2594 83 2596 -
115 2557 195 2600 ΑΒ·
214 2590 264 2598 --
279 2573 479 2616 syllabam,
505 2573 605 2617 cujus
626 2575 822 2610 secundam
844 2586 939 2610 nnnc
962 2575 991 2610 E
1015 2575 1156 2611 literam
1177 2577 1364 2622 ponimus,
1390 2577 1494 2614 varie
1514 2588 1582 2621 per
1605 2577 1641 2611 A

162 2620 200 2650 et
221 2617 249 2651 F
277 2619 470 2654 efferebant
494 2621 529 2662 1,
548 2623 586 2664 7,
609 2621 665 2655 18.

117 2669 342 2741 Aedes-.-
387 2685 528 2733 Quinni
554 2689 589 2730 1,
611 2690 647 2731 7,
675 2691 732 2724 12.
757 2705 803 2716 -—
848 2700 951 2725 sacra
971 2687 1010 2734 4,
1030 2690 1067 2733 2,
1089 2689 1126 2725 8.

115 2726 383 2773 Aednfimnm.
429 2741 549 2778 omni.
575 2755 667 2789 qaae
688 2750 772 2780 sunt
798 2746 961 2782 aedificio
982 2746 1085 2782 utin.
1109 2749 1145 2789 2,
1166 2747 1228 2790 21,
1247 2746 1285 2781 8-
