1728 3002
129 183 215 225 214
642 163 829 223 Demum
866 203 924 215 ·-
957 177 1156 238 Denique

175 296 349 330 tationem
370 293 684 330 demonstrandum
706 293 752 329 sit
778 295 814 339 5,
837 297 872 338 7,
899 296 958 332 28.
990 295 1081 332 haec
1103 295 1224 332 omnia
1247 294 1520 332 demonstranda
1541 294 1671 332 viden·

177 347 236 376 tus
255 341 472 377 discentibus
495 343 531 385 3,
557 342 592 385 6,
615 342 673 377 89.
702 342 747 375 ad
770 342 1180 377 demonstrandum
1201 342 1261 386 id,
1284 342 1527 388 quodfvelis
1549 345 1585 386 5,
1611 346 1672 386 10,

109 395 111 397 '
181 389 240 424 56.
275 387 337 424 via
361 389 488 432 plana,
523 394 559 422 et
583 399 664 422 cum
691 389 735 421 ad
759 387 1136 435 ingrediendum,
1171 394 1247 422 tum
1275 389 1321 422 ad
1353 390 1671 424 demonstran-

179 436 282 469 dum
309 434 477 479 expedita
499 435 534 477 8,
565 435 625 468 Pr.
651 436 686 469 3.
736 434 777 480 β)
806 435 876 478 adj.
901 437 1040 469 Amat..-
1069 440 1110 469 ut
1134 433 1285 469 occultis
1311 440 1434 480 apem
1453 436 1674 471 demonstret

179 483 215 524 8,
239 483 274 524 3,
297 479 357 516 74.
393 486 434 514 ut
455 482 518 515 vel
540 480 974 524 interpretandum,
1001 482 1064 516 vel
1090 483 1258 525 exemplo
1281 480 1328 516 sit
1354 481 1673 517 demonstran-

181 529 282 561 dum
305 529 338 570 3,
367 527 401 570 6,
427 530 485 562 27.
519 527 615 571 quod
639 527 791 571 scriptor
812 528 1056 562 demonstrare
1078 538 1153 561 non
1176 526 1310 572 possit,
1336 526 1407 563 nisi
1429 533 1527 562 certa
1545 528 1673 563 defini-

179 579 287 618 taque
311 573 458 607 materia
480 576 526 617 7,
552 575 618 616 10,
642 576 676 608 7.
711 573 741 607 si
774 573 985 608 varietatem
1013 573 1199 608 criminum
1224 573 1428 608 narratione
1453 575 1674 608 demonstra-

178 619 278 655 veris
313 618 357 662 4,
393 622 436 662 3,
470 622 506 654 7.
545 618 782 654 demonstrari
806 619 1005 664 praeceptis
1031 620 1074 663 6,
1100 621 1143 663 5,
1170 620 1205 655 6.
1237 637 1284 647 -
1318 620 1453 665 scripto
1483 623 1524 664 1,
1549 621 1590 663 5,
1617 622 1675 655 32.

177 670 220 712 y)
246 679 315 710 seq.
340 668 467 700 Aecus.
493 669 679 708 geminato.-
714 677 820 710 quam
843 666 1014 701 virtutem
1036 672 1194 711 quartam
1220 666 1434 701 elocutionis
1457 666 1676 701 demonstrat

181 714 248 756 11,
275 715 315 753 1,
341 714 374 745 1.
409 723 472 746 eos
497 711 741 746 intolerabiles
767 711 804 746 id
830 711 968 757 ipsum,
1005 713 1102 757 quod
1125 712 1306 756 cedimus,
1337 714 1557 747 demonstrat
1577 714 1614 756 6,
1636 715 1676 758 2,

180 758 237 793 16.
287 756 326 802 ὃ)
348 771 415 803 seq.
435 761 559 792 Aecus.
586 771 616 791 c.
640 757 730 799 Infit
758 758 1018 803 Aristophanes
1041 769 1116 793 non
1138 765 1212 794 'uno
1236 758 1330 793 libro
1355 759 1409 794 sic
1425 758 1563 794 institui
1584 763 1678 804 pue-

179 815 243 839 ros
261 804 386 839 solitos
411 815 491 838 esse
519 805 738 838 demonstrat
762 807 802 847 1,
825 807 888 848 10,
914 806 970 840 18.
1002 805 1137 849 optime
1162 805 1238 840 Cic.
1265 806 1505 848 demonstrat,
1540 816 1677 841 caven-

179 852 286 894 dum,
315 861 361 884 ne
386 857 447 885 etc.
475 851 511 894 8,
538 851 575 893 6,
603 852 666 893 15;
691 863 761 895 seq.
780 854 941 894 Interrog.
959 853 1078 888 indir..·
1107 850 1275 887 narrandi
1301 863 1391 896 quae
1413 852 1518 886 nobis
1541 852 1676 897 optima

179 897 273 932 ratio
295 896 485 939 videatur,
515 902 590 931 tum
619 897 939 931 demonstrabimus
962 900 998 940 2,
1023 896 1060 940 4,
1083 899 1117 933 3.
1147 899 1225 933 laus
1247 908 1290 932 ao
1313 897 1542 943 vituperatio,
1572 899 1677 944 quale

180 943 227 978 sit
257 943 435 988 quidque,
467 944 693 977 demonstrat.
723 946 769 986 3,
801 942 845 986 4,
881 942 944 986 143
984 943 1156 988 Superest
1183 943 1312 979 lectio:
1345 943 1384 978 in
1415 956 1485 990 qna
1511 954 1601 988 puer
1623 950 1677 980 ut

179 990 290 1032 sciat,
328 989 390 1023 ubi
420 990 639 1033 suspendere
677 989 838 1035 spiritum
865 990 1015 1034 debeat,
1051 1001 1122 1035 quo
1155 991 1239 1025 loco
1267 1001 1416 1026 versum
1445 990 1676 1039 distinguere,

181 1044 265 1080 eta,
291 1035 529 1071 demonstrari
555 1035 626 1070 nisi
650 1035 699 1071 in
719 1046 834 1090 opere
856 1035 936 1081 ipso
963 1047 1039 1071 non
1061 1041 1182 1081 potest
1209 1039 1246 1080 1,
1269 1037 1306 1081 8,
1332 1038 1367 1072 1.

134 1091 336 1135 Demum·
391 1106 413 1138 ὶ.
441 1116 474 1148 q.
501 1110 685 1138 tantum.-
699 1108 754 1147 ,ut
777 1102 904 1139 alienis
928 1104 1072 1139 demum
1093 1104 1255 1152 vestigiis
1277 1103 1481 1147 insisterem
1507 1106 1566 1141 Pr.
1588 1106 1612 1141 3
1628 1106 1676 1141 Ν.

179 1160 257 1185 non
294 1150 540 1194 superstitiose
578 1148 741 1195 cogitatis
774 1151 916 1184 demum
942 1157 996 1185 est
1022 1151 1283 1186 inhaerendum
1308 1153 1375 1195 10,
1401 1152 1444 1196 6,
1470 1153 1503 1187 5.
1544 1151 1618 1187 suis
1640 1153 1678 1187 d.

180 1196 295 1231 oculis
330 1196 482 1231 credidit
520 1197 583 1237 11,
609 1197 654 1237 3,
682 1196 740 1230 68.
789 1207 882 1240 quae
907 1195 1054 1240 (litera)
1078 1198 1123 1231 ad
1149 1198 1416 1245 conjungendas
1442 1199 1477 1232 d.
1503 1198 1679 1242 subjecta·

179 1242 248 1277 sibi
270 1243 419 1277 vocales
444 1247 498 1276 est
519 1240 616 1275 utilis
642 1243 698 1284 12,
724 1242 780 1283 10,
805 1243 863 1275 30.
898 1242 1062 1277 docendo
1085 1242 1240 1286 judicem
1263 1248 1337 1278 tan
1347 1249 1460 1286 tum,
1485 1250 1523 1280 et
1545 1244 1681 1280 utiliter

182 1290 356 1323 demum
380 1300 421 1323 ac
442 1286 570 1322 Latine
593 1286 852 1331 perspicueque
875 1287 1028 1322 dicendo
1053 1290 1089 1332 8,
1113 1291 1148 1332 3,
1171 1291 1205 1324 3.
1242 1288 1288 1330 cs.
1315 1291 1349 1332 1,
1373 1292 1408 1333 3,
1432 1289 1466 1324 4.
1501 1293 1535 1334 1,
1557 1289 1593 1332 4,
1622 1293 1678 1327 11.

181 1336 238 1370 29.
275 1337 311 1376 2,
340 1334 396 1376 15,
425 1336 458 1368 1.
495 1335 530 1376 3,
558 1334 594 1375 8,
619 1335 653 1368 5.
686 1336 722 1375 7,
750 1332 786 1376 4,
818 1335 873 1368 10.
900 1341 982 1377 etc.,·
1014 1333 1075 1379 qui
1098 1335 1163 1368 has
1191 1335 1225 1369 d.
1244 1331 1536 1377 προσωποποιΐαε
1562 1336 1680 1372 dicant

180 1382 216 1423 9,
229 1384 264 1423 2,
280 1383 335 1415 31.
361 1380 422 1414 ille
441 1381 475 1414 d.
493 1379 532 1413 in
548 1379 598 1421 id,
625 1380 721 1423 quod
740 1379 955 1423 quaerimus,
973 1400 1021 1406 —
1042 1380 1174 1424 poterit
1191 1381 1347 1416 evadere
1359 1384 1396 1425 2,
1411 1379 1448 1426 4,
1466 1384 1521 1417 17.
1548 1394 1629 1417 eum
1643 1385 1677 1419 d.

183 1427 304 1461 dicere
322 1432 402 1471 apte
420 1429 474 1470 11,
486 1428 519 1470 1,
531 1427 566 1461 8.
585 1426 623 1459 id
639 1426 673 1458 d.
689 1426 855 1460 hocloco
871 1425 984 1471 accipi
995 1427 1138 1461 schema
1150 1427 1331 1472 oportebit
1344 1428 1380 1471 9,
1393 1430 1426 1471 1,
1439 1430 1495 1462 13.
1518 1427 1609 1473 “s-5,
1622 1432 1679 1474 10,

182 1476 218 1508 2.
242 1473 320 1507 116.
358 1473 394 1515 9,
420 1472 455 1515 4,
481 1474 514 1507 3.
549 1483 615 1516 per
638 1472 811 1515 quaedam
830 1483 943 1515 parva
970 1484 1078 1515 sane,
1106 1472 1143 1507 si
1166 1473 1244 1518 ipsa
1270 1473 1385 1508 dem.
1407 1474 1585 1519 aestimes,
1613 1476 1682 1510 ‹lu-
1709 1487 1715 1490 ’

182 1525 268 1553 cunt
293 1522 326 1560 1,
353 1521 408 1561 10,
434 1521 466 1554 5.
504 1517 554 1552 ibi
578 1519 720 1552 demum
742 1518 904 1562 thymum
930 1520 1095 1553 redolere
1121 1522 1186 1562 12,
1213 1522 1277 1563 10,
1304 1520 1363 1555 25.
1404 1519 1449 1562 cs.
1475 1523 1529 1561 10,
1553 1523 1589 1566 3,
1615 1524 1681 1565 133

182 1571 224 1599 ut
248 1576 368 1599 nunc
394 1566 428 1598 d.
454 1564 544 1598 nihil
568 1569 704 1599 crescat
728 1566 793 1606 10,
815 1567 858 1608 2,
882 1566 919 1599 8.
955 1571 1048 1599 tum
1073 1565 1106 1599 d.
1133 1565 1312 1613 ingeniosi
1338 1567 1380 1608 8,
1408 1567 1467 1600 Pr.
1492 1569 1551 1603 25.
1582 1573 1622 1601 ut
1641 1568 1680 1603 id

182 1612 276 1657 jam
300 1611 334 1644 d.
360 1612 542 1658 eleganter
569 1610 702 1644 dictum
725 1615 851 1655 putent
874 1612 909 1655 8,
933 1613 969 1654 2,
993 1614 1050 1647 21.
1098 1612 1165 1646 Ita
1190 1613 1223 1646 d.
1250 1611 1346 1649 enim
1369 1611 1481 1646 libera
1503 1633 1550 1639 ——
1573 1625 1681 1649 causa

185 1657 360 1702 spectabit
385 1658 422 1691 id
449 1658 565 1691 solum
595 1659 657 1700 12,
687 1658 728 1700 1,
753 1656 786 1691 5.
821 1668 885 1692 cur
916 1657 987 1692 hoo
1013 1668 1147 1692 nomen
1175 1657 1245 1692 ita
1267 1659 1302 1692 d.
1332 1658 1517 1703 proprium
1543 1665 1682 1704 putent,

185 1704 224 1738 si
253 1703 385 1748 aliquid
411 1703 449 1737 in
473 1703 636 1750 digressu
663 1702 709 1736 sit
733 1704 986 1746 exponendum
1020 1703 1068 1747 4,
1096 1705 1144 1747 3,
1176 1703 1230 1738 14.
1275 1714 1367 1748 quae
1397 1704 1466 1737 ita
1493 1705 1528 1739 d.
1565 1716 1586 1739 a
1612 1706 1683 1741 fide

182 1761 259 1784 non
283 1751 517 1792 abhorreant,
542 1749 584 1783 si
609 1760 652 1783 ea
675 1750 812 1783 locutas
837 1749 1066 1792 finxerimus,
1095 1760 1187 1793 quae
1211 1756 1271 1784 etc.
1297 1750 1332 1792 9,
1357 1752 1392 1792 2,
1416 1752 1473 1784 30.
1511 1749 1556 1791 cs.
1587 1752 1621 1795 8,
1648 1755 1684 1796 3,

186 1800 245 1831 27.
290 1799 355 1840 11,
388 1799 434 1839 3,
462 1798 541 1830 130.
585 1801 624 1829 ut
647 1805 734 1829 non
756 1794 787 1829 is
812 1796 917 1829 dem.
946 1795 992 1829 sit
1013 1796 1196 1829 veneficus
1236 1815 1284 1821 —
1311 1796 1394 1830 sed
1422 1794 1565 1830 etiam
1582 1798 1626 1841 9,
1650 1802 1685 1840 2,

186 1842 267 1877 105.
305 1845 459 1886 neque
485 1853 535 1876 ea
559 1841 666 1875 dem.
694 1860 740 1867 -—
765 1851 933 1876 verum
957 1840 1094 1875 etiam
1120 1844 1155 1884 7,
1183 1842 1239 1874 Pr.
1267 1843 1308 1883 1;
1345 1843 1559 1883 singulariter
1585 1846 1684 1877 adhi-

187 1891 283 1922 betur
305 1902 334 1922 c.
354 1892 388 1922 vi
407 1889 572 1930 augendi.-
597 1887 793 1921 Videamus
817 1897 918 1934 ergo,
943 1898 1029 1921 num
1049 1885 1229 1931 expositio
1245 1887 1337 1922 haec
1359 1888 1555 1935 longior
1574 1890 1681 1926 dem.

189 1946 270 1969 esse
298 1935 438 1969 debeat.
463 1932 499 1978 4,
523 1936 560 1977 2,
589 1934 635 1968 79
651 1933 699 1966 N.
1693 1945 1703 1949 -·

143 1990 357 2047 Denique·
405 2000 446 2046 α)
477 2002 642 2044 abrumpit
666 2012 864 2034 sermonem:
899 1998 1067 2044 Denique
1093 2010 1168 2034 nou
1190 2000 1357 2036 fecerunt
1380 2001 1565 2049 Saguntini
1589 2005 1625 2048 3,
1649 2005 1686 2048 8,

189 2051 248 2083 23.
295 2050 342 2082 D.
370 2054 412 2081 ut
433 2053 554 2093 gratus
577 2047 640 2092 sit,
666 2047 710 2080 ad
735 2057 818 2081 eum
842 2046 953 2093 magis
979 2045 1153 2091 pertinet,
1181 2047 1243 2091 qui
1265 2048 1374 2082 debet
1401 2051 1454 2092 12,
1479 2053 1516 2092 7,
1543 2052 1600 2084 12.
1637 2051 1686 2085 D.

191 2094 364 2139 quidquid
391 2091 450 2128 est
469 2093 662 2137 optimum,
687 2098 770 2127 ante
793 2103 868 2127 non
891 2095 1009 2127 suerat
1032 2095 1088 2135 12,
1114 2096 1170 2136 11,
1194 2093 1253 2128 26.
1291 2095 1340 2128 D.
1364 2095 1456 2133 mala
1477 2095 1579 2129 multi
1601 2107 1690 2140 pro..

188 2141 294 2183 bant,
336 2151 441 2174 nemo
465 2140 642 2184 improbat
668 2139 765 2175 bona
789 2142 854 2182 12,
884 2141 947 2183 10,
974 2139 1039 2182 76;
1078 2138 1268 2184 Denique,
1301 2145 1340 2173 ut
1368 2141 1479 2174 semel
1503 2141 1626 2176 finiam
1650 2142 1688 2186 9,

191 2186 227 2229 4,
255 2187 332 2220 138.
365 2185 410 2228 cs.
438 2189 494 2229 11,
520 2188 555 2229 3,
578 2187 635 2221 59.
682 2186 730 2218 D.
755 2191 796 2219 ut
818 2187 950 2228 semel,
979 2185 1075 2229 quod
1092 2190 1147 2219 est
1168 2185 1470 2229 potentissimum,
1495 2186 1611 2223 dicam
1629 2189 1687 2232 10,

194 2235 237 2274 3,
262 2235 319 2267 22.
374 2232 416 2277 β)
440 2235 474 2265 in
494 2234 570 2274 fine
592 2234 864 2266 enumerationis.-
899 2237 1028 2266 cuncta
1050 2230 1204 2275 denique
1227 2231 1266 2265 in
1290 2231 1412 2266 officio
1437 2238 1543 2267 erunt
1569 2234 1626 2276 10,
1652 2236 1688 2278 3,

193 2279 229 2313 9.
273 2283 308 2311 et
330 2283 425 2312 totus
450 2279 485 2312 d.
514 2278 573 2311 hic
602 2278 703 2312 locus
726 2278 770 2320 9,
797 2280 840 2321 2,
871 2281 904 2312 7.
949 2276 989 2310 in
1020 2276 1263 2319 sermonibus,
1298 2277 1462 2321 circulis,
1494 2278 1687 2324 conviviis,

193 2322 306 2357 item
326 2323 364 2356 in
390 2325 634 2366 contionibus,
665 2323 771 2357 omni
795 2323 1006 2368 denique
1030 2324 1114 2357 loco
1137 2326 1293 2356 Domii.
1323 2326 1459 2357 Mars.
1484 2324 1519 2368 6,
1544 2327 1578 2368 3,
1609 2327 1687 2361 105.

197 2374 234 2402 et
259 2369 363 2403 vocis
385 2370 557 2412 felicitas,
589 2376 624 2404 et
647 2369 911 2413 pronuntiatio,
946 2374 982 2403 et
1009 2369 1140 2410 decor,
1173 2368 1293 2402 omnia
1321 2369 1475 2414 denique
1501 2369 1535 2404 ei
1563 2381 1690 2416 superb

194 2415 342 2448 fuerunt
368 2418 423 2458 10,
454 2419 486 2457 1,
514 2417 592 2451 119.
633 2414 677 2456 cs.
705 2418 772 2458 12,
801 2418 856 2458 11,
887 2419 930 2457 13
976 2414 1071 2460 Quid
1096 2413 1250 2448 dicendo
1275 2414 1429 2459 denique
1453 2416 1688 2459 proficimus?

195 2462 243 2503 9,
268 2462 314 2501 2,
339 2462 396 2494 77.
457 2463 558 2505 Quae
588 2462 621 2495 d.
658 2461 810 2508 intelligi
839 2462 964 2495 saltem
990 2465 1109 2504 potest
1139 2460 1346 2504 eloquentia
1371 2461 1527 2495 hominis
1556 2463 1689 2507 optima

195 2505 415 2541 nescientis?
454 2510 516 2547 12,
550 2510 592 2549 2,
632 2510 690 2540 21.
749 2508 839 2541 Nam
870 2506 948 2551 quis
978 2505 1274 2550 philosophorum
1306 2513 1366 2540 aut
1390 2507 1428 2541 in
1452 2507 1593 2550 judiciis
1615 2509 1688 2542 fre-

198 2562 331 2597 quens,
361 2556 421 2584 aut
454 2553 570 2585 clarus
607 2552 645 2585 in
673 2553 901 2587 contionibus
927 2551 1020 2586 fuit?
1079 2551 1168 2597 Quis
1196 2553 1229 2585 d.
1258 2553 1296 2585 in
1319 2552 1397 2596 ipsa
1422 2552 1511 2596 reip.
1539 2553 1690 2588 admini-

196 2596 368 2632 stratione
394 2603 557 2631 versatus
582 2595 658 2632 est?
689 2601 743 2639 12,
771 2602 826 2641 10,
851 2601 918 2640 233
956 2598 1040 2631 Non
1069 2597 1163 2631 enim
1185 2598 1367 2632 sorensem
1391 2599 1565 2642 quandam
1587 2598 1690 2634 insti-

197 2644 327 2678 tuimus
362 2653 530 2685 operam,
565 2654 632 2675 nec
664 2645 919 2678 mercenariam
951 2654 1102 2686 vocem,
1137 2654 1204 2677 nec
1231 2664 1277 2669 —-
1303 2654 1377 2677 non
1411 2643 1572 2678 inutilem
1604 2657 1690 2680 sane

198 2688 313 2724 litium
337 2689 569 2730 advocatum,
594 2699 699 2731 quem
724 2690 923 2734 denique
949 2689 1167 2724 causidicum
1189 2690 1301 2736 vulgo
1326 2694 1459 2723 vocant
1484 2693 1540 2733 12,
1567 2693 1600 2733 1,
1623 2692 1687 2733 25;

199 2734 362 2770 ordinem
389 2733 595 2775 dividendi,
629 2736 879 2777 praeparandi,
918 2735 1093 2779 probandi
1119 2734 1312 2777 rationem,
1346 2735 1380 2767 d.
1412 2746 1503 2778 quae
1530 2741 1611 2769 sunt
1633 2737 1692 2770 in-

200 2780 382 2820 ventionis
408 2783 464 2823 10,
490 2783 522 2823 1,
552 2779 628 2814 106.
663 2790 839 2824 persona,
863 2782 985 2825 locus,
1006 2785 1158 2825 tempus,
1183 2791 1286 2814 casus
1309 2780 1463 2825 denique
1489 2782 1524 2825 6,
1549 2784 1586 2826 3,
1611 2785 1687 2818 101.
