1728 3002
527 169 845 214 Adminiculum
876 193 931 202 —
960 167 1201 210 Admiratio
1575 167 1628 206 25

150 289 258 326 mode
288 287 398 335 positi
419 287 457 330 6,
476 289 514 330 3,
535 287 595 323 ffi.
650 283 691 320 bt
714 284 867 329 apposito
891 283 1028 317 Anat-.-
1043 330 1051 338 ·
1073 278 1269 326 nequitiam
1294 278 1495 333 praeceptis
1528 279 1632 324 adju-

150 336 456 418 ffiosszoffim’
405 336 463 369 ³²⁴
479 331 705 414 ἴξιᾞὲῗὼ
717 327 1633 421 ὦᾱῑζέἷῗθᾼξᾶῗζάἆηῗὶῶῗὼξἙζηέῗὲἰέᾛίῗέὸξ

150 426 215 464 mo
241 426 433 462 coelestis?
457 404 592 468 2,’16’‚
618 427 674 459 17.
706 428 743 458 et
767 427 892 457 noctes
917 437 963 446 —
985 420 1198 463 adjuvarent
1230 422 1286 462 12,
1313 421 1369 462 11,
1395 419 1451 454 19.
1484 419 1634 453 multum

154 475 210 509 ad
234 473 341 508 fidem
365 472 511 516 adjuvat
537 469 713 505 audientis
748 469 916 512 voluptas
945 466 986 508 5,
1012 465 1077 509 14,
1102 466 1159 500 35.
1190 466 1382 508 adjuvante
1410 470 1539 499 natura
1572 466 1632 498 Pr.

153 519 214 555 26.
238 520 383 564 adjuvat
405 517 525 560 etiam,
552 517 672 562 quod
696 514 837 549 auditor
860 513 990 561 gaudet
1012 511 1212 558 intelligere
1237 512 1271 552 9,
1287 514 1321 553 2,
1342 511 1402 546 78.
1446 510 1487 563 β)
1512 514 1633 544 Pan..-

135 564 269 609 ‘adjuti
290 575 334 600 ea
357 561 564 607 (occasione)
585 563 621 606 6,
646 564 682 605 3,
706 563 760 596 13.
788 558 862 594 acri
884 557 1003 592 studio
1027 558 1166 601 adjutus
1190 559 1246 600 10,
1268 557 1305 600 6,
1327 555 1362 595 4.
1389 557 1540 606 forsitan
1564 558 1636 591 hoc

157 616 241 646 sunt
266 609 393 654 adjuti,
423 608 486 654 qui
508 616 569 642 etc.
597 610 655 651 11,
679 610 715 651 2,
739 605 798 640 24.
829 615 954 640 eorum
977 604 1116 648 adjutus
1140 603 1247 637 armis
1272 601 1489 647 (custodum)
1514 605 1548 644 5,
1578 606 1636 646 11,

155 657 198 700 8;
255 657 318 702 qui
347 655 494 690 affectus
522 659 627 690 erunt
655 671 702 680 --
738 651 914 694 mitiores,
955 649 1026 684 nisi
1056 650 1269 694 adjuvantur
1301 649 1636 684 commendatione?

157 703 194 745 9,
216 705 252 745 2,
280 705 315 738 3.
351 702 525 746 quaedam
552 705 757 747 argumenta
783 708 919 742 ponere
946 695 1030 730 satis
1053 706 1128 729 non
1154 701 1229 739 est,
1263 696 1465 738 adjuvanda
1492 701 1575 729 sunt
1601 696 1637 738 5,

158 751 218 793 12,
242 748 276 783 6.
300 751 400 792 ‘quae
429 745 544 780 finitio
569 764 613 770 —
639 745 709 779 nisi
736 743 890 788 propriis
917 748 953 776 et
979 741 1221 776 differentibus
1248 742 1437 785 adjuvetur
1458 745 1494 784 7,
1517 744 1552 785 3,
1579 744 1639 777 26.

159 793 207 836 qi:
234 794 269 837 5,
292 796 348 836 10,
370 794 430 829 63.
463 792 644 836 Uul-earum
668 787 928 835 expositionum)
959 798 1095 835 genus,
1130 787 1227 831 quod
1258 787 1502 822 instrumentis
1534 789 1639 832 adju-

157 844 266 876 vatur
294 838 331 883 4,
358 842 394 882 2,
418 839 474 875 88.
505 838 595 872 nihil
626 836 789 882 adjuvari
820 833 1007 878 disciplina
1034 843 1152 867 mores
1186 836 1246 875 12,
1272 836 1308 876 2,
1333 836 1368 867 2.
1402 835 1522 878 adjuta
1551 839 1640 869 cur-i

157 883 287 921 n‘atura
308 887 345 928 2,
368 886 404 928 8,
432 884 466 920 5.
504 883 667 928 probatio
697 903 744 909 —
773 882 962 925 adjuvatur
993 878 1258 914 asseveratione
1289 878 1439 914 dicentis
1465 883 1521 923 11,
1545 883 1579 920 3,
1602 885 1639 916 2.

158 930 336 976 probandi
362 930 613 974 refutandique
639 928 732 963 ratio
755 925 1118 971 adjuvandayiribns
1143 924 1294 958 dicentis
1321 927 1356 968 5,
1385 927 1441 968 13,
1469 927 1537 961 56,
1554 928 1642 961 rhe-

157 977 300 1011 toricen
326 976 489 1020 adjuvari
516 974 775 1011 exercitatione
807 975 843 1015 2,
873 974 928 1013 17.
959 973 993 1007 5·
1031 971 1135 1018 signa
1162 971 1336 1014 quaedam
1361 971 1510 1015 perinde
1539 972 1642 1008 firma

161 1022 354 1065 habentur,
391 1027 498 1066 atque
529 1021 754 1056 extrinsecus
782 1019 996 1062 adjuvantur
1027 1017 1072 1060 5,
1094 1017 1131 1059 9,
1158 1019 1212 1051 11.
1243 1017 1410 1061 tarditas,
1447 1019 1642 1054 concitatio

162 1068 327 1102 docendo
358 1068 560 1111 adjuvanda
585 1070 621 1111 2,
645 1068 680 1109 8,
706 1068 762 1100 11.
797 1064 905 1099 rebus
930 1061 1017 1116 ipsis
1044 1063 1259 1116 adjuvantur
1283 1062 1432 1116 (ver-ba)
1460 1065 1495 1108 6,
1520 1067 1554 1104 3,
1582 1064 1643 1100 48.

161 1124 244 1148 cnm
265 1113 415 1148 virtutes
441 1113 548 1148 etiam
569 1112 668 1157 ipsae
694 1109 850 1145 taedium
875 1113 1035 1153 panant,
1057 1119 1127 1142 nist
1153 1114 1266 1155 grana
1291 1110 1476 1144 varietatis
1501 1112 1644 1155 adjutae

160 1159 197 1200 9,
223 1157 258 1199 4,
280 1157 339 1194 43.
367 1160 431 1195 vel
461 1158 622 1193 doctrina
646 1158 710 1194 vel
737 1167 806 1190 usu
834 1156 954 1199 adjuta
983 1154 1119 1201 ingenii
1144 1166 1240 1190 vena
1264 1155 1300 1199 6,
1327 1158 1365 1199 2,
1387 1158 1432 1199 3;
1494 1168 1575 1191 cum
1602 1170 1643 1192 se

161 1203 293 1240 Cicero
323 1205 376 1238 ab
405 1204 477 1239 illis
506 1212 649 1250 quoque
678 1201 928 1239 vetustissimis
955 1200 1160 1234 auctoribus
1184 1200 1374 1245 plurimum
1399 1203 1554 1237 fateatur
1579 1206 1645 1238 ad-

159 1252 274 1296 jutum
303 1252 361 1293 10,
386 1252 420 1294 1,
446 1249 504 1284 40.
546 1251 638 1284 bene
671 1247 931 1284 admonitos
964 1247 1008 1280 ab
1046 1246 1253 1281 adversario
1287 1252 1324 1282 et
1358 1259 1466 1295 agere
1497 1250 1644 1296 gratias,

160 1297 260 1341 quod
286 1295 435 1340 adjuti
457 1296 529 1330 sint
552 1296 587 1339 5,
613 1298 668 1338 13,
693 1295 750 1330 46.
775 1298 966 1339 praecepta
990 1292 1132 1327 dicendi
1152 1303 1218 1338 pro
1241 1293 1338 1329 virili
1359 1300 1459 1338 parte
1483 1296 1647 1339 adjuvari

160 1352 268 1387 posse
295 1353 380 1387 per
402 1352 470 1377 nos
501 1345 559 1385 12,
587 1344 645 1385 11,
666 1343 734 1384 31;
789 1345 828 1373 ut
849 1339 896 1373 in
918 1338 956 1372 id
978 1338 1143 1386 ingenia,
1169 1349 1239 1383 quo
1262 1341 1469 1382 tenderent,
1494 1342 1646 1384 adjuva-

159 1394 285 1423 rentur
313 1390 355 1430 2,
388 1389 431 1432 8,
452 1390 496 1423 ’3.
517 1387 583 1424 ,in
615 1390 705 1423 haec
743 1385 864 1432 omnia
894 1390 1030 1420 statura
1062 1390 1099 1421 et
1131 1385 1221 1420 mira
1254 1386 1374 1430 specie
1408 1387 1645 1431 adjuvabatur

164 1436 206 1468 11
254 1436 276 1469 3
324 1435 404 1470 179.

117 1458 448 1522 Addilli'fflllum·
492 1490 570 1526 sine
598 1490 813 1526 adminiculo
835 1489 1004 1538 progredi
1026 1491 1063 1531 2,
1089 1487 1124 1530 6,
1147 1488 1183 1524 5.
1226 1500 1230 1504 ’

118 1534 460 1578 Administratio.
502 1547 543 1582 in
574 1548 683 1583 totius
711 1548 1015 1583 administratione
1039 1545 1126 1589 reip.
1152 1547 1212 1579 Pr.
1237 1544 1294 1580 14.
1322 1545 1370 1588 ff.
1397 1548 1433 1590 3,
1462 1548 1497 1588 8,
1522 1546 1577 1582 14.
1609 1547 1650 1582 in

165 1592 255 1636 reip.
280 1592 581 1628 administratione
603 1601 766 1630 versatus
794 1599 849 1629 est
872 1596 928 1637 12,
949 1596 984 1636 2,
1009 1596 1044 1628 7.
1078 1591 1140 1636 qui
1166 1603 1206 1626 se
1231 1602 1307 1627 non
1336 1592 1461 1627 otiosis
1489 1592 1650 1638 disputa-

166 1638 344 1680 tionibus,
376 1640 441 1681 sed
474 1640 767 1675 administrationi
796 1639 886 1684 reip.
914 1638 1091 1673 dediderit
1114 1641 1170 1679 11,
1195 1642 1228 1680 1,
1250 1638 1308 1673 35.
1340 1639 1559 1682 privatarum
1581 1651 1651 1683 pu-

165 1683 572 1774 bli-icaruqrtncf-{evfgrmilo
593 1686 889 1767 affnffmmtioni
919 1687 980 1720 Pr.
1015 1687 1072 1720 10.
1108 1690 1271 1719 nostram
1307 1684 1648 1720 administrationem

120 1773 162 1816 A
191 1742 510 1819 minisgraativug·
553 1757 834 1825 administrativa
858 1788 996 1823 dicatur
1018 1785 1212 1831 (rhetorice)
1241 1789 1278 1830 2,
1303 1788 1360 1830 18,
1386 1788 1421 1824 5.

123 1833 400 1876 AdministrO·
439 1844 567 1879 melius
591 1847 634 1879 ab
660 1846 717 1880 his
744 1844 981 1880 administrari
1004 1849 1145 1889 poterat
1166 1842 1449 1887 (patrimonium)
1470 1843 1507 1888 4,
1533 1847 1568 1887 2,
1593 1846 1652 1880 73.

167 1891 395 1938 integerrime
429 1890 616 1933 provincia
647 1892 888 1925 administrata
921 1894 978 1934 12,
1009 1893 1043 1933 1,
1079 1891 1134 1924 16.
1175 1890 1235 1934 qui
1268 1893 1523 1934 rempublicam,
1559 1889 1577 1934 (
1587 1892 1613 1923 S
1618 1904 1655 1944 p.

171 1935 823 2017 gffigdgglrtigsigtessadministrassent
847 1938 884 1982 6,
913 1939 948 1981 5,
975 1938 999 1972 8
1023 1940 1068 1972 Ζ.
1097 1937 1271 1970 accedere
1296 1937 1341 1970 ad
1365 1947 1477 1981 remp·
1500 1937 1654 1971 admun-

126 2007 416 2066 Admil'abilis’·
457 2005 669 2072 ’admirabile
696 2049 809 2085 genus
836 2049 1023 2073 causarum
1048 2036 1085 2079 4,
1120 2039 1154 2079 1,
1182 2036 1243 2075 40.
1263 2035 1323 2071 41.
1361 2037 1428 2072 vix
1455 2037 1656 2072 admirabili

177 2082 332 2126 quodam
360 2092 446 2115 casu
475 2083 518 2123 2,
545 2085 602 2124 17,
631 2085 688 2116 31.
725 2085 819 2117 adm.
843 2084 935 2117 illud
961 2082 1248 2128 dicendirgenus
1276 2085 1341 2125 11,
1370 2086 1411 2126 1,
1444 2084 1502 2118 93.
1535 2083 1657 2118 omnia

111 2169 112 2172 Ἴ
227 2138 268 2161 ae
293 2136 457 2173 magna
481 2132 563 2159 sunt
586 2132 691 2171 atque
715 2129 826 2161 adm.
852 2131 907 2169 12,
935 2131 993 2170 11,
1015 2128 1072 2162 25.
1094 2132 1136 2160 ut
1157 2127 1227 2160 sint
1249 2127 1400 2174 magis
1430 2128 1655 2163 admirabiles

174 2139 415 2217 giammentarii
442 2171 620 2215 Ciceronis)
645 2175 701 2215 10,
724 2176 759 2215 7,
785 2175 843 2206 31.
875 2178 911 2206 et
941 2174 1054 2207 adm.
1084 2177 1122 2206 et
1151 2172 1405 2216 jucundam
1435 2175 1654 2209 orationem:

174 2230 301 2255 verum
333 2217 576 2251 admirabilem
599 2229 672 2251 non
692 2218 766 2262 sic,
801 2219 982 2262 quomodo
1005 2217 1168 2263 prodigia
1194 2217 1365 2252 miramur
1388 2220 1423 2262 8,
1446 2221 1506 2254 Pr.
1531 2222 1588 2255 33.
1621 2226 1658 2255 et

177 2263 471 2298 sanctiorem
497 2268 534 2297 et
555 2274 588 2296 m
602 2263 706 2310 agis
733 2264 843 2297 adm.
868 2263 1005 2296 faciunt
1027 2263 1227 2298 orationem
1252 2263 1408 2309 (verba),
1434 2266 1562 2310 quibus
1584 2277 1659 2300 nou

177 2310 325 2355 quilibet
350 2308 459 2343 fuerit
485 2320 613 2342 usurus
641 2311 677 2352 8,
705 2311 740 2353 3,
766 2307 830 2350 24;
879 2308 1123 2343 admirabilem
1145 2312 1252 2352 (α.,1.
1280 2310 1521 2354 mirabilem),
1549 2323 1658 2356 prae-

178 2355 282 2400 cipue
307 2354 355 2389 in
376 2360 492 2389 aetate
513 2354 587 2396 illa,
615 2355 707 2390 recti
730 2354 871 2402 generis
892 2356 1115 2390 voluntatem
1138 2357 1195 2399 10,
1225 2356 1260 2400 1,
1286 2357 1344 2393 89.
1374 2357 1590 2392 admirabilis
1613 2358 1661 2392 in

179 2411 245 2434 sno
272 2411 404 2447 genere
426 2400 642 2434 Theocritus
669 2403 726 2443 10,
755 2403 789 2445 1,
813 2403 871 2435 55.

132 2443 466 2487 Admirabiliter.
495 2458 588 2492 adm.
607 2457 793 2503 utriusque
810 2455 922 2501 partis
940 2455 1029 2491 facit
1050 2457 1183 2491 bonam
1204 2469 1347 2493 causam
1365 2458 1477 2504 (Cic.)
1498 2460 1534 2504 9,
1549 2462 1585 2503 2,
1600 2461 1661 2495 29.

134 2511 386 2554 Admhatio.
435 2523 620 2559 admiratio
648 2525 822 2560 decrescit
854 2528 889 2569 1,
915 2527 952 2568 3,
976 2525 1010 2560 5.
1047 2525 1288 2560 admirationis
1315 2533 1431 2562 motus
1459 2531 1517 2572 11,
1541 2529 1576 2570 3,
1601 2530 1661 2561 71.

181 2580 263 2603 cum
294 2580 333 2603 se
367 2570 407 2602 in
440 2570 599 2604 habitum
629 2571 873 2606 admirationis
906 2571 1043 2617 fingunt
1078 2573 1258 2613 (humeri)
1286 2575 1342 2615 11,
1367 2576 1401 2614 3,
1425 2575 1484 2608 83.
1518 2574 1663 2607 confert

180 2615 329 2649 multum
357 2615 581 2650 admirationi
607 2617 715 2651 etiam
740 2617 921 2650 infirmitas
948 2620 982 2660 3,
1009 2621 1045 2662 7,
1073 2620 1130 2651 12.
1166 2623 1201 2651 et
1229 2618 1451 2652 admirationi
1483 2617 1661 2663 (convenit

119 2689 128 2691 -
184 2659 322 2702 rogare)
343 2660 379 2702 9,
403 2663 439 2704 2,
467 2664 523 2696 10.
559 2662 784 2697 admirationi
808 2663 1028 2697 conveniens
1050 2669 1170 2709 gestus
1196 2665 1252 2705 11,
1279 2667 1314 2706 3,
1340 2666 1417 2698 100.
1443 2670 1482 2697 ut
1510 2664 1664 2697 admira-

182 2705 318 2740 tionem
356 2707 483 2749 plausu
523 2708 751 2743 confiteretur
780 2710 815 2751 8,
847 2711 882 2751 3,
918 2711 952 2744 3.
993 2720 1062 2743 nec
1096 2708 1364 2743 admirationem
1397 2715 1664 2753 consequuntur

183 2750 411 2786 eminentium
437 2752 576 2797 (lumina
598 2757 657 2788 illa
678 2753 847 2797 orationis)
874 2755 909 2798 8,
936 2755 971 2799 5,
998 2756 1056 2790 29.
1079 2755 1207 2789 habeat
1233 2756 1388 2791 narratio
1412 2755 1663 2791 admirationes
