1728 3002
578 162 746 206 intento
775 187 830 194 -—
857 159 1071 204 lnoercido
1510 163 1591 202 441

107 277 265 322 donem)
286 279 323 322 8,
345 279 403 313 l'r.
431 279 456 314 9
479 279 516 312 S.
560 276 647 312 int.
674 282 741 320 est,
770 275 897 311 Artem
918 274 1091 309 ludicram
1118 272 1335 317 exercuistig
1362 274 1595 320 depulsio,

103 324 188 362 'uon
213 324 361 363 exercui
385 329 495 359 artem
520 323 692 358 ludicram
715 325 750 366 3,
773 323 810 365 6,
835 323 891 357 19.
915 323 959 356 ib.
980 324 1035 356 17.
1060 333 1094 355 v.
1117 320 1365 364 Depulsio.
1401 327 1442 356 ut
1463 320 1493 356 si
1517 322 1595 364 iure

26 378 41 395 ⁹
111 371 269 407 occisum
292 382 376 405 reus
401 370 487 404 dicit
509 389 557 396 —
583 367 737 412 (status)
767 380 787 402 a
809 378 874 402 reo
898 367 977 411 fiat,
1008 372 1045 401 et
1068 365 1113 400 sit
1141 367 1216 408 ejus
1239 366 1304 401 int.
1337 369 1381 401 ib.
1407 369 1462 402 13.
1509 367 1592 402 adv.

34 417 55 454 ³.
112 429 221 452 unam
239 416 305 451 int.
330 419 432 462 plura
447 421 676 460 opponuntur
698 417 739 448 ib.
757 416 814 449 92.
840 413 953 457 prima
975 414 1075 456 (pars
1099 411 1357 456 epichirematis)
1379 413 1596 454 intentio,

49 467 54 470 '
112 465 271 498 secunda
298 461 545 505 assumtio,
578 461 682 495 tertia
710 458 946 494 connexio
978 460 1022 501 5,
1054 457 1118 500 14,
1148 459 1182 493 6.
1235 460 1347 494 altera
1378 464 1432 493 est
1468 470 1596 493 com-

113 508 304 554 plexio,
327 519 401 545 non
416 519 482 552 par
503 505 775 548 intentioni,
801 506 863 539 sed
882 505 956 540 vim
977 504 1112 544 habens
1129 515 1249 548 parem
1265 507 1305 538 ib.
1322 507 1376 538 12.
1403 503 1596 550 aliquando

115 553 301 589 sufficient
322 553 536 588 intentio
563 564 606 587 ac
630 551 752 587 ratio
778 554 820 586 ib.
848 555 903 585 17.
939 550 968 584 si
990 550 1066 595 ipsa
1087 549 1287 585 intentione
1310 550 1449 585 dicatur
1471 553 1515 586 ib.
1542 552 1598 585 16.

116 600 182 635 int.
200 599 376 644 simplex,
410 598 550 634 Occidit
573 598 801 633 Saturninum
821 596 1007 630 Rabirius:
1042 596 1244 638 coniuncta,
1268 598 1365 644 Lege
1391 598 1436 631 de
1459 596 1596 631 sicariis

117 645 294 680 commisit
317 646 359 679 L.
384 646 550 680 Varenus
578 647 620 686 7,
650 647 694 687 1,
722 645 758 679 9.
805 654 886 677 cum
913 642 1067 686 simplex
1096 642 1159 675 int.
1190 642 1276 685 erit,
1309 643 1504 677 videndum
1529 648 1596 685 est,

114 702 226 726 unum
251 687 383 735 aliquid
408 691 684 734 respondeamus
718 701 763 723 an
790 690 892 733 plura
919 691 962 722 ib.
990 690 1045 722 13.
1080 688 1303 732 frequentius
1326 688 1432 723 etiam
1455 689 1600 734 qnaeri-

115 742 175 772 tur
196 738 242 772 de
264 736 461 771 intentione
485 739 525 779 7,
550 736 595 777 5,
620 735 655 770 4.
699 741 760 770 sut
787 733 999 770 intentio
1034 738 1094 767 aut
1126 734 1452 780 praescriptio
1487 735 1598 770 habet

117 783 399 818 controversiam
429 785 472 816 ib.
500 785 523 816 2
550 783 599 818 N.

70 837 253 930 luten?-
287 850 423 885 crimen
444 849 601 886 invicem
622 848 797 882 intentant
821 850 856 892 3,
882 850 938 891 10,
962 845 998 881 4.
1036 852 1204 892 qnantum
1227 847 1425 892 periculum
1445 847 1603 883 intente-

116 901 176 931 tur
221 922 232 940 ,
257 898 292 937 3,
313 899 351 931 7.

72 940 202 984 Inter.
249 955 288 994 α)
310 954 352 986 de
374 956 468 986 loco:
495 961 573 986 vox
595 950 688 985 inter
711 950 835 984 dentes
859 961 1030 994 expressa
1058 951 1114 989 11,
1132 950 1168 993 3,
1192 948 1272 984 104.
1304 949 1350 993 qs,
1375 953 1432 992 12,
1461 953 1517 994 10,
1542 951 1599 987 29.

118 999 238 1033 locum
265 998 330 1032 int.
354 999 505 1031 mundos
529 1000 563 1042 7,
586 999 623 1039 3,
647 997 684 1032 5.
721 995 784 1029 int.
806 995 1023 1029 circumfusa
1044 995 1194 1029 militum
1219 1007 1315 1029 arma
1338 999 1374 1036 2,
1398 998 1457 1039 20,
1475 998 1510 1032 8.
1534 996 1601 1031 int.

91 1036 96 1046 '
120 1048 175 1077 tot
193 1054 320 1088 operas
342 1043 488 1077 militiae
514 1045 569 1086 12,
595 1044 651 1085 11,
675 1044 733 1075 23.
760 1041 823 1075 int.
853 1042 1019 1076 subseliis
1047 1044 1103 1084 12,
1130 1043 1164 1083 3,
1192 1044 1226 1075 2.
1263 1044 1320 1084 12,
1348 1043 1383 1085 8,
1407 1045 1451 1084 2;
1484 1043 1604 1077 media

120 1089 187 1123 int.
213 1091 338 1139 longas
362 1091 398 1131 9,
419 1087 455 1131 4,
479 1090 537 1123 81.
581 1087 625 1133 β)
654 1089 696 1120 de
719 1094 886 1130 tempore.-
919 1087 986 1123 int.
1010 1086 1107 1130 ipsas
1135 1087 1293 1121 actiones
1322 1090 1376 1130 12,
1400 1089 1436 1131 3,
1462 1090 1498 1123 2.
1535 1087 1601 1123 int.

122 1145 274 1170 coenam
297 1136 401 1178 5,10,
413 1135 470 1169 99.
497 1146 530 1170 v.
555 1132 722 1167 Coena.
760 1133 823 1166 int.
848 1138 965 1167 tantas
987 1132 1085 1166 domi
1110 1133 1357 1167 contentiones
1383 1136 1426 1167 12
1463 1137 1521 1177 11,
1543 1136 1605 1168 23.

94 1180 203 1225 μἰιιῐ.
235 1180 382 1225 primn
417 1181 651 1214 elementa
682 1178 856 1223 consequi
877 1190 954 1212 rem
978 1184 1148 1222 postea
1170 1178 1356 1222 proprium
1377 1185 1516 1223 tempus
1538 1182 1604 1215 de-

120 1225 352 1268 sideraturum
374 1228 408 1267 1,
434 1228 467 1268 1,
489 1226 547 1260 35.
582 1225 645 1258 int.
672 1225 789 1258 lusum
814 1226 857 1257 ib.
882 1225 939 1259 36.
983 1223 1049 1257 int.
1075 1234 1194 1258 moras
1219 1224 1460 1259 laudationum
1490 1228 1546 1268 11,
1569 1229 1604 1267 3,

120 1273 202 1306 131.
223 1271 289 1307 int.
313 1271 471 1315 pericula
497 1289 542 1296 --
563 1269 627 1304 int.
651 1271 803 1304 adversa
825 1271 861 1312 9,
885 1271 920 1313 3,
935 1271 994 1305 79.
1021 1269 1087 1304 int.
1111 1269 1190 1314 ipsa
1214 1271 1406 1304 verberum
1432 1273 1604 1316 supplicia

121 1318 179 1360 11,
209 1319 244 1360 1,
269 1317 340 1360 403
384 1316 449 1350 int.
475 1317 651 1362 agendum
674 1319 736 1358 12,
759 1317 800 1358 3,
826 1318 882 1349 10.
930 1315 994 1349 int.
1024 1315 1291 1360 disceptandum
1315 1320 1370 1357 12,
1392 1321 1427 1360 7,
1447 1319 1489 1352 -6,
1525 1319 1604 1363 quis

119 1361 196 1397 int.
218 1363 334 1396 haec
356 1362 467 1396 literis
490 1367 550 1395 aut
572 1361 636 1394 nni
659 1362 776 1395 bonae
800 1361 866 1394 arti
891 1362 993 1395 locus
1019 1364 1076 1404 12,
1090 1365 1123 1403 1,
1137 1365 1172 1396 7.
1218 1362 1253 1407 y)
1278 1365 1310 1395 in
1336 1368 1601 1407 comparatione.-

119 1419 201 1442 cum
222 1408 338 1443 ironia
358 1414 430 1442 tam
453 1408 535 1441 int.
559 1407 690 1454 figuras
714 1407 936 1450 sententiae,
983 1419 1092 1452 quam
1123 1407 1211 1445 int.
1250 1414 1375 1452 tropos
1407 1410 1605 1454 reperiatur

119 1455 156 1496 9,
181 1457 216 1496 1,
238 1456 273 1488 3.
315 1454 379 1488 int.
406 1453 494 1487 vitia
518 1453 651 1496 ellipsis
674 1458 826 1487 vocatur
847 1454 892 1493 8.
931 1454 973 1496 6,
1008 1456 1066 1487 21.
1123 1452 1187 1487 int.
1223 1454 1413 1498 praecipua
1454 1468 1605 1491 servan-

122 1499 206 1533 dum
230 1505 286 1533 est
308 1503 374 1540 11,
396 1502 432 1542 2,
458 1498 518 1534 47.
566 1499 723 1533 eminere
745 1499 809 1533 int.
834 1505 971 1533 ceteras
994 1501 1041 1539 8,
1077 1499 1121 1541 5,
1156 1500 1191 1535 9.
1242 1500 1372 1534 Miloni
1397 1501 1461 1536 int.
1485 1508 1606 1537 cetera

121 1545 300 1589 objectum
325 1551 380 1579 est
402 1547 448 1588 5,
477 1547 546 1587 10.,
575 1544 635 1579 41.
681 1550 846 1589 tanquam
869 1545 933 1579 int.
957 1546 1045 1579 duas
1068 1545 1168 1591 leges
1196 1553 1385 1589 quaeratur
1407 1551 1449 1591 7,
1473 1549 1520 1591 4,
1543 1548 1605 1585 42.

87 1620 92 1622 .
120 1589 186 1625 int.
213 1590 371 1625 diversas
396 1590 583 1634 opiniones
607 1590 766 1634 priorum
785 1590 941 1624 difficilis
965 1591 1095 1625 electio
1118 1592 1176 1625 Pr.
1195 1595 1229 1625 2.
1262 1597 1316 1626 'est
1337 1592 1399 1626 int.
1424 1594 1605 1629 scribendi

122 1637 280 1670 laborem
307 1637 657 1689 extemporalemque
685 1637 863 1688 fortunam
887 1636 1005 1689 media
1029 1638 1201 1681 quaedam
1233 1640 1301 1681 10,
1333 1639 1378 1680 6,
1415 1643 1447 1673 1.
1494 1638 1539 1685 δ)
1562 1643 1606 1675 de

121 1694 310 1760 mm.
323 1683 698 1764 &213¹0331‘3132‘2'?
696 1683 1223 1773 03233222222133³1¹1⁸252⁸s¹
1225 1686 1411 1772 2311332’202’
1425 1685 1609 1776 ,ἵζηξῗξξ

125 1773 183 1822 10,
210 1773 247 1822 1,
266 1772 324 1822 67.
351 1783 419 1806 nec
440 1773 511 1806 hoc
528 1773 663 1806 oratori
685 1774 893 1819 contingere
917 1773 982 1808 int.
1007 1774 1243 1817 adversarios,
1269 1777 1365 1819 quod
1382 1778 1606 1824 Pythagorae

125 1821 191 1867 int.
213 1816 405 1859 discipulos
426 1820 625 1869 potest-11,
650 1821 684 1860 1,
706 1822 763 1854 27.
790 1825 843 1852 est
863 1819 902 1853 in
924 1831 993 1854 usu
1016 1821 1128 1867 vulgo
1152 1831 1296 1865 quoque
1320 1828 1356 1855 et
1380 1823 1456 1856 int.
1484 1823 1607 1858 ineru-

127 1861 244 1903 ditos,
271 1866 308 1893 et
333 1863 450 1904 apud
471 1868 623 1896 rusticos
649 1865 683 1899 8.
709 1866 744 1906 6,
775 1866 820 1899 75
846 1869 888 1899 Ζ.
923 1866 972 1899 Ν.
995 1878 1070 1908 ‹tr-‚5
1119 1865 1182 1899 int.
1207 1868 1315 1900 duces
1339 1867 1399 1901 illa
1423 1870 1607 1904 contentio

129 1908 251 1958 ¹⁰⁸.¹'.
268 1904 326 1940 47.
365 1906 410 1946 qs.
438 1909 494 1958 11,
522 1910 556 1949 1,
579 1910 746 1959 70.·8Ο.;
794 1909 860 1942 int.
885 1921 1018 1952 paucos
1045 1911 1197 1945 disertus
1227 1914 1282 1954 10,
1311 1915 1345 1953 3,
1372 1916 1429 1949 13.
1478 1917 1607 1950 ceteris

129 1957 273 1995 optimis
295 1952 420 1984 studus
444 1957 509 1984 int.
531 1963 742 1996 praecipuos
766 1957 823 1996 12,
850 1958 907 1997 10,
921 1957 955 1988 6.
978 1956 1043 1990 int.
1072 1957 1306 2000 philosophos
1328 1960 1529 1993 reddendus
1553 1968 1609 1996 est

130 1999 194 2040 10,
221 2000 259 2039 1,
283 1997 340 2030 75.
379 1997 566 2039 ponendus
586 1997 650 2030 int.
674 1999 887 2042 praecipuos
915 2003 960 2032 ib.
990 2003 1069 2035 116.
1108 2014 1141 2035 v.
1164 2003 1332 2037 Habeo.
1386 2003 1421 2047 ε)
1449 2018 1479 2040 c.
1501 2010 1605 2041 Pron.

123 2042 202 2084 sere
224 2045 246 2076 ι’.
276 2054 308 2086 q.
331 2044 529 2075 invicem.-
556 2053 615 2076 res
641 2043 721 2077 int.
748 2055 795 2077 se
823 2044 955 2078 similes
980 2047 1017 2087 9,
1035 2049 1069 2087 2,
1083 2048 1140 2080 51.
1169 2046 1213 2087 cf.
1230 2051 1264 2089 9,
1281 2047 1387 2090 3,49,
1414 2053 1608 2094 12,10,22.

130 2094 167 2122 et
188 2087 289 2121 initia
312 2086 376 2120 int.
398 2098 437 2121 se
465 2093 500 2121 et
522 2086 611 2122 fines
634 2088 742 2122 iidem
763 2095 844 2122 sunt
865 2091 912 2131 9,
936 2092 979 2128 3,
1003 2093 1060 2124 31.
1107 2092 1250 2126 diversa
1273 2093 1333 2126 int.
1361 2106 1400 2128 se
1427 2097 1451 2131 6
1486 2100 1507 2130 2
1551 2102 1607 2133 12,

131 2137 189 2174 12,
206 2136 241 2176 3,
257 2135 290 2167 8.
315 2133 403 2166 haec
426 2131 557 2175 (verbm
580 2133 645 2167 int.
672 2145 711 2168 se
735 2133 830 2168 idem
846 2135 982 2168 faciunt
1008 2138 1065 2178 10,
1091 2139 1122 2176 1,
1137 2137 1192 2171 14.
1219 2141 1411 2182 respondet
1434 2122 1610 2185 (ι’ἱμέιᾶπ-

129 2178 260 2221 σωτον)
285 2180 346 2211 vel
370 2178 491 2221 primis
514 2178 575 2212 int.
599 2190 659 2221 se,
692 2181 752 2214 vel
775 2179 924 2223 mediis,
957 2182 1019 2215 vel
1042 2183 1210 2216 extremis
1243 2184 1276 2221 9.
1305 2187 1339 2228 3,
1367 2187 1425 2221 78.
1459 2189 1610 2224 aliorum

130 2223 196 2258 int.
225 2235 264 2258 se
287 2222 483 2267 (sermones)
504 2225 548 2266 9,
571 2227 615 2265 2,
639 2227 696 2258 30.
735 2225 915 2258 duriorum
941 2225 1215 2269 (consonantium)
1240 2228 1304 2263 int.
1329 2242 1368 2265 se
1397 2243 1610 2279 congressus

71 2268 75 2281 ι
131 2272 190 2322 31,
211 2271 254 2321 3,
271 2270 327 2303 35.
364 2268 408 2310 cs.
430 2270 474 2310 9,
499 2267 542 2311 4,
566 2271 622 2304 33.
654 2270 717 2304 int.
744 2281 782 2304 se
806 2272 1000 2305 contrarias
1024 2272 1216 2315 (opiniones)
1240 2276 1298 2309 Pr.
1322 2280 1367 2318 2;
1403 2286 1455 2313 est
1479 2281 1611 2326 aliquid

133 2320 210 2351 int.
245 2324 377 2358 ipsos
407 2325 592 2348 commune
621 2318 676 2359 12,
703 2319 759 2358 10,
786 2319 843 2350 20.
881 2328 901 2350 a
925 2317 1039 2351 doctis
1062 2317 1124 2352 int.
1149 2319 1247 2363 ipsos
1274 2321 1379 2357 etiam
1403 2332 1527 2361 mutuo
1551 2340 1612 2362 re-

132 2361 310 2404 prehensa
332 2362 388 2402 10,
412 2363 447 2402 2,
473 2361 528 2394 15.
556 2361 697 2395 diversa
719 2373 902 2396 causarum
919 2362 983 2396 int.
1006 2363 1101 2407 ipsas
1124 2365 1289 2400 condicio
1315 2371 1370 2411 10,
1387 2373 1422 2410 2,
1438 2374 1484 2406 23
1502 2375 1610 2408 N.0r‚

75 2418 92 2432 ο
135 2405 229 2439 circa
254 2417 359 2449 quem
382 2411 418 2439 et
441 2406 675 2452 grammaticis
698 2407 762 2441 int.
787 2408 884 2452 ipsos
908 2414 943 2442 et
966 2409 1187 2454 philosophis
1209 2411 1471 2458 inexplicabilis
1492 2431 1612 2467 pugna

133 2451 169 2493 8,
194 2450 231 2494 6,
256 2454 288 2486 1.
334 2451 406 2485 Sed
430 2452 521 2485 haec
547 2452 612 2486 int.
639 2452 737 2497 ipsos
762 2456 818 2496 12,
841 2457 877 2498 2,
900 2456 957 2490 26.

89 2504 379 2569 lnbtefcapedo·
437 2518 537 2552 affert
564 2518 727 2564 injuriam
749 2520 898 2565 pudori,
930 2521 960 2556 si
983 2521 1256 2570 intercapedinis
1278 2527 1499 2567 nominativo
1527 2545 1613 2568 casu

136 2574 215 2607 qius
237 2570 355 2598 utatur
376 2564 413 2606 8,
438 2565 474 2606 3,
499 2564 555 2598 46.

89 2605 353 2650 intercessio.
399 2620 462 2654 lex
486 2625 612 2654 contra
632 2620 930 2659 intercessionem
957 2623 1042 2668 (Sp.
1067 2642 1111 2651 —
1125 2628 1204 2671 nes)
1228 2630 1299 2664 lata
1323 2634 1359 2674 2,
1384 2631 1420 2676 4,
1443 2635 1501 2669 35.

90 2663 314 2707 lutei-mdo.
355 2689 403 2711 an
425 2679 578 2712 Isthmos
601 2677 764 2713 intercidi
790 2679 903 2724 possit
932 2682 967 2723 3,
993 2682 1029 2724 8,
1054 2683 1111 2718 16.

93 2717 317 2764 laterado.
361 2746 408 2770 η.
431 2741 616 2771 extremae
643 2737 801 2780 syllabae
828 2736 1040 2774 intercidant
1075 2742 1118 2785 1,
1144 2743 1208 2785 11,
1235 2744 1282 2786 8;
1330 2717 1419 2780 lme‘c
1453 2729 1615 2792 seq'uenni
