1742 2964
162 164 245 204 974
875 158 979 201 Vox

206 275 307 309 illum
332 272 458 308 sonum
483 272 633 317 erumpit
658 276 713 315 11,
737 275 772 316 3,
796 275 852 311 51.
875 282 944 308 nee
967 271 1109 307 silentio
1133 270 1313 316 subddat,
1340 274 1404 308 ned
1425 273 1584 311 firmetur
1605 285 1695 310 cou-

205 321 391 355 suetudine
415 322 456 353 ib.
478 319 537 354 24.
559 319 662 354 laetis
692 320 730 353 in
763 321 869 353 rebus
895 321 1000 364 plena
1024 325 1059 353 et
1081 319 1240 363 simplex
1266 325 1303 353 et
1329 318 1693 365 ίρω,εῐιιοι1ειιιιιιιοᾱο

204 367 326 401 hilaris
350 365 426 399 fluit
449 368 492 400 ib.
517 367 572 399 63.
598 377 644 399 ne
667 377 704 402 v.
729 365 870 410 quidem
892 365 998 400 exilis
1026 366 1202 399 actionem
1227 365 1361 399 habere
1380 363 1550 411 'optimam
1576 371 1695 412 pot‘ent

204 417 248 446 ib.
271 415 324 447 13.
349 412 469 452 totid..
501 418 587 456 quot
618 412 680 445 illa
708 411 867 455 (mens),
899 411 1113 446 mutationes
1146 412 1254 445 habet
1275 414 1321 444 ib.
1342 413 1401 448 62.
1426 411 1499 453 ‘um
1519 413 1594 448 vim
1619 424 1695 448 nou
1720 409 1721 412 ¹

204 461 322 500 habet,
352 470 487 492 summa
511 458 628 501 rumpi
651 457 872 503 periclitatur
899 460 943 495 ib.
962 456 1017 490 42.
1043 464 1079 492 et
1101 457 1246 493 verba
1268 457 1386 492 omnia
1412 464 1454 493 et.
1471 470 1566 495 vox
1587 460 1695 503 hujus

206 508 386 539 alumnum
410 504 506 537 urbis
531 506 650 538 oleant
674 505 717 546 8,
747 507 778 546 1,
803 506 835 538 3.
863 503 957 537 aliud
985 515 1104 545 vox,
1131 503 1226 537 aliud
1251 503 1425 538 animus
1449 502 1610 540 ostendat·
1638 508 1694 548 11,

204 554 247 593 3,
275 553 351 585 175.
380 552 548 594 pleraque
572 550 677 583 etiam
703 549 790 583 citra
813 551 925 584 verba
952 550 1125 595 significat
1149 552 1191 583 ib.
1213 550 1270 584 65.
1296 555 1398 584 sonat
1420 561 1487 594 v.,>v
1505 557 1546 584 ut
1567 551 1698 585 feritur

205 596 369 641 (cithara)
396 599 436 630 ib.
457 598 513 630 61.
541 607 613 630 non
637 608 674 630 v.
701 596 762 629 illa
785 597 1027 640 praeceptoris
1051 597 1167 629 minus
1191 595 1350 639 pluribus
1374 596 1562 640 sufficitffl,
1582 600 1618 640 2,
1643 596 1699 631 14.

204 655 269 687 per
294 655 380 687 quas
407 641 560 687 (nares),r
580 643 676 686 quod
702 648 863 685 superest
888 637 1196 686 vocis‚‘egeritur
1225 644 1265 675 11
1281 668 1292 684 ,
1317 644 1358 682 3,
1389 642 1443 676 16.
1492 638 1535 687 ὃ)
1559 644 1695 685 Genii-e

204 689 306 724 vocis
334 691 427 722 bona
454 692 509 730 11,
531 690 565 730 3,
592 691 647 723 19.
675 694 798 722 cantus
822 689 925 722 vocis
951 690 982 730 5,
1013 691 1075 731 10,
1101 687 1179 721 124.
1204 699 1239 721 v.
1263 687 1462 732 jucunditas
1486 688 1700 733 claritasque

204 737 249 777 6,
280 737 345 782 ΡΥ.
363 738 418 769 11.
449 734 581 780 singuli
606 741 752 768 conatus
778 746 814 769 v.
842 738 882 775 1,
912 738 951 768 11
968 760 978 776 ,
1006 737 1060 768 10.
1087 733 1219 778 (risus)
1244 734 1390 768 vocis
1420 733 1587 778 exprimit
1606 742 1714 771 com,

204 782 398 815 sessionem
425 781 468 820 6,
494 783 536 822 3,
560 782 593 816 9.
619 792 655 814 v.
681 792 765 814 cura
787 783 820 823 1,
851 783 907 821 10,
933 783 988 814 27.
1017 783 1071 822 11,
1096 782 1130 822 3,
1154 782 1212 814 25.
1236 792 1273 815 v.
1299 779 1558 826 declinationes¹
1581 783 1637 823 11,
1661 781 1698 824 3,

205 827 261 861 46.
292 826 500 860 exercitatio
527 838 562 860 v.
590 827 668 860 talis
700 827 762 869 sit,
799 829 913 870 qualis
941 837 1025 860 usus
1057 830 1099 860 ib.
1126 826 1183 860 24.
1210 837 1246 861 v.
1276 825 1418 860 exilitas
1443 829 1485 868 1,
1515 829 1576 868 11¹¹,
1603 829 1635 860 1.
1656 834 1698 860 v.
1738 852 1742 864 .

203 874 357 908 felicitas
384 876 448 915 10,
475 876 492 906 1
508 899 519 914 ,
550 874 626 907 119.
651 885 687 907 v.
712 873 856 908 firmitas
882 875 945 914 10,
974 876 1009 911 7,
1033 874 1091 907 26.
1116 885 1151 906 v.
1183 872 1298 906 flexus
1330 874 1365 914 1,
1389 874 1455 914 10,
1479 875 1539 909 22.
1560 873 1617 907 25.
1640 870 1711 914 inu·

203 920 416 954 clinationes
440 930 477 954 v.
506 922 560 959 11,
589 921 623 961 3,
650 920 727 954 168.
752 919 902 953 intentio
934 930 972 953 v.
998 921 1030 960 1,
1058 921 1123 962 10,
1150 920 1208 953 25.
1232 929 1273 953 v..
1290 917 1488 952 modulatio
1510 910 1698 960 Massa,
1723 946 1727 956 .

203 969 258 1001 59.
285 978 321 1000 v.
346 964 599 999 mutationibus
622 967 685 1008 11,
709 967 753 1006 3,
780 967 858 999 183.
885 964 1039 1008 simplex
1061 977 1099 1000 v.
1124 969 1249 999 natura
1275 966 1319 1006 1,
1345 967 1384 997 11
1399 989 1410 1006 ,
1433 964 1471 998 6.
1506 963 1550 1005 cf.
1569 964 1696 1008 AQS,

205 1012 260 1046 14.
288 1013 365 1047 169.
391 1010 627 1055 proprietates
651 1023 686 1045 v.
712 1012 883 1055 cujusque
910 1014 972 1051 12,
997 1014 1037 1051 2,
1062 1013 1118 1044 10.
1151 1010 1324 1066 (Quantitas
1358 1011 1486 1052 ν.·11’·,
1511 1003 1696 1054 3',15.,v.

203 1058 379 1093 rationem
403 1057 644 1091 Aristoxenus
669 1058 824 1091 musicus
850 1057 976 1092 dividit
999 1057 1036 1090 in
1059 1056 1206 1100 ῥυθμον
1229 1061 1264 1090 et
1287 1053 1396 1099 μέλος
1419 1058 1459 1098 1,
1484 1057 1548 1097 10,
1574 1055 1631 1089 22.
1657 1066 1696 1101 ν,

203 1103 368 1139 remissio
402 1106 444 1136 ib.
470 1105 528 1138 25.
562 1115 596 1137 v.
627 1114 737 1138 sonus
768 1106 809 1143 1.
836 1107 899 1146 12,
925 1105 958 1141 3.
994 1115 1030 1136 v.
1047 1101 1145 1145 *vitia
1173 1104 1239 1145 11,
1263 1104 1306 1141 3,
1332 1102 1389 1137 56.
1450 1101 1502 1143 ε),
1523 1104 1700 1136 natant

203 1151 280 1185 illic
305 1150 354 1193 (in
379 1151 504 1192 ironia)
527 1151 640 1184 verba
664 1149 735 1184 sint
757 1149 880 1185 verbis
904 1149 1064 1190 diversa,
1101 1147 1161 1183 hic
1182 1158 1358 1183 sensus
1385 1147 1561 1186 sermonis
1583 1144 1700 1186 voci

203 1199 247 1239 9,
272 1199 315 1239 2,
340 1195 398 1230 46.
425 1197 469 1229 de
496 1201 618 1241 gestu,
652 1196 712 1240 qui
735 1196 821 1231 voci
845 1195 1022 1230 consentit
1049 1197 1110 1235 11,
1133 1196 1174 1236 3,
1199 1194 1256 1230 65.
1288 1194 1370 1238 plns
1393 1202 1430 1227 v.
1456 1203 1544 1228 suae
1571 1193 1701 1229 debeat

203 1252 336 1287 praeco
363 1245 405 1282 1,
430 1244 497 1284 12,
525 1245 579 1276 17.
615 1248 654 1276 ut
683 1248 848 1286 parcatur
874 1244 1027 1275 maxime
1053 1239 1138 1276 voci
1161 1239 1199 1274 in
1225 1239 1289 1274 illo
1320 1250 1341 1276 a
1365 1238 1523 1283 puefitia
1541 1239 1655 1283 adqad
1739 1239 1742 1250 ⁵

203 1287 414 1322 lescentiam
438 1288 588 1320 transitu
615 1291 677 1330 11,
702 1290 742 1328 3,
767 1289 822 1322 28.
873 1288 911 1327 ζ)
937 1290 1086 1320 Accus.:
1112 1285 1304 1320 absciditur
1327 1284 1422 1328 (vox)
1446 1294 1514 1328 per
1537 1279 1709 1319 dmum-

203 1346 318 1378 πηοιν
335 1335 370 1375 8,
394 1335 428 1375 3,
453 1335 510 1367 85.
538 1334 645 1366 urbes
671 1333 776 1366 etiam
800 1332 922 1375 populi
947 1342 1076 1366 vocem
1102 1330 1281 1374 accipiunt
1301 1331 1336 1372 9,
1353 1333 1387 1372 2,
1410 1332 1468 1364 31.
1492 1340 1529 1368 v.
1544 1337 1699 1369 lcum-

204 1381 369 1413 modatur
392 1384 539 1412 naturae
562 1378 741 1422 ipsarum,
768 1379 812 1412 de
839 1378 965 1421 quibus
980 1376 1160 1416 dicimus,
1188 1386 1305 1410 rerum
1336 1376 1371 1417 9,
1396 1374 1432 1418 4,
1458 1376 1537 1417 139.
1568 1373 1618 1426 σή
1640 1377 1698 1417 11,
1739 1396 1742 1421 t

205 1430 238 1468 1,
258 1427 314 1460 39.
341 1424 503 1471 fatigatio
527 1425 637 1458 afficit
661 1435 698 1458 v.
718 1427 774 1462 11,
798 1425 831 1465 3,
849 1427 906 1459 21.
930 1428 1090 1467 aptantes
1110 1421 1296 1458 affectibus
1310 1432 1348 1459 v,
1366 1422 1404 1464 8,
1416 1421 1455 1464 6,
1470 1422 1532 1461 ‚31ae
1546 1421 1703 1465 mando

205 1472 399 1506 attollenda
429 1471 488 1504 vel
519 1470 770 1503 summittenda
804 1469 850 1502 sit
873 1481 909 1506 v.
937 1472 980 1510 1,
1004 1470 1046 1510 8,
1072 1470 1104 1501 1.
1137 1467 1223 1511 quin
1253 1465 1478 1515 compescitis
1500 1465 1698 1510 minam?
1738 1499 1742 1502 .

207 1521 287 1553 Cic.
315 1520 373 1559 11,
397 1519 432 1559 3,
458 1517 536 1550 169.
564 1527 633 1549 nec
658 1525 869 1558 praeparare
893 1515 936 1548 ab
962 1514 1042 1547 imis
1069 1513 1166 1547 sonis
1187 1524 1222 1547 v.
1245 1514 1291 1550 ad
1306 1515 1489 1556 summos,
1507 1522 1582 1550 neo
1599 1522 1700 1548 sem-

204 1575 270 1608 per
293 1575 313 1597 a
341 1562 572 1597 contentione
606 1562 762 1595 condere
794 1560 877 1594 licet
906 1562 949 1592 ib.
975 1563 1030 1594 22.
1057 1559 1252 1602 secundum
1275 1558 1478 1601 rationem,¹
1494 1559 1549 1603 ,de
1570 1558 1700 1603 quihus

205 1609 377 1652 dicimus,
411 1609 666 1642 conformanda
694 1619 731 1641 v.
757 1612 811 1640 est
840 1609 883 1640 ih.
906 1605 966 1640 45.
999 1617 1036 1640 v.
1071 1610 1207 1638 tantum
1241 1607 1352 1641 altera
1383 1610 1492 1648 parte,
1519 1603 1700 1642 dimittunt

204 1655 357 1700 (labra)
382 1657 426 1688 ib.
455 1655 512 1689 81.
547 1656 675 1688 humor
700 1665 736 1686 v.
761 1658 822 1686 aut
853 1651 982 1687 nimius
1014 1650 1177 1695 impedit,
1212 1657 1271 1684 aut
1301 1650 1505 1686 consumtus
1540 1650 1700 1687 destituit

206 1702 251 1744 cf.
275 1705 333 1736 21.
360 1701 540 1742 omnium,
573 1700 700 1744 quibus
727 1710 762 1733 v.
789 1699 916 1740 dabat,
950 1698 1056 1731 etiam
1080 1695 1268 1743 imaginem
1297 1696 1476 1740 expressit
1505 1698 1547 1739 3,
1570 1697 1614 1739 8,
1639 1698 1698 1741 ἧς),

205 1748 251 1790 cs.
275 1747 312 1791 4,
336 1751 370 1789 2,
397 1749 475 1781 103.
507 1749 562 1788 12,
594 1748 650 1788 10,
675 1747 732 1779 23.
759 1755 834 1779 nouv
851 1761 896 1768 —
916 1755 968 1786 νη,
997 1742 1109 1787 qualis
1136 1743 1261 1777 dolore
1286 1741 1517 1786 exprimitur,
1539 1735 1700 1793 ernengl‘a

207 1798 272 1836 11,
298 1797 340 1836 3,
366 1795 423 1828 90.
450 1798 485 1826 et
510 1791 704 1838 frangitur,
733 1796 768 1824 et
792 1791 1022 1832 obscuratur,
1057 1795 1093 1822 et
1117 1794 1370 1831 exasperatur,
1407 1794 1444 1822 et
1465 1784 1697 1823 scindimus.

205 1843 250 1874 ib.
273 1843 330 1874 20.
356 1851 394 1876 v.
417 1845 587 1872 exerceat
616 1841 649 1879 1,
674 1839 730 1878 11,
761 1835 815 1870 14.
839 1841 1004 1869 tenuatur
1024 1846 1062 1869 v.
1087 1845 1129 1868 ac
1149 1834 1214 1868 fati
1240 1839 1318 1868 atur
1341 1837 1385 1868 ib.
1409 1835 1467 1868 82.
1491 1845 1528 1869 v.
1551 1833 1700 1871 flectunt

205 1885 251 1928 4,
275 1888 321 1928 2,
346 1887 403 1921 39.
433 1885 463 1918 si
487 1895 581 1927 resp.
607 1895 644 1919 v.
671 1883 821 1916 haberet
848 1884 927 1916 Cic.
962 1883 1003 1924 5,
1031 1882 1094 1923 10,
1117 1881 1162 1916 99
1189 1844 1239 1914 ff
1257 1891 1327 1922 nec
1358 1879 1536 1927 imbuatur
1558 1877 1629 1924 (v.)
1654 1890 1699 1913 ea

206 1931 478 1973 consuetudine,
506 1941 609 1974 quam
635 1930 818 1962 desertura
843 1929 926 1970 (Sp.
955 1937 1044 1971 quae
1068 1927 1234 1960 duratura
1256 1926 1359 1967 non)
1374 1925 1428 1959 ,sit
1452 1927 1567 1969 1133.
1584 1925 1632 1962 24
1651 1928 1696 1960 Z.

205 1978 243 2012 in
271 1977 464 2011 certamine
489 1981 607 2010 erecta
641 1975 725 2008 totis
752 1974 890 2008 viribus
914 1979 950 2007 et
972 1974 1072 2007 velut
1095 1971 1259 2006 omnibus
1290 1970 1412 2006 nervis
1439 1970 1636 2019 intenditur
1657 1983 1696 2005 v.

206 2027 250 2057 ib.
275 2025 332 2058 63.
368 2023 552 2064 homines,
583 2020 710 2065 quibus
745 2025 872 2066 negata
902 2030 939 2052 v.
965 2024 1019 2054 est
1044 2021 1091 2061 2,
1115 2018 1179 2061 16,
1203 2020 1258 2053 17.
1298 2027 1508 2061 praeparare
1540 2017 1586 2052 'ab
1617 2017 1698 2052 imis

206 2069 306 2104 sonis
329 2081 366 2105 v.
391 2070 435 2102 ad
459 2078 615 2102 summos
642 2070 703 2107 11,
729 2067 770 2109 3,
795 2069 852 2099 22.
878 2064 923 2106 cs.
951 2067 1013 2107 10,
1038 2068 1079 2107 7,
1101 2066 1146 2099 2.·
1164 2063 1488 2106 suffocant-*saepe
1510 2074 1549 2101 t.
1579 2065 1637 2106 11,
1659 2064 1696 2105 3,

205 2119 264 2151 51.
290 2127 336 2149 ne
361 2115 405 2148 ad
430 2116 627 2158 spadonum
653 2118 689 2147 et
713 2111 900 2146 mulierum
923 2116 958 2144 et
982 2120 1170 2157 aegrorum
1202 2108 1400 2144 exilitatem
1426 2119 1464 2143 v.
1493 2113 1618 2150 nostra
1641 2113 1701 2154 te-

206 2167 335 2195 nuetur
358 2163 401 2194 ib.
425 2162 481 2196 19.
509 2171 547 2195 v.
575 2159 736 2206 urgenda
767 2159 860 2192 ultra
892 2157 990 2192 vires
1023 2167 1097 2190 non
1127 2161 1182 2190 est
1211 2157 1254 2189 ih.
1278 2153 1343 2196 ὥς
1381 2159 1441 2189 aut
1464 2160 1546 2190 ante
1567 2165 1605 2190 v·
1629 2153 1699 2189 erit

206 2214 326 2255 gestus
351 2212 410 2240 aut
433 2212 514 2249 post
537 2217 572 2242 v.
597 2207 640 2238 ib.
660 2206 737 2239 106.
767 2209 911 2248 propter
937 2214 974 2238 v.
1000 2201 1164 2237 accidunt
1186 2198 1303 2244 (vitia)
1327 2202 1372 2235 ih.
1390 2200 1447 2234 56.
1491 2201 1530 2244 η)
1555 2202 1694 2234 Alani..-
1710 2230 1720 2235 -

206 2260 243 2289 et
265 2264 386 2288 voce
411 2258 446 2286 et
469 2250 763 2286 modulation
778 2261 798 2284 e
822 2248 967 2295 grandia
1000 2250 1112 2292 elate,
1143 2247 1299 2291 jucunda
1331 2245 1483 2280 dulciter
1510 2252 1576 2287 qm,-
1601 2245 1697 2281 mit

207 2304 240 2342 1,
269 2303 323 2341 10,
345 2299 403 2332 24.
433 2309 549 2342 neque
573 2296 720 2330 scientia
742 2297 850 2331 modo
875 2299 1014 2330 constat
1037 2299 1178 2335 orator„
1201 2293 1266 2329 sed
1287 2301 1380 2326 voce
1409 2299 1470 2325 etc.
1497 2294 1552 2328 12.
1572 2283 1694 2337 'usta

208 2345 419 2380 excitandus
444 2350 497 2378 est
524 2354 616 2379 voce
646 2345 710 2385 11,
737 2345 782 2383 2,
806 2343 862 2380 33.
893 2341 1039 2376 affectus
1070 2337 1185 2374 omnis
1214 2339 1420 2384 languescat
1449 2340 1696 2380 neaeman,

206 2391 276 2425 nisi
303 2400 397 2425 voce
427 2397 487 2424 etc.
516 2390 717 2423 inardescat
743 2390 808 2429 11,
834 2389 876 2429 3,
902 2390 934 2421 2.
967 2386 1090 2420 utendi
1115 2395 1207 2420 voce
1238 2383 1425 2428 multiplex
1450 2382 1549 2422 ratio,
1567 2385 1612 2417 ib.
1637 2383 1711 2418 16.»

207 2436 370 2471 advocati
396 2447 433 2470 v.
457 2435 509 2468 uti
534 2438 598 2477 11,
626 2438 643 2468 1
658 2460 668 2477 ‚
694 2435 757 2474 59;
791 2434 961 2476 pleraque
985 2433 1078 2467 hauc
1104 2429 1352 2466 condicionem
1378 2429 1532 2472 habent,
1548 2429 1716 2474 mend.

207 2494 300 2518 voce
325 2483 368 2516 ad
399 2493 524 2516 omnes
551 2480 657 2514 simul
679 2481 904 2524 perferantur
930 2482 971 2521 1,
994 2481 1038 2520 2,
1063 2478 1118 2511 13.
1144 2481 1247 2510 sexta
1270 2481 1470 2511 nostrarum
1490 2473 1700 2525 (lm)

207 2539 322 2572 paene
347 2538 420 2561 non
445 2528 599 2562 humana
624 2538 677 2569 v.,
700 2527 762 2560 vel
785 2524 932 2559 omnino
954 2534 1029 2557 non
1051 2534 1090 2557 v.
1112 2522 1243 2567 potius,
1265 2522 1361 2558 inter
1382 2514 1698 2557 discrimini-den-

208 2576 296 2608 tium
325 2570 481 2608 efflanda
505 2579 559 2607 est
585 2575 649 2615 12,
678 2574 743 2615 10,
768 2571 845 2614 29,
870 2569 930 2617 qui
959 2567 1105 2614 (mores)
1131 2568 1255 2603 nescio
1291 2568 1551 2615 quomodoex
1577 2575 1695 2603 voce

207 2620 311 2656 etiam
341 2626 410 2663 atq.
435 2619 622 2653 actione
649 2618 851 2661 pelluceant
876 2618 939 2658 11,
963 2618 1008 2659 3,
1033 2613 1112 2649 154.
1266 2645 1269 2651 ,
1507 2631 1510 2636 Α
1567 2639 1569 2644 .
1670 2655 1674 2658 ᾖ

278 2663 332 2707 11)
371 2667 459 2708 quod
492 2667 734 2707 pronuntiatur.
779 2661 827 2705 α)
860 2664 986 2704 Singul.
1037 2659 1081 2703 a)
1110 2661 1303 2694 verbum:
1347 2668 1509 2694 vocem
1547 2661 1586 2691 et
1613 2667 1691 2692 res

210 2713 253 2755 3,
277 2714 320 2752 6,
345 2713 401 2744 37.
431 2722 464 2743 v.
489 2710 728 2754 Scriptum.
771 2708 867 2752 quod
891 2713 945 2742 est
977 2705 1131 2751 positum
1156 2705 1192 2739 in
1220 2715 1314 2740 voce
1337 2702 1497 2748 simplic&
1518 2705 1562 2746 1,
1585 2703 1633 2744 9,
1654 2701 1690 2737 4.

210 2769 258 2791 ne
288 2756 343 2792 cui
378 2761 537 2790 vestrum
573 2766 650 2792 vox
685 2753 952 2790 immoderatior
979 2752 1097 2797 aliqua
1127 2751 1291 2788 videatur
1327 2753 1441 2784 Cael.
1477 2751 1542 2791 11,
1567 2753 1613 2792 1,
1636 2750 1692 2784 51.
