1728 3002
102 96 186 137 470
682 93 879 152 lurgium
911 119 967 130 -
995 95 1074 140 Jus

150 206 251 256 jungi
274 208 325 252 (α.
341 213 365 243 1.
390 207 579 255 conjungi)
603 209 784 255 patiuntur
809 212 845 254 9,
865 210 902 254 4,
926 213 1004 246 101.
1037 211 1154 247 verba
1177 211 1278 257 ead„
1303 225 1372 259 qua
1388 214 1646 259 compositione

151 255 191 290 in
214 261 316 290 textu
337 257 527 302 jungantur
551 258 597 290 ib.
624 257 679 290 13.
709 256 754 299 cs.
781 260 848 299 273
885 269 977 302 quae
1008 258 1172 301 (vocales)
1204 265 1244 294 ut
1272 261 1418 296 vocales
1453 263 1647 308 junguntur

153 305 189 344 1,
213 300 248 346 4,
275 304 329 336 10.
369 301 425 346 (J)
453 302 559 336 etiam
581 302 749 350 jungetur
773 309 813 337 ut
839 314 1041 338 consonans
1069 306 1118 347 (i.
1139 318 1168 339 e.
1193 308 1257 340 bis
1280 308 1478 352 ponitur)
1505 311 1548 344 ib.
1576 313 1643 352 ¹113

153 347 183 382 Ε
206 349 220 382 1
244 347 432 394 jungendis
459 351 491 391 1,
516 351 558 392 7,
586 350 643 383 15.
681 360 756 383 non
781 349 943 385 recidere
967 362 1010 385 ea
1031 350 1188 396 (verba),
1219 363 1287 387 nec
1310 349 1426 397 polire
1447 365 1648 398 possumus,

156 404 230 439 quo
256 399 500 440 coagmentata
533 405 583 429 se
611 395 724 443 magis
755 397 903 442 jungant
938 398 988 436 (in
1015 400 1180 438 oratione)
1203 400 1250 442 8,
1277 398 1318 442 6,
1342 395 1408 443 63;
1446 403 1479 434 in
1499 414 1647 444 pronun-

153 442 286 474 flando.-
322 440 353 474 si
375 441 501 487 jungas
525 453 604 485 opp.
627 441 863 487 interpunctis
889 443 1099 487 quibusdam
1133 444 1175 487 9,
1208 443 1255 488 4,
1289 445 1367 480 108.
1425 447 1463 491 β)
1503 461 1533 484 ο.
1558 448 1646 483 Dat.

154 494 213 520 aut
238 500 351 521 cum.-
376 487 526 530 Ajacem
550 498 662 522 naves
686 500 767 523 suas
794 488 1075 524 Atheniensibus
1098 490 1259 534 junxisse
1277 491 1311 534 5,
1330 494 1386 535 11,
1409 492 1468 526 40.
1505 494 1657 538 optimis.

151 543 192 567 se
214 533 372 577 partibus
386 559 396 576 ,
426 533 464 567 id
487 539 541 568 est
563 533 674 579 reip.,
702 535 866 583 jungeret
893 539 950 578 12,
969 539 1000 579 1,
1017 537 1071 570 16.
1107 536 1159 571 sic
1182 537 1309 572 melius
1331 537 1524 584 junguntur
1545 541 1649 584 prio-
1692 542 1693 546 ’

92 616 102 619 ,
151 578 251 613 ribus
274 579 461 623 sequentia
490 582 560 624 10,
585 582 606 615 3
621 606 631 624 ,
655 581 691 616 6.
718 581 761 624 cs.
785 580 830 625 4,
855 584 897 625 1,
921 582 980 617 76.
1025 581 1085 616 alii
1108 582 1204 617 aliud
1231 585 1402 627 (verbum)
1427 585 1587 627 junctum
1611 589 1648 630 8,

152 626 200 668 3,
225 626 282 662 16.
327 626 404 670 ipse
428 626 574 670 (pollex)
600 626 779 671 prioribus
805 627 947 673 (digitis)
976 629 1027 662 ad
1051 629 1189 664 medios
1213 630 1383 665 articulos
1409 631 1567 678 jungitur
1590 635 1648 676 11,

152 673 196 714 3,
222 672 280 708 99.
311 672 359 714 os.
386 674 474 715 1013
507 671 636 716 quibus
684 679 821 720 uaeque
843 685 924 710 vox
949 674 1076 709 fidibus
1107 676 1286 723 jungenda
1317 675 1362 710 sit
1397 678 1439 721 5,
1465 680 1530 721 10,
1555 677 1645 722 1243

150 726 217 762 pes
241 717 344 752 sibi
370 717 446 763 ipse
470 719 629 767 jungitur
655 686 696 765 ὃ.
723 734 754 756 e.
777 723 1020 765 repetitur)
1047 723 1089 764 9,
1113 721 1156 765 4,
1181 725 1258 757 103.
1283 721 1329 764 cs.
1356 725 1435 757 102.
1461 726 1547 767 109;
1584 724 1647 760 illa

153 773 317 809 quoque,
357 775 448 810 quae
483 776 532 800 ex
562 767 671 801 rebus
699 772 858 802 mutuam
886 766 1197 803 confirmationem
1225 770 1484 814 praestantibus
1508 771 1648 806 ducun-

150 815 229 854 tur,
254 827 298 835 —
326 811 470 846 fortiter
493 813 796 858 consequentibus
820 813 1001 858 junxerim
1025 815 1059 858 5,
1086 817 1141 858 10,
1170 816 1227 850 78.
1274 815 1440 863 Jungitur
1463 817 1650 860 amphibo-

149 856 221 891 liae
245 856 439 892 similitudo
464 858 499 901 6,
525 860 559 900 3,
583 859 649 902 623
684 859 843 895 maxime
870 866 954 894 sunt
976 861 1140 905 personis
1166 861 1304 906 juncta,
1342 873 1434 906 quae
1456 862 1592 908 agimus
1611 864 1646 906 5,

151 904 209 945 10,
228 905 285 937 32.
311 903 592 951 magnitudinem
617 905 670 940 iui
694 905 1012 950 (Ulixi.Home1-us)
1042 906 1162 951 junxit
1184 908 1221 952 (ι’.
1250 921 1280 942 e.
1306 908 1482 953 tribuit)
1509 912 1563 952 12,
1589 913 1646 952 10,

150 949 216 993 643
250 949 348 983 illam
379 950 509 984 seriem
537 962 630 986 cum
663 952 733 986 alia
764 953 871 987 simili
898 954 1156 999 jungentes
1185 954 1520 999 miscentesque
1550 956 1586 998 8,
1609 959 1645 998 2,

149 997 208 1030 17.
258 995 298 1040 y)
321 998 364 1029 de
388 999 621 1041 compositione
644 1001 838 1033 verborum.-
875 998 980 1044 [dure
1004 1001 1153 1047 jungere
1175 1001 1211 1044 8,
1237 1000 1273 1044 6,
1297 1002 1355 1039 33,
1380 1012 1414 1034 v.
1441 1000 1647 1036 Coludu-

148 1040 232 1086 mo]
263 1041 302 1076 in
332 1042 582 1090 jungendo
610 1049 670 1078 aut
697 1045 733 1080 in
762 1045 1024 1081 derivando
1054 1047 1098 1089 8,
1122 1047 1169 1090 3,
1193 1048 1251 1082 31.
1292 1046 1488 1092 junguntur
1513 1047 1646 1092 (verba)

148 1093 210 1122 aut
235 1099 294 1123 ex
315 1090 454 1123 duobus
477 1089 613 1124 Latinis
636 1090 796 1138 integri-3,
821 1097 882 1126 aut
902 1099 962 1126 etc.
988 1095 1022 1135 1,
1049 1093 1083 1136 5,
1107 1092 1165 1128 68.
1212 1088 1252 1136 ὃ)
1273 1096 1418 1127 Panic..-
1442 1094 1481 1137 a)
1503 1095 1647 1139 junctae

147 1145 274 1169 manus
298 1132 362 1178 11,'
374 1136 406 1178 3,
425 1136 502 1172 116.
538 1136 651 1180 juncti
674 1139 783 1182 pedes
802 1141 836 1181 2,
854 1140 910 1182 13,
925 1139 960 1174 9.
994 1138 1032 1172 in
1050 1149 1160 1183 opere
1178 1139 1273 1173 male
1297 1139 1421 1184 juncto
1447 1143 1505 1184 12,
1525 1143 1559 1184 9,
1587 1141 1645 1175 17.

149 1180 433 1225 praepositiones
448 1183 591 1225 junctae
609 1186 641 1226 1,
657 1187 692 1227 7,
710 1188 745 1219 7.
781 1185 902 1229 juncta
921 1189 1048 1218 natura
1065 1186 1123 1219 Pr.
1141 1186 1196 1220 13.
1215 1197 1247 1219 υ.
1263 1183 1456 1230 Copulo.
1479 1187 1561 1231 jun
1573 1193 1646 1221 cta

147 1232 221 1270 atq.
245 1226 513 1262 indiscreta
543 1231 583 1271 1,
608 1232 644 1272 2,
670 1231 705 1264 3.
731 1230 1097 1269 v.1ndiscretus,
1125 1231 1319 1275 quaedam,
1345 1243 1436 1275 quae
1461 1231 1645 1280 singula

145 1271 279 1307 vitiosa
297 1277 391 1315 sunt,
416 1273 572 1316 juncta
599 1274 678 1309 sine
701 1276 984 1319 reprehensione
1011 1277 1177 1311 dicuntur
1201 1280 1234 1320 1,
1258 1277 1293 1320 5,
1322 1277 1377 1311 14.
1405 1278 1450 1319 af.
1473 1279 1508 1322 8,
1529 1281 1564 1324 6,
1583 1277 1642 1314 44.
1684 1294 1715 1307 -u

118 1339 121 1341 -
147 1322 339 1363 utrumque
369 1319 622 1362 coacervatio,
658 1326 694 1354 et
724 1326 860 1355 tantum
889 1322 1048 1365 juncta
1082 1327 1143 1355 ant
1174 1321 1416 1357 dissoluta
1447 1324 1491 1366 9,
1515 1326 1538 1359 3
1551 1350 1562 1368 ,
1587 1327 1645 1359 53.

145 1363 289 1408 junctae
314 1364 481 1407 (figurae)
505 1366 541 1408 9,
557 1366 592 1409 3,
607 1368 665 1401 27.
694 1366 856 1410 pluribus
872 1367 1177 1411 propositionibus
1193 1367 1323 1411 junctis
1340 1368 1375 1411 5,
1393 1371 1449 1412 13,
1468 1370 1526 1404 28.
1561 1380 1644 1405 cre-

1707 215 1719 229 ι
1715 188 1719 193 .
1700 110 1718 131 4

1706 238 1728 506 effi*

1715 1270 1728 1294 «τ
1718 1252 1728 1263 1
1712 1241 1715 1245 ‘
1714 1229 1719 1232 ¹
1710 933 1728 1221 'Wffiffit—„fi--W‘
1723 951 1725 957 Q
1710 662 1726 934 *Qu-Q
1712 507 1723 649 ..hm—a.

144 1409 209 1444 diti
233 1416 270 1445 et
292 1410 444 1456 depositi
470 1411 582 1445 duae
605 1412 850 1456 quaestiones,
885 1414 948 1447 sed
972 1424 1152 1457 nunquam
1173 1412 1368 1456 junctae
1390 1415 1436 1457 7,
1463 1418 1506 1459 2,
1529 1414 1572 1451 51
1592 1415 1640 1450 Ν.
1705 1398 1728 1429 ’ἰ

145 1454 315 1501 μακε...)
349 1456 445 1491 inter
475 1467 514 1491 se
549 1457 662 1501 juncti
689 1461 730 1501 7,
757 1461 813 1502 10,
842 1459 899 1493 16.
921 1471 952 1492 v.
974 1457 1186 1503 vincio]
1241 1458 1284 1503 b)
1319 1461 1363 1493 «ze
1385 1468 1532 1504 tempore
1558 1464 1582 1496 1¹.
1607 1475 1643 1506 q.

145 1506 372 1546 praesens.-
409 1503 520 1547 juncti
546 1503 718 1548 temporis
745 1506 786 1548 5,
811 1507 876 1548 10,
900 1504 958 1540 46.
984 1517 1017 1539 v.
1044 1505 1306 1543 Secundus.
1343 1516 1394 1540 ex
1418 1506 1550 1551 junctis
1570 1512 1646 1542 tra·-

143 1549 263 1583 henda
286 1559 365 1583 esse
393 1556 602 1596 argumenta
624 1553 667 1585 ib,
695 1553 775 1586 102.
801 1563 834 1585 υ.
862 1551 1128 1587 Antecedo.

95 1590 308 1650 Jurgium·
365 1607 389 1651 j.
417 1606 548 1641 deinde
572 1608 736 1643 caedes
762 1613 798 1642 et
822 1613 1007 1654 strages
1031 1609 1067 1651 5,
1087 1610 1143 1651 10,
1161 1610 1220 1643 71.
1251 1619 1296 1642 an
1315 1607 1348 1644 ei
1372 1609 1501 1644 caedes
1523 1609 1642 1655 impu-

141 1653 247 1686 tanda
259 1652 317 1696 sit,
337 1664 355 1687 a
374 1663 445 1697 quo
461 1654 614 1696 jureium
629 1654 748 1699 coepit
769 1656 813 1689 ib.
829 1656 887 1689 72.
912 1659 967 1689 tot
981 1653 1288 1690 circumstantibus
1308 1655 1432 1703 jurgiis
1457 1657 1506 1700 (a.
1523 1661 1545 1691 1.
1564 1657 1641 1702 jur·
1706 1670 1716 1682 κ·

102 1716 114 1745 ,ι
141 1698 217 1745 gis)
243 1701 301 1742 10,
325 1701 359 1743 3,
382 1702 428 1733 30
452 1711 485 1734 υ.
512 1680 706 1736 ὃΙᾶΠιοΥ.

95 1741 244 1799 Jul'go·
294 1756 516 1804 jurgantibus
538 1756 760 1792 mulierculis
785 1759 843 1802 10,
866 1760 902 1802 7,
926 1758 984 1792 13.

93 1800 371 1844 Juridicialis-
405 1835 452 1841 —
479 1826 563 1860 pars
587 1817 631 1859 3,
658 1816 703 1859 6,
728 1817 785 1851 57.
813 1835 859 1842 -—
892 1820 1005 1862 status
1027 1817 1071 1851 ib.
1094 1816 1153 1852 32.
1188 1815 1235 1850 de
1256 1813 1446 1861 juridiciali
1473 1814 1642 1868 qualitate
1708 1856 1711 1861 Ι

92 1858 446 1949 Ῑϋξίἓὲἓῃῐὶδῗῐῑῐῑῐὲο
490 1920 547 1961 12,
571 1920 606 1962 3,
630 1919 665 1954 8.
689 1919 724 1955 9.
761 1918 879 1963 qualia
905 1925 987 1954 sunt
1010 1918 1343 1963 jurisconsultorum
1369 1921 1425 1958 11,
1449 1922 1485 1960 2,
1508 1917 1567 1953 41.
1592 1939 1638 1946 --

139 1973 291 2007 quorum
314 1975 472 1998 summus
497 1965 593 1998 circa
615 1964 870 2010 proprietatem
894 1967 1090 2000 verborum
1112 1967 1215 1999 labor
1238 1971 1294 1999 est
1319 1965 1354 2008 5,
1383 1963 1438 2008 14,
1465 1965 1520 1999 34.

92 2006 386 2064 Jurisperitus.
434 2021 709 2066 jurisperiti
735 2034 780 2056 an
801 2022 1029 2057 militaris
1051 2022 1143 2058 viri
1172 2024 1251 2057 laus
1273 2021 1411 2066 major?
1438 2024 1485 2064 2,
1512 2020 1548 2064 4,
1576 2021 1666 2056 24.·
1704 2039 1707 2041 -

93 2073 215 2118 Juro-
263 2089 394 2134 jurant,
430 2088 479 2125 ita
504 2089 720 2125 Ciceronem
749 2093 950 2126 locuturum
984 2091 1096 2126 filisse
1133 2093 1199 2133 10,
1234 2092 1275 2132 2,
1311 2089 1367 2124 17.
1414 2088 1562 2133 juraturi
1589 2100 1638 2124 ex

136 2134 244 2169 animi
271 2136 383 2170 nostri
419 2138 596 2171 sententia
627 2138 794 2180 dicimus3
831 2139 872 2176 S,
910 2139 953 2180 5,
994 2141 1026 2172 1.
1061 2137 1106 2171 in
1137 2137 1354 2189 cujusquam.
1381 2136 1501 2180 jurare
1536 2137 1635 2182 leges

136 2183 194 2223 12,
222 2184 258 2224 2,
282 2183 338 2216 26.
377 2182 426 2216 in
450 2188 566 2217 totum
595 2184 736 2226 jurare,
766 2184 834 2218 nisi
870 2185 931 2218 ubi
970 2194 1120 2218 necesse
1147 2187 1221 2224 est,
1256 2192 1357 2229 grain
1393 2183 1475 2217 viro
1511 2193 1636 2226 parum
1693 2183 1703 2187 '

135 2228 325 2262 convenit:
378 2234 412 2263 et
446 2235 501 2263 est
536 2243 554 2263 a
591 2231 728 2265 Seneca
763 2230 896 2264 dictum
931 2231 1136 2277 eleganter,
1182 2238 1257 2262 non
1292 2234 1539 2281 patronorum-1
1561 2228 1633 2262 hoc

136 2283 236 2316 esse,
270 2275 333 2307 sed
356 2274 510 2310 testium.
569 2278 646 2311 Nec
672 2283 830 2311 meretur
859 2277 988 2319 fidem,
1023 2275 1084 2320 qui
1118 2274 1354 2311 sententiolae
1385 2280 1498 2321 gratia
1528 2280 1634 2319 jurat-

134 2319 180 2361 9,
218 2323 265 2362 2,
298 2322 365 2362 983
410 2322 491 2363 iuro
521 2334 606 2368 per
639 2324 732 2357 mala
765 2322 864 2365 mea,
903 2333 986 2366 per
1018 2320 1202 2355 infelicem
1236 2320 1512 2362 conscientiam,
1549 2330 1633 2372 per

134 2363 215 2398 illos
239 2377 362 2401 manes
389 2368 425 2410 6,
451 2369 510 2402 Pr.
544 2372 588 2403 10
617 2370 662 2403 N.
699 2370 776 2410 iura
802 2379 881 2413 per
904 2367 1044 2412 patroni
1072 2366 1123 2400 tui
1148 2365 1287 2401 cineres
1321 2369 1365 2411 9,
1403 2370 1448 2409 2,
1484 2367 1542 2402 95.
1575 2377 1632 2409 μι-

133 2412 245 2445 rando
272 2424 356 2456 per
384 2412 594 2449 interfectos
612 2414 648 2448 in
664 2415 880 2449 Marathone
906 2419 941 2448 et
961 2413 1138 2448 Salamine
1163 2415 1197 2456 9,
1218 2416 1254 2456 2,
1268 2413 1327 2449 62.
1347 2412 1392 2455 cf.
1414 2415 1470 2456 11,
1493 2414 1529 2456 3,
1551 2412 1628 2446 168.

87 2454 175 2496 JuS·
235 2470 268 2510 1)
294 2473 439 2513 proprie.
497 2471 539 2514 α)
576 2484 605 2504 c.
637 2472 738 2513 Adia
776 2470 873 2505 aliud
906 2476 959 2504 est
992 2470 1253 2504 obscurum
1277 2470 1327 2515 j.,
1363 2470 1458 2504 aliud
1491 2469 1630 2520 ambi-.-

133 2522 221 2557 guu
233 2526 267 2547 m
292 2519 325 2557 7,
353 2519 408 2558 10,
433 2519 465 2550 2.
491 2518 514 2560 j.
543 2517 703 2562 asperius
734 2520 776 2560 9,
810 2520 854 2560 2,
886 2517 943 2552 90.
1002 2515 1246 2550 Necessariam
1285 2517 1308 2559 j.
1347 2515 1464 2550 civilis
1495 2519 1630 2549 oratori

131 2557 315 2593 scientiam
356 2566 421 2605 12,
455 2561 542 2608 Cap.
570 2566 604 2599 3.
638 2575 744 2598 omne
778 2563 824 2606 j.,
861 2563 957 2608 quod
994 2567 1047 2596 est
1079 2568 1280 2606 certum,
1314 2568 1371 2595 aut
1401 2561 1534 2605 scripto
1568 2565 1628 2594 aut

130 2603 287 2638 moribus
326 2614 487 2651 constat,
526 2609 716 2645 dubium
750 2608 936 2654 aequitatis
960 2609 1083 2653 regula
1108 2608 1382 2643 examinandum
1414 2613 1468 2641 est
1503 2609 1567 2657 12,
1593 2609 1626 2647 3,

130 2650 152 2682 6
196 2663 225 2682 ι).
251 2651 450 2687 Dubius.
479 2655 635 2696 j.eivi1‹÷
667 2661 729 2699 12,
757 2657 799 2698 3,
828 2658 856 2689 l.
896 2658 960 2697 12,
990 2657 1045 2695 ll,
1071 2655 1103 2689 9·
1135 2659 1340 2701 argumenffl
1365 2653 1444 2686 ‘¹⁰⁰³
1475 2663 1522 2686 ex
1550 2662 1626 2704 ,μηθ’

129 2695 276 2729 simili
303 2716 345 2722 -—
372 2710 418 2732 ‹ex
443 2703 684 2737 contrario
712 2719 752 2727 -—
780 2713 825 2735 vx
855 2700 1092 2736 dissimili
1120 2703 1152 2744 5,
1180 2704 1233 2743 11,
1265 2702 1320 2735 32.
1348 2704 1573 2734 controversi
1603 2709 1623 2740 ι.
