<?xml version="1.0" encoding="UTF-8"?>
<!DOCTYPE html PUBLIC "-//W3C//DTD XHTML 1.0 Transitional//EN"
    "http://www.w3.org/TR/xhtml1/DTD/xhtml1-transitional.dtd">
<html xmlns="http://www.w3.org/1999/xhtml" xml:lang="en" lang="en">
 <head>
  <title>
</title>
<meta http-equiv="Content-Type" content="text/html;charset=utf-8" />
  <meta name='ocr-system' content='tesseract 3.04.00' />
  <meta name='ocr-capabilities' content='ocr_page ocr_carea ocr_par ocr_line ocrx_word'/>
</head>
<body>
  <div class='ocr_page' id='page_1' title='image "./lexiconquintilia06bonnuoft_0285.png"; bbox 0 0 1728 3002; ppageno 0'>
   <div class='ocr_carea' id='block_1_1' title="bbox 765 184 1584 228">
    <p class='ocr_par' dir='ltr' id='par_1_1' title="bbox 765 184 1584 228">
     <span class='ocr_line' id='line_1_1' title="bbox 765 184 1584 228; baseline 0.002 -2"><span class='ocrx_word' id='word_1_1' title='bbox 765 184 872 228; x_wconf 84' lang='lat' dir='ltr'><strong>Cum</strong></span> <span class='ocrx_word' id='word_1_2' title='bbox 1505 189 1584 228; x_wconf 82' lang='grc'><strong>193</strong></span> 
     </span>
    </p>
   </div>
   <div class='ocr_carea' id='block_1_2' title="bbox 44 287 1583 446">
    <p class='ocr_par' dir='ltr' id='par_1_2' title="bbox 44 287 1583 446">
     <span class='ocr_line' id='line_1_2' title="bbox 46 287 1583 353; baseline -0.005 -12"><span class='ocrx_word' id='word_1_3' title='bbox 46 301 49 307; x_wconf 72' lang='grc'><strong>’</strong></span> <span class='ocrx_word' id='word_1_4' title='bbox 83 298 221 353; x_wconf 56' lang='lat' dir='ltr'><strong>&#39;qnod</strong></span> <span class='ocrx_word' id='word_1_5' title='bbox 242 302 309 341; x_wconf 80' lang='lat' dir='ltr'><strong>vix</strong></span> <span class='ocrx_word' id='word_1_6' title='bbox 330 304 423 340; x_wconf 85' lang='lat' dir='ltr'><strong>ullus</strong></span> <span class='ocrx_word' id='word_1_7' title='bbox 449 309 503 339; x_wconf 90' lang='lat' dir='ltr'><strong>est</strong></span> <span class='ocrx_word' id='word_1_8' title='bbox 525 287 815 339; x_wconf 32' lang='lat' dir='ltr'><strong>tam&#39;communis</strong></span> <span class='ocrx_word' id='word_1_9' title='bbox 838 302 940 336; x_wconf 87' lang='lat' dir='ltr'><strong>locus</strong></span> <span class='ocrx_word' id='word_1_10' title='bbox 963 303 998 344; x_wconf 89' lang='grc'><strong>2,</strong></span> <span class='ocrx_word' id='word_1_11' title='bbox 1023 300 1059 344; x_wconf 88' lang='grc'><strong>4,</strong></span> <span class='ocrx_word' id='word_1_12' title='bbox 1082 301 1130 335; x_wconf 91' lang='grc'><strong>30</strong></span> <span class='ocrx_word' id='word_1_13' title='bbox 1154 301 1198 335; x_wconf 81' lang='grc' dir='ltr'><strong>Ν.</strong></span> <span class='ocrx_word' id='word_1_14' title='bbox 1240 311 1337 336; x_wconf 86' lang='lat' dir='ltr'><strong>cnm</strong></span> <span class='ocrx_word' id='word_1_15' title='bbox 1359 311 1433 344; x_wconf 87' lang='lat' dir='ltr'><strong>eo,</strong></span> <span class='ocrx_word' id='word_1_16' title='bbox 1462 303 1583 346; x_wconf 83' lang='lat' dir='ltr'>qnod</span> 
     </span>
     <span class='ocr_line' id='line_1_3' title="bbox 44 347 1583 396; baseline -0.004 -9"><span class='ocrx_word' id='word_1_17' title='bbox 44 353 50 355; x_wconf 77' lang='grc'><strong>’</strong></span> <span class='ocrx_word' id='word_1_18' title='bbox 96 349 147 377; x_wconf 79' lang='grc'><strong>’-</strong></span> <span class='ocrx_word' id='word_1_19' title='bbox 165 352 374 396; x_wconf 74' lang='lat' dir='ltr'><strong>frequenter</strong></span> <span class='ocrx_word' id='word_1_20' title='bbox 396 350 545 394; x_wconf 87' lang='lat' dir='ltr'><strong>accidit,</strong></span> <span class='ocrx_word' id='word_1_21' title='bbox 577 355 618 384; x_wconf 87' lang='lat' dir='ltr'><strong>nt</strong></span> <span class='ocrx_word' id='word_1_22' title='bbox 641 356 703 384; x_wconf 73' lang='lat' dir='ltr'><strong>etc.</strong></span> <span class='ocrx_word' id='word_1_23' title='bbox 734 351 799 392; x_wconf 93' lang='grc'><strong>10,</strong></span> <span class='ocrx_word' id='word_1_24' title='bbox 833 351 875 391; x_wconf 93' lang='grc'><strong>7,</strong></span> <span class='ocrx_word' id='word_1_25' title='bbox 907 347 962 382; x_wconf 80' lang='grc'><strong>13.</strong></span> <span class='ocrx_word' id='word_1_26' title='bbox 1004 358 1098 382; x_wconf 88' lang='lat' dir='ltr'><strong>cnm</strong></span> <span class='ocrx_word' id='word_1_27' title='bbox 1124 358 1197 389; x_wconf 87' lang='lat' dir='ltr'><strong>eo,</strong></span> <span class='ocrx_word' id='word_1_28' title='bbox 1235 348 1358 393; x_wconf 79' lang='lat' dir='ltr'><strong>quod</strong></span> <span class='ocrx_word' id='word_1_29' title='bbox 1387 366 1432 372; x_wconf 91' lang='lat'><strong>—</strong></span> <span class='ocrx_word' id='word_1_30' title='bbox 1459 349 1583 382; x_wconf 75' lang='lat' dir='ltr'><strong>eadem</strong></span> 
     </span>
     <span class='ocr_line' id='line_1_4' title="bbox 45 392 1198 446; baseline -0.005 -13"><span class='ocrx_word' id='word_1_31' title='bbox 45 406 50 417; x_wconf 78' lang='grc'>’</span> <span class='ocrx_word' id='word_1_32' title='bbox 99 396 320 443; x_wconf 68' lang='lat' dir='ltr'><strong>speciosiora</strong></span> <span class='ocrx_word' id='word_1_33' title='bbox 342 407 485 446; x_wconf 72' lang='lat' dir='ltr'><strong>quoque</strong></span> <span class='ocrx_word' id='word_1_34' title='bbox 507 396 600 440; x_wconf 90' lang='lat' dir='ltr'><strong>sint,</strong></span> <span class='ocrx_word' id='word_1_35' title='bbox 631 406 724 441; x_wconf 81' lang='lat' dir='ltr'><strong>qnae</strong></span> <span class='ocrx_word' id='word_1_36' title='bbox 747 394 953 429; x_wconf 79' lang='lat' dir='ltr'><strong>honestiora</strong></span> <span class='ocrx_word' id='word_1_37' title='bbox 978 396 1033 438; x_wconf 86' lang='lat'><strong>12,</strong></span> <span class='ocrx_word' id='word_1_38' title='bbox 1058 395 1115 437; x_wconf 91' lang='grc'><strong>10,</strong></span> <span class='ocrx_word' id='word_1_39' title='bbox 1138 392 1198 428; x_wconf 86' lang='grc'><strong>47.</strong></span> 
     </span>
    </p>
   </div>
   <div class='ocr_carea' id='block_1_3' title="bbox 0 0 76 2835">
    <p class='ocr_par' dir='ltr' id='par_1_3' title="bbox 0 0 76 2835">
     <span class='ocr_line' id='line_1_5' title="bbox 0 0 76 2835; baseline 0 -2394"><span class='ocrx_word' id='word_1_40' title='bbox 0 0 76 2835; x_wconf 95' lang='lat' dir='ltr'><strong>   </strong></span> 
     </span>
    </p>
   </div>
   <div class='ocr_carea' id='block_1_4' title="bbox 15 473 1612 2888">
    <p class='ocr_par' dir='ltr' id='par_1_4' title="bbox 15 473 1612 2888">
     <span class='ocr_line' id='line_1_6' title="bbox 55 473 1585 528; baseline -0.001 -7"><span class='ocrx_word' id='word_1_41' title='bbox 55 473 179 518; x_wconf 71' lang='lat' dir='ltr'><strong>cum·</strong></span> <span class='ocrx_word' id='word_1_42' title='bbox 230 487 441 528; x_wconf 72' lang='lat' dir='ltr'><strong>Cor-iunctio:</strong></span> <span class='ocrx_word' id='word_1_43' title='bbox 468 486 530 520; x_wconf 86' lang='lat' dir='ltr'><strong>illa</strong></span> <span class='ocrx_word' id='word_1_44' title='bbox 553 491 694 521; x_wconf 79' lang='lat' dir='ltr'><strong>servata</strong></span> <span class='ocrx_word' id='word_1_45' title='bbox 717 490 816 521; x_wconf 65' lang='lat' dir='ltr'><strong>esra</strong></span> <span class='ocrx_word' id='word_1_46' title='bbox 840 483 960 519; x_wconf 89' lang='lat' dir='ltr'><strong>multis</strong></span> <span class='ocrx_word' id='word_1_47' title='bbox 982 483 1199 526; x_wconf 78' lang='lat' dir='ltr'><strong>differentia,</strong></span> <span class='ocrx_word' id='word_1_48' title='bbox 1226 490 1265 518; x_wconf 91' lang='lat' dir='ltr'><strong>nt</strong></span> <span class='ocrx_word' id='word_1_49' title='bbox 1289 495 1407 528; x_wconf 89' lang='lat' dir='ltr'><strong>cnm,</strong></span> <span class='ocrx_word' id='word_1_50' title='bbox 1441 485 1471 519; x_wconf 83' lang='lat' dir='ltr'><strong>si</strong></span> <span class='ocrx_word' id='word_1_51' title='bbox 1495 490 1585 519; x_wconf 82' lang='lat' dir='ltr'><strong>tem-</strong></span> 
     </span>
     <span class='ocr_line' id='line_1_7' title="bbox 99 529 1586 581; baseline -0.003 -13"><span class='ocrx_word' id='word_1_52' title='bbox 99 545 168 578; x_wconf 87' lang='lat' dir='ltr'><strong>pus</strong></span> <span class='ocrx_word' id='word_1_53' title='bbox 191 532 425 581; x_wconf 80' lang='lat' dir='ltr'><strong>significaret,</strong></span> <span class='ocrx_word' id='word_1_54' title='bbox 447 543 513 577; x_wconf 89' lang='lat' dir='ltr'><strong>per</strong></span> <span class='ocrx_word' id='word_1_55' title='bbox 536 532 567 578; x_wconf 84' lang='lat' dir='ltr'>Q</span> <span class='ocrx_word' id='word_1_56' title='bbox 593 531 685 576; x_wconf 84' lang='lat' dir='ltr'><strong>(Sp.</strong></span> <span class='ocrx_word' id='word_1_57' title='bbox 714 544 748 577; x_wconf 83' lang='lat' dir='ltr'><strong>q.</strong></span> <span class='ocrx_word' id='word_1_58' title='bbox 771 543 808 566; x_wconf 92' lang='grc' dir='ltr'><strong>ιι.</strong></span> <span class='ocrx_word' id='word_1_59' title='bbox 834 542 868 566; x_wconf 90' lang='lat' dir='ltr'><strong>o.</strong></span> <span class='ocrx_word' id='word_1_60' title='bbox 893 530 955 573; x_wconf 88' lang='lat' dir='ltr'><strong>m.)</strong></span> <span class='ocrx_word' id='word_1_61' title='bbox 985 529 1201 565; x_wconf 78' lang='lat' dir='ltr'><strong>scriberetur</strong></span> <span class='ocrx_word' id='word_1_62' title='bbox 1225 533 1258 573; x_wconf 88' lang='lat'><strong>1,</strong></span> <span class='ocrx_word' id='word_1_63' title='bbox 1284 534 1318 574; x_wconf 90' lang='lat'><strong>7,</strong></span> <span class='ocrx_word' id='word_1_64' title='bbox 1343 532 1364 566; x_wconf 84' lang='lat'><strong>5</strong></span> <span class='ocrx_word' id='word_1_65' title='bbox 1387 535 1431 565; x_wconf 92' lang='grc' dir='ltr'><strong>Ζ.</strong></span> <span class='ocrx_word' id='word_1_66' title='bbox 1485 530 1519 575; x_wconf 90' lang='lat'><strong>1)</strong></span> <span class='ocrx_word' id='word_1_67' title='bbox 1543 533 1586 565; x_wconf 86' lang='lat' dir='ltr'><strong>‹Ie</strong></span> 
     </span>
     <span class='ocr_line' id='line_1_8' title="bbox 101 577 1582 623; baseline -0.001 -10"><span class='ocrx_word' id='word_1_68' title='bbox 101 587 299 623; x_wconf 72' lang='lat' dir='ltr'><strong>tempore.</strong></span> <span class='ocrx_word' id='word_1_69' title='bbox 355 577 402 621; x_wconf 75' lang='grc' dir='ltr'><strong>α)</strong></span> <span class='ocrx_word' id='word_1_70' title='bbox 428 591 525 612; x_wconf 77' lang='lat' dir='ltr'><strong>sensu</strong></span> <span class='ocrx_word' id='word_1_71' title='bbox 549 581 688 612; x_wconf 72' lang='lat' dir='ltr'><strong>relativo</strong></span> <span class='ocrx_word' id='word_1_72' title='bbox 720 582 744 612; x_wconf 80' lang='lat' dir='ltr'><strong>i.</strong></span> <span class='ocrx_word' id='word_1_73' title='bbox 772 591 803 623; x_wconf 82' lang='lat' dir='ltr'><strong>q.</strong></span> <span class='ocrx_word' id='word_1_74' title='bbox 830 589 912 623; x_wconf 76' lang='lat' dir='ltr'><strong>quo</strong></span> <span class='ocrx_word' id='word_1_75' title='bbox 941 584 1156 620; x_wconf 76' lang='lat' dir='ltr'><strong>tempore,</strong></span> <span class='ocrx_word' id='word_1_76' title='bbox 1195 583 1432 622; x_wconf 78' lang='lat' dir='ltr'><strong>postquam.</strong></span> <span class='ocrx_word' id='word_1_77' title='bbox 1491 577 1524 619; x_wconf 86' lang='lat' dir='ltr'><strong>a)</strong></span> <span class='ocrx_word' id='word_1_78' title='bbox 1553 591 1582 611; x_wconf 83' lang='lat' dir='ltr'><strong>c.</strong></span> 
     </span>
     <span class='ocr_line' id='line_1_9' title="bbox 102 622 1586 668; baseline -0.001 -9"><span class='ocrx_word' id='word_1_79' title='bbox 102 627 266 660; x_wconf 72' lang='lat' dir='ltr'><strong>Iudicat„-</strong></span> <span class='ocrx_word' id='word_1_80' title='bbox 302 635 415 666; x_wconf 86' lang='lat' dir='ltr'><strong>nunc,</strong></span> <span class='ocrx_word' id='word_1_81' title='bbox 454 636 534 658; x_wconf 84' lang='lat' dir='ltr'><strong>cum</strong></span> <span class='ocrx_word' id='word_1_82' title='bbox 561 623 687 668; x_wconf 85' lang='lat' dir='ltr'><strong>irrupit</strong></span> <span class='ocrx_word' id='word_1_83' title='bbox 709 625 875 668; x_wconf 81' lang='lat' dir='ltr'><strong>voluptas</strong></span> <span class='ocrx_word' id='word_1_84' title='bbox 898 622 942 666; x_wconf 88' lang='grc'><strong>4,</strong></span> <span class='ocrx_word' id='word_1_85' title='bbox 969 625 1013 666; x_wconf 88' lang='grc'><strong>2,</strong></span> <span class='ocrx_word' id='word_1_86' title='bbox 1043 625 1131 664; x_wconf 86' lang='grc'><strong>122;</strong></span> <span class='ocrx_word' id='word_1_87' title='bbox 1170 622 1337 667; x_wconf 84' lang='lat' dir='ltr'><strong>utique</strong></span> <span class='ocrx_word' id='word_1_88' title='bbox 1368 634 1459 658; x_wconf 80' lang='lat' dir='ltr'><strong>vero</strong></span> <span class='ocrx_word' id='word_1_89' title='bbox 1488 634 1586 658; x_wconf 86' lang='lat' dir='ltr'><strong>cum</strong></span> 
     </span>
     <span class='ocr_line' id='line_1_10' title="bbox 100 668 1586 713; baseline -0.002 -7"><span class='ocrx_word' id='word_1_90' title='bbox 100 669 232 706; x_wconf 72' lang='lat' dir='ltr'><strong>infelix</strong></span> <span class='ocrx_word' id='word_1_91' title='bbox 262 670 324 704; x_wconf 90' lang='lat' dir='ltr'><strong>illa</strong></span> <span class='ocrx_word' id='word_1_92' title='bbox 349 671 542 705; x_wconf 76' lang='lat' dir='ltr'><strong>verborum</strong></span> <span class='ocrx_word' id='word_1_93' title='bbox 576 670 758 705; x_wconf 77' lang='lat' dir='ltr'><strong>cavillatio</strong></span> <span class='ocrx_word' id='word_1_94' title='bbox 785 668 956 711; x_wconf 85' lang='lat' dir='ltr'><strong>accessit,</strong></span> <span class='ocrx_word' id='word_1_95' title='bbox 994 679 1068 702; x_wconf 90' lang='lat' dir='ltr'><strong>non</strong></span> <span class='ocrx_word' id='word_1_96' title='bbox 1090 674 1207 713; x_wconf 83' lang='lat' dir='ltr'><strong>potest</strong></span> <span class='ocrx_word' id='word_1_97' title='bbox 1228 668 1317 703; x_wconf 82' lang='lat' dir='ltr'><strong>ferri</strong></span> <span class='ocrx_word' id='word_1_98' title='bbox 1341 676 1505 703; x_wconf 85' lang='lat' dir='ltr'><strong>contorta</strong></span> <span class='ocrx_word' id='word_1_99' title='bbox 1529 670 1586 704; x_wconf 81' lang='lat' dir='ltr'><strong>vis</strong></span> 
     </span>
     <span class='ocr_line' id='line_1_11' title="bbox 101 714 1586 761; baseline -0.001 -10"><span class='ocrx_word' id='word_1_100' title='bbox 101 719 166 761; x_wconf 88' lang='grc'><strong>10,</strong></span> <span class='ocrx_word' id='word_1_101' title='bbox 190 720 228 761; x_wconf 87' lang='grc'><strong>7,</strong></span> <span class='ocrx_word' id='word_1_102' title='bbox 251 715 308 751; x_wconf 87' lang='grc'><strong>14.</strong></span> <span class='ocrx_word' id='word_1_103' title='bbox 352 716 414 760; x_wconf 86' lang='lat' dir='ltr'><strong>qui</strong></span> <span class='ocrx_word' id='word_1_104' title='bbox 438 735 480 743; x_wconf 93' lang='lat'><em>—</em></span> <span class='ocrx_word' id='word_1_105' title='bbox 506 727 536 750; x_wconf 91' lang='lat' dir='ltr'><strong>c.</strong></span> <span class='ocrx_word' id='word_1_106' title='bbox 564 715 608 750; x_wconf 89' lang='lat' dir='ltr'><strong>iis</strong></span> <span class='ocrx_word' id='word_1_107' title='bbox 631 716 835 751; x_wconf 73' lang='lat' dir='ltr'><strong>felicissime</strong></span> <span class='ocrx_word' id='word_1_108' title='bbox 860 714 967 750; x_wconf 81' lang='lat' dir='ltr'><strong>cessit</strong></span> <span class='ocrx_word' id='word_1_109' title='bbox 988 714 1157 758; x_wconf 85' lang='lat' dir='ltr'><strong>imitatio,</strong></span> <span class='ocrx_word' id='word_1_110' title='bbox 1186 714 1308 750; x_wconf 76' lang='lat' dir='ltr'><strong>verbis</strong></span> <span class='ocrx_word' id='word_1_111' title='bbox 1333 722 1401 760; x_wconf 81' lang='lat' dir='ltr'><strong>atq.</strong></span> <span class='ocrx_word' id='word_1_112' title='bbox 1428 716 1586 750; x_wconf 88' lang='lat' dir='ltr'><strong>numeris</strong></span> 
     </span>
     <span class='ocr_line' id='line_1_12' title="bbox 15 759 1585 807; baseline 0 -12"><span class='ocrx_word' id='word_1_113' title='bbox 15 806 18 807; x_wconf 19' lang='lat'><em>⁷</em></span> <span class='ocrx_word' id='word_1_114' title='bbox 91 767 184 798; x_wconf 72' lang='lat' dir='ltr'><strong>,sunt</strong></span> <span class='ocrx_word' id='word_1_115' title='bbox 212 772 287 798; x_wconf 89' lang='lat' dir='ltr'><strong>non</strong></span> <span class='ocrx_word' id='word_1_116' title='bbox 314 763 463 796; x_wconf 82' lang='lat' dir='ltr'><strong>multum</strong></span> <span class='ocrx_word' id='word_1_117' title='bbox 490 762 714 806; x_wconf 80' lang='lat' dir='ltr'><strong>differentes,</strong></span> <span class='ocrx_word' id='word_1_118' title='bbox 751 762 826 797; x_wconf 79' lang='lat' dir='ltr'><strong>vim</strong></span> <span class='ocrx_word' id='word_1_119' title='bbox 859 759 1001 795; x_wconf 86' lang='lat' dir='ltr'><strong>dicendi</strong></span> <span class='ocrx_word' id='word_1_120' title='bbox 1033 766 1104 807; x_wconf 81' lang='lat' dir='ltr'><strong>atq.</strong></span> <span class='ocrx_word' id='word_1_121' title='bbox 1133 760 1352 796; x_wconf 78' lang='lat' dir='ltr'><strong>inventionis</strong></span> <span class='ocrx_word' id='word_1_122' title='bbox 1386 773 1458 796; x_wconf 90' lang='lat' dir='ltr'><strong>non</strong></span> <span class='ocrx_word' id='word_1_123' title='bbox 1489 773 1585 796; x_wconf 78' lang='lat' dir='ltr'><strong>asse-</strong></span> 
     </span>
     <span class='ocr_line' id='line_1_13' title="bbox 44 806 1588 855; baseline -0.001 -12"><span class='ocrx_word' id='word_1_124' title='bbox 44 814 51 820; x_wconf 89' lang='grc'><em>“</em></span> <span class='ocrx_word' id='word_1_125' title='bbox 100 813 258 855; x_wconf 79' lang='lat' dir='ltr'><strong>quantur</strong></span> <span class='ocrx_word' id='word_1_126' title='bbox 282 811 349 852; x_wconf 91' lang='grc'><strong>10,</strong></span> <span class='ocrx_word' id='word_1_127' title='bbox 375 811 417 851; x_wconf 92' lang='grc'><strong>2,</strong></span> <span class='ocrx_word' id='word_1_128' title='bbox 443 809 498 843; x_wconf 95' lang='grc'><strong>16.</strong></span> <span class='ocrx_word' id='word_1_129' title='bbox 535 820 645 842; x_wconf 89' lang='lat' dir='ltr'><strong>unum</strong></span> <span class='ocrx_word' id='word_1_130' title='bbox 665 808 704 842; x_wconf 90' lang='lat' dir='ltr'><strong>in</strong></span> <span class='ocrx_word' id='word_1_131' title='bbox 729 810 847 843; x_wconf 88' lang='lat' dir='ltr'><strong>locum</strong></span> <span class='ocrx_word' id='word_1_132' title='bbox 870 819 903 842; x_wconf 86' lang='lat' dir='ltr'><strong>c.</strong></span> <span class='ocrx_word' id='word_1_133' title='bbox 928 806 1101 841; x_wconf 85' lang='lat' dir='ltr'><strong>conduxit</strong></span> <span class='ocrx_word' id='word_1_134' title='bbox 1127 807 1175 851; x_wconf 79' lang='lat' dir='ltr'><strong>(a.</strong></span> <span class='ocrx_word' id='word_1_135' title='bbox 1197 811 1219 840; x_wconf 86' lang='lat'><strong>1.</strong></span> <span class='ocrx_word' id='word_1_136' title='bbox 1245 807 1474 850; x_wconf 81' lang='lat' dir='ltr'><strong>conduxerit)</strong></span> <span class='ocrx_word' id='word_1_137' title='bbox 1505 809 1588 842; x_wconf 87' lang='lat' dir='ltr'><strong>bre-</strong></span> 
     </span>
     <span class='ocr_line' id='line_1_14' title="bbox 39 852 1589 900; baseline -0.001 -10"><span class='ocrx_word' id='word_1_138' title='bbox 39 854 45 866; x_wconf 91' lang='lat'><strong><em>¹</em></strong></span> <span class='ocrx_word' id='word_1_139' title='bbox 98 854 195 891; x_wconf 78' lang='lat' dir='ltr'><strong>viter</strong></span> <span class='ocrx_word' id='word_1_140' title='bbox 217 854 499 900; x_wconf 78' lang='lat' dir='ltr'><strong>propositionem</strong></span> <span class='ocrx_word' id='word_1_141' title='bbox 527 860 562 888; x_wconf 89' lang='lat' dir='ltr'><strong>et</strong></span> <span class='ocrx_word' id='word_1_142' title='bbox 589 855 861 897; x_wconf 76' lang='lat' dir='ltr'><strong>assumtionem,</strong></span> <span class='ocrx_word' id='word_1_143' title='bbox 895 852 1075 900; x_wconf 79' lang='lat' dir='ltr'><strong>adiungit,</strong></span> <span class='ocrx_word' id='word_1_144' title='bbox 1110 853 1195 897; x_wconf 85' lang='lat' dir='ltr'><strong>quid</strong></span> <span class='ocrx_word' id='word_1_145' title='bbox 1221 863 1269 886; x_wconf 83' lang='lat' dir='ltr'><strong>ex</strong></span> <span class='ocrx_word' id='word_1_146' title='bbox 1295 853 1351 887; x_wconf 81' lang='lat' dir='ltr'><strong>his</strong></span> <span class='ocrx_word' id='word_1_147' title='bbox 1379 854 1589 888; x_wconf 80' lang='lat' dir='ltr'><strong>conficiatur</strong></span> 
     </span>
     <span class='ocr_line' id='line_1_15' title="bbox 45 898 1588 945; baseline -0.001 -9"><span class='ocrx_word' id='word_1_148' title='bbox 45 906 47 909; x_wconf 88' lang='grc'><strong>’</strong></span> <span class='ocrx_word' id='word_1_149' title='bbox 101 902 142 944; x_wconf 82' lang='lat'><strong>5,</strong></span> <span class='ocrx_word' id='word_1_150' title='bbox 162 898 219 944; x_wconf 75' lang='lat'><strong>14,</strong></span> <span class='ocrx_word' id='word_1_151' title='bbox 244 902 278 936; x_wconf 92' lang='grc'><strong>9.</strong></span> <span class='ocrx_word' id='word_1_152' title='bbox 314 911 432 945; x_wconf 83' lang='lat' dir='ltr'><strong>neque</strong></span> <span class='ocrx_word' id='word_1_153' title='bbox 455 900 551 934; x_wconf 89' lang='lat' dir='ltr'><strong>enim</strong></span> <span class='ocrx_word' id='word_1_154' title='bbox 569 900 787 943; x_wconf 82' lang='lat' dir='ltr'><strong>Academici,</strong></span> <span class='ocrx_word' id='word_1_155' title='bbox 815 911 896 933; x_wconf 89' lang='lat' dir='ltr'><strong>cum</strong></span> <span class='ocrx_word' id='word_1_156' title='bbox 918 899 956 932; x_wconf 92' lang='lat' dir='ltr'><strong>in</strong></span> <span class='ocrx_word' id='word_1_157' title='bbox 979 905 1165 943; x_wconf 82' lang='lat' dir='ltr'><strong>utramque</strong></span> <span class='ocrx_word' id='word_1_158' title='bbox 1187 905 1324 943; x_wconf 87' lang='lat' dir='ltr'><strong>partem</strong></span> <span class='ocrx_word' id='word_1_159' title='bbox 1344 899 1588 934; x_wconf 80' lang='lat' dir='ltr'><strong>disseruerunt</strong></span> 
     </span>
     <span class='ocr_line' id='line_1_16' title="bbox 50 944 1587 991; baseline -0.001 -10"><span class='ocrx_word' id='word_1_160' title='bbox 50 966 56 972; x_wconf 90' lang='lat'><strong>·</strong></span> <span class='ocrx_word' id='word_1_161' title='bbox 102 946 152 991; x_wconf 78' lang='grc' dir='ltr'><strong>(ιι.</strong></span> <span class='ocrx_word' id='word_1_162' title='bbox 177 950 199 981; x_wconf 85' lang='lat'><strong>1.</strong></span> <span class='ocrx_word' id='word_1_163' title='bbox 226 945 438 989; x_wconf 84' lang='lat' dir='ltr'><strong>disserunt),</strong></span> <span class='ocrx_word' id='word_1_164' title='bbox 469 957 543 980; x_wconf 89' lang='lat' dir='ltr'><strong>non</strong></span> <span class='ocrx_word' id='word_1_165' title='bbox 568 948 763 980; x_wconf 89' lang='lat' dir='ltr'><strong>secundum</strong></span> <span class='ocrx_word' id='word_1_166' title='bbox 789 947 935 980; x_wconf 86' lang='lat' dir='ltr'><strong>alteram</strong></span> <span class='ocrx_word' id='word_1_167' title='bbox 960 944 1085 978; x_wconf 83' lang='lat' dir='ltr'><strong>vivent</strong></span> <span class='ocrx_word' id='word_1_168' title='bbox 1112 948 1166 987; x_wconf 83' lang='lat'><strong>12,</strong></span> <span class='ocrx_word' id='word_1_169' title='bbox 1195 948 1228 986; x_wconf 87' lang='lat'><strong>1,</strong></span> <span class='ocrx_word' id='word_1_170' title='bbox 1255 946 1312 980; x_wconf 87' lang='grc'><strong>35.</strong></span> <span class='ocrx_word' id='word_1_171' title='bbox 1353 956 1451 979; x_wconf 90' lang='lat' dir='ltr'><strong>cum</strong></span> <span class='ocrx_word' id='word_1_172' title='bbox 1476 957 1587 981; x_wconf 80' lang='lat' dir='ltr'><strong>vero</strong></span> 
     </span>
     <span class='ocr_line' id='line_1_17' title="bbox 100 991 1587 1040; baseline -0.001 -12"><span class='ocrx_word' id='word_1_173' title='bbox 100 1003 231 1040; x_wconf 79' lang='lat' dir='ltr'><strong>mgna</strong></span> <span class='ocrx_word' id='word_1_174' title='bbox 252 1003 335 1036; x_wconf 88' lang='lat' dir='ltr'><strong>pars</strong></span> <span class='ocrx_word' id='word_1_175' title='bbox 362 998 416 1026; x_wconf 89' lang='lat' dir='ltr'><strong>est</strong></span> <span class='ocrx_word' id='word_1_176' title='bbox 442 994 614 1026; x_wconf 81' lang='lat' dir='ltr'><strong>exhausta</strong></span> <span class='ocrx_word' id='word_1_177' title='bbox 646 991 817 1027; x_wconf 86' lang='lat' dir='ltr'><strong>orationis</strong></span> <span class='ocrx_word' id='word_1_178' title='bbox 844 1009 888 1017; x_wconf 91' lang='lat'>—</span> <span class='ocrx_word' id='word_1_179' title='bbox 917 1002 1031 1036; x_wconf 79' lang='lat' dir='ltr'><strong>paene</strong></span> <span class='ocrx_word' id='word_1_180' title='bbox 1057 991 1175 1025; x_wconf 87' lang='lat' dir='ltr'><strong>omnia</strong></span> <span class='ocrx_word' id='word_1_181' title='bbox 1200 992 1328 1026; x_wconf 89' lang='lat' dir='ltr'><strong>decent</strong></span> <span class='ocrx_word' id='word_1_182' title='bbox 1355 995 1416 1034; x_wconf 92' lang='grc'><strong>11,</strong></span> <span class='ocrx_word' id='word_1_183' title='bbox 1441 994 1481 1033; x_wconf 91' lang='grc'><strong>3,</strong></span> <span class='ocrx_word' id='word_1_184' title='bbox 1508 992 1587 1026; x_wconf 91' lang='grc'><strong>147.</strong></span> 
     </span>
     <span class='ocr_line' id='line_1_18' title="bbox 43 1037 1587 1084; baseline 0 -12"><span class='ocrx_word' id='word_1_185' title='bbox 43 1041 46 1048; x_wconf 92' lang='grc'><strong>’</strong></span> <span class='ocrx_word' id='word_1_186' title='bbox 103 1049 195 1084; x_wconf 85' lang='lat' dir='ltr'><strong>quae</strong></span> <span class='ocrx_word' id='word_1_187' title='bbox 221 1038 340 1072; x_wconf 83' lang='lat' dir='ltr'><strong>omnia</strong></span> <span class='ocrx_word' id='word_1_188' title='bbox 363 1049 435 1072; x_wconf 91' lang='lat' dir='ltr'><strong>non</strong></span> <span class='ocrx_word' id='word_1_189' title='bbox 462 1039 561 1072; x_wconf 86' lang='lat' dir='ltr'><strong>dum</strong></span> <span class='ocrx_word' id='word_1_190' title='bbox 586 1039 674 1072; x_wconf 87' lang='lat' dir='ltr'><strong>fiunt</strong></span> <span class='ocrx_word' id='word_1_191' title='bbox 697 1039 907 1080; x_wconf 84' lang='lat' dir='ltr'><strong>laudantur,</strong></span> <span class='ocrx_word' id='word_1_192' title='bbox 941 1038 1004 1071; x_wconf 88' lang='lat' dir='ltr'><strong>sed</strong></span> <span class='ocrx_word' id='word_1_193' title='bbox 1030 1047 1127 1070; x_wconf 89' lang='lat' dir='ltr'><strong>cum</strong></span> <span class='ocrx_word' id='word_1_194' title='bbox 1152 1037 1245 1071; x_wconf 82' lang='lat' dir='ltr'><strong>facta</strong></span> <span class='ocrx_word' id='word_1_195' title='bbox 1277 1043 1359 1071; x_wconf 86' lang='lat' dir='ltr'><strong>sunt</strong></span> <span class='ocrx_word' id='word_1_196' title='bbox 1389 1041 1451 1080; x_wconf 83' lang='grc'><strong>12,</strong></span> <span class='ocrx_word' id='word_1_197' title='bbox 1478 1039 1525 1081; x_wconf 89' lang='grc'><strong>9,</strong></span> <span class='ocrx_word' id='word_1_198' title='bbox 1552 1038 1587 1072; x_wconf 86' lang='grc'><strong>4.</strong></span> 
     </span>
     <span class='ocr_line' id='line_1_19' title="bbox 41 1082 1589 1131; baseline 0 -14"><span class='ocrx_word' id='word_1_199' title='bbox 41 1093 47 1101; x_wconf 77' lang='lat'><em>‘</em></span> <span class='ocrx_word' id='word_1_200' title='bbox 102 1090 142 1118; x_wconf 83' lang='lat' dir='ltr'><strong>ut</strong></span> <span class='ocrx_word' id='word_1_201' title='bbox 169 1090 223 1118; x_wconf 89' lang='lat' dir='ltr'><strong>est</strong></span> <span class='ocrx_word' id='word_1_202' title='bbox 246 1085 355 1131; x_wconf 85' lang='lat' dir='ltr'><strong>longe</strong></span> <span class='ocrx_word' id='word_1_203' title='bbox 376 1083 708 1119; x_wconf 83' lang='lat' dir='ltr'><strong>vehementissimus</strong></span> <span class='ocrx_word' id='word_1_204' title='bbox 732 1084 899 1127; x_wconf 79' lang='lat' dir='ltr'><strong>affectus,</strong></span> <span class='ocrx_word' id='word_1_205' title='bbox 927 1093 1019 1116; x_wconf 88' lang='lat' dir='ltr'><strong>cnm</strong></span> <span class='ocrx_word' id='word_1_206' title='bbox 1043 1082 1215 1125; x_wconf 82' lang='lat' dir='ltr'><strong>invaluit,</strong></span> <span class='ocrx_word' id='word_1_207' title='bbox 1239 1082 1308 1126; x_wconf 91' lang='lat' dir='ltr'><strong>ita,</strong></span> <span class='ocrx_word' id='word_1_208' title='bbox 1333 1083 1371 1117; x_wconf 90' lang='lat' dir='ltr'><strong>si</strong></span> <span class='ocrx_word' id='word_1_209' title='bbox 1396 1083 1484 1117; x_wconf 85' lang='lat' dir='ltr'><strong>nihil</strong></span> <span class='ocrx_word' id='word_1_210' title='bbox 1509 1085 1589 1118; x_wconf 81' lang='lat' dir='ltr'><strong>effi-</strong></span> 
     </span>
     <span class='ocr_line' id='line_1_20' title="bbox 104 1127 1591 1174; baseline -0.001 -10"><span class='ocrx_word' id='word_1_211' title='bbox 104 1129 174 1172; x_wconf 89' lang='lat' dir='ltr'><strong>cit,</strong></span> <span class='ocrx_word' id='word_1_212' title='bbox 200 1135 298 1174; x_wconf 90' lang='lat' dir='ltr'><strong>tepet</strong></span> <span class='ocrx_word' id='word_1_213' title='bbox 322 1130 366 1171; x_wconf 86' lang='grc'><strong>6,</strong></span> <span class='ocrx_word' id='word_1_214' title='bbox 397 1132 438 1173; x_wconf 84' lang='grc'><strong>1,’</strong></span> <span class='ocrx_word' id='word_1_215' title='bbox 463 1129 520 1164; x_wconf 81' lang='grc'><strong>44.</strong></span> <span class='ocrx_word' id='word_1_216' title='bbox 567 1129 611 1171; x_wconf 84' lang='lat' dir='ltr'><strong>cs.</strong></span> <span class='ocrx_word' id='word_1_217' title='bbox 639 1131 683 1173; x_wconf 89' lang='grc'><strong>5,</strong></span> <span class='ocrx_word' id='word_1_218' title='bbox 707 1131 748 1172; x_wconf 89' lang='grc'><strong>9,</strong></span> <span class='ocrx_word' id='word_1_219' title='bbox 773 1132 836 1171; x_wconf 89' lang='grc'><strong>11;</strong></span> <span class='ocrx_word' id='word_1_220' title='bbox 887 1127 995 1163; x_wconf 87' lang='lat' dir='ltr'><strong>Cum</strong></span> <span class='ocrx_word' id='word_1_221' title='bbox 1023 1128 1112 1162; x_wconf 84' lang='lat' dir='ltr'><strong>haec</strong></span> <span class='ocrx_word' id='word_1_222' title='bbox 1136 1128 1172 1162; x_wconf 89' lang='lat' dir='ltr'><strong>in</strong></span> <span class='ocrx_word' id='word_1_223' title='bbox 1198 1135 1394 1173; x_wconf 83' lang='lat' dir='ltr'><strong>conspectu</strong></span> <span class='ocrx_word' id='word_1_224' title='bbox 1417 1131 1591 1174; x_wconf 81' lang='lat' dir='ltr'><strong>quodam-</strong></span> 
     </span>
     <span class='ocr_line' id='line_1_21' title="bbox 103 1172 1591 1220; baseline -0.001 -9"><span class='ocrx_word' id='word_1_225' title='bbox 103 1176 212 1211; x_wconf 88' lang='lat' dir='ltr'><strong>modo</strong></span> <span class='ocrx_word' id='word_1_226' title='bbox 237 1172 613 1218; x_wconf 72' lang='lat' dir='ltr'><strong>collocave‘ram,</strong></span> <span class='ocrx_word' id='word_1_227' title='bbox 638 1187 712 1210; x_wconf 91' lang='lat' dir='ltr'><strong>non</strong></span> <span class='ocrx_word' id='word_1_228' title='bbox 733 1175 851 1209; x_wconf 90' lang='lat' dir='ltr'><strong>minus</strong></span> <span class='ocrx_word' id='word_1_229' title='bbox 873 1185 940 1219; x_wconf 90' lang='lat' dir='ltr'><strong>pro</strong></span> <span class='ocrx_word' id='word_1_230' title='bbox 967 1175 1118 1208; x_wconf 78' lang='lat' dir='ltr'><strong>adversa</strong></span> <span class='ocrx_word' id='word_1_231' title='bbox 1140 1181 1264 1219; x_wconf 85' lang='lat' dir='ltr'><strong>parte,</strong></span> <span class='ocrx_word' id='word_1_232' title='bbox 1294 1187 1398 1220; x_wconf 84' lang='lat' dir='ltr'><strong>quam</strong></span> <span class='ocrx_word' id='word_1_233' title='bbox 1422 1187 1489 1220; x_wconf 87' lang='lat' dir='ltr'><strong>pro</strong></span> <span class='ocrx_word' id='word_1_234' title='bbox 1511 1187 1591 1211; x_wconf 89' lang='lat' dir='ltr'><strong>mea</strong></span> 
     </span>
     <span class='ocr_line' id='line_1_22' title="bbox 105 1220 1591 1276; baseline 0 -20"><span class='ocrx_word' id='word_1_235' title='bbox 105 1221 303 1276; x_wconf 72' lang='lat' dir='ltr'><strong>cogitabam</strong></span> <span class='ocrx_word' id='word_1_236' title='bbox 331 1225 377 1265; x_wconf 94' lang='grc'><strong>7,</strong></span> <span class='ocrx_word' id='word_1_237' title='bbox 410 1225 453 1264; x_wconf 92' lang='grc'><strong>1,</strong></span> <span class='ocrx_word' id='word_1_238' title='bbox 481 1221 526 1264; x_wconf 84' lang='grc'><strong>4;</strong></span> <span class='ocrx_word' id='word_1_239' title='bbox 569 1225 601 1254; x_wconf 77' lang='lat' dir='ltr'><strong>in</strong></span> <span class='ocrx_word' id='word_1_240' title='bbox 632 1223 822 1255; x_wconf 75' lang='lat' dir='ltr'><strong>narrando.-</strong></span> <span class='ocrx_word' id='word_1_241' title='bbox 857 1220 918 1255; x_wconf 80' lang='lat' dir='ltr'><strong>An</strong></span> <span class='ocrx_word' id='word_1_242' title='bbox 942 1230 1034 1256; x_wconf 74' lang='lat' dir='ltr'><strong>vero</strong></span> <span class='ocrx_word' id='word_1_243' title='bbox 1059 1231 1143 1254; x_wconf 88' lang='lat' dir='ltr'><strong>cum</strong></span> <span class='ocrx_word' id='word_1_244' title='bbox 1168 1220 1323 1255; x_wconf 84' lang='lat' dir='ltr'><strong>Pericles</strong></span> <span class='ocrx_word' id='word_1_245' title='bbox 1350 1222 1591 1256; x_wconf 80' lang='lat' dir='ltr'><strong>Athenienses</strong></span> 
     </span>
     <span class='ocr_line' id='line_1_23' title="bbox 38 1266 1593 1311; baseline 0 -9"><span class='ocrx_word' id='word_1_246' title='bbox 38 1270 46 1274; x_wconf 73' lang='grc'>“</span> <span class='ocrx_word' id='word_1_247' title='bbox 94 1268 189 1302; x_wconf 75' lang='lat' dir='ltr'><strong>‘solis</strong></span> <span class='ocrx_word' id='word_1_248' title='bbox 212 1266 462 1302; x_wconf 84' lang='lat' dir='ltr'><strong>obscuratione</strong></span> <span class='ocrx_word' id='word_1_249' title='bbox 486 1267 628 1302; x_wconf 86' lang='lat' dir='ltr'><strong>territos</strong></span> <span class='ocrx_word' id='word_1_250' title='bbox 642 1294 654 1311; x_wconf 96' lang='lat'><strong>,</strong></span> <span class='ocrx_word' id='word_1_251' title='bbox 679 1267 827 1302; x_wconf 84' lang='lat' dir='ltr'><strong>redditis</strong></span> <span class='ocrx_word' id='word_1_252' title='bbox 850 1268 926 1311; x_wconf 82' lang='lat' dir='ltr'><strong>ejus</strong></span> <span class='ocrx_word' id='word_1_253' title='bbox 949 1266 1003 1300; x_wconf 88' lang='lat' dir='ltr'><strong>rei</strong></span> <span class='ocrx_word' id='word_1_254' title='bbox 1029 1267 1167 1307; x_wconf 89' lang='lat' dir='ltr'><strong>causis,</strong></span> <span class='ocrx_word' id='word_1_255' title='bbox 1197 1273 1294 1301; x_wconf 91' lang='lat' dir='ltr'><strong>metu</strong></span> <span class='ocrx_word' id='word_1_256' title='bbox 1316 1268 1503 1310; x_wconf 80' lang='lat' dir='ltr'><strong>liberavit;</strong></span> <span class='ocrx_word' id='word_1_257' title='bbox 1532 1274 1593 1302; x_wconf 83' lang='lat' dir='ltr'><strong>ant</strong></span> 
     </span>
     <span class='ocr_line' id='line_1_24' title="bbox 16 1312 1593 1358; baseline 0 -9"><span class='ocrx_word' id='word_1_258' title='bbox 16 1347 18 1349; x_wconf 74' lang='grc'><strong>,</strong></span> <span class='ocrx_word' id='word_1_259' title='bbox 37 1314 48 1321; x_wconf 75' lang='grc'><em>“</em></span> <span class='ocrx_word' id='word_1_260' title='bbox 103 1314 186 1348; x_wconf 81' lang='lat' dir='ltr'><strong>cuin&#39;</strong></span> <span class='ocrx_word' id='word_1_261' title='bbox 204 1312 381 1358; x_wconf 79' lang='lat' dir='ltr'><strong>Sulpicius</strong></span> <span class='ocrx_word' id='word_1_262' title='bbox 403 1313 466 1348; x_wconf 89' lang='lat' dir='ltr'><strong>ille</strong></span> <span class='ocrx_word' id='word_1_263' title='bbox 489 1314 613 1348; x_wconf 85' lang='lat' dir='ltr'><strong>Gallus</strong></span> <span class='ocrx_word' id='word_1_264' title='bbox 635 1331 679 1338; x_wconf 96' lang='lat'><strong>—</strong></span> <span class='ocrx_word' id='word_1_265' title='bbox 706 1315 751 1348; x_wconf 91' lang='lat' dir='ltr'><strong>de</strong></span> <span class='ocrx_word' id='word_1_266' title='bbox 774 1315 880 1347; x_wconf 84' lang='lat' dir='ltr'><strong>lunae</strong></span> <span class='ocrx_word' id='word_1_267' title='bbox 906 1313 1109 1348; x_wconf 77' lang='lat' dir='ltr'><strong>defectione</strong></span> <span class='ocrx_word' id='word_1_268' title='bbox 1133 1313 1301 1348; x_wconf 85' lang='lat' dir='ltr'><strong>disseruit</strong></span> <span class='ocrx_word' id='word_1_269' title='bbox 1320 1334 1367 1340; x_wconf 89' lang='lat'><strong>—-</strong></span> <span class='ocrx_word' id='word_1_270' title='bbox 1389 1325 1464 1349; x_wconf 88' lang='lat' dir='ltr'><strong>non</strong></span> <span class='ocrx_word' id='word_1_271' title='bbox 1488 1314 1593 1350; x_wconf 79' lang='lat' dir='ltr'><strong>vide-</strong></span> 
     </span>
     <span class='ocr_line' id='line_1_25' title="bbox 38 1358 1593 1405; baseline 0.001 -11"><span class='ocrx_word' id='word_1_272' title='bbox 38 1362 46 1401; x_wconf 60' lang='grc' dir='ltr'>ᾗ</span> <span class='ocrx_word' id='word_1_273' title='bbox 66 1399 69 1402; x_wconf 50' lang='grc'><strong>,</strong></span> <span class='ocrx_word' id='word_1_274' title='bbox 102 1364 163 1394; x_wconf 82' lang='lat' dir='ltr'><strong>ttu-</strong></span> <span class='ocrx_word' id='word_1_275' title='bbox 186 1369 270 1394; x_wconf 86' lang='lat' dir='ltr'><strong>usus</strong></span> <span class='ocrx_word' id='word_1_276' title='bbox 298 1370 377 1394; x_wconf 84' lang='lat' dir='ltr'><strong>esse</strong></span> <span class='ocrx_word' id='word_1_277' title='bbox 403 1359 554 1394; x_wconf 84' lang='lat' dir='ltr'><strong>oratoris</strong></span> <span class='ocrx_word' id='word_1_278' title='bbox 579 1359 730 1394; x_wconf 78' lang='lat' dir='ltr'><strong>officio?</strong></span> <span class='ocrx_word' id='word_1_279' title='bbox 759 1363 801 1403; x_wconf 91' lang='lat'><strong>1,</strong></span> <span class='ocrx_word' id='word_1_280' title='bbox 829 1362 890 1401; x_wconf 89' lang='lat'><strong>10,</strong></span> <span class='ocrx_word' id='word_1_281' title='bbox 915 1358 972 1394; x_wconf 94' lang='grc'><strong>47.</strong></span> <span class='ocrx_word' id='word_1_282' title='bbox 1007 1358 1052 1400; x_wconf 80' lang='lat' dir='ltr'><strong>cs.</strong></span> <span class='ocrx_word' id='word_1_283' title='bbox 1076 1359 1113 1402; x_wconf 89' lang='grc'><strong>4,</strong></span> <span class='ocrx_word' id='word_1_284' title='bbox 1136 1359 1172 1402; x_wconf 86' lang='grc'><strong>4,</strong></span> <span class='ocrx_word' id='word_1_285' title='bbox 1197 1362 1231 1395; x_wconf 91' lang='grc'><strong>5.</strong></span> <span class='ocrx_word' id='word_1_286' title='bbox 1266 1365 1306 1394; x_wconf 84' lang='lat' dir='ltr'><strong>tu</strong></span> <span class='ocrx_word' id='word_1_287' title='bbox 1328 1360 1437 1405; x_wconf 85' lang='lat' dir='ltr'><strong>impie</strong></span> <span class='ocrx_word' id='word_1_288' title='bbox 1461 1361 1593 1404; x_wconf 80' lang='lat' dir='ltr'><strong>fecisti,</strong></span> 
     </span>
     <span class='ocr_line' id='line_1_26' title="bbox 37 1404 1594 1451; baseline 0.002 -11"><span class='ocrx_word' id='word_1_289' title='bbox 37 1404 46 1420; x_wconf 75' lang='lat'><em>⁴</em></span> <span class='ocrx_word' id='word_1_290' title='bbox 104 1412 187 1440; x_wconf 78' lang='lat' dir='ltr'><strong>cum</strong></span> <span class='ocrx_word' id='word_1_291' title='bbox 212 1405 529 1440; x_wconf 80' lang='lat' dir='ltr'><strong>exheredationem</strong></span> <span class='ocrx_word' id='word_1_292' title='bbox 549 1405 711 1440; x_wconf 89' lang='lat' dir='ltr'><strong>meruisti</strong></span> <span class='ocrx_word' id='word_1_293' title='bbox 733 1409 768 1448; x_wconf 90' lang='grc'><strong>7,</strong></span> <span class='ocrx_word' id='word_1_294' title='bbox 796 1409 828 1449; x_wconf 94' lang='grc'><strong>1,</strong></span> <span class='ocrx_word' id='word_1_295' title='bbox 857 1407 914 1440; x_wconf 87' lang='grc'><strong>53.</strong></span> <span class='ocrx_word' id='word_1_296' title='bbox 956 1417 989 1439; x_wconf 89' lang='lat' dir='ltr'><strong>c.</strong></span> <span class='ocrx_word' id='word_1_297' title='bbox 1015 1408 1269 1450; x_wconf 85' lang='lat' dir='ltr'><strong>praecedentes</strong></span> <span class='ocrx_word' id='word_1_298' title='bbox 1295 1408 1409 1451; x_wconf 89' lang='lat' dir='ltr'><strong>pedes</strong></span> <span class='ocrx_word' id='word_1_299' title='bbox 1431 1408 1534 1451; x_wconf 85' lang='lat' dir='ltr'><strong>posui</strong></span> <span class='ocrx_word' id='word_1_300' title='bbox 1557 1409 1594 1450; x_wconf 86' lang='lat'><strong>9,</strong></span> 
     </span>
     <span class='ocr_line' id='line_1_27' title="bbox 104 1445 1592 1496; baseline 0.001 -9.887"><span class='ocrx_word' id='word_1_301' title='bbox 104 1445 143 1496; x_wconf 58' lang='grc'><strong>4,</strong></span> <span class='ocrx_word' id='word_1_302' title='bbox 168 1453 247 1487; x_wconf 90' lang='grc'><strong>109.</strong></span> <span class='ocrx_word' id='word_1_303' title='bbox 316 1451 359 1496; x_wconf 89' lang='lat' dir='ltr'><strong>b)</strong></span> <span class='ocrx_word' id='word_1_304' title='bbox 383 1465 411 1486; x_wconf 89' lang='lat' dir='ltr'><strong>c.</strong></span> <span class='ocrx_word' id='word_1_305' title='bbox 439 1452 632 1495; x_wconf 59' lang='lat' dir='ltr'><strong>Conjuncn:</strong></span> <span class='ocrx_word' id='word_1_306' title='bbox 662 1453 811 1486; x_wconf 84' lang='lat' dir='ltr'><strong>adhuc</strong></span> <span class='ocrx_word' id='word_1_307' title='bbox 836 1452 931 1486; x_wconf 91' lang='lat' dir='ltr'><strong>enim</strong></span> <span class='ocrx_word' id='word_1_308' title='bbox 954 1453 1054 1486; x_wconf 85' lang='lat' dir='ltr'><strong>velut</strong></span> <span class='ocrx_word' id='word_1_309' title='bbox 1079 1452 1194 1486; x_wconf 86' lang='lat' dir='ltr'><strong>studia</strong></span> <span class='ocrx_word' id='word_1_310' title='bbox 1217 1451 1312 1487; x_wconf 90' lang='lat' dir='ltr'><strong>inter</strong></span> <span class='ocrx_word' id='word_1_311' title='bbox 1336 1464 1403 1488; x_wconf 89' lang='lat' dir='ltr'><strong>nos</strong></span> <span class='ocrx_word' id='word_1_312' title='bbox 1427 1455 1592 1488; x_wconf 77' lang='lat' dir='ltr'><strong>confere-</strong></span> 
     </span>
     <span class='ocr_line' id='line_1_28' title="bbox 18 1496 1594 1546; baseline 0.002 -15"><span class='ocrx_word' id='word_1_313' title='bbox 18 1497 28 1518; x_wconf 78' lang='lat'><strong>&#39;⁴</strong></span> <span class='ocrx_word' id='word_1_314' title='bbox 80 1540 82 1542; x_wconf 25' lang='grc' dir='ltr'>Ι</span> <span class='ocrx_word' id='word_1_315' title='bbox 102 1498 229 1532; x_wconf 83' lang='lat' dir='ltr'><strong>bamus</strong></span> <span class='ocrx_word' id='word_1_316' title='bbox 250 1517 307 1532; x_wconf 91' lang='lat'><strong>——-.</strong></span> <span class='ocrx_word' id='word_1_317' title='bbox 363 1496 472 1532; x_wconf 87' lang='lat' dir='ltr'><strong>Cum</strong></span> <span class='ocrx_word' id='word_1_318' title='bbox 499 1509 617 1532; x_wconf 81' lang='lat' dir='ltr'><strong>vero</strong></span> <span class='ocrx_word' id='word_1_319' title='bbox 642 1498 727 1532; x_wconf 87' lang='lat' dir='ltr'><strong>mihi</strong></span> <span class='ocrx_word' id='word_1_320' title='bbox 753 1498 979 1533; x_wconf 85' lang='lat' dir='ltr'><strong>Domitianus</strong></span> <span class='ocrx_word' id='word_1_321' title='bbox 1004 1498 1187 1546; x_wconf 80' lang='lat' dir='ltr'><strong>Angustus</strong></span> <span class='ocrx_word' id='word_1_322' title='bbox 1211 1499 1347 1533; x_wconf 87' lang='lat' dir='ltr'><strong>sororis</strong></span> <span class='ocrx_word' id='word_1_323' title='bbox 1370 1511 1455 1534; x_wconf 85' lang='lat' dir='ltr'><strong>snae</strong></span> <span class='ocrx_word' id='word_1_324' title='bbox 1481 1511 1594 1544; x_wconf 88' lang='lat' dir='ltr'><strong>nepo-</strong></span> 
     </span>
     <span class='ocr_line' id='line_1_29' title="bbox 103 1543 1596 1591; baseline 0.001 -14"><span class='ocrx_word' id='word_1_325' title='bbox 103 1549 182 1577; x_wconf 78' lang='lat' dir='ltr'><strong>tum</strong></span> <span class='ocrx_word' id='word_1_326' title='bbox 212 1543 529 1591; x_wconf 78' lang='lat' dir='ltr'><strong>delegaverit</strong></span> <span class='ocrx_word' id='word_1_327' title='bbox 555 1555 698 1587; x_wconf 86' lang='lat' dir='ltr'><strong>curam,</strong></span> <span class='ocrx_word' id='word_1_328' title='bbox 738 1555 812 1578; x_wconf 90' lang='lat' dir='ltr'><strong>non</strong></span> <span class='ocrx_word' id='word_1_329' title='bbox 837 1545 921 1579; x_wconf 84' lang='lat' dir='ltr'><strong>satis</strong></span> <span class='ocrx_word' id='word_1_330' title='bbox 948 1546 1121 1578; x_wconf 87' lang='lat' dir='ltr'><strong>honorem</strong></span> <span class='ocrx_word' id='word_1_331' title='bbox 1146 1545 1359 1587; x_wconf 84' lang='lat' dir='ltr'><strong>judiciorum</strong></span> <span class='ocrx_word' id='word_1_332' title='bbox 1386 1546 1596 1580; x_wconf 75' lang='lat' dir='ltr'><strong>coelestium</strong></span> 
     </span>
     <span class='ocr_line' id='line_1_30' title="bbox 56 1586 1596 1636; baseline 0.002 -13"><span class='ocrx_word' id='word_1_333' title='bbox 56 1590 61 1598; x_wconf 93' lang='lat'>&#39;</span> <span class='ocrx_word' id='word_1_334' title='bbox 103 1586 328 1636; x_wconf 72' lang='lat' dir='ltr'><strong>intelligam,</strong></span> <span class='ocrx_word' id='word_1_335' title='bbox 363 1589 433 1624; x_wconf 88' lang='lat' dir='ltr'><strong>nisi</strong></span> <span class='ocrx_word' id='word_1_336' title='bbox 458 1589 587 1633; x_wconf 69' lang='lat' dir='ltr'><strong>etc.‘4,</strong></span> <span class='ocrx_word' id='word_1_337' title='bbox 615 1591 673 1624; x_wconf 89' lang='lat' dir='ltr'><strong>Pr.</strong></span> <span class='ocrx_word' id='word_1_338' title='bbox 700 1593 742 1632; x_wconf 87' lang='grc'><strong>2;</strong></span> <span class='ocrx_word' id='word_1_339' title='bbox 789 1602 886 1624; x_wconf 90' lang='lat' dir='ltr'><strong>cum</strong></span> <span class='ocrx_word' id='word_1_340' title='bbox 910 1591 1030 1624; x_wconf 81' lang='lat' dir='ltr'><strong>infans</strong></span> <span class='ocrx_word' id='word_1_341' title='bbox 1061 1597 1180 1634; x_wconf 83' lang='lat' dir='ltr'><strong>esset,</strong></span> <span class='ocrx_word' id='word_1_342' title='bbox 1219 1593 1283 1627; x_wconf 75' lang='lat' dir='ltr'><strong>vel</strong></span> <span class='ocrx_word' id='word_1_343' title='bbox 1314 1591 1418 1626; x_wconf 80' lang='lat' dir='ltr'><strong>cum</strong></span> <span class='ocrx_word' id='word_1_344' title='bbox 1450 1592 1596 1626; x_wconf 85' lang='lat' dir='ltr'><strong>omnino</strong></span> 
     </span>
     <span class='ocr_line' id='line_1_31' title="bbox 36 1635 1597 1684; baseline 0.001 -13"><span class='ocrx_word' id='word_1_345' title='bbox 36 1655 45 1666; x_wconf 49' lang='grc' dir='ltr'><em>ι</em></span> <span class='ocrx_word' id='word_1_346' title='bbox 103 1641 212 1671; x_wconf 70' lang='lat' dir='ltr'><strong>nattis</strong></span> <span class='ocrx_word' id='word_1_347' title='bbox 233 1645 309 1673; x_wconf 85' lang='lat' dir='ltr'><strong>non</strong></span> <span class='ocrx_word' id='word_1_348' title='bbox 334 1641 430 1670; x_wconf 84' lang='lat' dir='ltr'><strong>esset</strong></span> <span class='ocrx_word' id='word_1_349' title='bbox 453 1637 488 1679; x_wconf 90' lang='grc'><strong>5,</strong></span> <span class='ocrx_word' id='word_1_350' title='bbox 516 1638 569 1679; x_wconf 85' lang='grc'><strong>10,</strong></span> <span class='ocrx_word' id='word_1_351' title='bbox 592 1635 650 1670; x_wconf 85' lang='grc'><strong>44.</strong></span> <span class='ocrx_word' id='word_1_352' title='bbox 681 1648 763 1670; x_wconf 85' lang='lat' dir='ltr'><strong>cum</strong></span> <span class='ocrx_word' id='word_1_353' title='bbox 786 1642 881 1671; x_wconf 87' lang='lat' dir='ltr'><strong>esset</strong></span> <span class='ocrx_word' id='word_1_354' title='bbox 903 1638 1036 1684; x_wconf 85' lang='lat' dir='ltr'><strong>grande</strong></span> <span class='ocrx_word' id='word_1_355' title='bbox 1060 1636 1271 1673; x_wconf 80' lang='lat' dir='ltr'><strong>convivium</strong></span> <span class='ocrx_word' id='word_1_356' title='bbox 1298 1641 1355 1681; x_wconf 91' lang='grc'><strong>11,</strong></span> <span class='ocrx_word' id='word_1_357' title='bbox 1378 1641 1413 1680; x_wconf 89' lang='grc'><strong>2,</strong></span> <span class='ocrx_word' id='word_1_358' title='bbox 1442 1641 1494 1672; x_wconf 87' lang='grc'><strong>12.</strong></span> <span class='ocrx_word' id='word_1_359' title='bbox 1532 1639 1597 1672; x_wconf 88' lang='lat' dir='ltr'><strong>de-</strong></span> 
     </span>
     <span class='ocr_line' id='line_1_32' title="bbox 15 1676 1597 1729; baseline 0.001 -13"><span class='ocrx_word' id='word_1_360' title='bbox 15 1676 55 1705; x_wconf 69' lang='lat'><strong>‘·&#39;</strong></span> <span class='ocrx_word' id='word_1_361' title='bbox 105 1681 234 1725; x_wconf 80' lang='lat' dir='ltr'><strong>cessit,</strong></span> <span class='ocrx_word' id='word_1_362' title='bbox 270 1692 302 1715; x_wconf 89' lang='lat' dir='ltr'><strong>c.</strong></span> <span class='ocrx_word' id='word_1_363' title='bbox 326 1682 474 1716; x_wconf 88' lang='lat' dir='ltr'><strong>haberet</strong></span> <span class='ocrx_word' id='word_1_364' title='bbox 500 1682 750 1729; x_wconf 77' lang='lat' dir='ltr'><strong>duodeviginti</strong></span> <span class='ocrx_word' id='word_1_365' title='bbox 775 1693 888 1717; x_wconf 89' lang='lat' dir='ltr'><strong>annos</strong></span> <span class='ocrx_word' id='word_1_366' title='bbox 916 1685 962 1725; x_wconf 90' lang='lat'><strong>8,</strong></span> <span class='ocrx_word' id='word_1_367' title='bbox 994 1684 1038 1726; x_wconf 90' lang='grc'><strong>5,</strong></span> <span class='ocrx_word' id='word_1_368' title='bbox 1071 1687 1126 1718; x_wconf 89' lang='lat'><strong>17.</strong></span> <span class='ocrx_word' id='word_1_369' title='bbox 1170 1694 1322 1728; x_wconf 85' lang='lat' dir='ltr'><strong>quorum</strong></span> <span class='ocrx_word' id='word_1_370' title='bbox 1347 1683 1438 1718; x_wconf 84' lang='lat' dir='ltr'><strong>nihil</strong></span> <span class='ocrx_word' id='word_1_371' title='bbox 1471 1690 1597 1725; x_wconf 86' lang='lat' dir='ltr'><strong>tunc,</strong></span> 
     </span>
     <span class='ocr_line' id='line_1_33' title="bbox 40 1724 1597 1774; baseline 0.003 -14"><span class='ocrx_word' id='word_1_372' title='bbox 40 1724 57 1733; x_wconf 75' lang='lat'><strong>&#39;⁴</strong></span> <span class='ocrx_word' id='word_1_373' title='bbox 106 1737 209 1760; x_wconf 83' lang='lat' dir='ltr'><strong>cum</strong></span> <span class='ocrx_word' id='word_1_374' title='bbox 232 1726 433 1771; x_wconf 85' lang='lat' dir='ltr'><strong>diceretur,</strong></span> <span class='ocrx_word' id='word_1_375' title='bbox 470 1740 594 1772; x_wconf 89' lang='lat' dir='ltr'><strong>parum</strong></span> <span class='ocrx_word' id='word_1_376' title='bbox 618 1734 739 1772; x_wconf 82' lang='lat' dir='ltr'><strong>aptum</strong></span> <span class='ocrx_word' id='word_1_377' title='bbox 762 1737 824 1765; x_wconf 77' lang='lat' dir='ltr'><strong>etc.</strong></span> <span class='ocrx_word' id='word_1_378' title='bbox 856 1729 925 1763; x_wconf 80' lang='lat' dir='ltr'><strong>fuit</strong></span> <span class='ocrx_word' id='word_1_379' title='bbox 952 1732 1015 1772; x_wconf 83' lang='lat'><strong>11,</strong></span> <span class='ocrx_word' id='word_1_380' title='bbox 1039 1731 1081 1772; x_wconf 91' lang='lat'><strong>1,</strong></span> <span class='ocrx_word' id='word_1_381' title='bbox 1105 1730 1160 1765; x_wconf 83' lang='lat'><strong>89.</strong></span> <span class='ocrx_word' id='word_1_382' title='bbox 1197 1729 1242 1771; x_wconf 66' lang='lat' dir='ltr'><strong>qs.</strong></span> <span class='ocrx_word' id='word_1_383' title='bbox 1269 1732 1333 1773; x_wconf 89' lang='lat'><strong>10,</strong></span> <span class='ocrx_word' id='word_1_384' title='bbox 1362 1733 1405 1774; x_wconf 91' lang='lat'><strong>7,</strong></span> <span class='ocrx_word' id='word_1_385' title='bbox 1432 1729 1487 1764; x_wconf 84' lang='grc'><strong>14.</strong></span> <span class='ocrx_word' id='word_1_386' title='bbox 1534 1730 1597 1764; x_wconf 90' lang='lat' dir='ltr'><strong>iis</strong></span> 
     </span>
     <span class='ocr_line' id='line_1_34' title="bbox 46 1773 1598 1820; baseline 0.003 -14"><span class='ocrx_word' id='word_1_387' title='bbox 46 1780 51 1785; x_wconf 84' lang='lat'>·</span> <span class='ocrx_word' id='word_1_388' title='bbox 104 1773 416 1817; x_wconf 79' lang='lat' dir='ltr'><strong>temporibus,</strong></span> <span class='ocrx_word' id='word_1_389' title='bbox 449 1785 541 1808; x_wconf 88' lang='lat' dir='ltr'><strong>cum</strong></span> <span class='ocrx_word' id='word_1_390' title='bbox 567 1774 699 1818; x_wconf 89' lang='lat' dir='ltr'><strong>judicia</strong></span> <span class='ocrx_word' id='word_1_391' title='bbox 722 1775 799 1819; x_wconf 86' lang='lat' dir='ltr'><strong>ejus</strong></span> <span class='ocrx_word' id='word_1_392' title='bbox 825 1774 879 1809; x_wconf 89' lang='lat' dir='ltr'><strong>rei</strong></span> <span class='ocrx_word' id='word_1_393' title='bbox 904 1774 1101 1809; x_wconf 80' lang='lat' dir='ltr'><strong>maxime</strong></span> <span class='ocrx_word' id='word_1_394' title='bbox 1129 1782 1390 1811; x_wconf 84' lang='lat' dir='ltr'><strong>exercerentur</strong></span> <span class='ocrx_word' id='word_1_395' title='bbox 1410 1777 1447 1820; x_wconf 88' lang='grc'><strong>6,</strong></span> <span class='ocrx_word' id='word_1_396' title='bbox 1473 1780 1507 1820; x_wconf 93' lang='grc'><strong>1,</strong></span> <span class='ocrx_word' id='word_1_397' title='bbox 1534 1777 1598 1819; x_wconf 84' lang='grc'><strong>16;</strong></span> 
     </span>
     <span class='ocr_line' id='line_1_35' title="bbox 42 1820 1599 1911; baseline 0.003 -13"><span class='ocrx_word' id='word_1_398' title='bbox 42 1829 50 1882; x_wconf 77' lang='grc'><em>;</em></span> <span class='ocrx_word' id='word_1_399' title='bbox 83 1819 500 1899; x_wconf 35' lang='lat' dir='ltr'><strong>‘samm</strong></span> <span class='ocrx_word' id='word_1_400' title='bbox 514 1820 824 1911; x_wconf 52' lang='lat' dir='ltr'><strong>2..OE</strong></span> <span class='ocrx_word' id='word_1_401' title='bbox 845 1820 1254 1902; x_wconf 49' lang='lat' dir='ltr'><strong>eriz-..5⁰122m35530</strong></span> <span class='ocrx_word' id='word_1_402' title='bbox 1273 1822 1599 1903; x_wconf 39' lang='lat' dir='ltr'><strong>&lt;mese</strong></span> 
     </span>
     <span class='ocr_line' id='line_1_36' title="bbox 109 1893 1600 1960; baseline 0.003 -18"><span class='ocrx_word' id='word_1_403' title='bbox 109 1909 321 1944; x_wconf 71' lang='lat' dir='ltr'><strong>defenderet</strong></span> <span class='ocrx_word' id='word_1_404' title='bbox 345 1909 398 1953; x_wconf 76' lang='lat' dir='ltr'><strong>(a.</strong></span> <span class='ocrx_word' id='word_1_405' title='bbox 416 1915 438 1945; x_wconf 88' lang='lat'><strong>1.</strong></span> <span class='ocrx_word' id='word_1_406' title='bbox 464 1893 689 1955; x_wconf 60' lang='lat' dir='ltr'><strong>det-endem&amp;</strong></span> <span class='ocrx_word' id='word_1_407' title='bbox 713 1893 758 1937; x_wconf 91' lang='grc'><strong>-’-</strong></span> <span class='ocrx_word' id='word_1_408' title='bbox 779 1913 896 1958; x_wconf 82' lang='lat' dir='ltr'><strong>inquit</strong></span> <span class='ocrx_word' id='word_1_409' title='bbox 914 1914 949 1955; x_wconf 82' lang='lat' dir='ltr'><strong>s,</strong></span> <span class='ocrx_word' id='word_1_410' title='bbox 974 1915 1009 1956; x_wconf 88' lang='lat'><strong>5,</strong></span> <span class='ocrx_word' id='word_1_411' title='bbox 1034 1914 1089 1948; x_wconf 86' lang='lat'><strong>16.</strong></span> <span class='ocrx_word' id='word_1_412' title='bbox 1126 1913 1172 1955; x_wconf 74' lang='lat' dir='ltr'><strong>cs.</strong></span> <span class='ocrx_word' id='word_1_413' title='bbox 1197 1894 1235 1957; x_wconf 89' lang='lat'><strong>6,’</strong></span> <span class='ocrx_word' id='word_1_414' title='bbox 1256 1917 1290 1958; x_wconf 83' lang='lat'><strong>3,</strong></span> <span class='ocrx_word' id='word_1_415' title='bbox 1314 1916 1373 1951; x_wconf 85' lang='lat'><strong>99.</strong></span> <span class='ocrx_word' id='word_1_416' title='bbox 1403 1916 1448 1949; x_wconf 76' lang='lat' dir='ltr'><strong>de</strong></span> <span class='ocrx_word' id='word_1_417' title='bbox 1473 1915 1600 1960; x_wconf 71' lang='lat' dir='ltr'><strong>quibus</strong></span> 
     </span>
     <span class='ocr_line' id='line_1_37' title="bbox 27 1954 1600 2003; baseline 0.003 -15"><span class='ocrx_word' id='word_1_418' title='bbox 27 1979 32 1988; x_wconf 92' lang='lat'><strong>.</strong></span> <span class='ocrx_word' id='word_1_419' title='bbox 110 1954 188 1989; x_wconf 77' lang='lat' dir='ltr'><strong>dixi</strong></span> <span class='ocrx_word' id='word_1_420' title='bbox 210 1954 250 1988; x_wconf 91' lang='lat' dir='ltr'><strong>in</strong></span> <span class='ocrx_word' id='word_1_421' title='bbox 268 1956 420 1999; x_wconf 81' lang='lat' dir='ltr'><strong>quadam</strong></span> <span class='ocrx_word' id='word_1_422' title='bbox 441 1957 546 2001; x_wconf 88' lang='lat' dir='ltr'><strong>primi</strong></span> <span class='ocrx_word' id='word_1_423' title='bbox 570 1957 653 1991; x_wconf 87' lang='lat' dir='ltr'><strong>libri</strong></span> <span class='ocrx_word' id='word_1_424' title='bbox 675 1963 796 2001; x_wconf 88' lang='lat' dir='ltr'><strong>parte,</strong></span> <span class='ocrx_word' id='word_1_425' title='bbox 825 1970 856 1993; x_wconf 92' lang='lat' dir='ltr'><strong>c.</strong></span> <span class='ocrx_word' id='word_1_426' title='bbox 882 1970 1076 2003; x_wconf 89' lang='lat' dir='ltr'><strong>puerorum</strong></span> <span class='ocrx_word' id='word_1_427' title='bbox 1100 1970 1166 1995; x_wconf 86' lang='lat' dir='ltr'><strong>ora</strong></span> <span class='ocrx_word' id='word_1_428' title='bbox 1188 1961 1380 1995; x_wconf 82' lang='lat' dir='ltr'><strong>formarem</strong></span> <span class='ocrx_word' id='word_1_429' title='bbox 1405 1964 1460 2001; x_wconf 89' lang='lat'><strong>11,</strong></span> <span class='ocrx_word' id='word_1_430' title='bbox 1486 1963 1520 2002; x_wconf 88' lang='grc'><strong>3,</strong></span> <span class='ocrx_word' id='word_1_431' title='bbox 1542 1963 1600 1995; x_wconf 85' lang='grc'><strong>31.</strong></span> 
     </span>
     <span class='ocr_line' id='line_1_38' title="bbox 36 2000 1603 2048; baseline 0.004 -14"><span class='ocrx_word' id='word_1_432' title='bbox 36 2011 48 2019; x_wconf 79' lang='grc'><strong><em>’</em></strong></span> <span class='ocrx_word' id='word_1_433' title='bbox 111 2000 156 2042; x_wconf 66' lang='lat' dir='ltr'><strong>eff.</strong></span> <span class='ocrx_word' id='word_1_434' title='bbox 184 2003 227 2043; x_wconf 84' lang='lat'><strong>2,</strong></span> <span class='ocrx_word' id='word_1_435' title='bbox 250 2002 292 2043; x_wconf 87' lang='grc'><strong>3,</strong></span> <span class='ocrx_word' id='word_1_436' title='bbox 321 2003 375 2035; x_wconf 90' lang='grc'><strong>10.</strong></span> <span class='ocrx_word' id='word_1_437' title='bbox 402 2002 436 2043; x_wconf 93' lang='grc'><strong>8,</strong></span> <span class='ocrx_word' id='word_1_438' title='bbox 461 2003 496 2044; x_wconf 91' lang='grc'><strong>5,</strong></span> <span class='ocrx_word' id='word_1_439' title='bbox 519 2004 575 2036; x_wconf 88' lang='grc'><strong>35.</strong></span> <span class='ocrx_word' id='word_1_440' title='bbox 623 2002 860 2038; x_wconf 81' lang='lat' dir='ltr'><strong>dissimulavit</strong></span> <span class='ocrx_word' id='word_1_441' title='bbox 885 2004 988 2048; x_wconf 89' lang='lat' dir='ltr'><strong>Cic.‚</strong></span> <span class='ocrx_word' id='word_1_442' title='bbox 1027 2016 1060 2043; x_wconf 85' lang='lat' dir='ltr'><strong>c.</strong></span> <span class='ocrx_word' id='word_1_443' title='bbox 1086 2006 1172 2040; x_wconf 78' lang='lat' dir='ltr'><strong>Sex.</strong></span> <span class='ocrx_word' id='word_1_444' title='bbox 1201 2007 1351 2040; x_wconf 84' lang='lat' dir='ltr'><strong>Annalis</strong></span> <span class='ocrx_word' id='word_1_445' title='bbox 1377 2007 1477 2040; x_wconf 86' lang='lat' dir='ltr'><strong>testis</strong></span> <span class='ocrx_word' id='word_1_446' title='bbox 1500 2018 1603 2040; x_wconf 89' lang='lat' dir='ltr'><strong>reum</strong></span> 
     </span>
     <span class='ocr_line' id='line_1_39' title="bbox 45 2046 1602 2096; baseline 0.003 -15"><span class='ocrx_word' id='word_1_447' title='bbox 45 2052 54 2061; x_wconf 93' lang='grc'>·</span> <span class='ocrx_word' id='word_1_448' title='bbox 109 2046 273 2081; x_wconf 80' lang='lat' dir='ltr'><strong>laesisset</strong></span> <span class='ocrx_word' id='word_1_449' title='bbox 295 2047 331 2090; x_wconf 89' lang='grc'><strong>6,</strong></span> <span class='ocrx_word' id='word_1_450' title='bbox 357 2049 398 2089; x_wconf 87' lang='grc'><strong>3,</strong></span> <span class='ocrx_word' id='word_1_451' title='bbox 423 2047 482 2081; x_wconf 83' lang='grc'><strong>86.</strong></span> <span class='ocrx_word' id='word_1_452' title='bbox 514 2046 558 2087; x_wconf 82' lang='lat' dir='ltr'><strong>cs.</strong></span> <span class='ocrx_word' id='word_1_453' title='bbox 585 2050 628 2081; x_wconf 78' lang='lat' dir='ltr'><strong>ib.</strong></span> <span class='ocrx_word' id='word_1_454' title='bbox 652 2047 710 2082; x_wconf 83' lang='lat'><strong>49.</strong></span> <span class='ocrx_word' id='word_1_455' title='bbox 731 2049 790 2082; x_wconf 91' lang='grc'><strong>60.</strong></span> <span class='ocrx_word' id='word_1_456' title='bbox 815 2051 873 2085; x_wconf 89' lang='grc'><strong>95.</strong></span> <span class='ocrx_word' id='word_1_457' title='bbox 904 2054 960 2093; x_wconf 89' lang='grc'><strong>12,</strong></span> <span class='ocrx_word' id='word_1_458' title='bbox 988 2053 1044 2094; x_wconf 92' lang='grc'><strong>11,</strong></span> <span class='ocrx_word' id='word_1_459' title='bbox 1069 2053 1102 2085; x_wconf 90' lang='lat'><strong>3.</strong></span> <span class='ocrx_word' id='word_1_460' title='bbox 1146 2051 1316 2086; x_wconf 85' lang='lat' dir='ltr'><strong>Ciceroni</strong></span> <span class='ocrx_word' id='word_1_461' title='bbox 1339 2052 1377 2085; x_wconf 91' lang='lat' dir='ltr'><strong>in</strong></span> <span class='ocrx_word' id='word_1_462' title='bbox 1401 2052 1602 2096; x_wconf 85' lang='lat' dir='ltr'><strong>prooemio,</strong></span> 
     </span>
     <span class='ocr_line' id='line_1_40' title="bbox 46 2092 1602 2139; baseline 0.003 -13"><span class='ocrx_word' id='word_1_463' title='bbox 46 2115 49 2121; x_wconf 84' lang='lat'>·</span> <span class='ocrx_word' id='word_1_464' title='bbox 111 2104 145 2127; x_wconf 89' lang='lat' dir='ltr'><strong>c.</strong></span> <span class='ocrx_word' id='word_1_465' title='bbox 170 2092 304 2126; x_wconf 88' lang='lat' dir='ltr'><strong>diceret</strong></span> <span class='ocrx_word' id='word_1_466' title='bbox 326 2103 393 2136; x_wconf 88' lang='lat' dir='ltr'><strong>pro</strong></span> <span class='ocrx_word' id='word_1_467' title='bbox 413 2092 565 2135; x_wconf 88' lang='lat' dir='ltr'><strong>Milone,</strong></span> <span class='ocrx_word' id='word_1_468' title='bbox 590 2092 727 2139; x_wconf 83' lang='lat' dir='ltr'><strong>digredi</strong></span> <span class='ocrx_word' id='word_1_469' title='bbox 743 2094 812 2127; x_wconf 80' lang='lat' dir='ltr'><strong>fuit</strong></span> <span class='ocrx_word' id='word_1_470' title='bbox 829 2106 978 2129; x_wconf 86' lang='lat' dir='ltr'><strong>necesse</strong></span> <span class='ocrx_word' id='word_1_471' title='bbox 1001 2095 1037 2139; x_wconf 90' lang='grc'><strong>4,</strong></span> <span class='ocrx_word' id='word_1_472' title='bbox 1056 2098 1091 2139; x_wconf 88' lang='grc'><strong>3,</strong></span> <span class='ocrx_word' id='word_1_473' title='bbox 1109 2099 1164 2130; x_wconf 91' lang='grc'><strong>17.</strong></span> <span class='ocrx_word' id='word_1_474' title='bbox 1193 2097 1236 2138; x_wconf 58' lang='lat' dir='ltr'><strong>ej:</strong></span> <span class='ocrx_word' id='word_1_475' title='bbox 1263 2099 1298 2139; x_wconf 89' lang='lat'><strong>8,</strong></span> <span class='ocrx_word' id='word_1_476' title='bbox 1323 2097 1357 2139; x_wconf 82' lang='lat'><strong>4,</strong></span> <span class='ocrx_word' id='word_1_477' title='bbox 1382 2100 1436 2133; x_wconf 88' lang='grc'><strong>19.</strong></span> <span class='ocrx_word' id='word_1_478' title='bbox 1464 2104 1503 2131; x_wconf 87' lang='lat' dir='ltr'><strong>ut</strong></span> <span class='ocrx_word' id='word_1_479' title='bbox 1524 2097 1602 2132; x_wconf 83' lang='lat' dir='ltr'><strong>Cic.</strong></span> 
     </span>
     <span class='ocr_line' id='line_1_41' title="bbox 110 2138 1601 2186; baseline 0.003 -14"><span class='ocrx_word' id='word_1_480' title='bbox 110 2138 217 2180; x_wconf 76' lang='lat' dir='ltr'><strong>fecit,</strong></span> <span class='ocrx_word' id='word_1_481' title='bbox 246 2149 278 2172; x_wconf 83' lang='lat' dir='ltr'><strong>c.</strong></span> <span class='ocrx_word' id='word_1_482' title='bbox 304 2139 339 2172; x_wconf 77' lang='lat' dir='ltr'><strong>ei</strong></span> <span class='ocrx_word' id='word_1_483' title='bbox 362 2155 408 2162; x_wconf 89' lang='lat'><strong>-—</strong></span> <span class='ocrx_word' id='word_1_484' title='bbox 431 2138 581 2172; x_wconf 82' lang='lat' dir='ltr'><strong>dixisset</strong></span> <span class='ocrx_word' id='word_1_485' title='bbox 604 2139 818 2172; x_wconf 76' lang='lat' dir='ltr'><strong>Hortensius</strong></span> <span class='ocrx_word' id='word_1_486' title='bbox 842 2141 878 2182; x_wconf 90' lang='grc'><strong>6,</strong></span> <span class='ocrx_word' id='word_1_487' title='bbox 906 2143 940 2182; x_wconf 82' lang='lat'><strong>3,</strong></span> <span class='ocrx_word' id='word_1_488' title='bbox 964 2142 1022 2176; x_wconf 83' lang='grc'><strong>98.</strong></span> <span class='ocrx_word' id='word_1_489' title='bbox 1094 2142 1137 2186; x_wconf 77' lang='grc' dir='ltr'><strong>β)</strong></span> <span class='ocrx_word' id='word_1_490' title='bbox 1161 2155 1256 2175; x_wconf 81' lang='lat' dir='ltr'><strong>sensu</strong></span> <span class='ocrx_word' id='word_1_491' title='bbox 1284 2145 1503 2177; x_wconf 76' lang='lat' dir='ltr'><strong>condicionali</strong></span> <span class='ocrx_word' id='word_1_492' title='bbox 1527 2147 1550 2176; x_wconf 87' lang='lat' dir='ltr'><strong>i.</strong></span> <span class='ocrx_word' id='word_1_493' title='bbox 1571 2157 1601 2186; x_wconf 84' lang='lat' dir='ltr'><strong>q.</strong></span> 
     </span>
     <span class='ocr_line' id='line_1_42' title="bbox 42 2182 1604 2233; baseline 0.004 -16"><span class='ocrx_word' id='word_1_494' title='bbox 42 2185 57 2192; x_wconf 73' lang='grc'><strong>”</strong></span> <span class='ocrx_word' id='word_1_495' title='bbox 112 2186 294 2229; x_wconf 73' lang='lat' dir='ltr'><strong>quando.</strong></span> <span class='ocrx_word' id='word_1_496' title='bbox 340 2182 375 2226; x_wconf 83' lang='lat' dir='ltr'><strong>a)</strong></span> <span class='ocrx_word' id='word_1_497' title='bbox 400 2196 428 2217; x_wconf 81' lang='lat' dir='ltr'><strong>e.</strong></span> <span class='ocrx_word' id='word_1_498' title='bbox 454 2186 597 2218; x_wconf 59' lang='lat' dir='ltr'><strong>Indicas.</strong></span> <span class='ocrx_word' id='word_1_499' title='bbox 624 2187 741 2217; x_wconf 84' lang='lat' dir='ltr'><strong>Pmes.</strong></span> <span class='ocrx_word' id='word_1_500' title='bbox 755 2199 766 2218; x_wconf 80' lang='lat'><strong>.-</strong></span> <span class='ocrx_word' id='word_1_501' title='bbox 795 2196 877 2224; x_wconf 81' lang='lat' dir='ltr'><strong>cum</strong></span> <span class='ocrx_word' id='word_1_502' title='bbox 896 2186 1037 2220; x_wconf 77' lang='lat' dir='ltr'><strong>discunt</strong></span> <span class='ocrx_word' id='word_1_503' title='bbox 1061 2193 1097 2220; x_wconf 84' lang='lat' dir='ltr'><strong>et</strong></span> <span class='ocrx_word' id='word_1_504' title='bbox 1120 2189 1235 2222; x_wconf 86' lang='lat' dir='ltr'><strong>adhuc</strong></span> <span class='ocrx_word' id='word_1_505' title='bbox 1256 2199 1326 2221; x_wconf 80' lang='lat' dir='ltr'><strong>usu</strong></span> <span class='ocrx_word' id='word_1_506' title='bbox 1348 2195 1471 2224; x_wconf 83' lang='lat' dir='ltr'><strong>carent</strong></span> <span class='ocrx_word' id='word_1_507' title='bbox 1490 2192 1523 2231; x_wconf 89' lang='grc'><strong>5,</strong></span> <span class='ocrx_word' id='word_1_508' title='bbox 1548 2192 1604 2233; x_wconf 84' lang='grc'><strong>10,</strong></span> 
     </span>
     <span class='ocr_line' id='line_1_43' title="bbox 112 2229 1604 2278; baseline 0.004 -15"><span class='ocrx_word' id='word_1_509' title='bbox 112 2231 193 2265; x_wconf 77' lang='grc'><strong>122.</strong></span> <span class='ocrx_word' id='word_1_510' title='bbox 224 2229 262 2264; x_wconf 61' lang='lat'><strong>42.</strong></span> <span class='ocrx_word' id='word_1_511' title='bbox 284 2229 364 2274; x_wconf 82' lang='lat' dir='ltr'><strong>quis</strong></span> <span class='ocrx_word' id='word_1_512' title='bbox 384 2229 562 2264; x_wconf 87' lang='lat' dir='ltr'><strong>rationem</strong></span> <span class='ocrx_word' id='word_1_513' title='bbox 578 2230 703 2264; x_wconf 85' lang='lat' dir='ltr'><strong>mortis</strong></span> <span class='ocrx_word' id='word_1_514' title='bbox 719 2230 759 2263; x_wconf 89' lang='lat' dir='ltr'><strong>in</strong></span> <span class='ocrx_word' id='word_1_515' title='bbox 780 2237 906 2265; x_wconf 78' lang='lat' dir='ltr'><strong>senatu</strong></span> <span class='ocrx_word' id='word_1_516' title='bbox 924 2232 1042 2265; x_wconf 86' lang='lat' dir='ltr'><strong>reddit</strong></span> <span class='ocrx_word' id='word_1_517' title='bbox 1059 2236 1094 2275; x_wconf 95' lang='lat'><strong>7,</strong></span> <span class='ocrx_word' id='word_1_518' title='bbox 1111 2233 1148 2274; x_wconf 83' lang='lat'><strong>4,</strong></span> <span class='ocrx_word' id='word_1_519' title='bbox 1168 2235 1223 2269; x_wconf 88' lang='grc'><strong>39.</strong></span> <span class='ocrx_word' id='word_1_520' title='bbox 1273 2235 1361 2268; x_wconf 79' lang='lat' dir='ltr'><strong>Nam</strong></span> <span class='ocrx_word' id='word_1_521' title='bbox 1387 2235 1480 2278; x_wconf 87' lang='lat' dir='ltr'><strong>(Sp.</strong></span> <span class='ocrx_word' id='word_1_522' title='bbox 1505 2238 1604 2269; x_wconf 80' lang='lat' dir='ltr'><strong>inser.</strong></span> 
     </span>
     <span class='ocr_line' id='line_1_44' title="bbox 91 2274 1606 2326; baseline 0.004 -16"><span class='ocrx_word' id='word_1_523' title='bbox 91 2284 94 2286; x_wconf 80' lang='grc'><em>“</em></span> <span class='ocrx_word' id='word_1_524' title='bbox 113 2274 208 2316; x_wconf 72' lang='lat' dir='ltr'><strong>mim)</strong></span> <span class='ocrx_word' id='word_1_525' title='bbox 227 2275 365 2318; x_wconf 85' lang='lat' dir='ltr'><strong>Latina,</strong></span> <span class='ocrx_word' id='word_1_526' title='bbox 386 2275 634 2323; x_wconf 83' lang='lat' dir='ltr'><strong>significantia,</strong></span> <span class='ocrx_word' id='word_1_527' title='bbox 649 2281 786 2319; x_wconf 83' lang='lat' dir='ltr'><strong>ornata,</strong></span> <span class='ocrx_word' id='word_1_528' title='bbox 804 2288 884 2310; x_wconf 88' lang='lat' dir='ltr'><strong>cum</strong></span> <span class='ocrx_word' id='word_1_529' title='bbox 901 2283 983 2321; x_wconf 82' lang='lat' dir='ltr'><strong>apte</strong></span> <span class='ocrx_word' id='word_1_530' title='bbox 998 2284 1079 2311; x_wconf 83' lang='lat' dir='ltr'><strong>sunt</strong></span> <span class='ocrx_word' id='word_1_531' title='bbox 1091 2280 1278 2321; x_wconf 85' lang='lat' dir='ltr'><strong>collocata,</strong></span> <span class='ocrx_word' id='word_1_532' title='bbox 1293 2281 1377 2325; x_wconf 79' lang='lat' dir='ltr'><strong>quid</strong></span> <span class='ocrx_word' id='word_1_533' title='bbox 1390 2281 1539 2326; x_wconf 88' lang='lat' dir='ltr'><strong>amplius</strong></span> <span class='ocrx_word' id='word_1_534' title='bbox 1554 2283 1606 2316; x_wconf 90' lang='lat' dir='ltr'><strong>la-</strong></span> 
     </span>
     <span class='ocr_line' id='line_1_45' title="bbox 46 2321 1606 2370; baseline 0.005 -16"><span class='ocrx_word' id='word_1_535' title='bbox 46 2328 66 2360; x_wconf 72' lang='grc'><strong>”,</strong></span> <span class='ocrx_word' id='word_1_536' title='bbox 113 2321 306 2355; x_wconf 75' lang='lat' dir='ltr'><strong>boi-emus?</strong></span> <span class='ocrx_word' id='word_1_537' title='bbox 331 2322 367 2363; x_wconf 88' lang='grc'><strong>8,</strong></span> <span class='ocrx_word' id='word_1_538' title='bbox 390 2322 446 2355; x_wconf 79' lang='lat' dir='ltr'><strong>Pr.</strong></span> <span class='ocrx_word' id='word_1_539' title='bbox 461 2323 516 2356; x_wconf 88' lang='lat'><strong>31.</strong></span> <span class='ocrx_word' id='word_1_540' title='bbox 542 2322 726 2356; x_wconf 88' lang='lat' dir='ltr'><strong>inclinatio</strong></span> <span class='ocrx_word' id='word_1_541' title='bbox 740 2322 899 2366; x_wconf 89' lang='lat' dir='ltr'><strong>judicum</strong></span> <span class='ocrx_word' id='word_1_542' title='bbox 913 2325 958 2357; x_wconf 89' lang='lat' dir='ltr'><strong>ad</strong></span> <span class='ocrx_word' id='word_1_543' title='bbox 970 2334 1037 2358; x_wconf 87' lang='lat' dir='ltr'><strong>nos</strong></span> <span class='ocrx_word' id='word_1_544' title='bbox 1052 2325 1185 2368; x_wconf 86' lang='lat' dir='ltr'><strong>petitur</strong></span> <span class='ocrx_word' id='word_1_545' title='bbox 1198 2325 1301 2360; x_wconf 90' lang='lat' dir='ltr'><strong>initio</strong></span> <span class='ocrx_word' id='word_1_546' title='bbox 1315 2327 1469 2370; x_wconf 87' lang='lat' dir='ltr'><strong>parcius,</strong></span> <span class='ocrx_word' id='word_1_547' title='bbox 1495 2340 1528 2362; x_wconf 89' lang='lat' dir='ltr'><strong>c.</strong></span> <span class='ocrx_word' id='word_1_548' title='bbox 1542 2329 1606 2361; x_wconf 89' lang='lat' dir='ltr'><strong>ad-</strong></span> 
     </span>
     <span class='ocr_line' id='line_1_46' title="bbox 115 2365 1604 2416; baseline 0.005 -15"><span class='ocrx_word' id='word_1_549' title='bbox 115 2366 209 2401; x_wconf 88' lang='lat' dir='ltr'><strong>mitti</strong></span> <span class='ocrx_word' id='word_1_550' title='bbox 223 2365 307 2399; x_wconf 87' lang='lat' dir='ltr'><strong>satis</strong></span> <span class='ocrx_word' id='word_1_551' title='bbox 324 2371 379 2399; x_wconf 87' lang='lat' dir='ltr'><strong>est</strong></span> <span class='ocrx_word' id='word_1_552' title='bbox 393 2366 428 2409; x_wconf 86' lang='lat'><strong>6,</strong></span> <span class='ocrx_word' id='word_1_553' title='bbox 442 2369 476 2409; x_wconf 84' lang='lat'><strong>1,</strong></span> <span class='ocrx_word' id='word_1_554' title='bbox 495 2369 549 2401; x_wconf 86' lang='lat'><strong>10.</strong></span> <span class='ocrx_word' id='word_1_555' title='bbox 574 2367 612 2401; x_wconf 91' lang='lat' dir='ltr'><strong>id</strong></span> <span class='ocrx_word' id='word_1_556' title='bbox 628 2367 814 2414; x_wconf 83' lang='lat' dir='ltr'><strong>contingit,</strong></span> <span class='ocrx_word' id='word_1_557' title='bbox 836 2379 917 2402; x_wconf 89' lang='lat' dir='ltr'><strong>cnm</strong></span> <span class='ocrx_word' id='word_1_558' title='bbox 933 2388 973 2395; x_wconf 95' lang='lat'>—</span> <span class='ocrx_word' id='word_1_559' title='bbox 990 2370 1188 2404; x_wconf 84' lang='lat' dir='ltr'><strong>ostenditur</strong></span> <span class='ocrx_word' id='word_1_560' title='bbox 1202 2372 1238 2415; x_wconf 81' lang='lat'><strong>6,</strong></span> <span class='ocrx_word' id='word_1_561' title='bbox 1252 2375 1287 2415; x_wconf 93' lang='grc'><strong>2,</strong></span> <span class='ocrx_word' id='word_1_562' title='bbox 1303 2375 1362 2408; x_wconf 87' lang='grc'><strong>22.</strong></span> <span class='ocrx_word' id='word_1_563' title='bbox 1393 2373 1438 2415; x_wconf 67' lang='lat' dir='ltr'><strong>qs.</strong></span> <span class='ocrx_word' id='word_1_564' title='bbox 1449 2374 1487 2416; x_wconf 84' lang='lat'><strong>7,</strong></span> <span class='ocrx_word' id='word_1_565' title='bbox 1501 2377 1535 2416; x_wconf 83' lang='grc'><strong>2,</strong></span> <span class='ocrx_word' id='word_1_566' title='bbox 1551 2378 1604 2408; x_wconf 83' lang='grc'><strong>12.</strong></span> 
     </span>
     <span class='ocr_line' id='line_1_47' title="bbox 54 2411 1606 2464; baseline 0.008 -22"><span class='ocrx_word' id='word_1_567' title='bbox 54 2436 71 2458; x_wconf 84' lang='lat'><strong>·.</strong></span> <span class='ocrx_word' id='word_1_568' title='bbox 106 2417 277 2456; x_wconf 27' lang='lat' dir='ltr'><strong>*tempore</strong></span> <span class='ocrx_word' id='word_1_569' title='bbox 299 2412 362 2446; x_wconf 82' lang='lat' dir='ltr'><strong>vel</strong></span> <span class='ocrx_word' id='word_1_570' title='bbox 386 2411 527 2456; x_wconf 85' lang='lat' dir='ltr'><strong>diurno,</strong></span> <span class='ocrx_word' id='word_1_571' title='bbox 552 2424 647 2447; x_wconf 89' lang='lat' dir='ltr'><strong>cum</strong></span> <span class='ocrx_word' id='word_1_572' title='bbox 669 2419 780 2448; x_wconf 86' lang='lat' dir='ltr'><strong>testes</strong></span> <span class='ocrx_word' id='word_1_573' title='bbox 796 2415 931 2458; x_wconf 88' lang='lat' dir='ltr'><strong>plures,</strong></span> <span class='ocrx_word' id='word_1_574' title='bbox 946 2416 1009 2449; x_wconf 74' lang='lat' dir='ltr'><strong>vel</strong></span> <span class='ocrx_word' id='word_1_575' title='bbox 1027 2422 1219 2460; x_wconf 78' lang='lat' dir='ltr'><strong>nocturne,</strong></span> <span class='ocrx_word' id='word_1_576' title='bbox 1246 2429 1344 2452; x_wconf 90' lang='lat' dir='ltr'><strong>cum</strong></span> <span class='ocrx_word' id='word_1_577' title='bbox 1369 2421 1484 2464; x_wconf 86' lang='lat' dir='ltr'><strong>major</strong></span> <span class='ocrx_word' id='word_1_578' title='bbox 1511 2421 1606 2454; x_wconf 78' lang='lat' dir='ltr'><strong>diffi-</strong></span> 
     </span>
     <span class='ocr_line' id='line_1_48' title="bbox 118 2456 1606 2508; baseline 0.005 -16"><span class='ocrx_word' id='word_1_579' title='bbox 118 2459 233 2492; x_wconf 84' lang='lat' dir='ltr'><strong>cultas</strong></span> <span class='ocrx_word' id='word_1_580' title='bbox 260 2457 325 2502; x_wconf 86' lang='lat' dir='ltr'><strong>(sc.</strong></span> <span class='ocrx_word' id='word_1_581' title='bbox 354 2456 443 2501; x_wconf 71' lang='lat' dir='ltr'><strong>est)</strong></span> <span class='ocrx_word' id='word_1_582' title='bbox 465 2461 510 2502; x_wconf 93' lang='lat'><strong>7,</strong></span> <span class='ocrx_word' id='word_1_583' title='bbox 535 2461 582 2502; x_wconf 86' lang='lat'><strong>2,</strong></span> <span class='ocrx_word' id='word_1_584' title='bbox 606 2458 673 2501; x_wconf 79' lang='lat'><strong>443</strong></span> <span class='ocrx_word' id='word_1_585' title='bbox 716 2471 814 2493; x_wconf 91' lang='lat' dir='ltr'><strong>cum</strong></span> <span class='ocrx_word' id='word_1_586' title='bbox 839 2460 895 2504; x_wconf 85' lang='lat' dir='ltr'><strong>jus</strong></span> <span class='ocrx_word' id='word_1_587' title='bbox 925 2461 1084 2504; x_wconf 88' lang='lat' dir='ltr'><strong>asperius</strong></span> <span class='ocrx_word' id='word_1_588' title='bbox 1111 2462 1243 2507; x_wconf 83' lang='lat' dir='ltr'><strong>petitur</strong></span> <span class='ocrx_word' id='word_1_589' title='bbox 1268 2475 1289 2498; x_wconf 86' lang='lat' dir='ltr'><strong>a</strong></span> <span class='ocrx_word' id='word_1_590' title='bbox 1311 2465 1450 2508; x_wconf 87' lang='lat' dir='ltr'><strong>judice,</strong></span> <span class='ocrx_word' id='word_1_591' title='bbox 1482 2466 1521 2500; x_wconf 84' lang='lat' dir='ltr'><strong>fit</strong></span> <span class='ocrx_word' id='word_1_592' title='bbox 1545 2473 1606 2500; x_wconf 89' lang='lat' dir='ltr'><strong>ta—</strong></span> 
     </span>
     <span class='ocr_line' id='line_1_49' title="bbox 52 2504 1603 2551; baseline 0.006 -13"><span class='ocrx_word' id='word_1_593' title='bbox 52 2506 66 2538; x_wconf 78' lang='grc'><strong>,’</strong></span> <span class='ocrx_word' id='word_1_594' title='bbox 115 2514 223 2538; x_wconf 85' lang='lat' dir='ltr'><strong>men</strong></span> <span class='ocrx_word' id='word_1_595' title='bbox 248 2514 329 2548; x_wconf 89' lang='lat' dir='ltr'><strong>spes</strong></span> <span class='ocrx_word' id='word_1_596' title='bbox 352 2504 470 2549; x_wconf 80' lang='lat' dir='ltr'><strong>aliqua</strong></span> <span class='ocrx_word' id='word_1_597' title='bbox 497 2505 707 2550; x_wconf 81' lang='lat' dir='ltr'><strong>clementiae</strong></span> <span class='ocrx_word' id='word_1_598' title='bbox 731 2506 766 2548; x_wconf 90' lang='grc'><strong>9,</strong></span> <span class='ocrx_word' id='word_1_599' title='bbox 790 2509 824 2549; x_wconf 90' lang='grc'><strong>2,</strong></span> <span class='ocrx_word' id='word_1_600' title='bbox 849 2507 910 2543; x_wconf 85' lang='grc'><strong>90.</strong></span> <span class='ocrx_word' id='word_1_601' title='bbox 940 2506 985 2547; x_wconf 84' lang='lat' dir='ltr'><strong>cs.</strong></span> <span class='ocrx_word' id='word_1_602' title='bbox 1013 2509 1046 2550; x_wconf 92' lang='grc'><strong>3,</strong></span> <span class='ocrx_word' id='word_1_603' title='bbox 1070 2509 1105 2550; x_wconf 88' lang='grc'><strong>8,</strong></span> <span class='ocrx_word' id='word_1_604' title='bbox 1135 2512 1195 2551; x_wconf 80' lang='lat'><strong>103</strong></span> <span class='ocrx_word' id='word_1_605' title='bbox 1219 2509 1330 2544; x_wconf 89' lang='lat' dir='ltr'><strong>hinc</strong></span> <span class='ocrx_word' id='word_1_606' title='bbox 1353 2511 1414 2546; x_wconf 91' lang='lat' dir='ltr'><strong>ille</strong></span> <span class='ocrx_word' id='word_1_607' title='bbox 1439 2530 1482 2538; x_wconf 88' lang='lat'>—</span> <span class='ocrx_word' id='word_1_608' title='bbox 1506 2513 1603 2547; x_wconf 90' lang='lat' dir='ltr'><strong>nasci</strong></span> 
     </span>
     <span class='ocr_line' id='line_1_50' title="bbox 118 2549 1608 2603; baseline 0.007 -20"><span class='ocrx_word' id='word_1_609' title='bbox 118 2549 265 2584; x_wconf 79' lang='lat' dir='ltr'><strong>affectus</strong></span> <span class='ocrx_word' id='word_1_610' title='bbox 287 2549 399 2592; x_wconf 86' lang='lat' dir='ltr'><strong>solet,</strong></span> <span class='ocrx_word' id='word_1_611' title='bbox 424 2561 506 2583; x_wconf 90' lang='lat' dir='ltr'><strong>cnm</strong></span> <span class='ocrx_word' id='word_1_612' title='bbox 527 2570 575 2576; x_wconf 90' lang='lat'><strong>—</strong></span> <span class='ocrx_word' id='word_1_613' title='bbox 594 2550 805 2597; x_wconf 77' lang='lat' dir='ltr'><strong>intelligitur</strong></span> <span class='ocrx_word' id='word_1_614' title='bbox 826 2552 861 2594; x_wconf 90' lang='grc'><strong>6,</strong></span> <span class='ocrx_word' id='word_1_615' title='bbox 887 2555 921 2594; x_wconf 89' lang='grc'><strong>2,</strong></span> <span class='ocrx_word' id='word_1_616' title='bbox 950 2553 1005 2587; x_wconf 89' lang='grc'><strong>16.</strong></span> <span class='ocrx_word' id='word_1_617' title='bbox 1046 2554 1122 2588; x_wconf 89' lang='lat' dir='ltr'><strong>Sic</strong></span> <span class='ocrx_word' id='word_1_618' title='bbox 1146 2566 1277 2600; x_wconf 85' lang='lat' dir='ltr'><strong>anceps</strong></span> <span class='ocrx_word' id='word_1_619' title='bbox 1301 2556 1395 2592; x_wconf 88' lang='lat' dir='ltr'><strong>inter</strong></span> <span class='ocrx_word' id='word_1_620' title='bbox 1416 2564 1608 2603; x_wconf 83' lang='lat' dir='ltr'><strong>utrumque</strong></span> 
     </span>
     <span class='ocr_line' id='line_1_51' title="bbox 118 2595 1608 2647; baseline 0.008 -19"><span class='ocrx_word' id='word_1_621' title='bbox 118 2595 257 2629; x_wconf 87' lang='lat' dir='ltr'><strong>animus</strong></span> <span class='ocrx_word' id='word_1_622' title='bbox 279 2600 438 2638; x_wconf 66' lang='lat' dir='ltr'><strong>aestuat,</strong></span> <span class='ocrx_word' id='word_1_623' title='bbox 471 2607 570 2630; x_wconf 86' lang='lat' dir='ltr'><strong>cnm</strong></span> <span class='ocrx_word' id='word_1_624' title='bbox 595 2602 631 2630; x_wconf 88' lang='lat' dir='ltr'><strong>et</strong></span> <span class='ocrx_word' id='word_1_625' title='bbox 654 2598 784 2641; x_wconf 87' lang='lat' dir='ltr'><strong>scripta</strong></span> <span class='ocrx_word' id='word_1_626' title='bbox 807 2597 981 2642; x_wconf 88' lang='lat' dir='ltr'><strong>perdidit,</strong></span> <span class='ocrx_word' id='word_1_627' title='bbox 1024 2605 1061 2633; x_wconf 83' lang='lat' dir='ltr'><strong>et</strong></span> <span class='ocrx_word' id='word_1_628' title='bbox 1087 2611 1162 2635; x_wconf 88' lang='lat' dir='ltr'><strong>non</strong></span> <span class='ocrx_word' id='word_1_629' title='bbox 1188 2603 1327 2647; x_wconf 83' lang='lat' dir='ltr'><strong>quaerit</strong></span> <span class='ocrx_word' id='word_1_630' title='bbox 1354 2615 1453 2638; x_wconf 83' lang='lat' dir='ltr'><strong>nova</strong></span> <span class='ocrx_word' id='word_1_631' title='bbox 1483 2607 1546 2646; x_wconf 92' lang='grc'><strong>10,</strong></span> <span class='ocrx_word' id='word_1_632' title='bbox 1573 2608 1608 2647; x_wconf 92' lang='grc'><strong>7,</strong></span> 
     </span>
     <span class='ocr_line' id='line_1_52' title="bbox 70 2635 1611 2693; baseline 0.007 -19"><span class='ocrx_word' id='word_1_633' title='bbox 70 2635 87 2655; x_wconf 64' lang='lat'><strong>‘¹</strong></span> <span class='ocrx_word' id='word_1_634' title='bbox 119 2640 176 2675; x_wconf 89' lang='grc'><strong>33.</strong></span> <span class='ocrx_word' id='word_1_635' title='bbox 216 2652 313 2675; x_wconf 89' lang='lat' dir='ltr'><strong>cum</strong></span> <span class='ocrx_word' id='word_1_636' title='bbox 336 2640 442 2675; x_wconf 89' lang='lat' dir='ltr'><strong>etiam</strong></span> <span class='ocrx_word' id='word_1_637' title='bbox 467 2643 559 2676; x_wconf 91' lang='lat' dir='ltr'><strong>hoc</strong></span> <span class='ocrx_word' id='word_1_638' title='bbox 584 2653 697 2689; x_wconf 87' lang='lat' dir='ltr'><strong>genus</strong></span> <span class='ocrx_word' id='word_1_639' title='bbox 726 2643 884 2677; x_wconf 84' lang='lat' dir='ltr'><strong>simulari</strong></span> <span class='ocrx_word' id='word_1_640' title='bbox 907 2644 1021 2678; x_wconf 87' lang='lat' dir='ltr'><strong>litium</strong></span> <span class='ocrx_word' id='word_1_641' title='bbox 1048 2647 1182 2691; x_wconf 85' lang='lat' dir='ltr'><strong>soleat,</strong></span> <span class='ocrx_word' id='word_1_642' title='bbox 1226 2659 1323 2682; x_wconf 89' lang='lat' dir='ltr'><strong>cum</strong></span> <span class='ocrx_word' id='word_1_643' title='bbox 1354 2651 1410 2693; x_wconf 90' lang='lat' dir='ltr'><strong>jus</strong></span> <span class='ocrx_word' id='word_1_644' title='bbox 1437 2651 1561 2684; x_wconf 86' lang='lat' dir='ltr'><strong>mortis</strong></span> <span class='ocrx_word' id='word_1_645' title='bbox 1589 2663 1611 2685; x_wconf 90' lang='lat' dir='ltr'><strong>a</strong></span> 
     </span>
     <span class='ocr_line' id='line_1_53' title="bbox 29 2686 1610 2741; baseline 0.008 -22"><span class='ocrx_word' id='word_1_646' title='bbox 29 2707 53 2738; x_wconf 65' lang='lat' dir='ltr'><strong>‘t-</strong></span> <span class='ocrx_word' id='word_1_647' title='bbox 119 2692 245 2720; x_wconf 82' lang='lat' dir='ltr'><strong>senatu</strong></span> <span class='ocrx_word' id='word_1_648' title='bbox 267 2686 407 2732; x_wconf 75' lang='lat' dir='ltr'><strong>qnidam</strong></span> <span class='ocrx_word' id='word_1_649' title='bbox 434 2703 480 2714; x_wconf 88' lang='lat'>-</span> <span class='ocrx_word' id='word_1_650' title='bbox 501 2693 627 2741; x_wconf 76' lang='lat' dir='ltr'><strong>petunt</strong></span> <span class='ocrx_word' id='word_1_651' title='bbox 654 2692 720 2731; x_wconf 85' lang='lat'><strong>11,</strong></span> <span class='ocrx_word' id='word_1_652' title='bbox 745 2693 785 2731; x_wconf 93' lang='lat'><strong>1,</strong></span> <span class='ocrx_word' id='word_1_653' title='bbox 815 2690 871 2725; x_wconf 89' lang='grc'><strong>56.</strong></span> <span class='ocrx_word' id='word_1_654' title='bbox 919 2689 1004 2724; x_wconf 89' lang='lat' dir='ltr'><strong>illa</strong></span> <span class='ocrx_word' id='word_1_655' title='bbox 1040 2692 1184 2737; x_wconf 75' lang='lat' dir='ltr'><strong>qnidam</strong></span> <span class='ocrx_word' id='word_1_656' title='bbox 1211 2694 1456 2739; x_wconf 71' lang='grc' dir='ltr'><strong>καταχρήσεις</strong></span> <span class='ocrx_word' id='word_1_657' title='bbox 1481 2698 1610 2741; x_wconf 44' lang='lat' dir='ltr'><strong>Volunt</strong></span> 
     </span>
     <span class='ocr_line' id='line_1_54' title="bbox 34 2727 1609 2785; baseline 0.008 -20"><span class='ocrx_word' id='word_1_658' title='bbox 34 2727 67 2762; x_wconf 83' lang='grc'><strong>-.’</strong></span> <span class='ocrx_word' id='word_1_659' title='bbox 121 2741 223 2774; x_wconf 83' lang='lat' dir='ltr'><strong>esse,</strong></span> <span class='ocrx_word' id='word_1_660' title='bbox 263 2743 365 2766; x_wconf 86' lang='lat' dir='ltr'><strong>cum</strong></span> <span class='ocrx_word' id='word_1_661' title='bbox 387 2743 453 2777; x_wconf 86' lang='lat' dir='ltr'><strong>pro</strong></span> <span class='ocrx_word' id='word_1_662' title='bbox 475 2739 673 2769; x_wconf 77' lang='lat' dir='ltr'><strong>temeritate</strong></span> <span class='ocrx_word' id='word_1_663' title='bbox 702 2735 818 2770; x_wconf 78' lang='lat' dir='ltr'><strong>virtus</strong></span> <span class='ocrx_word' id='word_1_664' title='bbox 843 2743 903 2770; x_wconf 73' lang='lat' dir='ltr'><strong>etc.</strong></span> <span class='ocrx_word' id='word_1_665' title='bbox 936 2736 1066 2772; x_wconf 85' lang='lat' dir='ltr'><strong>dicitur</strong></span> <span class='ocrx_word' id='word_1_666' title='bbox 1086 2740 1132 2781; x_wconf 89' lang='lat'><strong>8,</strong></span> <span class='ocrx_word' id='word_1_667' title='bbox 1156 2740 1199 2782; x_wconf 83' lang='lat'><strong>6,</strong></span> <span class='ocrx_word' id='word_1_668' title='bbox 1226 2740 1283 2775; x_wconf 86' lang='grc'><strong>36.</strong></span> <span class='ocrx_word' id='word_1_669' title='bbox 1320 2740 1365 2783; x_wconf 75' lang='lat' dir='ltr'><strong>cs.</strong></span> <span class='ocrx_word' id='word_1_670' title='bbox 1390 2744 1431 2784; x_wconf 88' lang='grc'><strong>5,</strong></span> <span class='ocrx_word' id='word_1_671' title='bbox 1460 2745 1524 2785; x_wconf 89' lang='grc'><strong>10,</strong></span> <span class='ocrx_word' id='word_1_672' title='bbox 1552 2744 1609 2777; x_wconf 90' lang='grc'><strong>61.</strong></span> 
     </span>
     <span class='ocr_line' id='line_1_55' title="bbox 62 2776 1612 2832; baseline 0.009 -22"><span class='ocrx_word' id='word_1_673' title='bbox 62 2778 69 2784; x_wconf 83' lang='grc'><strong>”</strong></span> <span class='ocrx_word' id='word_1_674' title='bbox 119 2776 256 2812; x_wconf 68' lang='lat' dir='ltr'><strong>Melior</strong></span> <span class='ocrx_word' id='word_1_675' title='bbox 277 2778 482 2824; x_wconf 82' lang='lat' dir='ltr'><strong>geminatio,</strong></span> <span class='ocrx_word' id='word_1_676' title='bbox 507 2791 602 2814; x_wconf 86' lang='lat' dir='ltr'><strong>cnm</strong></span> <span class='ocrx_word' id='word_1_677' title='bbox 625 2791 675 2815; x_wconf 86' lang='lat' dir='ltr'><strong>ex</strong></span> <span class='ocrx_word' id='word_1_678' title='bbox 698 2781 886 2816; x_wconf 81' lang='lat' dir='ltr'><strong>contrariis</strong></span> <span class='ocrx_word' id='word_1_679' title='bbox 901 2783 1009 2818; x_wconf 79' lang='lat' dir='ltr'><strong>valet.</strong></span> <span class='ocrx_word' id='word_1_680' title='bbox 1034 2804 1081 2812; x_wconf 94' lang='lat'><strong>—</strong></span> <span class='ocrx_word' id='word_1_681' title='bbox 1112 2785 1165 2819; x_wconf 84' lang='lat' dir='ltr'><strong>Ea</strong></span> <span class='ocrx_word' id='word_1_682' title='bbox 1186 2796 1277 2820; x_wconf 81' lang='lat' dir='ltr'><strong>vero</strong></span> <span class='ocrx_word' id='word_1_683' title='bbox 1299 2787 1337 2821; x_wconf 82' lang='lat' dir='ltr'><strong>fit</strong></span> <span class='ocrx_word' id='word_1_684' title='bbox 1362 2788 1612 2832; x_wconf 84' lang='lat' dir='ltr'><strong>pulcherrima,</strong></span> 
     </span>
     <span class='ocr_line' id='line_1_56' title="bbox 173 2845 1220 2888; baseline 0.002 -12"><span class='ocrx_word' id='word_1_685' title='bbox 173 2845 256 2879; x_wconf 78' lang='lat' dir='ltr'><strong>Lex.</strong></span> <span class='ocrx_word' id='word_1_686' title='bbox 286 2846 404 2887; x_wconf 69' lang='lat' dir='ltr'><strong>Quini.</strong></span> <span class='ocrx_word' id='word_1_687' title='bbox 1177 2854 1220 2888; x_wconf 79' lang='lat'><strong>13</strong></span> 
     </span>
    </p>
   </div>
   <div class='ocr_carea' id='block_1_5' title="bbox 41 2844 64 2862">
    <p class='ocr_par' dir='ltr' id='par_1_5' title="bbox 41 2844 64 2862">
     <span class='ocr_line' id='line_1_57' title="bbox 41 2844 64 2862; baseline 0 0"><span class='ocrx_word' id='word_1_688' title='bbox 41 2844 64 2862; x_wconf 74' lang='lat'><strong>.1</strong></span> 
     </span>
    </p>
   </div>
  </div>
 </body>
</html>
