1728 3002
570 238 706 282 Porca
734 265 790 275 -
818 197 963 281 Portio
1448 233 1531 275 669

0 363 9 372 “
43 357 140 403 quia,
168 349 265 401 qnod
288 354 440 399 populns
455 352 660 395 crediderit,
683 351 846 386 omnibu·
872 351 1044 385 debeatur
1070 350 1104 393 5,
1130 351 1188 393 10,
1212 350 1291 402 117.
1317 357 1397 383 cum
1422 346 1533 402 judex

45 404 151 438 detur
172 407 234 436 aut
254 401 422 446 populus,
443 405 504 434 aut
524 411 574 434 ex
596 399 731 444 populo
755 401 812 441 12,
831 399 887 440 10,
912 399 968 432 53.
994 401 1121 431 testem
1145 395 1315 448 populum
1339 393 1534 437 (promum)

47 452 91 484 12
127 449 151 483 8
188 451 256 490 11;
298 457 366 481 nec
396 451 575 491 pastorem
605 444 727 490 populi
759 449 907 478 auctore
940 443 1102 477 Homero
1137 443 1290 475 dlxenm
1324 441 1368 482 8,
1399 440 1458 481 6,ὀ
1476 439 1534 472 18.

45 475 259 548 po'pul’orum
281 510 325 516 —
350 492 592 546 assimulamus
617 491 762 526 affectus
788 493 845 534 11,
870 492 904 533 1,
928 489 988 524 41.
1015 499 1196 542 ‘personae
1219 497 1368 566 magnge
1393 485 1535 567 {Eget}-

45 540 390 632 &biiilggfft‘fnae
407 536 1339 630 ριέιῗιῖιῗιμρῗῑῗεῑῖἲ68τέἕῗέἑιιίξὲῗῗθῖθέξᾞεὲιξιῖἓευ
1343 557 1392 621 ἧι)
1402 555 1537 630 populo

47 632 152 667 dabat
179 634 235 671 11,
263 632 296 673 3,
323 631 402 664 180.
425 631 577 675 populos
601 629 734 674 alloqui
766 632 824 671 (ιίι
856 627 1013 672 somniis)
1045 627 1096 679 6,
1124 629 1166 669 2,
1193 627 1250 660 30.
1298 630 1338 678 ut
1362 634 1454 677 vpga
1477 624 1538 676 illa

47 677 304 712 multitudo
333 676 446 710 coiret
470 677 508 710 in
544 677 753 720 populos
787 678 822 719 2,
854 675 911 719 16,
945 675 989 716 9;
1027 678 1194 718 majestas
1228 676 1282 706 est
1314 682 1351 705 m
1386 679 1538 722 1mperno

47 729 120 770 atq.
154 722 192 758 in
224 721 320 756 omni
352 722 474 766 populi
507 723 609 756 Rom.
646 721 815 768 dignitate
851 724 892 763 7,
925 722 970 762 3,
1002 720 1060 755 35.
1108 719 1290 754 suadendo
1327 722 1538 768 concitatius

47 768 222 815 (aliquid)
245 769 398 813 populus
422 766 559 812 (poscit)
583 768 616 809 8,
641 769 675 811 3,
702 766 756 803 14.
784 778 839 811 ap.
860 767 1033 811 populum
1055 766 1163 800 habet
1186 765 1538 816 lomim-deprecatio
1584 773 1585 776 ¹

45 819 69 851 7
103 814 140 857 4,
164 815 218 849 18.
245 825 363 858 neque
396 814 520 848 eadem
551 813 591 847 in
621 824 737 866 voce,
774 819 903 860 gestu,
942 812 1110 855 incessu,
1149 822 1205 855 ap.
1241 819 1538 863 principem,

47 872 130 896 nen
142 866 276 903 atum,
291 862 522 904 populum,
546 865 873 906 magistratum
890 875 936 881 —
958 859 1086 892 decent
1099 859 1199 901 11,3,
1220 857 1298 891 150.
1313 867 1351 889 ιιι
1371 860 1540 889 senatu

47 907 296 942 conservanda
322 905 526 948 auctoritas,
555 916 613 950 ap.
636 909 739 950 p'op.
763 905 916 952 dignitas
942 906 987 938 ι’ὸ.
1015 905 1095 942 153.

3 962 150 1004 Perea.
196 978 236 1007 ut
258 971 346 1006 illud
378 972 454 1016 (ap.
493 970 665 1015 Virg.).·
710 971 822 1006 Caesa
857 971 1049 1016 jungebant
1078 971 1227 1005 foedera
1256 979 1421 1014 porca,
1453 968 1541 1003 fecit

49 1021 193 1065 elegam
217 1018 313 1052 fictio
341 1017 514 1052 nominis:
547 1020 643 1063 quod
670 1017 701 1051 si
723 1017 849 1051 fuisset
873 1029 896 1061 p
910 1027 1041 1059 orco,
1065 1017 1140 1051 vile
1165 1021 1241 1050 erat
1262 1018 1297 1059 8,
1322 1018 1357 1058 3,
1382 1017 1437 1051 19.

3 1065 199 1120 Porrigo·
243 1075 405 1110 libellum
425 1075 547 1109 timide
571 1074 767 1121 porrigenti
794 1075 829 1116 6,
853 1074 886 1117 5,
914 1075 970 1109 58.
994 1074 1093 1107 labra
1116 1073 1346 1120 porriguntur
1367 1074 1460 1106 male
1485 1075 1542 1116 11,

49 1124 86 1165 3,
108 1123 174 1164 813
199 1120 231 1155 si
251 1132 343 1158 vero
367 1122 583 1166 porrecti
614 1122 780 1165 utrinqne
803 1120 1019 1154 undeviceni
1047 1118 1195 1164 (pedes)
1221 1119 1369 1173 siugulis
1398 1118 1543 1162 distent,

48 1178 124 1202 non
145 1168 267 1213 plures
288 1167 420 1202 intus
444 1169 634 1212 quadratos
658 1168 850 1210 habebunt,
874 1177 979 1210 quam
1001 1176 1065 1210 per
1088 1171 1175 1210 quot
1191 1167 1377 1212 longntudo
1395 1167 1545 1199 ducetur

51 1216 87 1257 1,
109 1215 167 1256 10,
192 1211 241 1247 44
265 1214 315 1248 Ν.
362 1218 423 1247 aut
445 1213 704 1258 correptis
727 1218 787 1246 aut
809 1212 1058 1257 porrectis
1082 1213 1197 1246 literis
1218 1212 1412 1257 syllabisve
1445 1215 1478 1255 1,
1505 1212 1543 1255 6,

49 1260 96 1295 32
118 1259 171 1294 Ν.
197 1258 244 1301 cdi
270 1262 304 1303 1,
326 1262 364 1303 7,
389 1257 445 1294 14.
495 1262 498 1266 ⁴

3 1315 155 1360 Ρῠὶῐοο
199 1325 237 1369 Ι)
260 1327 376 1364 Adra:
409 1326 470 1371 qni
495 1331 656 1361 nostrum
684 1336 794 1370 porro
817 1330 992 1372 propagat
1018 1336 1132 1372 genus
1158 1328 1335 1368 Tragic.
1360 1325 1397 1369 9,
1423 1327 1458 1368 3,
1487 1327 1546 1361 57.

50 1372 103 1416 n)
125 1373 314 1406 intransitu
327 1375 496 1407 orationis.
522 1371 564 1416 a)
585 1374 776 1406 caminum.-
799 1373 840 1406 Id
857 1384 907 1416 p.,
933 1374 1029 1416 quod
1047 1372 1187 1414 dicitur,
1212 1378 1273 1406 aut
1292 1378 1347 1407 est
1370 1373 1546 1407 lascivum

50 1423 90 1453 et
110 1417 248 1461 hilare,
284 1424 345 1452 aut
367 1426 429 1453 etc.
454 1419 490 1461 6,
514 1421 548 1462 3,
576 1421 634 1454 27.
660 1419 736 1452 Nos
760 1430 796 1463 p.
819 1418 1039 1462 quaerimus,
1070 1419 1212 1462 qnando
1236 1418 1280 1452 iis
1303 1418 1546 1463 percipiendis

49 1474 142 1508 puer
161 1469 318 1498 maturus
342 1475 422 1500 esse
453 1465 620 1500 videatur
655 1467 702 1507 2,
735 1468 778 1508 1,
811 1467 845 1500 7.
891 1465 932 1498 P.
963 1465 1027 1498 lex
1059 1465 1177 1499 omnis
1204 1471 1265 1499 aut
1302 1465 1448 1508 tribuit,
1486 1470 1547 1499 aut

14 1525 19 1538 τ
52 1509 177 1544 adimit
199 1517 264 1545 eu·-
286 1513 323 1554 7,
347 1510 382 1554 5,
408 1511 440 1546 5.
465 1510 572 1557 ⁶:125,
600 1514 656 1552 10,
683 1513 741 1545 35.
773 1510 809 1554 5,
835 1511 892 1552 13,
916 1512 974 1545 52.
1005 1511 1040 1553 6,
1065 1512 1100 1554 3,
1126 1514 1183 1545 12.
1214 1512 1251 1554 9,
1274 1510 1308 1555 4,
1332 1514 1391 1544 22.
1430 1514 1486 1552 11,
1510 1512 1547 1553 3,

11 1557 22 1585 ἰ-
51 1554 112 1590 44.
147 1556 403 1590 Praeterea
445 1558 547 1592 velut
579 1556 775 1600 simplicius
815 1557 988 1590 docentes
1019 1563 1216 1600 sequuntur
1244 1575 1300 1592 ——.
1331 1557 1447 1591 Abest
1476 1557 1548 1590 iuis

8 1607 10 1609 '
55 1601 198 1635 etiam
220 1602 336 1635 adhuc
359 1602 494 1636 laboris
515 1603 698 1645 judicium.
746 1604 897 1636 Porro
926 1602 1037 1636 afficit
1061 1614 1187 1636 sensus
1221 1603 1383 1649 fatigatio
1422 1606 1455 1644 1,
1489 1605 1546 1645 12,

57 1649 114 1680 11.
147 1645 194 1687 qs.
231 1647 267 1689 8,
298 1647 358 1683 Pr.
391 1647 427 1682 6.
469 1658 614 1691 porro
653 1648 899 1691 depulsionem
922 1658 1067 1682 omnem
1099 1648 1309 1682 infitiatione
1347 1648 1479 1692 duplici
1502 1667 1551 1674 —

54 1697 312 1736 praeterea
338 1692 549 1727 defensione
583 1705 625 1727 ac
655 1693 885 1727 translatione
918 1699 1083 1727 constare
1113 1696 1149 1738 8,
1188 1695 1248 1727 Pr.
1280 1695 1314 1730 9.
1348 1696 1549 1728 Praeter

54 1738 144 1772 hoc
165 1757 213 1763 —
233 1738 382 1771 Porro
408 1738 443 1780 8,
470 1740 504 1779 5,
525 1739 584 1773 28.
628 1739 670 1783 β)
703 1742 849 1782 explicat
880 1746 940 1772 aut
970 1741 1159 1773 concludit.-
1202 1740 1283 1773 Hae
1318 1752 1352 1783 p.
1389 1740 1550 1774 actiones

57 1787 222 1817 coustant
243 1783 530 1826 comparatione:
563 1783 641 1829 ipsa
665 1783 882 1828 comparatio
906 1794 982 1818 non
1003 1796 1075 1818 una
1097 1785 1158 1819 via
1194 1785 1334 1819 ducitur
1364 1789 1399 1828 7,
1431 1789 1466 1828 2,
1503 1789 1551 1820 22

58 1829 106 1862 Ν.
151 1827 313 1871 personis
341 1834 457 1862 autem
481 1840 553 1863 nou
595 1829 768 1874 quidquid
806 1829 935 1864 accidit
973 1831 1224 1874 exequendum
1259 1831 1346 1864 mihi
1371 1837 1445 1874 est,
1487 1833 1552 1866 sed

57 1874 154 1907 unde
177 1879 381 1919 argumenta
404 1875 494 1908 sumi
518 1881 679 1918 possunt.
725 1876 778 1910 Ea
802 1888 839 1920 p.
864 1882 959 1918 sunt,
986 1877 1108 1910 Genus
1134 1897 1173 1902 —
1203 1878 1311 1911 Natio
1343 1885 1404 1911 etc.
1431 1878 1465 1920 5,
1492 1881 1551 1922 10,

56 1918 116 1954 24.
139 1929 212 1963 quo
235 1919 293 1962 fit,
327 1924 368 1952 ut
389 1919 428 1953 in
463 1920 708 1958 controversia
741 1933 814 1956 una
845 1923 966 1966 plures
1003 1922 1230 1967 quaestiones
1262 1934 1342 1956 esse
1375 1923 1550 1958 dicantur.

55 1966 194 2000 Harum
217 1976 255 2008 p.
279 1965 488 2009 plerumque
524 1966 708 2001 levissima
737 1978 902 2011 quaeque
935 1967 1053 2012 primo
1087 1970 1172 2002 loco
1205 1968 1366 2015 fungitur
1401 1971 1436 2012 3,
1466 1969 1503 2011 6,
1529 1971 1554 2005 8

59 2012 109 2046 Ν.
133 2023 180 2044 σν.
211 2009 256 2051 ej:
279 2013 315 2053 2,
338 2009 374 2053 4,
400 2011 456 2045 18.
486 2010 533 2052 es.
557 2015 593 2055 1,
618 2015 656 2056 2,
681 2014 738 2047 30.
765 2013 799 2056 5,
822 2015 879 2056 10,
911 2015 970 2047 32.
1017 2013 1055 2058 y)
1085 2017 1119 2046 in
1152 2017 1429 2056 interrogatione.-
1461 2026 1553 2059 quae

58 2069 94 2102 p.
115 2066 174 2090 ars
202 2054 319 2089 statim
344 2055 441 2090 fuit?
479 2057 515 2100 9,
544 2055 581 2100 4,
613 2059 648 2093 5.
697 2058 793 2104 Quid
827 2070 865 2103 p.
897 2060 1029 2092 multus
1064 2059 1166 2093 stilus
1200 2066 1235 2093 et
1265 2061 1407 2094 assidua
1443 2061 1554 2096 lectio

58 2104 160 2147 juvat
185 2103 253 2144 10,
275 2104 320 2144 7,
349 2100 385 2135 4.
433 2100 502 2136 Cui
531 2101 630 2146 (Sp.
661 2103 756 2148 Qui)
794 2114 831 2148 p.
865 2114 941 2138 non
971 2105 1057 2138 satis
1090 2110 1166 2147 est,
1201 2106 1298 2149 quod
1333 2109 1427 2150 (Sp.
1451 2106 1578 2151 quoy

60 2147 151 2182 nihil
175 2153 294 2191 potest
321 2157 399 2180 esse
423 2148 549 2182 melius
573 2150 631 2191 12,
657 2151 714 2192 10,
746 2150 792 2184 39
822 2152 867 2184 Ζ.
913 2149 1008 2195 Quid
1040 2161 1076 2194 p.
1110 2156 1164 2184 est
1198 2151 1409 2195 honestius,
1446 2164 1555 2198 quam

60 2195 212 2236 docere,
243 2193 339 2236 quod
364 2193 495 2238 optime
523 2193 614 2228 scias
639 2197 695 2236 12,
720 2197 776 2237 11,
805 2195 839 2229 6.
867 2193 912 2236 es.
934 2196 971 2237 9,
997 2198 1033 2238 2,
1055 2197 1112 2230 80.
1144 2198 1201 2240 12,
1233 2198 1267 2240 5,
1295 2199 1327 2232 3.
1374 2196 1409 2239 δ)
1432 2201 1466 2231 in
1494 2212 1556 2244 op-

23 2280 29 2289 .
61 2242 245 2284 positione.-
274 2238 381 2282 idque
406 2238 549 2273 interim
570 2239 660 2280 fieri,
687 2240 771 2284 quia
796 2240 977 2287 fastidiant
1002 2246 1183 2285 praestare
1206 2243 1299 2276 hanc
1322 2243 1557 2281 inferioribus

62 2296 204 2326 curam3
241 2283 404 2327 interim,
440 2285 522 2329 quia
556 2285 702 2319 omnino
735 2296 810 2320 non
845 2285 995 2331 possint.
1042 2288 1134 2334 Ego
1170 2298 1314 2332 porro
1348 2301 1451 2333 eum,
1494 2290 1556 2335 qui

65 2330 179 2371 nolit,
212 2328 249 2362 in
278 2340 427 2363 numero
450 2330 742 2374 praecipientium
765 2342 840 2366 non
873 2332 989 2366 habeo
1023 2335 1058 2375 2,
1078 2335 1113 2375 3,
1143 2335 1166 2367 5
1198 2336 1247 2368 N.
1293 2345 1373 2381 ego
1410 2347 1556 2380 porro

63 2386 110 2409 ne
131 2374 316 2410 invenisse
341 2377 484 2420 quidem
508 2378 616 2410 credo
643 2389 737 2419 eum,
762 2379 822 2422 qui
840 2389 914 2412 non
936 2378 1106 2421 judicavit
1125 2380 1160 2420 3,
1179 2381 1214 2423 3,
1233 2381 1267 2414 5.
1290 2381 1380 2427 Ego
1403 2393 1556 2426 porro,

65 2420 306 2508 (ἓιὶἳΛῑῗξιιεὸε
330 2421 445 2502 {abgo
459 2423 673 2503 fgssussmaz,
688 2423 851 2503 ‘glitlelllis
862 2434 950 2504 Ee?
978 2425 1298 2506 gglpitgtavianCiic-d.
1323 2428 1366 2506 ὶ5,
1406 2430 1462 2471 13,
1495 2428 1555 2463 40.

102 2490 515 2505 .....
805 2496 814 2505 .
1338 2485 1370 2506 ιιι
1464 2486 1557 2509 rrum

64 2491 183 2558 potiu’s
208 2493 382 2556 appellem
399 2524 409 2547 ε
424 2494 697 2560 ’significa'tion’e
722 2515 818 2549 enim
844 2480 1006 2550 degn-at.-
1043 2497 1247 2551 solo’ecismi
1269 2530 1304 2562 p.
1332 2485 1464 2554 viga?
1482 2532 1557 2555 non

66 2557 179 2592 estin
206 2558 320 2592 verbo
331 2560 411 2592 .sed
434 2558 473 2592 in
501 2562 694 2603 complexu
723 2564 756 2604 1,
783 2561 818 2603 5,
842 2559 900 2595 46.
948 2562 1062 2595 bonus
1091 2562 1185 2596 enim
1208 2563 1266 2598 vir
1290 2576 1366 2599 non
1388 2567 1460 2614 agit
1486 2567 1558 2602 nisi

64 2604 176 2638 bonas
201 2614 346 2645 causas,
386 2616 447 2639 eas
475 2617 510 2648 p.
544 2606 651 2640 etiam
683 2605 761 2641 siue
789 2607 953 2641 doctrina
986 2607 1069 2641 satis
1098 2620 1165 2652 per
1198 2620 1238 2644 se
1269 2615 1389 2646 tuetur
1422 2614 1557 2648 veritas

33 2649 141 2694 :ipsa
170 2652 227 2692 12,
253 2653 286 2693 1,
308 2652 367 2684 33.
391 2650 438 2692 cs.
463 2654 519 2694 12,
542 2652 578 2694 8,
603 2652 638 2686 6.

0 2745 2 2761 ς
46 2745 53 2751 ,
83 2707 365 2798 Ιζίοῑέεἰ2εῑυιὲὶα
388 2717 584 2798 εὸαρίειιῑίειο
609 2718 647 2752 in
675 2719 897 2764 porticus
924 2726 960 2755 et
984 2722 1233 2768 gymnasia
1259 2724 1410 2768 primum
1436 2736 1557 2760 reces-

64 2771 173 2796 mn
263 2788 275 2806 ,
343 2789 355 2807 ,
413 2788 423 2798 .

56 2808 179 2849 ortio-
225 2825 325 2856 tanto
348 2823 539 2866 quadam
565 2803 786 2864 portione
809 2823 854 2856 ad
879 2822 1104 2859 afficiendum
1127 2826 1329 2870 potentiora
1365 2830 1400 2871 6,
1437 2830 1470 2870 1,
1495 2827 1553 2863 26.
