1728 3002
187 207 268 250 258
690 204 928 251 Dochmius
950 191 1020 239 ⁸—
1060 206 1223 252 Doctor

237 321 430 366 docerent,
464 319 526 366 qut
556 319 663 357 etiam
699 319 820 365 eloqui
851 320 1152 365 praestantissime
1182 328 1330 368 possent
1366 326 1423 370 12,
1453 327 1490 371 2,
1521 324 1558 363 9.
1591 335 1728 371 sensim,

237 367 299 411 qui
322 378 397 401 non
422 367 601 403 docentur
622 368 658 410 6,
686 369 719 411 5,
743 370 777 402 2.
810 367 1029 411 praelectio,
1051 385 1097 394 -
1123 380 1218 414 quae
1238 370 1316 408 vim
1337 371 1509 418 cujusque
1531 373 1638 408 verbi
1665 375 1728 408 do-

236 419 295 447 cet
318 416 353 455 2,
379 415 413 455 5,
431 411 478 450 ’4.
502 426 594 458 quae
618 415 790 449 virtutem
813 414 946 448 docent
972 419 1067 449 artes
1093 417 1149 460 12,
1175 417 1233 459 11,
1257 418 1314 452 11.
1367 415 1423 461 y)‘'
1440 420 1474 452 ό.
1513 419 1589 463 obj.
1624 423 1728 463 gemi-

235 467 339 493 nato.-
368 459 558 503 Minerva,
581 471 672 505 quae
697 466 791 494 artes
817 470 899 494 eum
923 460 1046 495 docuit
1079 460 1125 504 (a.
1153 465 1177 497 1.
1206 460 1327 506 edoc.)
1351 464 1408 504 11,
1434 465 1471 508 1,
1495 462 1554 498 24.
1587 464 1618 498 si
1646 465 1728 509 qnid

233 517 290 539 me
315 506 560 550 experimenta
583 504 783 540 do‘cuerunt
804 508 859 548 11,
884 509 920 549 2,
945 509 1002 541 33.
1029 517 1111 540 nam
1135 507 1174 541 id
1200 507 1356 552 quidem,
1381 519 1429 542 ne
1456 520 1526 553 qua
1551 512 1728 546 contraria

237 557 297 584 aut
312 551 377 585 sibi
401 553 634 599 repugnantia
657 553 695 586 in
717 552 921 586 narratione
948 554 1120 597 dicamus,
1146 554 1177 588 si
1208 554 1266 588 cui
1297 555 1587 599 praecipiendum
1601 562 1668 600 est,
1699 557 1728 590 is

234 597 373 641 reliqua
401 599 534 631 frustra
569 599 719 633 docetur
750 598 797 641 4,
819 602 863 640 2,
886 600 933 634 90
956 602 997 633 Ζ.
1038 599 1099 633 illa
1132 598 1284 634 docendi
1317 605 1424 635 erunt
1447 602 1564 636 minus
1586 604 1728 649 vulgata

236 647 250 676 1
269 670 279 686 ‚
306 645 346 686 5,
374 646 428 678 11.
466 655 485 677 a
513 644 640 689 quibus
681 656 806 678 causas
831 644 955 678 diserti
985 645 1202 680 docerentur
1227 647 1262 688 6,
1287 648 1323 689 2,
1347 648 1382 681 3.
1412 648 1509 692 quod
1531 649 1728 693 praeceptis

234 691 389 724 sortasse
414 701 488 724 non
515 692 686 734 credunt,
712 702 779 724 usu
797 691 1018 725 docebuntur
1043 695 1077 736 3,
1096 694 1131 736 8,
1144 695 1199 728 70.
1236 689 1276 736 ὃ)
1293 705 1360 738 seq.
1385 691 1425 738 a)
1447 697 1610 728 sementia
1631 699 1728 728 relat.

237 743 297 768 aut
323 739 538 779 interrogat„-
573 739 618 771 ad
644 738 845 771 docendum
874 738 922 780 (α.
948 742 969 771 l.
998 737 1118 781 dic.),
1150 740 1273 784 quod
1311 740 1480 775 volumus
1511 741 1556 784 5,
1584 741 1646 784 13,
1671 741 1728 776 56.

235 793 320 816 cura
365 783 540 826 docendi,
581 785 704 828 quod
749 783 967 817 intenderint
1014 787 1055 827 2,
1084 787 1151 827 12,
1172 786 1207 819 6.
1253 785 1292 819 id
1313 785 1396 820 viro
1423 786 1521 820 bono
1547 784 1634 821 satis
1662 793 1728 830 est,

234 828 475 871 docuisse,
518 830 647 874 quod
693 829 849 863 sciret
883 833 939 871 12,
971 831 1034 874 11,
1060 831 1096 865 8.
1138 830 1184 873 cs:
1218 832 1255 874 3,
1297 832 1332 873 2,
1374 833 1411 866 3.
1437 843 1471 865 v.
1501 832 1619 876 Sqio.
1655 843 1728 867 non

233 875 311 908 sola
333 875 494 909 docenda
518 887 609 917 esse,
637 876 682 909 ad
707 887 819 920 quae
842 887 1020 920 quemque
1035 879 1161 910 natura
1187 876 1423 922 compositum
1444 876 1587 913 videret
1606 880 1667 922 10,
1694 882 1728 922 2,

200 959 207 964 .
233 923 296 964 203
327 921 481 956 docendi
506 922 666 965 judices,
692 922 802 966 quid
827 923 1035 968 rogantibus
1059 934 1142 968 resp
1193 924 1279 958 dere
1301 924 1454 958 debeant
1477 923 1516 967 6,
1541 925 1576 968 1,
1605 926 1663 960 20.
1691 931 1728 959 ut

233 968 449 1011 doceamus,
484 969 714 1012 quomodo
745 968 854 1002 scribi
877 975 1044 1012 oporteat
1071 972 1129 1012 12,
1178 971 1214 1013 Ο,
1238 971 1303 1012 533
1343 969 1489 1006 brevius
1513 981 1567 1004 an
1587 970 1728 1017 longius

233 1013 423 1047 dicendum
442 1013 500 1056 sit,
525 1025 654 1049 causae
673 1015 852 1048 docebunt
874 1018 907 1054 2,
925 1017 980 1058 13,
998 1017 1032 1050 5.
1081 1015 1120 1059 b)
1137 1019 1262 1050 Aecus.
1288 1028 1317 1050 c.
1335 1015 1404 1057 Ins.
1416 1031 1430 1058 ,·
1455 1026 1532 1050 non
1545 1015 1636 1050 illud
1654 1018 1728 1061 jus-

231 1060 421 1103 jurandum
445 1077 488 1084 —
511 1061 595 1093 satis
623 1060 813 1094 manifesto
837 1061 955 1104 docet,
973 1066 1242 1105 praeceptorem
1273 1063 1349 1105 ejus
1372 1062 1559 1096 Platonem
1589 1061 1728 1097 fuisse‘!

233 1109 290 1147 12,
310 1108 367 1148 10,
386 1106 444 1140 24.
465 1106 551 1150 quin
572 1118 592 1139 e
612 1107 791 1140 contrario
817 1107 1051 1142 devenere
1079 1109 1216 1153 locos
1241 1115 1305 1142 etc.
1334 1113 1456 1152 aperte
1471 1117 1540 1143 nos
1564 1109 1728 1152 doceant,

231 1150 323 1183 nihil
343 1153 474 1184 horum
501 1153 545 1184 ad
574 1154 663 1186 duos
686 1153 866 1196 pertinere
896 1156 929 1196 1,
955 1156 989 1195 5,
1018 1153 1075 1188 43.
1102 1165 1182 1188 cum
1208 1159 1244 1188 te
1271 1154 1431 1188 docuero
1455 1153 1596 1198 nescire
1618 1156 1728 1189 male-

233 1197 354 1231 dicere
377 1199 412 1240 8,
438 1199 473 1240 3,
498 1199 554 1231 89.
581 1208 654 1231 non
677 1200 793 1231 solum
815 1199 1019 1242 possedisse
1054 1211 1143 1243 nos,
1192 1201 1256 1234 sed
1281 1199 1386 1234 etiam
1408 1205 1571 1235 nostrum
1604 1211 1728 1246 posse-

232 1243 347 1285 disse,
385 1245 515 1277 docere
549 1244 728 1287 oportebit
763 1247 797 1286 7,
834 1245 867 1285 5,
897 1246 930 1278 3.
966 1244 1054 1278 illud
1085 1251 1139 1280 est
1163 1245 1366 1292 diligentius
1390 1247 1614 1292 docendum,
1649 1258 1728 1283 eum

225 1290 375 1323 demum
415 1289 537 1324 dicere
575 1295 656 1333 apte
688 1292 820 1332 ciali,
856 1292 895 1332 1,
930 1290 966 1325 8.

277 1344 327 1389 ll)
362 1343 399 1388 α)
430 1349 556 1379 Partic.
586 1350 722 1380 Praes..·
749 1346 916 1380 sanctitas
933 1345 1092 1382 docentis
1116 1367 1162 1374 —
1187 1346 1343 1395 gravitas
1366 1349 1400 1391 2,
1420 1350 1455 1392 2,
1470 1348 1504 1384 3.
1529 1354 1565 1383 et
1589 1347 1728 1396 ingredi

230 1391 336 1425 citius
373 1399 458 1435 eia,
487 1392 576 1427 citra
610 1394 821 1436 docentem,
857 1399 985 1427 natura
1020 1393 1097 1437 ipsa
1121 1394 1238 1428 sciunt
1260 1397 1295 1436 2,
1321 1394 1378 1437 16,
1408 1396 1464 1436 13;
1498 1395 1668 1431 docentes
1694 1399 1728 1437 1,

232 1441 287 1480 12,
314 1439 369 1472 11.
393 1441 427 1481 2,
454 1440 510 1480 10,
535 1441 570 1473 3.
600 1440 773 1483 quaedam
798 1450 873 1473 non
898 1440 1176 1474 docentium
1210 1446 1310 1483 sunt,
1346 1441 1410 1474 sed
1445 1439 1728 1476 discentium

230 1487 264 1526 7,
291 1486 347 1527 10,
371 1485 405 1519 9.
441 1483 646 1519 docentium
671 1496 755 1519 cura
781 1489 814 1529 1,
854 1489 888 1529 1,
915 1487 972 1520 36.
1010 1506 1059 1513 —-
1090 1486 1379 1520 exhortationem
1411 1488 1444 1530 1,
1468 1489 1504 1530 2,
1534 1489 1581 1522 25
1609 1491 1654 1522 Ζ.
1679 1507 1728 1515 -

227 1530 332 1564 labor
355 1533 390 1574 2,
417 1531 451 1573 5,
477 1531 514 1567 5.
539 1551 586 1557 -
610 1531 731 1565 officia
758 1534 792 1575 2,
819 1532 856 1575 9,
883 1535 915 1566 1.
944 1549 989 1558 -
1016 1542 1153 1572 yocem
1174 1534 1232 1576 10,
1247 1535 1284 1575 2,
1302 1535 1338 1567 2.
1379 1530 1622 1578 ss)'Gerun‹1.*.·
1649 1543 1726 1568 non

230 1576 435 1610 docendi
459 1578 524 1612 sed
562 1577 765 1611 ornandi
802 1577 916 1625 gratia
938 1578 973 1621 9,
997 1576 1032 1620 4,
1060 1581 1139 1613 127.
1172 1577 1241 1612 alia
1278 1578 1500 1623 docendi,
1534 1578 1604 1613 alia
1635 1589 1728 1614 mo·-

227 1622 375 1657 vendi
418 1624 530 1670 gratia
558 1624 709 1658 dicenda
743 1627 799 1668 10,
822 1628 858 1668 2,
882 1627 940 1659 23.
975 1636 1097 1658 curam
1131 1623 1287 1659 docendi
1310 1625 1445 1658 liberos
1471 1627 1505 1669 1,
1530 1627 1563 1665 1,
1586 1628 1622 1659 7.
1659 1626 1728 1660 do·-

227 1669 333 1702 cendi
361 1670 572 1715 compendia
597 1673 630 1713 1,
660 1673 693 1713 1,
718 1669 774 1705 24.
800 1669 1131 1715 persuadendi,
1176 1681 1251 1704 non
1280 1670 1489 1704 docendi
1521 1671 1728 1706 facidtatem

227 1718 262 1758 2,
288 1716 344 1758 15,
374 1718 430 1750 18.
461 1716 614 1751 docendi
648 1716 807 1751 officium
833 1719 890 1760 12,
922 1719 977 1759 10,
1003 1717 1060 1752 59.
1094 1727 1185 1750 onus
1218 1715 1482 1750 dedocendi
1511 1715 1657 1762 gravius
1682 1728 1727 1751 ac

226 1760 348 1804 prius,
374 1773 479 1806 quam
507 1763 711 1798 docendi
734 1766 769 1805 2,
795 1764 828 1804 3,
853 1766 886 1796 2.
914 1761 1067 1796 docendi
1093 1762 1140 1805 (a.
1168 1766 1192 1794 l.
1217 1760 1303 1802 dic.)
1329 1761 1421 1795 ratio
1447 1761 1507 1795 Pr.
1531 1763 1577 1795 23
1604 1766 1649 1796 Ζ.
1684 1765 1723 1806 3,

226 1809 284 1849 11,
312 1810 368 1841 21.
397 1808 445 1841 Ν.
477 1822 523 1842 cr.
553 1826 597 1833 —
623 1808 720 1843 viam
745 1812 779 1850 7,
806 1810 862 1850 10,
890 1809 922 1842 5.
965 1819 1039 1841 non
1062 1807 1205 1850 ignarus
1230 1808 1311 1841 doc.
1335 1809 1371 1849 2,
1395 1808 1431 1850 3,
1457 1809 1491 1842 7.
1515 1826 1564 1833 --
1587 1808 1728 1851 peritus

227 1854 261 1894 1,
289 1854 324 1895 3,
344 1848 391 1895 '13
425 1854 605 1899 expositio
630 1860 666 1887 et
703 1852 962 1900 argumentatio
999 1854 1044 1886 ad
1074 1853 1275 1886 docendum
1306 1852 1488 1896 pertinent
1516 1853 1562 1896 8,
1591 1855 1650 1891 Pr.
1679 1857 1722 1890 7.

226 1897 312 1931 alias
337 1899 382 1931 ad
414 1900 693 1941 docendum,
735 1899 822 1933 alias
846 1900 890 1932 ad
933 1900 1214 1933 movendum
1243 1899 1423 1933 adhibebit
1458 1904 1552 1933 artes
1581 1902 1638 1943 12,
1663 1902 1723 1943 10,

224 1945 287 1985 703
325 1943 478 1988 simplex
510 1946 550 1979 in
583 1946 747 1979 docendo
781 1948 824 1988 2,
849 1947 894 1988 2,
924 1945 946 1980 5
970 1946 1017 1979 N.
1041 1945 1174 1988 primae
1199 1945 1237 1978 in
1263 1945 1430 1980 docendo
1452 1950 1571 1989 partes
1597 1947 1725 1981 rheto-

223 2001 304 2023 rum
327 1993 371 2034 2,
394 1989 440 2035 4,
466 1994 498 2026 1.
528 1991 569 2025 in
592 1993 756 2027 docendo
791 2002 940 2026 acumen
964 1994 1022 2034 12,
1048 1993 1105 2035 10,
1130 1992 1198 2035 593
1224 1992 1410 2026 Doctus
1433 1989 1586 2032 minste-

177 2053 430 2099 DOChmiUS·
477 2070 513 2112 9,
539 2068 575 2113 4,
599 2070 725 2106 99.»in
750 2069 906 2116 quinque
932 2069 1092 2104 excurrit
1116 2068 1170 2104 ib.‘
1183 2070 1239 2106 79.
1264 2087 1311 2094 —-
1333 2068 1396 2115 qui
1427 2069 1475 2104 sit
1496 2081 1546 2105 ex
1567 2070 1720 2107 bacchio

223 2119 266 2193 {ebt-
293 2114 433 2197 issgnblos:
461 2117 533 2206 gel)
559 2116 623 2161 (a.
660 2121 690 2153 l.
720 2115 832 2160 vere)
866 2117 985 2151 iambo
1019 2122 1056 2151 et
1078 2115 1214 2189 cretico
1238 2118 1283 2153 ib.
1306 2116 1364 2152 97.
1393 2114 1455 2161 (a.
1483 2120 1508 2150 l.
1532 2117 1722 2153 dochimus

176 2213 357 2258 Docilis·
420 2235 460 2263 ut
483 2229 628 2265 illorum
647 2230 807 2266 officium
833 2234 889 2265 est
921 2231 1006 2277 doc
1021 2240 1116 2272 ere,
1135 2228 1200 2263 ”sic
1222 2229 1351 2264 horum
1374 2229 1548 2273 praehere
1571 2240 1612 2266 so
1642 2232 1728 2266 do-⁴

223 2273 342 2308 ciles
365 2277 402 2318 2,
428 2277 462 2318 9,
491 2278 522 2310 3.
549 2277 619 2311 nisi
645 2289 727 2311 eum
752 2276 884 2311 feceris
908 2278 959 2310 ad
988 2287 1031 2310 ea
1055 2275 1262 2309 docilem
1288 2280 1323 2309 et
1358 2281 1594 2317 attentum
1619 2275 1654 2320 4,
1682 2281 1728 2321 1,ss

225 2320 281 2352 38.
309 2321 463 2354 docilem
489 2334 625 2356 summa
653 2319 817 2357 celeriter
845 2324 1102 2367 comprehensa
1134 2320 1241 2362 (facit
1266 2320 1480 2365 auditorum)
1513 2324 1569 2365 10,
1594 2326 1633 2370 1,ι
1654 2321 1728 2366 48.“4

222 2369 262 2396 ut
285 2365 395 2407 judex
421 2369 465 2401 ad
489 2380 566 2402 rem
590 2369 831 2414 accipiendam
854 2370 916 2402 fiat
939 2366 1276 2410 conciliatior,
1303 2366 1530 2410 docilior,
1557 2368 1728 2417 inten-g'

223 2409 253 2441 ti
269 2420 321 2443 or
352 2412 395 2455 4,
415 2416 458 2457 2,
484 2413 541 2448 24.
582 2415 628 2457 cs.
654 2415 690 2459 4,
718 2416 754 2459 5,
778 2419 823 2459 1;
861 2414 986 2449 docilis
1009 2419 1135 2447 natura
1159 2415 1203 2456 1,
1228 2415 1272 2457 3,
1297 2416 1330 2447 1.
1365 2412 1540 2448 dociliora
1567 2414 1728 2461 ingenim

222 2457 264 2497 1,
298 2459 361 2499 12,
387 2462 421 2493 9.

174 2509 353 2551 Doctor.
421 2538 498 2569 opp.
536 2528 715 2563 auditores
741 2530 797 2572 10,
821 2530 856 2571 2,
879 2530 938 2561 21.
974 2527 1139 2561 doctores
1171 2529 1206 2570 2,
1230 2529 1265 2569 2,
1288 2529 1322 2560 2.
1360 2529 1395 2569 2,
1419 2524 1455 2569 4,
1480 2525 1514 2561 5.
1546 2525 1672 2560 doctor

220 2567 305 2600 artis
329 2567 530 2615 (oratoriae)
558 2586 639 2608 sero
665 2576 734 2619 jam
761 2579 923 2618 repertos
947 2575 983 2616 2,
1010 2576 1066 2615 17,
1090 2576 1111 2607 7
1116 2601 1124 2611 ‚
1161 2574 1195 2606 d.
1221 2574 1296 2615 ejus
1324 2572 1408 2606 artis
1431 2582 1555 2615 parum
1587 2572 1672 2607 idon
1712 2582 1724 2621 -ζ,

218 2615 254 2654 2,
290 2615 345 2656 15,
379 2617 435 2651 31.
468 2619 500 2649 d.
536 2621 670 2661 peritus
700 2622 757 2654 Pr.
793 2623 850 2654 27.
897 2619 958 2652 ille
993 2629 1108 2662 pexus
1142 2618 1353 2665 pinguisque
1380 2618 1508 2650 doctor
1531 2620 1565 2659 1,
1589 2620 1623 2662 5,
1651 2616 1728 2663 1447·

218 2659 421 2702 palaestrici
445 2663 553 2697 doct
569 2675 676 2700 ores
700 2676 869 2700 numeros
893 2664 1191 2698 discentibus
1222 2665 1364 2697 tradunt
1388 2665 1443 2706 12,
1467 2665 1503 2706 2,
1532 2665 1588 2698 12.
1627 2666 1722 2699 sce-3³

217 2703 290 2737 nici
318 2706 412 2739 doct.
440 2710 494 2750 11,
519 2711 553 2750 3,
579 2714 643 2753 713
677 2711 834 2746 doctoris
859 2709 1020 2744 officium
1043 2713 1075 2752 1,
1104 2713 1160 2754 11,
1179 2709 1214 2743 4.
1243 2720 1333 2754 quae
1357 2709 1527 2742 doctor
1558 2712 1724 2755 praece-'f

125 2746 145 2777 N
217 2749 291 2793 pit,
326 2758 483 2786 orator
518 2757 673 2789 ostendit
709 2760 764 2800 10,
791 2760 825 2800 1,
851 2758 907 2791 15.
942 2767 1002 2797 ea,
1037 2766 1127 2799 quae
1160 2762 1268 2789 manu
1303 2755 1410 2798 fiant,
1443 2760 1549 2799 atque
1581 2765 1707 2790 eorum

215 2795 322 2831 etiam
345 2799 640 2846 constantissima,
666 2813 772 2849 egere
797 2801 1003 2839 doctoribus
1031 2804 1087 2845 12,
1111 2804 1146 2845 2,
1171 2803 1205 2835 2.
