1728 3002
201 189 254 228 74
888 184 987 227 Non

214 302 281 346 secl
303 299 381 336 dixi
409 311 529 336 emere
539 305 575 335 te
599 302 718 336 solere
738 300 775 345 6,
799 301 834 343 3,
857 298 916 336 74.
942 310 1034 336 non
1058 298 1224 346 equidem
1243 299 1285 335 in
1307 309 1434 336 omnes
1450 311 1530 337 eam
1550 300 1711 346 particu-

213 351 268 383 las
293 349 423 383 secabo
451 350 485 391 8,
512 350 546 391 3,
570 350 635 390 63,
671 351 696 384 i.
732 361 763 393 q.
788 360 870 381 non
904 355 1073 381 tamen.-
1120 349 1317 391 choreum,
1353 358 1430 382 ιιοιι
1457 348 1517 391 (a.
1550 352 1572 383 1.
1608 352 1710 384 insero

213 394 308 438 nos)
334 401 372 428 ut
396 394 456 428 alii
479 395 707 436 trochaeum,
744 393 966 428 nominemus
995 395 1030 437 9,
1057 392 1095 438 4,
1132 396 1191 429 80.
1240 392 1467 438 (obscenitas)
1500 394 1543 428 si
1566 396 1715 440 quando,

215 441 323 483 obiici
347 446 485 485 potest,
521 451 610 474 non
635 441 673 474 in
702 441 785 484 joco
811 441 1062 484 exprobranda
1087 446 1142 474 est
1164 441 1200 483 6,
1225 442 1260 483 3,
1293 441 1349 475 29.
1376 439 1422 482 cf.
1451 442 1489 484 2,
1512 441 1549 483 8,
1576 443 1632 475 13.
1663 441 1710 474 ad

216 489 411 522 ornandam
437 487 530 529 (Sp.
564 487 634 531 adj.
669 488 816 530 modo),
853 498 946 521 non
981 487 1177 534 augendam
1213 486 1412 521 orationem
1447 487 1484 530 8,
1518 486 1553 530 6,
1583 485 1631 521 40
1664 490 1710 524 Ζ.

215 537 274 578 10,
294 535 328 577 6,
353 535 393 576 63
430 535 512 567 Non
537 532 598 574 (a.
624 538 645 567 l.
670 534 774 575 orm),
798 535 863 567 sed
886 533 924 567 in
947 535 1131 567 orchestra
1159 532 1231 577 pila
1253 532 1334 567 lusi.
1366 533 1403 575 6,
1427 534 1462 575 3,
1495 534 1538 567 71
1574 533 1622 567 Ν.
1664 546 1712 570 cr.

215 580 258 625 β)
284 594 312 614 c.
338 583 530 613 Particulis.
577 580 612 620 a)
638 582 873 614 concludendi.-
909 581 1008 614 Non
1033 585 1144 625 ergo
1179 590 1320 623 semper
1353 585 1515 623 putemus
1538 578 1710 622 optimum

216 638 316 669 esse,
349 628 446 670 quod
469 627 553 660 latet
579 629 636 669 10,
661 628 696 669 3,
722 627 777 661 16.
804 625 849 668 cf.
871 627 907 670 9,
932 629 967 669 3,
993 626 1049 660 56.
1098 627 1142 659 Ν.
1167 625 1319 672 igitur
1349 626 1483 659 frustra
1505 625 1605 659 Plato
1630 636 1712 659 cre-

215 673 314 706 didit.
344 676 375 715 1,
406 676 462 715 10,
489 673 544 707 15.
584 674 628 706 N.
654 672 808 718 igitur
830 674 900 717 jam
923 674 966 706 ad
994 672 1151 706 Coccum
1174 672 1396 706 remittemur
1419 674 1475 714 12,
1502 673 1558 715 10,
1582 674 1639 706 21.
1664 671 1711 706 Ν.

215 719 374 752 omittam
403 719 561 762 etiam,
595 721 690 763 quod
715 718 902 753 cotidianis
926 718 1181 763 experimentis
1209 717 1486 762 deprehenditur
1510 720 1567 760 11,
1591 720 1627 760 2,
1651 716 1713 752 42.

212 765 405 800 Pecuniam
430 766 475 799 de
498 766 631 809 templo
660 765 814 808 sustulit,
858 766 922 799 sed
956 766 1149 810 privatam:
1195 775 1232 798 ιι.
1271 764 1381 798 ideo
1415 763 1612 810 sacrilegus
1645 768 1714 797 est.

212 811 401 858 Virginem
429 812 566 856 rapuit,
605 823 641 845 n.
673 818 823 846 tamen
847 811 946 855 optio
972 811 1063 856 patri
1097 811 1247 845 dabitur.
1291 811 1490 857 Ingenuum
1522 809 1712 853 stupravit,

215 865 251 893 et
277 864 454 902 stupratus
480 870 519 892 se
546 858 748 902 suspendit:
785 869 821 892 n.
859 864 1015 892 tamen
1038 858 1081 891 id
1098 868 1149 892 eo
1185 862 1365 901 stuprator
1399 855 1515 901 capite
1546 855 1716 900 punietur

212 904 249 947 4,
274 907 309 947 2,
337 905 394 939 68.
437 905 493 939 69.
540 906 580 947 b)
613 918 681 949 seq.
716 906 844 938 enim.-
887 915 982 938 non
1007 903 1131 938 enim
1164 908 1284 947 potest
1320 913 1399 937 esse
1431 902 1612 944 delectus,
1651 900 1717 936 ubi

213 961 364 984 numero
385 951 569 984 laboratur
591 952 626 993 8,
653 952 686 993 5,
709 953 770 986 30.
804 951 848 984 Ν.
874 961 1014 995 semper
1038 951 1162 984 enim
1188 952 1245 994 10,
1271 951 1305 992 1,
1333 947 1390 983 14.
1415 949 1459 983 Ν.
1485 959 1565 983 esse
1592 947 1716 982 enim

213 998 310 1040 (Sp.
342 1009 400 1031 en·
426 997 526 1040 esse)
550 999 584 1040 3,
609 998 644 1040 6,
668 998 714 1033 99
747 1001 791 1031 Ζ.
827 995 872 1038 cs.
908 999 942 1039 3,
977 999 1012 1039 3,
1042 999 1066 1030 2
1100 1000 1142 1030 Ζ.
1175 1004 1219 1030 v.
1247 994 1390 1029 Enim.
1438 995 1483 1028 N.
1508 994 1648 1037 enim,
1683 993 1716 1028 si

214 1042 292 1079 Cic.
322 1049 420 1078 recte
446 1043 557 1083 dixit,
591 1043 782 1078 iccirco
810 1043 963 1087 probem
989 1045 1024 1084 8,
1048 1043 1082 1082 6,
1110 1042 1164 1077 15.
1188 1043 1231 1076 N.
1262 1041 1382 1076 enim
1404 1046 1504 1085 putat
1528 1051 1608 1075 esse
1630 1051 1718 1074 nar-

212 1090 392 1132 rationes,
429 1090 524 1123 nisi
550 1102 642 1134 quae
683 1101 856 1124 summam
894 1089 1053 1124 criminis
1086 1087 1295 1123 contineant
1326 1087 1370 1132 4,
1407 1089 1451 1131 2,
1488 1089 1544 1121 10.
1588 1097 1625 1120 ιι.
1647 1097 1714 1125 en,

213 1141 297 1169 tam
321 1135 423 1170 molli
446 1142 643 1180 teneraque
670 1147 785 1178 voce,
823 1147 954 1180 quam
985 1134 1074 1169 forti
1106 1145 1148 1169 ac
1189 1133 1344 1168 durabili
1376 1143 1467 1178 opus
1501 1139 1555 1167 est
1589 1134 1646 1175 11,
1678 1134 1715 1176 3,

211 1184 270 1216 23.
294 1193 331 1216 ιι.
359 1193 426 1216 en.
450 1189 608 1223 crescet,
643 1184 722 1216 sed
748 1181 928 1216 dividetur
953 1181 1057 1215 labor
1083 1184 1118 1225 2,
1144 1183 1178 1224 1,
1204 1182 1258 1215 13.
1285 1179 1331 1221 cs.
1356 1180 1392 1223 6,
1415 1178 1452 1223 4,
1473 1179 1509 1213 8.
1535 1181 1570 1221 7,
1598 1180 1654 1220 10,
1680 1178 1717 1217 5.

212 1229 250 1271 9,
279 1231 312 1271 1,
340 1230 373 1263 8.
399 1229 434 1270 9,
457 1231 490 1270 2,
518 1229 574 1262 43.
599 1230 656 1263 63.
683 1230 717 1270 9,
743 1230 777 1270 3,
806 1231 863 1262 21.
896 1231 952 1271 11,
982 1231 1013 1270 1,
1045 1229 1099 1262 38.
1124 1238 1160 1261 ιι.
1185 1237 1251 1261 en.
1282 1225 1362 1260 dixi
1384 1225 1598 1270 quidem,
1635 1225 1717 1259 sed

212 1285 286 1308 non
312 1273 439 1317 scripsi
472 1281 532 1307 etc.
568 1276 602 1316 9,
628 1277 661 1315 3,
689 1275 742 1308 55.
771 1275 815 1311 N.
849 1285 918 1308 en.
947 1275 1098 1308 solum
1123 1274 1179 1316 (a.
1209 1277 1232 1307 1.
1257 1283 1294 1306 ιι.
1321 1283 1350 1306 s.
1376 1270 1430 1314 e.)
1458 1270 1604 1305 nomina
1638 1269 1717 1315 ipsa

214 1331 338 1355 rerum
363 1330 621 1366 cognoscemus
645 1321 712 1353 hac
737 1331 836 1362 cura,
863 1321 949 1353 sed
979 1327 1039 1353 cic.
1067 1321 1125 1360 10,
1150 1323 1182 1361 1,
1208 1321 1243 1351 8.
1272 1317 1317 1359 cs.
1344 1321 1402 1361 11,
1427 1319 1460 1360 1,
1487 1316 1544 1351 34.
1575 1317 1620 1350 Ν.
1647 1326 1718 1352 en.

211 1366 398 1400 inclinatio
427 1365 665 1399 incumbentis
689 1365 726 1398 in
750 1366 995 1398 mulierculam
1017 1362 1144 1399 Verris
1168 1363 1374 1410 effingenda
1402 1368 1478 1406 est,
1505 1372 1596 1395 non
1624 1373 1717 1407 vox,

213 1412 328 1457 qualis
353 1413 477 1446 dolore
502 1411 736 1455 exprimitur,
770 1412 927 1445 eruenda
952 1414 1009 1448 11.
1039 1412 1074 1452 3,
1097 1410 1156 1444 90.
1203 1409 1247 1444 Ν.
1274 1420 1340 1442 en.
1370 1408 1456 1442 satis
1486 1407 1618 1451 efficit,
1641 1419 1719 1442 ne-

213 1470 303 1503 que
329 1460 438 1502 plane
463 1458 665 1492 dominatur
689 1457 804 1491 oratio
829 1458 863 1500 8,
892 1458 927 1498 3,
950 1457 1010 1491 62.
1059 1455 1095 1496 c)
1121 1455 1191 1495 mli.
1214 1461 1390 1488 tamen:
1429 1454 1532 1488 Νοιι
1565 1459 1719 1489 tamen

212 1507 285 1539 hoc
310 1506 400 1539 adeo
425 1504 672 1549 superstitiose
698 1503 809 1538 velim
828 1502 906 1536 fieri
933 1504 966 1544 1,
993 1504 1027 1543 1,
1056 1503 1111 1535 13.
1137 1501 1182 1534 N.
1216 1506 1320 1535 tam.
1352 1499 1516 1544 protinus
1536 1500 1720 1545 audiendi¹

212 1547 274 1596 'qui
298 1572 346 1577 ——
371 1552 523 1585 credunt
546 1553 602 1593 10,
629 1553 663 1593 3,
687 1552 744 1583 22.
769 1561 805 1584 n.
831 1554 856 1583 t.
882 1559 1025 1592 semper
1049 1550 1106 1589 11,
1131 1549 1165 1590 3,
1196 1547 1276 1583 151.
1313 1545 1452 1581 etiamsi
1487 1557 1593 1589 raro,
1626 1558 1662 1585 n.
1688 1553 1718 1592 t.

212 1609 398 1642 nunquam
435 1601 469 1640 1,
507 1599 562 1639 10,
586 1599 644 1635 37,
692 1607 783 1640 quae
811 1595 849 1628 si
874 1601 933 1628 aut
956 1594 1051 1628 inter
1075 1605 1114 1627 se
1136 1597 1399 1640 pugnentetc„
1433 1603 1468 1627 ιι.
1494 1597 1520 1626 t.
1549 1592 1645 1626 aliud
1671 1593 1728 1640 sier¹

213 1645 290 1686 ejus
313 1649 424 1678 status
450 1654 583 1677 nomen
607 1646 641 1685 7,
664 1645 699 1685 7,
728 1644 783 1676 10.
834 1653 926 1685 quae
953 1650 1046 1674 non
1071 1641 1202 1673 debent
1234 1636 1424 1684 quidem
1463 1639 1588 1672 deesse
1633 1649 1719 1672 ora-

213 1689 305 1725 tioni
329 1698 413 1732 eta,
447 1700 542 1724 non
565 1695 669 1722 tam.
698 1689 862 1722 habenda
886 1692 968 1720 sunt
991 1686 1086 1720 inter
1107 1696 1235 1732 magna
1271 1683 1453 1729 praesidia
1486 1686 1522 1727 5,
1563 1687 1621 1729 12,
1657 1687 1716 1718 12.

214 1738 259 1771 Ν.
290 1742 317 1773 t.
344 1737 424 1770 sere
450 1747 627 1780 unquam,
659 1734 749 1768 nisi
772 1734 1054 1778 imprudentem,
1085 1730 1244 1778 fugerint
1271 1733 1308 1775 7,
1342 1735 1376 1774 1,
1412 1729 1470 1764 40.
1501 1740 1537 1765 ιι.
1559 1736 1600 1765 .t.
1631 1730 1717 1766 satis

214 1782 443 1827 eloquentiae
469 1788 542 1825 est,
579 1794 621 1816 ea
643 1802 690 1807 -
715 1781 926 1823 ostendere,
956 1791 1005 1814 se
1020 1779 1043 1812 d
1067 1783 1149 1812 sunt
1171 1776 1275 1811 multi
1303 1787 1347 1811 ao
1370 1776 1464 1813 varii
1491 1777 1718 1812 excolendae

214 1829 389 1864 orationis
410 1829 509 1862 modi
532 1830 567 1872 8,
592 1831 626 1871 3,
652 1828 710 1862 86.
737 1838 774 1861 ιι.
798 1832 824 1861 t.
860 1832 910 1859 ut
940 1835 1081 1868 semper
1112 1823 1246 1858 ultimis
1280 1827 1482 1859 consonent
1515 1823 1552 1866 9,
1590 1824 1625 1866 3,
1658 1825 1719 1858 77.

215 1875 260 1918 cs.
286 1877 321 1918 9,
345 1875 381 1918 4,
409 1875 488 1910 135.
516 1877 574 1918 12,
597 1876 632 1917 7,
674 1877 706 1907 1.
757 1883 958 1918 quanquam
994 1872 1090 1905 aliud
1123 1870 1208 1904 dicit
1243 1880 1286 1903 ac
1317 1869 1449 1912 sentit,
1487 1878 1586 1903 non
1621 1868 1719 1903 aliud

214 1928 374 1956 tamen
401 1921 545 1955 simulat
565 1922 600 1964 9,
625 1923 659 1962 2,
684 1919 740 1954 45.
786 1920 922 1953 Eadem
945 1923 1028 1952 sunt
1050 1917 1089 1950 in
1117 1917 1269 1953 Oratore
1291 1914 1462 1961 plurima,
1489 1925 1524 1949 n.
1550 1914 1671 1948 omnia
1692 1920 1720 1950 tt

214 1970 251 2012 9,
277 1971 311 2011 1,
343 1968 398 2001 36.
431 1973 478 2001 ut
511 1966 729 2008 erraverim,
761 1966 923 2012 legentes
947 1970 1046 1998 tam.
1071 1973 1167 1997 non
1192 1963 1319 2006 decepi
1352 1963 1386 2005 6,
1419 1963 1454 2005 3,
1492 1963 1571 1995 112.
1625 1972 1718 2005 quae

215 2020 298 2048 sunt
322 2013 465 2060 generis
490 2014 662 2056 eiusdem,
686 2023 757 2056 quo
776 2011 928 2046 ridicula
951 2010 1130 2052 dicuntur,
1156 2014 1198 2043 et
1218 2014 1317 2042 tam.
1342 2017 1434 2042 non
1459 2012 1542 2041 sunt
1564 2009 1609 2041 ib.
1639 2009 1720 2042 110.

214 2060 260 2102 cs.
292 2064 324 2104 1,
343 2063 380 2103 2,
407 2063 441 2093 2.
469 2060 525 2094 16.
552 2063 584 2103 1,
611 2059 646 2101 4,
671 2061 728 2093 29.
758 2061 791 2102 1,
817 2058 851 2101 5,
880 2059 937 2092 37.
963 2059 998 2099 2,
1022 2056 1057 2096 6,
1083 2057 1138 2090 10.
1167 2057 1203 2098 2,
1230 2057 1285 2096 17,
1320 2055 1354 2089 5.
1394 2055 1429 2097 3,
1463 2055 1497 2096 1,
1527 2055 1587 2086 22.
1619 2052 1656 2097 6,
1679 2056 1717 2095 2,

213 2110 246 2141 1.
270 2108 306 2149 9,
335 2109 369 2148 2,
395 2107 453 2140 88.
480 2107 538 2141 89.
564 2107 599 2149 9,
628 2108 661 2146 3,
687 2106 743 2139 35.
761 2106 796 2147 9,
821 2105 857 2147 4,
886 2102 966 2138 145.
997 2105 1054 2145 10,
1083 2105 1116 2144 1,
1143 2099 1198 2136 54.
1227 2103 1282 2137 11.
1309 2103 1342 2143 1,
1370 2101 1428 2134 37.
1476 2097 1514 2139 d)
1545 2098 1614 2143 adj.
1641 2101 1728 2134 sed.

213 2157 268 2186 vel
293 2160 459 2186 autem.-
498 2152 580 2196 quia
607 2152 699 2196 apud
726 2161 808 2193 eos,
844 2149 905 2194 qui
928 2149 967 2182 in
995 2147 1244 2192 persuadendo
1275 2146 1382 2180 finem
1414 2150 1552 2189 putant,
1584 2143 1728 2191 verisi-j

213 2198 311 2233 milia
337 2205 573 2242 quaerentur:
606 2209 696 2231 non
722 2202 893 2238 autem,
930 2192 1070 2239 siquid
1094 2199 1147 2227 est
1183 2193 1296 2226 altero
1334 2190 1561 2234 credibilius,
1606 2190 1641 2224 id
1682 2189 1716 2226 e'

214 2243 433 2279 contrarium
462 2251 536 2287 est,
570 2245 667 2289 quod
691 2243 759 2276 fuit
783 2241 957 2276 credibile
982 2244 1017 2282 2,
1050 2242 1107 2282 17,
1133 2237 1190 2273 34.
1238 2239 1335 2271 Non
1371 2236 1526 2290 arbitror
1558 2200 1728 2295 antei&

213 2291 299 2324 mihi
324 2290 361 2323 in
385 2291 455 2323 hoc
479 2290 740 2324 immorandum
767 2291 823 2331 11,
852 2291 888 2331 2,
911 2286 948 2321 4.
995 2288 1096 2321 Νοιι
1126 2291 1180 2320 est
1207 2289 1361 2318 autem
1385 2288 1470 2317 saus
1498 2293 1538 2316 ιιι
1563 2282 1698 2327 narrati

215 2347 286 2370 one
311 2336 363 2369 uti
388 2336 570 2370 coloribus
593 2335 629 2379 4,
652 2339 687 2378 2,
712 2333 770 2370 94.
798 2333 844 2376 cs.
874 2337 909 2376 2,
939 2336 996 2376 17,
1021 2333 1079 2367 36.
1116 2331 1151 2375 6,
1179 2333 1212 2375 1,
1245 2332 1302 2365 30.
1335 2330 1370 2372 9,
1402 2331 1440 2372 2,
1472 2328 1537 2371 693
1581 2329 1706 2371 dabu„

214 2382 302 2416 :mihi
329 2383 483 2425 aliquam
508 2383 544 2416 in
569 2382 746 2416 irascente
783 2388 846 2414 ete.
878 2380 1045 2426 figuram,
1087 2377 1187 2411 scio:
1228 2377 1307 2410 sed
1344 2375 1455 2410 ideo
1485 2385 1577 2409 non
1606 2374 1679 2409 iras
1699 2372 1715 2383 ¹

216 2435 278 2462 etc.
306 2429 419 2474 figura
443 2428 511 2461 erit
533 2430 568 2471 9,
598 2431 631 2471 1,
657 2430 715 2462 25.
763 2426 977 2461 scholastica
1009 2423 1174 2467 materia,
1222 2423 1307 2457 sed
1339 2431 1460 2465 non,
1501 2431 1592 2466 quae
1624 2431 1701 2457 no

213 2473 327 2517 possit
352 2473 515 2508 accidere
543 2478 599 2518 11,
629 2477 663 2517 1,
688 2475 743 2508 82.
771 2472 816 2514 cs.
841 2473 877 2516 9,
902 2474 936 2515 3,
960 2472 1017 2507 89.
1043 2472 1100 2513 11,
1131 2471 1166 2512 3,
1194 2471 1250 2503 10.
1566 2511 1576 2520 ⁸
1695 2474 1701 2483 ⁴

309 2519 504 2562 lX)a‹1j1·c.
532 2524 648 2565 quia,
675 2521 811 2565 quod,
846 2521 980 2564 quin,
1014 2523 1073 2550 ut.
1100 2515 1133 2558 a)
1160 2529 1189 2549 c.
1215 2517 1348 2549 India.-
1372 2521 1608 2566 nonflula
1631 2557 1640 2565 .
1702 2555 1703 2558 Ἰ

212 2564 369 2597 maxime
397 2566 442 2597 ad
469 2565 793 2609 risum'compositi
820 2566 854 2607 6,
882 2567 916 2607 3,
946 2565 987 2598 18
1015 2563 1061 2596 N.
1109 2571 1201 2596 non
1234 2561 1340 2606 quia
1363 2570 1455 2594 non
1478 2559 1540 2592 ule
1566 2563 1677 2603 optim

215 2610 299 2643 sed
325 2609 435 2653 quia
458 2612 646 2654 plurimum
664 2612 783 2645 refert
807 2613 863 2654 11,
891 2614 924 2653 1,
952 2612 1009 2644 61.
1056 2607 1096 2653 β)
1121 2621 1150 2642 c.
1175 2607 1293 2651 Conj..·
1328 2617 1365 2641 ιι.
1398 2604 1511 2650 quia
1544 2602 1656 2638 transi

213 2655 292 2700 ipse
319 2655 364 2688 sit
387 2657 530 2690 schema
554 2659 588 2700 9,
614 2661 648 2700 2,
673 2658 730 2691 61.
760 2656 804 2698 cs.
829 2657 866 2698 8,
892 2658 926 2698 5,
952 2657 1007 2689 10.
1043 2664 1150 2696 ιιοιι,
1181 2653 1294 2697 quia
1316 2661 1467 2699 magnae
1493 2648 1541 2684 sit
1566 2659 1725 2694 operaes

214 2719 259 2727 ——
286 2701 368 2734 sed
396 2700 500 2743 quia
526 2703 708 2746 apparebit
731 2713 857 2748 magna
882 2712 1001 2735 rerum
1023 2700 1196 2734 subtilitas
1222 2702 1255 2742 1,
1289 2697 1324 2741 4,
1357 2698 1392 2732 6.
1427 2695 1474 2739 cs.
1509 2698 1566 2739 12,
1594 2697 1650 2738 11,
1674 2691 1728 2731 10¹

214 2757 255 2780 ιι.
286 2746 400 2790 quia
427 2745 616 2782 Ceratinae
641 2756 702 2781 etc.
728 2749 862 2782 faciant
884 2746 1101 2790 sapientem,
1136 2745 1217 2779 sed
1243 2744 1345 2789 quia
1368 2743 1468 2778 illum
1498 2743 1546 2776 ne
1572 2739 1611 2774 in
1641 2750 1711 2792 m}-

215 2791 322 2828 nimis
347 2791 490 2836 quidem
512 2799 677 2838 oporteat
701 2793 780 2827 salli
802 2795 839 2836 1,
865 2795 921 2836 10,
945 2792 980 2828 5.
1008 2790 1054 2833 os.
1074 2789 1111 2836 6,
1136 2792 1171 2835 3,
1196 2789 1255 2826 48.
1278 2790 1314 2834 9,
1337 2787 1375 2834 4,
1411 2788 1491 2824 133.
1533 2796 1571 2820 n·
1604 2794 1711 2830 qm·
