1728 3002
0 437 11 477 t

540 242 595 285 de
623 241 912 284 Grammatica
941 219 1249 291 Quintilianea.
1332 288 1334 293 Α
1466 239 1674 279 Lxxxlu

107 361 328 413 ,Verum
370 366 424 408 et
455 355 716 421 ‘deinceps
762 353 1052 403 sententias
1102 353 1416 405 introducit.
1498 357 1673 403 Mole-

130 437 352 501 stissima
398 453 529 487 vero
581 438 774 483 harum
827 433 1213 498 repetitionum
1269 449 1346 482 est
1397 449 1456 497 7,
1501 449 1558 494 2,
1607 430 1675 481 55

130 517 302 582 Neque
334 515 458 564 haee
492 531 619 578 nego
654 531 756 562 esse-
787 513 1028 573 dicenda,
1064 522 1118 562 et
1142 514 1267 578 t'pst's
1296 514 1544 562 utendum
1571 528 1672 576 pro

128 603 283 660 parte
310 603 558 659 suscepta.
627 593 762 642 Nam
791 600 841 639 et
875 591 940 638 in
962 594 1150 656 foro,
1187 595 1237 641 se?
1264 594 1464 659 quando
1493 593 1674 639 adt-er-

130 675 302 724 san’as
338 674 559 740 probare
591 690 693 722 non
729 671 948 736 poterit,
1005 672 1399 722 desiderabo.
1465 672 1567 719 Sed
1606 672 1673 719 in

119 757 281 819 foro
325 762 526 803 tantam
568 752 713 800 illam
744 751 1068 815 facilitatem
1101 751 1222 799 olim
1266 751 1672 799 desiderat-i-

126 850 286 893 mus,
321 832 415 880 ubi
442 849 542 879 non
559 834 688 895 fere
722 847 879 878 causa
915 830 1118 892 agitur,
1154 839 1219 878 ut
1249 849 1348 879 non
1379 831 1576 896 aliquid
1610 846 1674 877 ea:

128 911 210 959 his
241 920 339 960 aut
360 911 524 975 ,plura
546 918 823 973 ponantur.
894 910 1168 963 Succurrit
1203 910 1481 957 molestiae
1514 908 1673 975 hujus

133 989 240 1037 loci
262 988 602 1055 Spaldingius
628 990 949 1052 reponendo
978 987 1386 1048 desiderabimus,
1424 991 1513 1035 sed
1548 989 1673 1053 plu-

101 1104 105 1114 .
131 1067 278 1117 ribus
301 1065 650 1115 incommodis
678 1079 823 1112 totus
853 1065 1092 1126 laborat,
1125 1080 1180 1113 et
1210 1066 1286 1114 bis
1316 1066 1554 1132 repetitis
1585 1065 1675 1113 iis-³

134 1149 256 1193 dem
276 1144 451 1194 verbis
475 1145 530 1192 iu
546 1147 681 1208 foro
703 1157 757 1191 et
781 1144 1096 1205 desiderare,
1133 1159 1187 1192 et
1209 1154 1419 1194 mutata
1439 1161 1675 1211 persona

131 1223 422 1272 desiderabo
452 1239 520 1271 ac
550 1223 967 1282 desederat-imus,
1017 1237 1071 1270 et
1107 1224 1330 1271 omnino
1365 1224 1674 1272 intellectus

131 1302 482 1362 difficultate,
524 1316 588 1349 ut
633 1302 884 1367 equidem
926 1303 1123 1362 fatear,
1170 1320 1283 1362 me,
1332 1303 1523 1351 omissa
1558 1316 1676 1350 tota

130 1381 399 1431 sententia
432 1382 534 1428 Sed
558 1382 612 1428 in
634 1385 769 1446 foro
803 1390 1003 1429 tantam
1030 1381 1173 1429 illam
1195 1383 1519 1445 facilitatem
1554 1383 1675 1429 olim

132 1460 550 1519 desideravimus,
604 1475 702 1507 aut
745 1475 891 1508 certe
935 1478 1033 1526 per
1066 1460 1530 1526 interpositionem
1561 1460 1675 1511 sive

131 1538 503 1604 parenthetice
533 1554 784 1605 accepta,
815 1539 950 1586 nihil
985 1539 1136 1587 aliud
1171 1539 1613 1589 desideraturum.

271 1616 651 1666 Gravissimum
694 1633 879 1666 tamen
926 1633 1035 1679 est,
1101 1636 1271 1683 quum
1326 1621 1496 1684 paulo
1549 1631 1676 1684 post

129 1694 271 1742 idem
302 1697 530 1745 verbum
560 1697 768 1746 diversa
804 1696 1196 1764 significatione
1229 1699 1480 1763 ponitur,
1525 1712 1589 1744 ut
1625 1713 1674 1760 9,
1716 1720 1720 1729 ¹

134 1771 193 1834 5,
243 1790 276 1837 7
336 1776 512 1834 Quod
559 1776 751 1824 mirum
793 1778 962 1823 minus
1005 1785 1108 1835 est,
1165 1778 1328 1841 qaod
1378 1778 1432 1824 in
1477 1786 1675 1824 natura

64 1901 66 1904 ,
131 1850 398 1901 verborum
434 1863 534 1914 est,
584 1864 638 1904 et
667 1873 795 1920 quae
814 1856 1051 1920 facimus
1076 1858 1319 1920 patiendi
1343 1857 1490 1904 modo
1525 1874 1675 1920 saepe

134 1931 317 1978 dicere.
369 1950 424 1992 7,
466 1951 518 1993 1,
560 1949 632 1982 10.
675 1952 728 1981 11
778 1935 899 1998 quia
934 1943 986 1982 et
1017 1936 1165 1983 initio
1208 1937 1544 1984 movendus
1587 1937 1678 1983 sit

127 2008 326 2070 jude-‘1⁷5
355 2018 404 2055 et
425 2027 616 2057 summo
645 2014 990 2075 impellendus.
1039 2016 1109 2062 At
1136 2032 1234 2078 pro
1262 2032 1350 2062 reo
1376 2016 1675 2079 plerumque

133 2085 492 2146 gravis-emman
512 2089 725 2152 quidque
744 2091 970 2151 primu-m
992 2109 1202 2139 mot-en
1216 2093 1296 2138 du
1307 2110 1357 2139 m
1381 2102 1484 2140 est.
1520 2093 1567 2153 3,
1595 2108 1672 2154 10,

135 2167 172 2217 Δ.
203 2163 295 2210 cm’
321 2164 500 2211 similes
534 2166 638 2213 erit
662 2168 1057 2229 petitionum
1089 2168 1136 2221 (i.
1159 2186 1202 2216 e.
1236 2171 1672 2233 accusationum)

135 2242 346 2289 t‘um‘cem
367 2243 686 2292 diversarum
703 2251 787 2306 (sc.
799 2218 1048 2305 causa)·—-
1062 2283 1075 2295 .
1115 2248 1215 2294 Cui
1230 2250 1525 2312 etpetae'tio
1534 2269 1672 2299 uum

134 2321 186 2384 (i.
211 2339 254 2369 e.
274 2322 495 2386 praemii
513 2323 935 2391 flagitationum)
967 2326 1192 2374 condicio
1208 2345 1311 2391 par
1330 2337 1416 2376 est.
1438 2348 1489 2378 v.
1510 2332 1637 2377 Not.

268 2399 316 2446 ὅ.
381 2400 469 2448 Ad
518 2402 767 2450 ultimum
810 2404 1078 2469 reliquum
1124 2421 1225 2466 est,
1279 2421 1342 2455 ut
1398 2407 1559 2456 etiam
1607 2427 1673 2456 ea

133 2494 527 2540 recenseamus,
568 2498 711 2546 quae
740 2499 895 2530 aures
927 2498 1133 2532 nostras
1169 2485 1389 2551 quidem
1424 2488 1672 2535 offende-

134 2570 266 2604 runt
294 2573 563 2606 concursu
595 2561 895 2625 aequaliter
924 2564 1233 2612 sonantium
1258 2567 1671 2627 vocabulorum,

133 2651 367 2700 quorum
412 2628 660 2703 exempla
696 2642 832 2687 haec
866 2640 1240 2709 indagavimus
1276 2658 1330 2690 et
1365 2649 1670 2710 composui-

133 2729 275 2773 mus,
319 2732 391 2762 ne
431 2715 566 2763 nihil
609 2716 667 2764 in
710 2720 1097 2786 elegantissimo
1144 2721 1332 2769 aetatis
1372 2739 1500 2770 suae
1544 2724 1671 2770 scri-

131 2805 292 2857 ptore
347 2807 402 2841 et
458 2794 852 2864 diligentissimo
903 2814 1260 2866 praeceptore
1323 2802 1671 2867 eloquentiae
