1728 3002
593 286 798 331 Meridies
828 306 886 317 —
916 283 1066 328 Metuo
1548 285 1631 359 522}

147 402 375 441 continuetur
404 405 441 446 7,
461 401 499 447 6,
522 402 557 437 3.
586 400 631 443 d.
658 403 717 445 11,
742 404 775 444 1,
803 401 863 436 82.
910 397 1090 435 credibilis
1114 397 1182 434 erit
1208 398 1315 434 etiam
1338 395 1483 444 propris
1505 380 1655 443 quaed.>

146 449 188 485 ἰιι
209 450 270 484 illa
295 450 486 485 meretrice
511 447 692 493 turpitudo
730 450 787 491 11,
817 450 849 489 1,
872 444 932 480 83.

99 494 322 537 Meridie&
367 505 606 541 meridiem
628 515 674 538 an
696 496 955 538 medidiem
979 507 1142 548 oporteat
1168 500 1287 546 (dici)
1311 503 1345 544 1,
1367 502 1404 544 6,
1427 502 1487 536 30.

102 551 277 594 Merito·
333 562 363 598 si
389 562 610 607 adfaliquem
631 573 679 596 m.
702 560 985 605 concurritur-J,
1010 564 1045 604 2,
1073 561 1131 597 16.
1175 569 1285 594 aureo
1328 560 1465 603 plectro
1489 568 1539 590 m.
1570 556 1639 590 do·-

149 616 254 643 natur
278 612 333 652 10,
363 611 396 649 1,
422 609 477 644 63.
527 608 623 653 quod
647 619 727 641 eum
753 619 798 641 m.
827 606 959 641 fecisse
984 608 1020 649 8,
1042 607 1102 643 Pr.
1127 607 1184 651 1¹5.
1214 617 1341 640 verum
1369 611 1571 658 utrumque,
1596 612 1639 654 ac

149 666 197 689 m.
226 657 388 689 laudatur
416 657 472 697 11,
498 658 531 698 1,
556 655 613 689 93.
641 653 686 695 cs.
711 655 745 696 3,
770 654 805 696 8,
828 654 882 687 66.
908 655 945 696 9,
970 651 1006 695 4,
1033 654 1088 687 32.
1114 655 1192 687 111.
1238 652 1298 686 hic
1334 652 1463 685 muner
1487 649 1639 689 embmt,

150 701 278 736 merito
302 702 337 744 5,
363 704 418 744 11,
442 701 515 736 29..
548 705 583 734 et
605 699 733 734 merito
759 700 795 743 6,
832 702 864 742 1,
897 699 931 734 4.
961 697 1116 742 risimus,
1142 704 1179 733 et
1208 709 1270 740 m.,
1295 708 1411 742 nuper
1438 702 1580 742 poetam
1602 695 1638 736 8,

95 791 322 842 ,ΜΘΓῘἈΠῺ-
368 803 496 838 merita
519 803 692 844 maiorum
716 802 751 845 6,
787 805 820 845 1,
853 804 910 837 21.
956 801 986 835 si
1025 800 1151 836 merita
1181 799 1219 834 in
1253 795 1496 834 adversarium
1528 795 1642 840 aliqua

151 849 364 894 exposueris
386 850 514 893 4,3,7.
547 849 673 893 quibus
702 848 836 882 meritis
860 848 972 882 fretus
998 847 1033 889 4,
1059 850 1093 889 2,
1118 847 1172 881 15.
1196 847 1328 880 habent
1356 844 1402 887 (S
1414 856 1445 887 p.
1471 840 1643 883 habetur)

151 895 190 930 in
211 896 346 930 meritis
373 896 519 942 gratiam
556 896 649 939 (Sp.
679 894 813 941 gratia)
849 895 1046 938 pericnlum
1084 903 1226 937 quoque
1259 898 1295 926 et
1326 889 1515 924 difficultas
1543 889 1578 929 7,
1607 886 1645 927 4,

152 944 208 976 22.
234 945 276 975 Ζ.
324 953 475 986 quorum
497 940 771 986 (praemiorum)
795 946 963 974 tractatus
989 951 1039 974 ex
1068 939 1147 984 ipso
1183 937 1389 973 meritorum
1418 943 1550 983 gener}
1580 931 1645 965 du-

153 994 286 1022 cuntur
306 990 349 1022 ib.
374 991 430 1021 21.

108 1042 312 1086 Menate·
354 1054 443 1099 (pro
468 1053 698 1097 mersare)
725 1057 758 1097 1,
785 1052 820 1095 4,
845 1052 902 1089 14.

107 1097 292 1142 Merula·
320 1129 369 1137 -—
396 1111 478 1156 quia
506 1113 607 1159 sols
634 1113 754 1155 volat,
790 1111 892 1155 quasi
917 1121 1041 1145 mera
1072 1110 1246 1146 volans
1284 1111 1318 1151 1,
1340 1108 1376 1150 6,
1407 1108 1465 1142 38.

109 1155 297 1199 Merum·
343 1169 547 1213 ob’jecturus
572 1169 733 1203 Antonio
756 1166 886 1203 cicero
909 1179 1079 1203 merum
1102 1173 1138 1203 et
1160 1164 1390 1203 vomitum
1411 1165 1446 1206 8,
1467 1161 1504 1206 4,
1530 1161 1588 1197 16.

110 1212 275 1255 Metus·
322 1225 493 1271 quidquid
514 1226 622 1260 meris
645 1225 834 1269 adjicietur
856 1225 1039 1260 affectibus
1065 1227 1122 1268 11,
1148 1227 1182 1267 1,
1203 1225 1259 1277 ⁵2·
1288 1235 1320 1256 v.
1344 1221 1538 1256 Merula.

111 1268 256 1312 ΜΒῙΧ·
287 1283 418 1318 mercis
441 1283 605 1318 sordidae
630 1282 837 1330 negotiator
861 1284 895 1325 t,
920 1284 977 1323 12,
1003 1284 1062 1316 17.
1419 1291 1426 1295 ·
1643 1323 1650 1326 ᾖ

112 1325 287 1373 Messi&
331 1341 438 1384 plens
458 1352 506 1374 m.
531 1342 629 1384 8,·3,
655 1341 689 1375 8.
715 1351 784 1374 nec
811 1338 890 1374 fieri
916 1343 1049 1384 potest,
1075 1344 1116 1373 ut
1139 1338 1190 1373 ibi
1218 1336 1386 1372 messis
1408 1335 1468 1379 sit,
1500 1333 1655 1368 abisa-

157 1389 254 1419 tu‘m
275 1395 351 1421 non
375 1392 431 1420 est
453 1387 488 1430 5,
515 1387 553 1430 9,
577 1386 611 1422 5.
658 1397 741 1421 area
767 1386 903 1430 (tenet)
924 1396 1090 1420 messem.
1141 1387 1316 1421 Versu,
1357 1384 1393 1426 9,
1416 1381 1452 1425 4,
1489 1381 1547 1417 90.
1572 1385 1655 1414 ante

156 1441 310 1466 messem
332 1434 368 1476 1,
392 1433 428 1476 3,
447 1431 496 1473 5.,
1666 1438 1670 1443 ’

112 1485 378 1545 MetalepsiS·
424 1499 488 1533 Est
513 1492 605 1534 haec
626 1499 666 1534 in
688 1500 1041 1545 metalepsinatura,
1084 1504 1124 1533 ut
1150 1499 1245 1534 inter
1274 1497 1323 1539 id,
1355 1480 1454 1542 qnod
1482 1494 1657 1528 transfer-

160 1551 232 1588 tur,
258 1546 306 1587 sit
324 1545 462 1580 medius
485 1545 581 1590 quid.
606 1548 757 1594 gradus,
780 1547 872 1582 nihil
892 1546 971 1591 ipse
996 1546 1220 1593 significans,
1249 1545 1312 1579 sed
1334 1544 1656 1589 praebens-,unns-

64 1625 75 1629 ,
159 1590 249 1624 itum
271 1592 307 1634 8,
331 1591 367 1634 6,
391 1593 448 1626 38.
476 1591 515 1625 ‘m
536 1593 833 1637 metalepsin
856 1594 951 1627 cadit
974 1593 1010 1636 6,
1035 1595 1071 1635 3,
1098 1594 1157 1627 52.
1247 1602 1251 1605 ·

10 1635 19 1642 ‘
114 1634 490 1692 Metamorphosis.
538 1648 578 1682 iu
599 1650 920 1694 metamorphosesi
941 1649 977 1693 4,
1007 1653 1041 1693 1,
1065 1653 1125 1684 77.

117 1690 439 1748 Meffaphssmlls·
463 1710 503 1739 ut
526 1705 617 1740 vitia
639 1705 716 1750 ipsa
744 1707 822 1741 aliis
845 1707 884 1741 in
907 1707 1064 1741 carmine
1090 1705 1386 1751 appellationibus
1407 1701 1658 1743 nominentnr‘;

163 1751 493 1793 metaplasmos
525 1751 631 1784 ·enim
662 1758 697 1785 et
725 1753 1096 1787 schematismos
1138 1759 1174 1786 et
1206 1752 1445 1785 schemata
1475 1758 1661 1791 vocamus,

165 1799 203 1828 et
225 1795 368 1828 laudem
393 1795 535 1830 virtutis
559 1797 763 1831 necessitati
789 1799 912 1832 damus
950 1802 984 1841 1,
1007 1800 1044 1839 8,
1069 1797 1114 1831 14
1136 1799 1187 1832 N.

121 1837 396 1894 Metflphol'a·
441 1853 477 1894 8,
499 1853 536 1895 6,
561 1852 597 1887 4.
621 1853 659 1887 iu
685 1859 798 1888 totum
823 1860 926 1889 met.
960 1854 1109 1890 brevior
1140 1859 1195 1888 est
1230 1852 1509 1887 similitudo
1546 1855 1591 1887 ib.
1622 1854 1659 1888 8.

169 1902 229 1929 aut
251 1902 441 1930 vacantem
463 1908 639 1941 occupare
658 1901 781 1939 locum
810 1901 938 1944 debet,
978 1907 1059 1945 aut,
1101 1900 1133 1934 si
1164 1899 1204 1933 in
1235 1899 1391 1934 alienum
1425 1899 1548 1942 venit,
1580 1899 1660 1944 plus

109 1984 117 1988 θ
168 1942 292 1976 valere
316 1951 386 1984 eo,
416 1943 513 1985 quod
540 1945 690 1987 expellit
712 1948 755 1980 ib.
784 1947 839 1980 18.

122 1984 382 2028 Methodice·
415 1998 507 2032 ratio
531 2000 699 2043 loquendi
724 2009 800 2043 erm,
828 2012 976 2045 quarum
998 2001 1097 2036 illam
1115 2001 1344 2036 methodicen
1364 2006 1498 2036 vocant
1516 2003 1550 2043 1,
1572 2002 1664 2044 9,›1.

123 2042 297 2086 Metior.
345 2053 385 2095 α)
408 2050 548 2099 tempus
572 2058 686 2091 solum
710 2056 771 2099 (α.
796 2062 818 2091 1.
844 2068 971 2091 sonum
1000 2062 1045 2091 al.
1072 2059 1192 2100 sono)
1216 2058 1360 2092 metitur
1384 2058 1454 2102 (sc.
1481 2055 1660 2101 rhythmts)

173 2103 208 2143 9,
234 2099 274 2144 4,
293 2098 340 2134 48
365 2101 412 2134 Ν.
441 2114 486 2134 cr.
534 2102 765 2137 metiatur
791 2114 832 2136 ac
853 2103 1045 2156 diiigenter
1066 2104 1284 2138 aestimet
1321 2103 1421 2139 ‘vires
1445 2115 1526 2137 suas
1557 2104 1593 2148 6,
1626 2107 1662 2148 1,

172 2145 232 2180 45.
278 2156 351 2179 non
378 2146 591 2190 metiuntur,
626 2150 809 2192 quaejam
834 2154 971 2194 egermt
1010 2151 1043 2191 1,
1075 2152 1131 2192 12,
1163 2152 1233 2185 11,,
1278 2148 1321 2193 β)
1351 2150 1424 2194 adj.
1456 2152 1574 2184 Ablat.
1604 2157 1664 2183 mn

174 2205 250 2225 ex.-
285 2196 436 2225 aetatem
461 2199 618 2229 nostram
641 2204 714 2228 non
737 2194 851 2238 spatio
876 2194 1086 2235 senectutis,
1122 2196 1186 2230 sed
1219 2200 1381 2239 tempore
1404 2195 1666 2230 adolescentiae

172 2237 360 2272 metiamur
387 2241 443 2281 12,
470 2241 526 2282 11,
552 2241 607 2274 13.
647 2238 896 2285 ‘prodigiosum
920 2241 1008 2274 illud
1032 2251 1162 2284 corpus
1190 2241 1304 2285 spatio
1328 2241 1400 2275 loci
1433 2252 1578 2275 mensus
1608 2240 1691 2276 'est'

133 2297 141 2303 ’
171 2285 207 2326 8,
236 2285 270 2326 3,
292 2282 349 2318 84.
379 2282 586 2327 (sermones)
610 2296 759 2320 numero
786 2297 956 2321 versuum
978 2286 1190 2321 metiebatur
1218 2289 1275 2330 10,
1310 2289 1344 2330 3,
1369 2289 1426 2321 32.
1454 2287 1575 2321 studia
1595 2287 1669 2322 uti-

172 2330 272 2364 litate
295 2329 372 2363 sola
393 2329 560 2363 metiatur
583 2334 638 2373 12,
664 2334 720 2374 11,
750 2333 807 2367 29.
852 2332 914 2366 ubi
937 2338 1098 2376 tempora
1127 2333 1231 2367 etiam
1266 2333 1385 2367 animo
1413 2333 1608 2368 metiuntur
1628 2335 1666 2378 9,

173 2374 210 2418 4,
234 2375 275 2409 51
303 2375 376 2417 Ν.;
412 2386 470 2410 ex
493 2377 565 2410 hoc
588 2387 730 2421 quoque
756 2378 876 2412 oneris
900 2378 1180 2425 magnitudinem
1199 2378 1326 2413 metiar
1347 2378 1383 2423 4,
1407 2379 1466 2414 Pr.
1490 2382 1525 2414 2.

129 2419 350 2462 Men-icus·
398 2443 445 2468 m.
468 2434 579 2477 pedes
599 2435 825 2478 reperiuntur
851 2435 891 2468 in
914 2435 1078 2470 oratione
1101 2437 1135 2478 9,
1158 2434 1195 2479 4,
1230 2437 1286 2471 52.
1311 2436 1370 2471 48.

129 2475 333 2519 Metram·
379 2488 483 2523 metri
511 2491 677 2526 condicio
703 2495 735 2535 1,
759 2492 794 2535 5,
817 2494 875 2527 28.
905 2504 952 2526 m.
978 2492 1174 2527 necessitas
1199 2495 1232 2533 1,
1255 2493 1291 2535 6,
1314 2495 1350 2527 2.
1379 2494 1414 2535 8,
1438 2493 1474 2537 6,
1500 2495 1558 2528 17.
1594 2504 1669 2528 me-

176 2539 234 2568 tro
259 2533 398 2568 servire
433 2538 467 2578 1,
499 2536 535 2579 8,
572 2536 638 2580 14;
671 2538 908 2583 rhythmi,
941 2538 979 2572 id
1002 2544 1080 2583 est,
1111 2538 1298 2573 numeri
1319 2538 1434 2583 spatio
1468 2544 1669 2583 temporum

179 2585 364 2623 constant,
394 2586 542 2615 metra
574 2582 681 2617 etiam
715 2584 842 2618 ordine
874 2585 910 2627 9,
942 2583 977 2626 4,
1011 2583 1069 2618 46.
1124 2585 1179 2618 rh
1190 2584 1364 2637 ythmis
1394 2584 1507 2619 libera
1539 2585 1667 2629 spatia,

178 2625 349 2659 metris
371 2626 469 2660 finita
492 2632 593 2671 sunt,
627 2634 663 2663 et
678 2629 744 2663 ,his
771 2636 891 2664 certae
914 2631 1113 2674 clausulae,
1149 2630 1224 2674 iun,
1255 2632 1434 2675 quomodo
1459 2636 1669 2675 coeperant,

31 2661 54 2704 ᾖ
180 2677 327 2706 currunt
349 2683 461 2716 usque
484 2674 527 2706 ad
551 2672 760 2720 μετιβολῆὐ
786 2678 828 2710 ib.
859 2677 915 2710 50.
942 2687 1022 2710 cum
1046 2676 1079 2709 ei
1113 2675 1400 2720 (grammaticae)
1434 2677 1479 2711 de
1502 2677 1670 2711 metris

36 2752 42 2761 Ι
178 2718 495 2762 rhythmisque
519 2718 707 2754 dicendum
729 2721 777 2756 sit
799 2724 833 2764 1,
861 2720 898 2764 4,
921 2720 958 2756 4.
1005 2722 1112 2756 alium
1141 2731 1208 2767 pro
1243 2723 1315 2757 alio
1349 2723 1442 2766 pede
1474 2728 1671 2756 metrorum

181 2764 272 2798 ratio
295 2774 371 2797 non
394 2764 521 2808 recipit
544 2765 580 2806 9,
602 2763 638 2807 4,
659 2765 720 2802 49.
764 2766 803 2801 in
826 2767 951 2802 metris
984 2778 1110 2803 omnes
1131 2769 1264 2810 breves
1289 2770 1491 2816 longaeque
1513 2768 1609 2802 inter
1631 2778 1671 2802 se

40 2802 58 2822 '⁸
180 2809 348 2844 obsessae
371 2815 454 2844 sunt
474 2821 579 2854 pares
601 2813 646 2845 ib.
670 2811 719 2847 84
741 2814 789 2846 Ν.
815 2825 863 2847 cr.
892 2826 926 2848 v.
950 2814 1185 2849 Numerus.

30 2839 72 2918 ᾖ]
137 2850 301 2895 Metuo·
347 2867 408 2910 qui
436 2863 730 2912 nonmetust,
761 2869 938 2913 oderit,
975 2876 1134 2915 speret
1163 2873 1198 2914 7,
1236 2875 1270 2913 2,
1307 2872 1365 2905 37.
1411 2879 1528 2914 neque
1563 2880 1670 2904 accu-
