1742 2964
184 145 268 187 970
743 143 925 190 volatus
954 174 1009 180 —-
1038 147 1153 191 Volo
1204 154 1207 155 ⁷

230 260 368 307 conjecit
395 258 481 305 Sp.)
494 251 623 296 'vocari
644 260 679 304 6,
706 263 741 303 2,
768 264 809 295 11
827 261 874 295 N.
893 269 983 296 cnei
1003 263 1038 296 S.
1086 262 1139 306 11)
1166 264 1208 299 δε
1227 265 1356 300 nomine
1372 267 1563 306 tribnmdoss
1585 272 1626 302 ut
1641 268 1708 313 ipsi

225 312 358 342 vocant
381 308 425 348 3,
453 308 497 350 8,
520 308 580 342 58.
603 309 700 351 quod
726 308 916 342 obscurum
946 313 1079 343 vocant
1101 312 1152 355 5,
1169 311 1234 353 13,
1258 311 1360 346 16’Ζ.
1491 311 1532 346 id
1556 321 1708 349 vocetur

225 355 271 396 7,
303 354 342 396 3,
371 354 405 388 9.
439 354 509 386 hoc
544 355 731 388 consulere
763 360 905 388 veteres
934 361 1157 390 vocaverunt
1190 356 1278 401 (Sp.
1302 368 1392 402 appe
1419 359 1588 402 avemnt),
1613 365 1648 401 1,
1670 361 1706 403 6,

223 399 271 432 32
288 402 330 432 Z.
365 405 518 432 vocatur
547 405 582 433 et
614 400 794 443 aliquid
819 401 975 434 clausula
998 403 1042 442 8,
1069 402 1108 445 5,
1138 403 1194 436 13.
1228 413 1295 450 ego
1328 412 1374 437 ue
1407 405 1527 445 iliud
1561 396 1705 450 ‘quidem

223 444 451 488 aposiopesin
478 457 616 490 semper
636 457 744 488 voco,
770 446 806 479 in
835 457 905 490 quo
931 454 989 480 etc.
1016 449 1050 489 9,
1075 450 1108 490 3,
1131 439 1189 483 61.
1215 450 1303 483 hoc
1327 445 1452 484 Celsus
1483 452 1708 495 sustentatio-

221 501 306 524 nem
328 498 434 526 vocat
461 493 503 533 9,
526 495 570 534 2,
598 495 654 526 22.
682 492 726 533 cf.
751 494 792 534 9,
817 495 860 535 3,
883 492 941 527 45.
967 494 1072 533 hoc,
1098 495 1219 538 quod
1245 496 1357 542 vulgo
1380 491 1530 531 sente-ii
1594 509 1707 534 voca-
1733 514 1742 525 ·

222 548 301 571 mus
327 540 383 580 12,
408 540 463 577 10,
487 538 544 572 48.
574 540 694 582 quod
718 541 922 582 συνωνυμία
947 545 1096 573 vocatur
1119 542 1153 581 8,
1179 543 1213 584 3,
1243 542 1296 576 16.
1327 554 1360 575 v.
1384 542 1480 588 Qui.
1514 553 1535 577 a
1563 549 1705 578 teram

221 583 392 626 (speciem)
420 583 547 618 Graeci
573 581 699 618 πάθος
723 590 866 626 vocant,
895 586 1088 619 alteram
1113 580 1209 626 ἦθος
1232 587 1266 630 6,
1290 589 1383 630 2,’8.
1422 587 1467 630 cfi
1491 590 1526 632 9,
1556 591 1589 631 3,
1613 593 1636 623 2
1657 591 1703 624 Ν.

221 630 418 663 referamus
445 632 599 673 (nomen,
625 632 713 675 quod
735 633 907 664 tenendum
934 630 998 673 sit)
1023 633 1065 665 ad
1101 633 1253 676 aliquem
1283 633 1455 677 amicum,
1491 634 1553 679 qui
1570 635 1703 678 idem

222 681 374 728 vocetur
399 678 463 719 11,
490 679 510 710 2
517 703 531 729 .'
557 678 614 710 30.
640 675 683 717 cs.
709 677 743 719 9,
769 679 802 720 3,
830 679 885 711 13,
914 677 972 722 qui
997 679 1085 712 haec
1109 677 1291 713 καθολικιὶ
1315 687 1447 715 vocant
1468 682 1503 723 8,
1527 681 1562 724 5,
1585 677 1623 719 7.
1639 683 1707 727 iias

221 725 815 812 {1551'3250351¹2⁶i3200253533213213
820 749 837 811 ,’
864 723 1055 814 thaeus:
1074 727 1117 812 ἔξ
1143 723 1185 813 3²,
1202 724 1269 806 ἒξ.
1282 727 1538 806 9..ῗ.ἰ.ἷ.ἷὲ..ῗ.0
1544 729 1706 816 ’.ῗιέιέἶζ

219 815 317 858 quod
343 814 460 848 animo
484 815 689 857 sensissent,
718 822 942 850 vocaverunt
964 817 1005 858 8,
1032 816 1072 855 5,
1100 819 1130 850 1.
1169 817 1268 860 cujus
1293 818 1470 855 hereditas
1494 813 1704 864 mutinam

218 861 582 905 vocant,sapientiam
606 862 647 904 6,
676 863 719 904 3,
743 863 801 896 97.
829 861 873 903 cs.
900 864 963 902 10,
988 864 1003 895 1
1019 889 1029 905 ,
1055 863 1111 896 81.
1141 862 1224 896 illae
1247 863 1344 908 ipsae
1371 865 1588 908 (materiae),
1613 863 1704 910 (inae

221 906 328 940 Dicta
354 913 461 940 sunt
488 919 529 941 ac
557 913 790 942 vocantur
814 909 848 950 6,
875 909 908 950 3,
934 908 989 942 16.
1017 907 1061 949 cs.
1089 909 1121 948 8,
1149 912 1181 950 2,
1209 911 1259 943 13.
1286 913 1340 953 11,
1368 913 1401 953 1,
1425 911 1482 944 35.
1509 922 1596 955 (suas
1619 921 1705 950 uen-

219 953 346 986 tentias
368 964 539 987 vocamus
565 954 600 996 6,
625 956 659 995 3,
683 954 739 987 36.
762 954 850 987 haec
880 959 934 987 est
956 953 1033 996 illa,
1062 965 1152 998 quae
1177 951 1336 990 δείνωσις
1357 962 1508 991 vocatur
1530 957 1566 1000 6,
1589 959 1623 999 2,
1648 958 1704 991 24.

220 998 266 1040 cf.
293 1001 349 1034 29.
376 1011 466 1042 quae
491 1001 672 1033 schemata
697 1000 833 1033 Graece
855 1006 1032 1034 vocantur
1053 1001 1096 1042 9,
1119 1003 1152 1043 1,
1178 1004 1210 1034 1.
1235 1000 1280 1043 cs.
1307 1005 1363 1044 11,
1389 1004 1429 1045 3,
1455 1001 1516 1041 45.
1535 1002 1704 1038 sinabnn-

218 1045 307 1078 dans
332 1046 458 1090 opibus
486 1057 676 1090 pauperem
705 1057 744 1079 se
770 1051 878 1081 vocet
908 1049 962 1086 11,
990 1049 1023 1088 1,
1047 1049 1104 1080 21.
1134 1045 1179 1088 cs.
1205 1049 1238 1090 1,
1263 1047 1297 1091 5,
1321 1049 1377 1083 36.
1413 1059 1446 1082 v.
1470 1046 1588 1084 Dico
1611 1049 1676 1084 IV.

172 1099 371 1143 VolatUS·
419 1124 505 1149 aves
530 1115 574 1147 ad
596 1115 756 1149 volatum
781 1114 974 1161 gignuntur
997 1117 1031 1158 1,
1057 1117 1092 1158 1,
1122 1117 1157 1149 1.

171 1157 303 1209 37010,
334 1182 426 1205 are.
459 1175 586 1212 volo,
621 1174 742 1205 volui
767 1177 801 1206 et
823 1174 979 1205 volavi
1001 1175 1044 1214 1,
1069 1173 1114 1216 6,
1140 1172 1194 1207 15.
1238 1171 1602 1219 I)merula,‹1uiu
1627 1175 1703 1208 §oia

214 1218 318 1252 Volat
337 1219 370 1260 1,
397 1218 431 1260 6,
462 1218 517 1251 38.
564 1217 618 1261 Π)
643 1222 781 1251 1ναπεῑ.;
807 1219 842 1260 8,
866 1218 900 1261 6,
925 1219 981 1254 69.
1011 1221 1068 1253 70.

170 1260 302 1303 Volo.
352 1271 394 1317 a)
421 1275 632 1316 simpliciter.-
660 1274 689 1307 si
719 1275 816 1309 velle
841 1285 908 1308 nos
938 1276 1086 1309 credant
1108 1275 1151 1319 9,
1175 1278 1219 1318 2,
1245 1275 1304 1310 76.
1326 1275 1391 1309 sed
1415 1281 1516 1319 osto,
1546 1263 1704 1311 voluerit

215 1321 260 1351 ib.
286 1317 344 1353 84.
387 1323 427 1351 ut
458 1321 646 1362 volumus,
677 1320 728 1352 uti
770 1320 854 1353 licet
891 1322 958 1363 11,
994 1323 1037 1362 3,
1075 1323 1129 1354 13.
1163 1325 1203 1353 ut
1237 1320 1377 1365 quidem
1410 1323 1539 1356 volunt
1568 1324 1635 1365 10,
1669 1324 1703 1365 5,

212 1366 271 1398 22.
301 1369 342 1397 ut
369 1364 525 1398 voluerit
556 1364 706 1409 quisque
727 1366 771 1407 5,
793 1368 856 1408 10,
875 1365 932 1400 75.
963 1371 1001 1398 ut
1025 1365 1214 1400 Cleanthes
1237 1366 1352 1400 voluit
1378 1366 1419 1409 (i.
1449 1364 1483 1401 e]
1508 1366 1702 1411 censuit)

213 1413 256 1453 2,
289 1411 351 1453 17,
376 1408 434 1443 41.
464 1409 525 1454 [ut
558 1422 616 1444 res
648 1412 724 1445 vult
747 1410 817 1454 (Z.
843 1410 945 1453 tulit)
969 1413 1012 1453 3,
1038 1412 1078 1453 8,
1111 1410 1181 1455 53-]
1213 1411 1244 1445 si
1276 1411 1355 1456 quis
1386 1413 1485 1454 volet
1507 1415 1550 1455 5,
1574 1415 1618 1456 7,
1642 1415 1700 1448 35.

217 1467 291 1490 non
322 1467 582 1500 consequemur
612 1457 729 1499 idem,
760 1457 790 1490 si
820 1463 856 1491 et
883 1456 1101 1491 voluerimus
1134 1460 1200 1502 10,
1223 1459 1264 1500 3,
1298 1459 1356 1502 29.
1388 1468 1454 1505 age
1486 1457 1556 1493 nis
1583 1458 1646 1502 (α.
1681 1465 1703 1494 l.

214 1502 246 1537 si
273 1501 353 1544 vis)
383 1505 470 1536 Cic.
507 1504 552 1545 5,
578 1506 642 1546 11,
676 1503 743 1544 28;
777 1514 950 1547 quaerere
982 1503 1183 1545 auditores,
1217 1503 1263 1537 de
1291 1503 1363 1548 (1110
1397 1503 1548 1548 quisque
1578 1506 1701 1548 veum,

211 1549 358 1593 jubebat
388 1551 453 1592 12,
483 1551 547 1591 11,
579 1551 635 1582 21.
674 1549 769 1582 nude
805 1550 929 1582 volent
958 1549 1108 1592 repetita
1144 1552 1207 1592 12,
1239 1550 1282 1590 8,
1314 1552 1350 1584 7.
1385 1560 1599 1595 quocunqne
1620 1550 1699 1594 ffis,
1740 1583 1742 1586 .

211 1595 374 1638 imprime
398 1595 439 1636 9,
471 1597 511 1637 2,
537 1594 592 1628 42.
630 1595 919 1638 tempestatibus,
951 1605 1022 1638 quo
1050 1593 1194 1637 volent,
1222 1595 1457 1630 auferendum
1485 1598 1550 1639 to,
1574 1597 1616 1638 7,
1639 1599 1699 1632 23.
1734 1612 1742 1630 τ

213 1640 263 1720 ὅ)
300 1654 328 1673 c.
360 1640 436 1681 Obs.
488 1642 528 1680 a)
556 1643 598 1674 de
631 1644 784 1674 consilio.-
824 1641 990 1675 electuris
1023 1652 1113 1686 quae
1143 1641 1268 1677 volent
1300 1643 1323 1676 3
1375 1644 1417 1686 1,
1442 1645 1498 1676 22.
1535 1654 1582 1683 υ.-
1603 1642 1700 1688 Qui.
1732 1638 1742 1685 J,

256 1692 339 1720 ter.
365 1687 428 1720 sed
455 1697 549 1720 nunc
573 1686 668 1720 aliud
693 1688 840 1730 volunt,
870 1695 910 1721 ut
934 1687 1049 1720 omnis
1072 1698 1197 1721 sensus
1225 1694 1286 1725 etc.
1318 1666 1424 1722 ἔοι-ἰαί
1450 1698 1570 1722 aurem
1586 1690 1640 1731 ’8,
1665 1690 1699 1731 5,
1736 1698 1742 1705 ’

216 1735 271 1767 13.
299 1732 328 1766 si
354 1733 434 1776 plus
461 1733 565 1766 etiam
590 1733 705 1766 videri
733 1739 850 1776 potest
871 1733 1120 1776 voluisse,
1150 1744 1254 1777 quam
1276 1733 1387 1768 fecit
1412 1734 1448 1776 6,
1473 1737 1508 1776 1,
1534 1735 1590 1770 17.
1614 1734 1700 1778 quid

215 1778 416 1813 Cassander
443 1779 529 1812 velit
555 1779 596 1822 5,
626 1781 689 1821 10,
718 1781 795 1814 118.
822 1780 906 1813 volo
936 1785 1112 1813 oratorem
1139 1782 1172 1822 1,
1196 1781 1254 1821 10,
1281 1780 1317 1814 8.
1341 1779 1373 1813 si
1397 1778 1490 1814 velis
1513 1781 1699 1814 trimetron

212 1826 256 1868 9,
280 1824 323 1868 4,
348 1826 414 1866 ’78;
440 1826 561 1868 quales
583 1825 738 1859 maxime
762 1825 871 1860 velim
894 1824 1050 1859 nutrices
1076 1829 1116 1869 1,
1143 1827 1184 1868 1,
1210 1827 1265 1858 11.
1290 1835 1358 1872 ego
1383 1825 1701 1875 optimos‘fflidem
1740 1839 1742 1842 ⁴

212 1891 261 1898 —
289 1870 397 1905 velim
419 1874 462 1913 2,
487 1872 531 1913 5,
557 1873 611 1908 19,
645 1870 690 1912 cs.
717 1874 780 1909 10.
811 1874 852 1914 1,
881 1873 960 1907 119.
983 1877 1133 1914 natura,
1161 1881 1252 1915 qnae
1274 1870 1423 1904 meliora
1446 1872 1558 1907 vellet
1582 1874 1639 1915 10,
1667 1875 1700 1916 1,
1734 1896 1742 1903 ,,

216 1919 295 1951 131.
328 1917 557 1961 probationes
585 1918 743 1951 efficiunt
768 1928 874 1960 sane,
904 1923 943 1951 ut
966 1928 1109 1951 causam
1141 1923 1296 1951 nostram
1321 1917 1505 1954 meliorem
1537 1920 1619 1952 'esse
1644 1918 1702 1961 ju-
1739 1943 1742 1953 2

215 1963 314 1997 dices
337 1969 525 2007 putent,
551 1963 696 1996 affectus
719 1969 916 2006 praestant,
942 1969 982 1997 ut
1005 1963 1110 1998 etiam
1133 1962 1298 1998 velint
1319 1963 1362 2006 6,
1384 1965 1426 2005 2,
1448 1965 1485 1998 5.
1507 1974 1609 2013 ¹33-
1625 1965 1701 1999 sola
1738 1965 1742 1979 ³

213 2009 303 2043 velit
329 2010 436 2043 sortia
463 2015 498 2043 et
522 2010 667 2052 abrupta
693 2012 757 2052 10,
782 2013 826 2052 2,
852 2010 908 2043 19.
941 2021 1022 2043 cnm
1045 2011 1177 2044 salvam
1200 2015 1349 2053 uterque
1370 2020 1484 2052 remp.
1506 2009 1622 2054 vellet,
1643 2012 1700 2051 11,
1738 2011 1742 2034 Ξ

214 2058 258 2096 1,
283 2056 340 2090 80.
368 2066 479 2101 genus
495 2081 504 2097 ,
548 2057 642 2099 quod
666 2057 765 2089 velut
791 2055 947 2089 medium
972 2061 1045 2100 atq.
1068 2066 1116 2090 ex
1138 2061 1290 2099 utroque
1317 2053 1470 2089 mixtum
1493 2056 1621 2090 volunt
1642 2058 1699 2096 12,
1738 2055 1742 2092 “,

214 2104 272 2144 10,
297 2103 351 2136 18.
376 2101 542 2144 hominis,
571 2113 674 2146 quem
700 2103 916 2138 destructum
945 2103 1085 2136 volebat
1109 2103 1145 2142 8,
1167 2104 1202 2144 3,
1225 2097 1283 2136 21.
1308 2098 1354 2142 ff-
1373 2101 1408 2143 9,
1433 2102 1468 2144 3,
1491 2102 1524 2136 9.
1551 2100 1613 2135 cui
1632 2111 1698 2147 ego

214 2147 335 2181 omnia
359 2147 585 2181 meritissimo
611 2149 717 2182 volo
742 2153 778 2182 et
804 2149 954 2182 debeo
976 2149 1011 2190 9,
1036 2151 1071 2191 2,
1094 2149 1151 2182 35.
1197 2145 1244 2190 b)
1273 2148 1316 2180 de
1339 2148 1511 2193 opinione-³
1535 2148 1607 2182 hoc
1629 2157 1699 2182 vo-

212 2193 322 2226 luisse
348 2195 613 2239 legumlatorem
635 2197 681 2236 7,
708 2196 749 2237 1,
774 2194 830 2228 56.
862 2193 907 2235 cs.
937 2197 981 2236 7,
1003 2194 1045 2235 6,
1070 2195 1104 2228 8.
1127 2199 1244 2227 utrum
1266 2191 1318 2234 is,
1346 2192 1406 2237 qui
1430 2191 1634 2237 scripsit
1657 2203 1699 2227 ac

214 2239 358 2281 dixit,
384 2240 435 2273 sic
460 2239 662 2273 voluerit
684 2243 720 2282 7,
741 2241 776 2281 9,
804 2239 857 2274 15.
885 2239 930 2281 cs.
955 2243 990 2282 7,
1015 2242 1078 2282 10,
1107 2242 1138 2273 1.
1161 2240 1197 2282 9,
1221 2241 1256 2281 2,
1280 2239 1338 2272 85-
1367 2239 1426 2273 89.
1482 2239 1530 2282 γ)
1557 2252 1588 2272 c:-
1613 2237 1695 2282 [Rs-³,

214 2295 304 2332 ego,
328 2286 357 2319 si
386 2287 559 2329 prandere
582 2287 689 2326 volo,
721 2286 865 2319 domum
893 2297 936 2320 eo
960 2286 1001 2330 6,
1027 2287 1070 2329 3,
1094 2286 1151 2319 63.
1177 2283 1347 2328 numquid
1369 2290 1409 2318 tu
1430 2283 1702 2329 meiiuebdiqen

210 2332 311 2374 vis,
338 2343 442 2376 quam
466 2326 608 2376 pote's
631 2334 694 2372 10,
718 2334 758 2374 3,
785 2330 840 2364 14.
866 2330 912 2372 cs.
937 2332 980 2374 8,
1005 2331 1044 2374 5,
1069 2333 1125 2366 31.
1150 2330 1240 2365 mori
1263 2331 1342 2365 vult
1366 2331 1401 2373 9,
1426 2333 1460 2374 2,
1485 2330 1542 2367 85.
1570 2329 1615 2372 cs:
1637 2330 1696 2364 87.

213 2378 298 2411 dum
324 2380 490 2411 volumus
516 2389 594 2411 esse
617 2376 784 2411 meliores
807 2379 843 2419 8,
868 2378 902 2419 5,
927 2377 983 2411 34.
1015 2376 1059 2418 cs.
1082 2378 1118 2420 9,
1140 2374 1176 2419 4,
1205 2377 1284 2411 133.
1310 2377 1407 2420 quod
1427 2371 1722 2421 volumuszet‘fis

214 2434 297 2456 cere
320 2424 362 2466 6,
389 2422 436 2467 4,
459 2425 515 2457 13.
543 2423 587 2464 cs.
614 2426 649 2466 7,
676 2426 708 2466 1,
734 2423 766 2458 5.
793 2434 909 2467 neque
934 2422 1073 2457 destitui
1101 2421 1317 2466 temporibus
1341 2423 1470 2457 volunt
1492 2431 1608 2460 sermo
1624 2426 1698 2467 atq.

158 2473 164 2475 ”
215 2469 365 2513 epistola
390 2473 434 2512 9,
463 2469 507 2512 4,
532 2471 588 2502 20.
622 2468 684 2513 qui
709 2470 899 2503 decurrere
922 2481 987 2514 per
1018 2467 1200 2503 materiam
1230 2467 1312 2502 stilo
1341 2478 1446 2512 quam
1469 2465 1698 2504 velocissimo

213 2517 342 2549 volunt
368 2513 434 2556 10,
458 2518 503 2558 3,
534 2517 577 2549 17
601 2516 647 2548 N.
680 2528 726 2548 cr.
759 2515 980 2560 interrogare
1010 2515 1119 2549 veiim
1147 2517 1190 2548 12
1202 2539 1217 2556 „
1242 2516 1301 2554 10,
1329 2517 1387 2548 22.
1420 2513 1466 2552 cf.
1498 2516 1570 2556 125³
1593 2512 1638 2553 6,
1660 2513 1697 2547 6.

213 2562 359 2595 laedere
382 2571 561 2604 nunquam
584 2560 737 2595 velimus
760 2562 802 2603 6,
831 2563 873 2604 3,
901 2563 961 2596 28.
987 2559 1032 2601 cs.
1056 2564 1100 2603 7,
1125 2562 1167 2603 3,
1191 2559 1247 2593 21.
1279 2562 1344 2604 12,
1372 2562 1434 2603 11,
1460 2562 1519 2606 173
1551 2560 1699 2593 credere

200 2608 341 2649 vmodo,
370 2606 430 2651 qui
455 2606 586 2646 discet,
610 2606 700 2642 velit
722 2608 756 2648 8,
781 2608 838 2640 Pr.
865 2609 917 2640 12.
943 2606 974 2640 si
998 2608 1128 2640 docere
1152 2604 1305 2640 sciant
1331 2612 1368 2640 et
1392 2604 1549 2639 velint
1572 2606 1636 2647 10,
1662 2605 1698 2648 5,

214 2652 273 2685 19.
305 2651 388 2695 qnid
412 2662 433 2686 a
456 2652 604 2687 Socrate
626 2652 699 2697 pati
722 2652 877 2687 voluerit
899 2651 1126 2696 (Alcibiades)
1148 2653 1191 2693 8,
1214 2651 1253 2693 4,
1278 2653 1333 2685 23.
1392 2646 1436 2694 δ)
1460 2663 1526 2695 seq.
1554 2653 1640 2684 Ace.
1665 2663 1696 2684 c.

216 2696 282 2737 Ins.
340 2700 383 2739 a)
408 2700 450 2731 de
475 2701 607 2732 consilio
634 2706 691 2731 aui
715 2700 896 2732 desiderio.-
930 2710 1047 2742 neque
1072 2708 1141 2745 ego
1162 2695 1401 2741 paraphrasim
1425 2705 1504 2731 esse
1526 2695 1699 2740 interpre-

214 2742 383 2776 tationem
407 2748 539 2777 tantum
566 2746 654 2778 volo
674 2746 730 2787 10,
756 2745 790 2787 5,
815 2745 847 2779 5.
873 2744 916 2785 qs.
940 2747 973 2787 1,
1000 2746 1056 2786 11,
1082 2744 1114 2777 1.
1138 2746 1174 2786 2,
1196 2741 1231 2784 4,
1253 2745 1287 2778 7.
1312 2743 1347 2784 6,
1371 2741 1407 2784 4,
1430 2745 1487 2776 22.
1511 2743 1545 2782 8,
1564 2743 1620 2775 Pr.
1641 2745 1695 2776 20.
