1728 3002
547 200 762 249 -lndeceus
792 224 848 232 --
875 197 1028 242 lndleo
1471 196 1555 236 41⁷

19 350 21 353 .
61 318 336 365 pronuntiabant
360 321 395 361 1,
418 318 452 359 5,
474 316 534 352 60.
564 321 733 361 tanquam
757 313 783 348 i.
804 312 915 348 fuerit
938 323 1020 356 spes
1044 314 1085 363 J,
1103 313 1140 354 2,
1162 311 1223 345 52.
1256 310 1373 361 trabat
1392 320 1417 343 ι.
1442 319 1549 362 pere·

53 365 213 412 Agriustio
239 368 295 406 12,
326 365 388 406 11,
417 364 472 399 18.
507 362 534 397 i.
558 361 597 396 in
619 362 775 406 syllabas
797 370 884 394 cura
908 357 1070 392 transibit
1093 359 1127 399 1,
1153 354 1190 409 4,
1217 357 1272 391 17.
1306 366 1332 389 ι.
1358 361 1546 408 est-emm,
1573 375 1575 377 v

56 412 192 447 Tendit
214 412 259 445 ad
282 420 398 458 genua
425 416 489 443 eto.
514 408 550 450 6,
574 410 617 450 1,
641 406 686 440 42
714 406 762 440 N.
800 405 846 447 ej:
870 406 905 447 8,
931 404 967 447 6,
993 404 1051 439 51.
1082 403 1300 437 celeritatem
1324 402 1544 453 percipiendi

54 457 184 497 venite
204 456 231 490 i.
266 459 306 498 1,
335 457 401 498 10,
428 453 486 489 34.
523 465 557 488 υ.
586 452 751 491 Venio.
791 449 1044 496 quinquaginta
1071 447 1134 483 ubi
1164 453 1267 483 erant
1288 454 1433 482 centum
1457 447 1543 481 inde

55 502 190 538 occidit
212 501 374 536 Achilles
402 498 551 544 (venus)
572 502 610 541 7,
633 500 669 542 9,
693 499 717 532 8
738 498 810 539 Ν.;
845 509 890 532 ne
913 497 1017 531 inde
1043 494 1183 535 odium,
1210 493 1316 528 hinc
1340 499 1541 529 contemtus

54 548 193 583 oriatur
213 550 251 590 2,
273 550 309 589 2,
334 549 368 582 5.
412 543 659 592 pharmuti.-
683 543 722 578 in
748 552 792 578 eo
818 544 960 576 libertas
983 553 1003 576 a
1067 551 1089 575 e
1115 540 1140 575 i.
1165 539 1339 575 acerbitas
1364 542 1420 581 10,
1436 543 1470 582 1,
1482 539 1540 575 94.

54 595 144 628 Inde
164 593 384 638 interruptus
411 588 562 626 aetionis
587 588 739 634 impetus
769 597 829 622 etc.
860 593 899 623 11
914 615 926 632 ,
949 591 996 631 2,
1064 610 1075 620 .
1109 587 1138 620 Ι.
1161 585 1288 621 minuti
1312 586 1542 630 corruptique

53 638 224 681 sensiculi
245 639 282 683 8,
307 639 342 682 5,
368 636 424 672 14.
456 637 481 671 i.
506 636 612 671 soluti
634 647 677 670 ac
698 635 850 669 fluentes
876 638 909 678 1,
933 637 969 676 2,
992 635 1034 675 ὃς
1068 632 1095 666 i.
1119 631 1215 667 enim
1239 632 1301 666 ina
1323 632 1455 666 nobilis
1478 633 1542 666 de-

52 683 239 727 fensio5,
262 686 330 726 12,
358 686 413 718 10.
448 682 473 716 i.
495 682 592 717 enim
623 680 724 724 (Sp.
752 682 834 720 om.)
868 677 1037 722 αὐλητρὶς
1057 679 1119 713 ina
1141 679 1287 725 vulgata
1313 681 1354 720 7,
1380 679 1425 722 9,
1446 677 1472 713 4
1497 683 1539 716 Ζ.

52 724 151 774 y).1'n
173 731 364 764 derivandis
387 730 581 762 vocabulis.-
613 733 648 761 et
670 727 723 762 sic
753 737 774 760 a
804 726 1017 760 lavando
1052 725 1210 767 lotus,
1248 730 1286 758 et
1309 724 1394 759 inde
1417 736 1541 759 rursus

47 775 228 810 illotus
251 778 286 818 1,
309 774 345 818 4,
375 777 429 809 13.
468 774 494 808 i.
518 773 736 807 abstulit
762 775 795 815 1,
819 774 854 815 5,
877 772 935 807 69.
974 770 999 804 i.
1024 769 1335 816 belligerare
1358 771 1393 813 9,
1415 770 1452 814 4,
1479 772 1536 806 39.

51 822 125 864 IV)
145 824 179 855 in
210 822 349 865 judiciis
394 823 417 854 i.
442 833 473 864 q.
501 821 550 853 ab
577 822 722 852 altera
742 825 892 862 parte.-
928 817 1012 850 inde
1035 815 1101 849 erit
1125 821 1235 850 status
1258 827 1386 851 causae
1410 818 1538 860 3,6,9.

50 878 143 911 quae
164 866 190 903 i.
214 866 285 901 sint
309 865 418 900 fortia
442 866 479 908 6,
502 868 536 908 1,
563 865 588 900 6
610 865 658 899 N.
687 864 784 909 quod
806 863 832 897 i.
857 863 1084 897 obtinebatur
1108 864 1144 904 7,
1170 865 1204 904 1,
1226 863 1261 897 6.
1294 867 1334 896 ut
1356 863 1379 895 i.
1397 863 1538 897 excita-

48 917 107 946 tus
130 913 212 957 plus
234 918 364 947 noceat
393 912 433 954 5,
455 914 479 945 7
492 937 504 954 ,
527 913 584 945 32.
624 921 729 954 saepe.
747 909 850 943 ,inter
876 920 916 943 se
942 907 1064 942 collidi
1089 908 1223 950 solent,
1259 907 1362 942 inde
1384 908 1538 952 testatio,

49 957 156 992 hinc
177 963 286 992 testes
309 960 354 992 ib.
368 959 428 991 33.
453 956 556 990 inde
579 961 677 990 recta
699 956 778 989 fere
801 961 906 999 atque
930 955 1088 988 clamosa
1110 958 1165 988 est
1179 952 1287 996 actio,
1309 953 1418 988 hinc
1439 955 1537 990 inille

50 1003 170 1037 flexus
194 1000 440 1038 desiderantur
463 1002 500 1044 5,
526 1003 583 1043 13,
604 1003 628 1035 2
651 1002 700 1035 Ν.
736 999 782 1042 qs.
812 1004 870 1044 12,
893 1002 930 1043 3,
951 998 1009 1034 40.

10 1058 234 1114 ludecen&
280 1069 370 1103 nihil
404 1074 458 1103 est
488 1073 563 1102 tam
588 1067 683 1109 ind.,
718 1078 822 1112 quam
844 1075 929 1101 cum*
947 1065 1071 1101 mollis
1097 1066 1185 1101 dure
1207 1065 1297 1100 fiunt
1322 1068 1386 1110 10,
1409 1069 1457 1111 2,
1481 1069 1539 1104 19.

54 1115 118 1160 qui
139 1116 211 1149 hoc
237 1121 361 1149 natum
384 1114 462 1158 ipsa
483 1114 537 1148 rei
559 1124 635 1147 non
657 1113 830 1148 indecem
853 1113 986 1148 faciant
1008 1115 1073 1157 11,
1099 1115 1143 1156 1,
1168 1113 1227 1147 82.
1265 1113 1439 1157 quaedam
1463 1124 1540 1149 non

56 1161 264 1197 indecentes
286 1171 407 1195 morae
434 1162 491 1202 11,
518 1161 554 1202 3,
579 1160 658 1194 158.

8 1203 272 1249 ludecentek.
297 1219 331 1259 ἡ
344 1218 503 1251 dicendo:
526 1227 618 1260 quae
638 1221 809 1261 poterunt
827 1220 982 1262 utroque
1002 1215 1112 1249 modo
1132 1224 1209 1249 non
1230 1213 1304 1248 ind.
1321 1215 1440 1251 effen-i
1458 1220 1490 1261 1,
1503 1218 1539 1261 5,

54 1263 119 1305 643
141 1263 360 1297 intersistere
381 1261 670 1296 indecentissime
695 1262 730 1303 8,
755 1263 790 1303 3,
812 1259 871 1296 45.

7 1305 228 1359 ladme-
267 1317 317 1352 *fit
340 1323 464 1352 contra
492 1329 636 1363 quoque
658 1318 866 1363 frequenter
886 1328 962 1352 non
982 1316 1057 1351 ind.
1083 1317 1120 1360 9,
1142 1314 1178 1360 4,
1202 1315 1261 1351 24.

3 1371 248 1427 hm-
286 1397 380 1432 quae
401 1393 483 1421 sunt
508 1393 633 1420 natm-a
654 1396 778 1430 parum
803 1384 1038 1429 speciosa,
1062 1394 1138 1419 non
1160 1388 1279 1418 tamen
1305 1385 1377 1420 sint
1400 1386 1447 1421 in
1460 1388 1538 1422 de-

48 1432 166 1469 '0⁶1⁸
186 1432 386 1468 &centibus
410 1436 467 1475 11,
491 1436 522 1476 1,
537 1434 593 1467 60.
621 1432 888 1465 indecorum
907 1436 961 1464 est
983 1441 1091 1474 snper
1114 1431 1203 1464 haec
1227 1441 1334 1465 omne
1356 1433 1536 1468 nimium

0 1475 240 1519 fizffllmpet
255 1484 454 1526 eun-ugare
478 1489 594 1520 nares,
624 1484 660 1511 et
682 1477 806 1511 inflare
830 1484 891 1510 etc.
917 1476 1127 1510 indecorum·
1150 1482 1205 1510 est
1229 1479 1284 1520 11,
1309 1479 1344 1520 3,
1366 1480 1433 1522 80;
1468 1480 1518 1514 im

19 1542 22 1547 v
46 1521 213 1573 gasse-is,
230 1525 468 1567 tumultuosa,
494 1525 663 1559 iracunda
691 1523 785 1556 actio
809 1522 973 1557 omnibus
997 1522 1169 1556 indecem
1196 1525 1236 1555 11
1251 1548 1262 1564 ,
1292 1526 1307 1556 1
1325 1550 1334 1565 ,
1364 1526 1421 1560 29.
1459 1524 1535 1559 ind.

0 1569 231 1615 1·wa
246 1573 285 1613 2,
299 1573 334 1612 2,
352 1574 407 1604 12.
435 1569 508 1604 ind.
533 1575 653 1616 gestus
678 1572 712 1611 1,
730 1570 786 1611 10,
803 1569 860 1603 35.
884 1568 1084 1602 humanitas
1109 1567 1205 1615 ind.
1224 1574 1258 1601 et
1282 1570 1535 1606 theatralis

11 1616 13 1619 ’
44 1614 142 1657 2,,2,
157 1615 222 1654 ’10.
262 1616 498 1660 *eloquentiae
531 1617 604 1651 ind.
633 1614 775 1657 jactatio
802 1617 869 1657 11,
900 1619 945 1657 1,
975 1614 1034 1648 25.
1083 1614 1156 1647 ind.
1185 1614 1332 1648 mutatio
1354 1619 1390 1658 2,
1417 1617 1474 1659 14,
1497 1617 1532 1652 4.

0 1679 19 1689 ιν
34 1657 126 1706 -ἰὶὶᾶο
144 1660 322 1702 'Vel-voce
343 1663 406 1696 vel
428 1667 531 1708 gestu
550 1659 792 1706 pronuntiatio
813 1661 850 1704 3,
872 1661 908 1704 3,
930 1662 966 1695 3.
997 1659 1073 1694 ind.
1098 1665 1210 1694 status
1238 1663 1271 1703 1,
1297 1664 1353 1705 11,
1380 1663 1434 1698 16.
1459 1663 1533 1697 ind.

48 1705 230 1741 ”anuto
255 1710 312 1750 11,
338 1709 374 1751 3,
399 1709 477 1743 128.

3 1746 293 1794 Indemnatus.
337 1765 379 1806 3,
404 1766 461 1806 11,
486 1762 543 1796 14.
602 1791 607 1797 .
1030 1788 1033 1790 -

6 1802 156 1847 Index·
200 1816 242 1867 ff)
268 1819 311 1850 de
329 1821 499 1861 persom‘s:
538 1817 616 1863 (fuis
637 1818 751 1853 index
772 1821 815 1862 7,
842 1820 887 1861 2,
911 1815 968 1853 54.
1005 1816 1043 1852 id
1066 1818 1137 1861 jam
1160 1816 1336 1852 indicis
1362 1823 1437 1862 est,
1461 1830 1536 1854 non

54 1865 245 1893 uctoms
269 1865 334 1904 11,
358 1866 400 1906 1,
423 1865 466 1898 81
493 1865 540 1897 Ν.
594 1864 642 1908 β)
666 1866 708 1897 de
732 1866 850 1897 rebus.-
883 1863 1039 1898 indicem
1063 1875 1114 1898 ex
1138 1863 1356 1898 bibliotheca
1380 1870 1535 1899 sumtum

52 1906 123 1983 ἐξ),
148 1905 259 1983 1-,ᾏ57
284 1907 331 1940 Ν.
366 1914 422 1941 est
443 1909 572 1943 mentis
597 1909 710 1943 index
734 1908 854 1953 (vox)
877 1911 945 1951 11,
969 1910 1017 1954 3,
1039 1909 1098 1944 62.
1137 1909 1301 1943 lacrimas
1326 1910 1455 1944 mentis
1478 1911 1537 1945 in-

20 1976 34 1987 „
93 1960 155 1984 oet
186 1963 196 1982 1
221 1977 228 1982 .
251 1951 310 1985 75.

0 1990 233 2050 hdieium.
271 2022 319 2028 —
346 2007 442 2041 docti
467 2008 622 2042 hominis
646 2009 693 2051 9,
717 2012 762 2052 2,
784 2008 820 2042 4.
864 2010 958 2042 mua
986 2008 1130 2043 virtutis
1161 2010 1236 2043 ina.
1261 2015 1337 2053 est,
1370 2011 1537 2056 fundere,

0 2060 147 2103 uque
173 2057 299 2085 natura
321 2059 502 2087 contracta
524 2059 606 2087 sunt
638 2056 703 2096 10,
728 2056 774 2096 5,
801 2056 857 2087 11.
892 2054 1017 2087 indicii
1040 2056 1129 2088 ordo
1152 2054 1189 2096 4,
1215 2058 1248 2089 2.
1273 2057 1332 2090 99.
1374 2068 1466 2100 quae
1490 2069 1538 2093 ne

3 2111 15 2138 J
51 2097 235 2131 minimum
262 2098 404 2142 quidem
425 2098 463 2132 in
488 2109 527 2132 se
550 2098 719 2132 indicium
742 2098 890 2133 masculi
913 2101 1134 2139 ostendet-5,
1158 2103 1214 2141 12,
1237 2103 1302 2142 203
1339 2103 1539 2144 σημεῖον

0 2148 27 2185 ξ.Δ
51 2142 275 2176 indicium
299 2143 441 2188 quidam
465 2144 739 2178 nominaverunt
758 2145 792 2186 5,
816 2145 852 2186 9,
877 2145 910 2178 9.
938 2143 1133 2189 signum,
1159 2146 1332 2188 quoditie
1358 2149 1537 2191 (Celsum

51 2187 100 2222 in
113 2188 307 2232 dicium,
336 2190 380 2223 ab
403 2190 617 2235 argumentis
642 2190 711 2233 jam
734 2188 898 2233 separavi
919 2190 955 2231 5,
979 2191 1036 2231 10,
1061 2192 1116 2223 11.
1150 2189 1194 2231 cs.
1223 2193 1270 2227 ib.
1295 2193 1352 2225 10.
1574 2200 1577 2203 “

0 2242 172 2302 Jndico.
219 2257 386 2289 orbarum
410 2256 550 2301 nuptias
573 2256 804 2291 indicentium
827 2258 864 2300 7,
888 2254 925 2299 4,
948 2254 1007 2290 24.
1035 2255 1067 2290 si
1089 2257 1198 2291 orbae
1220 2258 1361 2302 nuptias
1379 2258 1540 2297 indicant

56 2302 106 2342 (a,
123 2304 145 2334 1.
169 2301 378 2344 vendicant)
401 2305 443 2342 ι’ῥ.
469 2303 515 2338 39
539 2304 584 2337 Ν.
603 2315 649 2336 or.
755 2344 757 2346 Ι

8 2343 170 2386 ῙΙΜῘῖῧΟ·
217 2358 266 2399 ι)
298 2361 508 2402 simpliciter:
547 2358 632 2392 satis
664 2363 718 2393 est
751 2356 866 2392 actori
894 2357 1055 2392 indicare
1086 2356 1127 2401 4,
1151 2360 1191 2401 2,
1214 2361 1252 2394 7.
1287 2359 1332 2402 ff.
1356 2363 1391 2406 3,
1414 2365 1451 2408 8,
1477 2366 1536 2401 53.

55 2401 181 2435 Sermo
206 2414 354 2438 aversus
378 2415 399 2438 a
423 2403 542 2447 judice
572 2410 608 2438 et
642 2404 787 2438 brevius
818 2403 953 2438 indicat
993 2403 1207 2447 iuterim,
1247 2412 1287 2439 et
1318 2411 1537 2457 coarguit

53 2446 164 2492 magis
185 2446 220 2488 4,
243 2451 277 2489 2,
306 2450 382 2484 106.
412 2450 643 2492 narravit,
674 2461 791 2494 neque
815 2449 886 2492 ita,
919 2454 959 2483 ut
980 2455 1116 2483 tantum
1139 2449 1380 2488 indicaret
1405 2458 1448 2490 fb.
1473 2458 1532 2492 75.

53 2493 178 2525 eadem
209 2495 345 2538 verba,
387 2501 518 2529 mutata
553 2496 863 2539 pronuntiatione,
920 2494 1149 2538 indicant,
1198 2497 1440 2535 affirmant
1472 2510 1535 2538 ete.

57 2540 126 2578 11,
164 2540 210 2580 3,
249 2542 335 2581 176;
392 2551 472 2574 cum
509 2547 603 2575 esset
635 2541 833 2586 indicaturo
868 2540 974 2574 satis:
1022 2542 1066 2586 Q.
1092 2540 1252 2588 Ligurius
1275 2546 1376 2578 nuno
1399 2558 1438 2582 se
1469 2547 1538 2581 im..

55 2582 182 2626 plicari
217 2585 362 2631 negotio
394 2597 517 2629 passus
553 2592 626 2629 est,
667 2587 817 2629 adjecit:
858 2587 1002 2620 domum
1026 2593 1189 2631 spectans
1212 2596 1272 2623 ete.
1301 2590 1345 2633 4,
1371 2595 1414 2635 2,
1446 2596 1536 2637 11ος

10 2656 13 2658 ,
53 2635 220 2680 quantum
244 2633 287 2664 ad
316 2631 543 2665 iudicandum
564 2633 695 2666 sufficit
716 2635 759 2665 ib.
782 2632 840 2666 46.
863 2632 909 2666 de
934 2631 989 2665 his
1012 2633 1263 2667 sententiarum
1286 2636 1420 2682 figuris,
1446 2651 1537 2682 quae

54 2674 99 2706 ab
124 2675 188 2708 isso
209 2676 359 2720 simplici
384 2679 493 2712 modo
518 2678 697 2713 indicandi
720 2679 893 2712 recedunt
918 2677 963 2720 9,
986 2680 1030 2720 2,
1059 2682 1091 2711 1.
1134 2678 1170 2712 in
1203 2679 1535 2724 exprobrando

0 2739 2 2745 ,
55 2724 91 2752 et
113 2718 361 2756 indicando
389 2726 453 2766 11,
477 2725 517 2767 3,
541 2724 600 2761 94.
646 2726 691 2767 β)
720 2737 748 2758 c.
774 2727 924 2757 Aecus„-
958 2721 1035 2768 [qui
1058 2723 1304 2760 indicabantur
1332 2730 1416 2763 Cic.
1438 2732 1474 2771 9,
1496 2732 1537 2773 3,

52 2761 109 2798 42.
145 2765 190 2799 50
223 2777 262 2801 v.
286 2768 487 2814 Judico.]
521 2775 562 2804 ut
582 2769 747 2806 conscios
769 2768 903 2804 indicet
926 2769 962 2812 9,
986 2773 1020 2813 2,
1043 2771 1113 2812 81;
1148 2771 1303 2806 indicata
1327 2779 1362 2807 et
1389 2775 1534 2810 diversa

97 2823 182 2856 Lex.
211 2825 324 2867 Quini.
1060 2840 1062 2842 ’
1125 2831 1169 2860 ’,77
