1728 3002
139 165 264 203 LXVI
753 161 1065 220 Prolegomena

272 275 398 326 Alia
434 277 704 341 quaedam
745 276 1046 344 proprietas
1087 277 1303 353 dicendi
1343 278 1412 328 ab
1446 279 1682 348 legitima

136 356 351 406 ratione
374 353 584 405 diversa
611 368 689 402 est
700 354 1068 408 ‘Accusativus
1098 375 1221 407 cum
1244 357 1550 422 Infinitive,
1586 360 1682 408 ubi

137 454 238 503 pro
272 449 473 483 natura
501 434 803 485 Verborum
833 436 1241 488 Nominativum
1270 441 1370 504 p‘er
1401 438 1681 487 attractio-

137 533 264 564 nem
294 513 527 581 positum
559 516 710 578 apud
742 513 1078 566 Infinitivum
1110 517 1459 579 desiderabis,
1503 531 1569 566 ut
1602 534 1681 579 ιι,

142 613 195 656 1,
228 594 294 655 64
337 593 643 643 credetur
680 592 894 641 abesse
929 595 991 642 ab
1024 613 1080 644 eo
1119 597 1379 663 culpam.
1430 594 1486 658 5,
1522 615 1579 660 ¹7,
1618 613 1680 656 33

136 675 256 723 inde
303 673 646 725 scientia‘m
691 672 747 720 in
788 673 996 723 testibus
1035 684 1086 724 et
1125 677 1531 740 religionem,
1588 677 1682 724 in-

132 754 327 818 genia
355 755 486 802 'esse
514 752 569 799 in
603 754 921 817 argumentis
953 755 1212 805 dicitur.
1261 755 1318 817 6,
1351 774 1403 818 1,
1431 772 1490 816 31
1524 756 1683 804 scie-

78 872 95 877 „
137 834 339 882 batur
365 833 802 895 interfectum
833 850 968 882 eum
996 838 1249 895 (v.·Not.).
1300 851 1386 898 u,
1416 851 1470 897 2,
1504 830 1569 884 50
1598 834 1690 883 cui

138 913 300 960 duas
362 920 415 962 et
469 912 660 976 viginti
709 912 999 976 linguas*
1030 943 1099 951 —-
1150 916 1448 964 traditur
1498 922 1685 963 notas

125 991 363 1056 fuisse.
399 1010 450 1041 v.
479 992 706 1040 Trado
741 991 798 1039 in
828 992 1053 1042 Lexieo.
1086 995 1280 1044 Porro:
1317 992 1371 1056 5,
1397 991 1533 1055 10,5
1568 993 1686 1042 aliis

139 1071 426 1130 videtur,
486 1066 1023 1121 non'destinatam
1070 1074 1153 1122 vel
1189 1074 1552 1123 inchoatam
1598 1072 1688 1121 sed

127 1153 510 1216 perfectam
534 1150 986 1217 probationem
1028 1151 1122 1200 hoc
1162 1171 1341 1202 nomen
1388 1154 1685 1218 accipere

138 1230 220 1294 (v.
245 1230 429 1294 Not.);
481 1247 605 1278 cum
634 1246 746 1301 quo
779 1232 904 1278 loco
941 1231 1300 1280 conferendus
1334 1245 1411 1279 est
1441 1245 1496 1294 4,
1530 1246 1587 1292 2,
1619 1233 1681 1292 67

140 1310 448 1374 Respondit,
505 1327 663 1375 quae
714 1310 767 1357 ei
815 1310 1016 1357 visum
1057 1319 1150 1359 est
1195 1313 1294 1375 (sc.
1331 1310 1683 1376 responderi),

141 1387 382 1454 denique
417 1403 492 1448 10,
519 1404 565 1450 2,
592 1390 622 1436 8
655 1389 748 1454 qui
768 1405 828 1437 se
850 1382 1066 1455 pulchre
1096 1391 1494 1456 expressisse
1525 1406 1687 1454 genus

138 1467 274 1515 illud
307 1497 363 1503 —-
403 1468 529 1516 sibi
558 1469 957 1517 viderentur.

275 1544 491 1612 Agmen
535 1562 737 1615 cogant
774 1547 1119 1597 Infinitivi
1156 1547 1457 1596 Perfecti
1501 1564 1686 1595 exem-

138 1625 259 1690 pla,
297 1641 441 1689 quae
465 1624 555 1673 illa
586 1644 620 1674 a
642 1626 899 1692 Zumptio
926 1626 983 1674 in
1012 1626 1377 1674 Grammatica
1404 1628 1529 1674 Lat.
1555 1626 1685 1692 Cap.

139 1704 224 1763 80,
257 1722 268 1749 ι
308 1705 433 1753 Not.
455 1721 481 1761 3
516 1706 564 1769 (33.
592 1701 709 1769 590)
736 1706 1012 1771 disputata
1046 1707 1327 1770 expleant:
1365 1721 1422 1767 2,
1450 1722 1502 1767 1,
1525 1720 1553 1751 2
1585 1696 1687 1754 non

140 1782 304 1830 satis
336 1784 615 1833 credunt
644 1785 994 1849 excepisse,
1042 1801 1170 1850 quae
1199 1783 1383 1832 relicta
1415 1791 1568 1833 erant
1598 1786 1685 1846 (cf.

138 1875 324 1908 tamen
346 1862 448 1908 lnf.
475 1864 647 1911 Praes.
668 1863 833 1913 Verbi
867 1862 1190 1928 deponentis
1220 1854 1307 1923 12,
1328 1879 1384 1923 2,
1412 1867 1512 1925 31).
1569 1865 1616 1924 8,
1641 1861 1687 1921 6,

139 1938 207 1986 50
239 1940 506 1988 Romanae
537 1942 851 2006 eloquentiae
870 1942 1158 2007 principem
1181 1959 1278 2006 pro
1312 1942 1549 1990 Cicerone
1574 1958 1686 2007 po-

140 2019 372 2078 suisse,
409 2037 510 2067 non
545 2020 854 2070 dubitent.

275 2097 683 2148 Infinitivus
746 2098 1112 2148 historicus
1137 2135 1150 2161 ,
1221 2097 1375 2165 cujus
1425 2097 1586 2164 copia
1629 2097 1690 2146 in

142 2190 307 2239 opere
349 2176 672 2240 Quintiliani
717 2180 872 2226 nulla
915 2193 1019 2240 est,
1081 2193 1267 2226 tamen
1301 2194 1416 2225 uno
1465 2179 1688 2225 fortasse

139 2255 292 2314 loco,
329 2256 397 2301 ab
430 2256 813 2322 interpretibus
847 2257 996 2307 varie
1026 2270 1266 2316 tentato,
1301 2254 1590 2319 reperitur:
1611 2300 1614 2302 .
1636 2271 1685 2319 7,

147 2347 199 2392 1,
233 2344 315 2391 [μ.
384 2331 617 2397 Abjeota
649 2336 791 2383 enim
822 2335 1212 2402 Spaldingiana
1250 2332 1511 2392 lectione,
1534 2337 1538 2340 ’
1557 2352 1686 2399 par-

140 2408 236 2456 tim
270 2426 337 2457 ex
366 2410 690 2460 editionibus
720 2429 773 2462 et
807 2413 1130 2481 conjecturis
1161 2416 1383 2460 hausta:
1423 2412 1535 2460 Alii
1558 2412 1690 2460 nihil

142 2488 380 2548 vitare,
424 2507 506 2549 ea,
556 2509 684 2555 quae
714 2493 769 2539 in
809 2493 977 2541 oculos
1010 2492 1311 2550 incurrunt,
1357 2492 1683 2556 exquirendo,

133 2576 344 2632 putant,
381 2568 688 2634 Zumptius,
715 2571 962 2619 restituta
981 2568 1321 2619 Ambrosiani
1332 2571 1368 2616 I.
1392 2570 1683 2635 scriptura:

143 2647 254 2694 Alii
285 2645 418 2694 nihil
451 2648 516 2694 vi
522 2656 686 2707 tare,
735 2666 863 2713 quae
898 2650 952 2698 in
993 2649 1162 2697 oculos
1202 2649 1482 2698 incurrunt
1511 2649 1684 2714 exqui-
1715 2640 1717 2644 ¹

144 2714 362 2774 rendum
388 2734 601 2791 putant,
636 2727 777 2778 infra
806 2741 1014 2775 textum
1048 2727 1284 2776 editionis
1314 2745 1436 2777 suae
1465 2727 1683 2793 adjecit:
