1728 3002
670 189 815 234 lucido
860 211 909 222 -
948 186 1113 246 Incipio
1569 188 1655 232 413

166 308 222 352 -b)
245 309 288 343 de
309 316 476 352 πωρον-σε
505 316 596 352 quae
616 304 739 349 (bena)
761 305 800 339 in
824 305 901 349 ejus
922 309 1074 340 aetatem
1096 299 1305 351 gravissima
1326 298 1529 338 inciderunt
1550 304 1608 346 12,
1622 305 1658 346 1,

180 355 236 390 16.
271 355 310 389 in
335 366 415 389 eum
440 364 570 388 annum
591 352 750 386 incidere
775 353 810 394 6,
833 352 868 395 5,
886 350 928 399 ‘4-
973 351 1006 394 c)
1027 352 1077 384 'de
1101 352 1217 384 rebus.-
1245 354 1418 393 quatenus
1441 350 1514 383 huo
1528 348 1659 383 incidi-

179 411 258 434 mus
282 403 318 443 9,
341 404 376 443 2,
399 402 456 435 81.
493 410 540 433 ne
562 398 601 432 in
626 399 779 432 eundem
805 408 947 440 casum,
976 396 1126 431 similem
1151 395 1445 440 compositionem
1472 403 1533 430 ete.
1564 395 1660 429 inci-

181 448 305 480 damus
335 446 377 488 4,
407 449 452 488 2,
476 446 555 480 118.
592 455 672 478 cum
694 444 732 478 in
760 444 919 478 dativum
941 444 1004 479 vel
1026 442 1222 490 genitivum
1246 453 1367 476 casum
1389 441 1597 476 incidissent
1622 444 1659 483 1,

179 495 222 534 7,
253 494 307 526 18.
344 491 383 526 in
406 493 502 526 hunc
524 490 725 525 inciderunt
747 501 907 524 errorem
932 490 976 533 5,
1006 492 1072 532 12,
1095 491 1154 523 21.
1190 489 1229 522 in
1257 489 1352 533 quod
1375 499 1486 534 genus
1512 489 1659 531 (amphi-

179 540 287 570 boliae
312 536 404 581 Cic.)
438 536 563 571 incidit
593 539 639 579 7,
664 537 707 578 9,
735 539 788 570 12.
828 536 866 569 in
894 536 962 569 lios
984 534 1254 580 inexplicabiles
1283 536 1431 578 laqueos
1458 533 1661 568 inciderunt

178 584 215 625 5,
244 585 300 626 10,
329 586 408 618 101.
447 594 493 617 ne
518 582 672 617 incidam
696 582 734 616 in
759 581 1010 626 loquacitatem
1039 584 1082 615 ib.
1109 583 1188 615 101.
1224 580 1393 614 incidisse
1415 580 1453 614 in
1477 579 1661 614 sordidum

179 639 311 662 nomen
333 630 379 671 8,
402 631 443 668 3,
467 631 524 662 21.
561 627 605 670 cs.
631 630 674 670 3,
701 630 744 671 3,
769 628 824 662 14.
866 629 903 661 in
926 627 1121 672 praefanda
1143 626 1302 661 incidere
1326 628 1372 669 8,
1397 629 1440 669 3,
1466 625 1527 661 45.
1558 631 1598 659 ut
1621 625 1661 660 in

177 674 320 718 aliquod
345 686 402 709 res
429 685 554 708 onsum
578 674 710 708 incidat
741 675 784 716 5,
816 676 858 717 7,
891 675 946 708 18.
997 684 1043 707 ne
1070 673 1109 706 in
1131 684 1235 717 pares
1261 672 1503 707 elocutionum
1527 677 1660 705 tractus

176 719 373 754 incidamus
395 687 431 763 X,
455 723 490 763 2,
515 722 594 755 118.
636 719 673 753 ἱη
697 719 733 752 id
755 719 868 763 ipsum
892 719 1052 753 incidunt
1074 719 1200 753 vitium
1223 721 1258 762 2,
1281 718 1317 761 4,
1343 722 1376 753 9.
1411 718 1454 759 cs.
1485 721 1517 761 1,
1543 719 1577 761 5,
1603 720 1662 752 50.

177 766 212 808 5,
227 767 283 807 13,
296 765 353 800 46.
378 767 413 809 8,
430 767 467 809 6,
480 767 547 809 61,
575 766 613 799 in
633 777 738 810 quam
760 766 928 810 (causam)
952 776 1026 799 non
1050 765 1166 810 aliqua
1190 765 1351 809 quaestio
1374 764 1508 798 incidat
1525 764 1583 798 Pr.
1602 767 1660 798 12.

176 821 430 856 nonnunquam
456 811 562 846 etiam
586 813 718 858 legales
740 817 891 855 possunt
913 811 1071 845 incidere
1095 816 1262 844 tractatus
1286 810 1323 845 in
1342 811 1482 854 privata
1503 810 1661 844 maxime

177 856 328 891 consilia
350 860 394 901 3,
418 859 460 900 8,
484 856 519 891 4.
558 859 654 901 quod
676 857 715 891 in
740 858 827 891 illud
850 857 1015 901 judiciale
1039 868 1167 891 causae
1191 867 1303 903 genus
1324 857 1458 891 incidat
1480 859 1515 899 2,
1544 859 1577 899 1,
1603 858 1662 891 10.

177 907 319 937 ceterae
343 903 481 947 species
503 903 661 937 incident
683 903 722 936 in
748 905 838 937 haec
864 903 931 936 tria
955 914 1087 951 genera
1111 905 1152 946 3,
1175 902 1217 945 4,
1243 902 1300 937 15.
1346 903 1486 947 aliquae
1511 901 1663 945 (contro-

177 950 324 990 versiae)
346 949 384 982 in
409 960 527 982 meum
551 959 694 993 quoque
717 948 952 992 patrocinium
974 949 1178 993 inciderunt
1199 952 1242 991 7,
1265 951 1308 991 2,
1333 949 1366 983 5.
1402 948 1442 982 in
1466 948 1544 981 inas
1569 958 1663 993 quo-

179 1005 250 1037 que
273 994 496 1028 translativas
528 994 754 1038 quaestiones
783 994 943 1028 incidunt
977 994 1116 1039 (melius
1141 1007 1184 1028 ac
1205 995 1304 1039 pejus
1329 992 1417 1038 etc.)
1450 996 1497 1038 3,
1528 994 1573 1037 6,
1604 995 1663 1029 52.

177 1038 376 1082 affectatio,
408 1051 490 1073 cum
513 1039 551 1073 in
574 1050 675 1073 acres
701 1039 826 1074 incidit
849 1051 974 1074 sensus
1005 1041 1050 1082 9,
1076 1042 1120 1083 3,
1148 1040 1208 1077 7⁴.
1248 1039 1292 1081 qs.
1325 1042 1370 1073 ib·
1396 1040 1453 1074 76.
1502 1050 1594 1084 quae
1624 1039 1664 1074 in

177 1085 1003 1174 gfflffissffif1¹32¹3ffi⁸³2¹¹⁶13¹¹⁰3⁶⁰82
1020 1089 1056 1166 ἶς’
1074 1085 1486 1177 ¹&542uimfii'iga'233221113
1500 1086 1666 1167 2203333

716 1157 726 1173 i
856 1155 865 1164 ·
935 1157 943 1165 ·
1053 1157 1064 1174 s
1135 1157 1145 1167 ·

176 1175 217 1209 in
243 1176 396 1210 dicendo
418 1176 508 1212 vitia
532 1195 578 1202 —
604 1188 686 1211 cuin
712 1177 751 1210 in
775 1188 903 1212 versus
924 1177 1130 1211 inciderunt
1163 1180 1199 1222 1,
1222 1179 1258 1221 5,
1282 1180 1341 1212 17.

131 1230 292 1274 Incldo·
340 1241 498 1287 [ferrum
521 1244 674 1279 Accium
695 1244 851 1279 Navium
872 1245 1041 1280 incidisse
1066 1245 1102 1288 6,
1126 1245 1163 1288 3,
1188 1245 1234 1282 69
1259 1245 1307 1289 N.
1340 1257 1372 1280 v.
1397 1243 1599 1292 lucido]
1633 1244 1667 1281 si

155 1295 314 1324 =rectnm
334 1290 483 1324 limitem
509 1291 605 1336 rupti
627 1291 843 1326 torrentibus
867 1295 997 1336 pontes
1019 1291 1212 1326 inciderint
1245 1294 1282 1334 2,
1306 1293 1364 1333 13,
1389 1292 1446 1327 16.

131 1332 511 1428 ῙΠξξῦξθ-Ῑίἕεπω
546 1348 821 1384 involvere
848 1354 933 1396 toga
963 1354 1000 1384 et
1031 1346 1220 1395 incingi
1252 1359 1367 1393 paene
1400 1347 1578 1384 furiosum
1609 1353 1666 1389 est

233 1418 244 1434 ,
269 1416 304 1435 .,
396 1415 410 1428 .

131 1437 310 1492 Incipio.
357 1448 400 1493 α)
426 1451 640 1494 simplic-Her.-
678 1451 762 1484 dum
784 1450 972 1496 incipimus
1000 1453 1067 1494 11,
1090 1452 1137 1494 3,
1161 1449 1242 1485 144.
1290 1450 1456 1496 quotiens
1489 1449 1669 1497 incipit

179 1505 305 1528 sensus
333 1501 395 1529 aut
426 1495 606 1530 desinit
634 1497 675 1538 9,
698 1496 735 1540 4,
760 1498 817 1532 67.
840 1510 876 1531 v.
902 1497 1061 1532 Cludo.
1092 1496 1132 1531 in
1154 1496 1372 1542 incipiendo,
1396 1498 1576 1532 narrando
1601 1506 1666 1533 etc.

180 1542 239 1582 11,
263 1542 298 1582 1,
320 1541 354 1575 6.
391 1553 471 1575 cum
493 1543 563 1585 jam
584 1541 826 1586 incipiendum
849 1543 916 1577 erit
941 1546 997 1586 11,
1022 1545 1057 1586 3,
1083 1544 1162 1578 159.
1210 1543 1254 1589 β)
1279 1557 1309 1577 c.
1330 1546 1447 1578 Adv..·
1472 1545 1577 1578 deum
1602 1544 1669 1578 de-

179 1585 384 1630 liberamus,
418 1588 603 1631 quando
627 1588 871 1632 incipiendum
896 1589 963 1632 sit,
988 1589 1150 1633 incipere
1172 1590 1243 1633 jam
1266 1600 1386 1624 serum
1410 1595 1464 1624 est
1485 1584 1546 1633 12,
1570 1590 1606 1632 6,
1631 1592 1668 1624 3.

182 1630 226 1672 qs.
255 1634 310 1675 11,
336 1634 370 1676 3,
392 1634 470 1668 159.
501 1633 578 1667 ubi
604 1635 850 1669 controversia
876 1635 1022 1679 incipiat
1046 1638 1082 1678 7,
1113 1638 1148 1679 1,
1171 1636 1205 1670 8.
1243 1647 1277 1671 v.
1304 1635 1496 1670 Desino.
1545 1647 1667 1680 neque

182 1678 352 1721 abrupte,
396 1689 464 1713 nec
497 1680 616 1713 unde
650 1680 775 1723 libuit,
810 1681 1053 1725 incipiendum
1075 1686 1130 1714 est
1152 1682 1198 1724 3,
1221 1681 1266 1724 8,
1290 1681 1326 1716 6.
1373 1680 1418 1723 cs.
1448 1684 1515 1724 10,
1540 1683 1582 1724 3,
1608 1683 1667 1716 16.

183 1722 224 1766 y)
249 1736 278 1756 c.
307 1726 493 1768 praepos.-
531 1724 744 1769 Incipiamus
778 1727 828 1760 ab
860 1726 904 1760 iis
931 1728 974 1770 9,
997 1730 1041 1770 2,
1064 1727 1100 1761 6.
1135 1726 1378 1770 incipiendum
1402 1727 1445 1761 ab
1468 1727 1535 1770 iis,
1574 1739 1667 1772 quae

182 1767 295 1810 prima
317 1775 400 1803 sunt
423 1772 468 1812 3,
495 1771 540 1813 9,
564 1772 598 1806 8.
637 1771 797 1816 incipere
826 1783 846 1806 a
869 1772 927 1817 (a.
954 1777 978 1806 1.
1006 1771 1089 1816 om.)
1125 1783 1232 1816 quam
1260 1773 1417 1807 maxime
1440 1773 1538 1806 facili
1562 1784 1669 1807 causa

186 1815 254 1863 ¹3³.
268 1813 305 1855 6,
327 1814 360 1848 6.
395 1826 416 1848 a
438 1816 616 1850 contrario
642 1816 715 1851 inc.
741 1816 787 1860 4,
814 1820 854 1858 1,
877 1819 934 1853 50.
972 1829 1113 1862 semper
1136 1819 1180 1852 ab
1205 1819 1440 1853 excusatione
1464 1818 1588 1852 aetatis
1610 1819 1671 1852 in-

186 1862 376 1907 cipientem
408 1861 444 1900 6,
468 1863 504 1903 3,
530 1862 587 1896 76.
622 1863 668 1896 ab
691 1863 785 1897 Jove
811 1863 1053 1908 incipiendum
1081 1865 1147 1906 10,
1173 1866 1216 1907 1,
1238 1864 1297 1899 46.
1333 1863 1556 1908 potissimum
1579 1864 1671 1898 inci-

185 1911 280 1944 piam
302 1902 345 1934 ab
367 1913 409 1936 ea
431 1904 558 1948 (parte)
582 1908 617 1948 3,
639 1910 675 1949 7,
700 1911 733 1942 1.
766 1908 925 1952 incipere
948 1921 969 1943 a
991 1920 1146 1953 persona
1168 1911 1204 1952 7,
1221 1912 1257 1952 2,
1277 1911 1333 1945 39.
1362 1910 1435 1944 inc.
1458 1910 1503 1943 ab
1526 1910 1604 1953 ipsa
1627 1921 1670 1945 re

185 1945 222 1998 4,
246 1949 280 1997 1,
305 1949 362 1980 72.
388 1948 485 1991 prius
507 1949 746 1994 incipiendum
769 1964 790 1986 a
809 1955 1027 1988 refutatione
1050 1955 1085 1996 5,
1111 1957 1167 1997 13,
1194 1956 1250 1989 53.
1287 1967 1308 1988 a
1334 1956 1473 1988 Graeco
1502 1965 1670 1991 sermone

181 2002 343 2043 incipere
369 1994 461 2043 1,·1,
486 1996 548 2035 12,
584 2001 624 2028 ut
647 1997 691 2028 ab
714 1998 875 2032 Homero
897 2005 1002 2042 atque
1027 2000 1181 2045 Virgilio
1203 2000 1312 2034 lectio
1327 2000 1511 2044 inciperet
1536 2003 1619 2044 1,8,
1632 2004 1669 2037 5.

183 2047 373 2088 prox-imus
399 2038 490 2072 liber
511 2049 532 2071 a
555 2039 667 2091 prima
690 2047 809 2084 parte,
833 2043 871 2076 id
895 2049 950 2077 est
973 2045 1141 2086 exordio,
1164 2044 1312 2088 incipiet
1334 2046 1424 2089 (Sp.
1447 2057 1502 2089 pr.
1526 2047 1553 2080 1.
1580 2058 1669 2100 pro-

185 2093 322 2134 oemia,
354 2083 470 2135 idest
493 2086 643 2136 exordia
669 2086 835 2130 ooncip.)
858 2090 902 2131 3,
930 2091 972 2122 11
987 2113 999 2131 ,
1023 2090 1069 2123 28
1095 2093 1138 2123 Ζ.
1175 2090 1309 2133 optime
1332 2102 1457 2124 manus
1481 2102 1503 2126 a
1525 2092 1668 2128 simstra

186 2133 286 2172 parte
310 2133 504 2179 incipit,
538 2139 576 2162 in
602 2131 727 2164 dextra
750 2133 1011 2175 deponitur
1042 2137 1108 2177 11,
1132 2135 1177 2176 3,
1202 2136 1280 2170 106.
1325 2136 1368 2170 ab
1391 2135 1520 2171 iisdem
1545 2139 1668 2174 verbis

186 2174 288 2225 plura
312 2179 497 2225 contenet
519 2173 692 2209 instanter
714 2176 971 2222 incipiunt,
995 2184 1031 2212 et
1055 2179 1095 2212 in
1118 2179 1246 2213 iisdem
1271 2181 1490 2217 desinunt
1510 2184 1547 2228 9,
1559 2186 1666 2227 3,30.

187 2225 320 2262 optime
344 2225 512 2262 incipitur
534 2232 556 2253 a
577 2221 636 2255 lon
664 2221 706 2264 ‘s‚
728 2228 826 2257 recte
853 2224 1044 2268 aliqnando
1068 2236 1089 2258 a
1111 2225 1280 2260 brevibus
1302 2228 1340 2270 9,
1357 2226 1393 2271 4,
1417 2229 1485 2271 92;
1517 2230 1597 2265 ubi
1620 2232 1665 2265 ab
1710 2222 1717 2227 ⁸

185 2264 297 2298 initiis
319 2264 583 2309 incipiendum,
617 2277 642 2299 ii
667 2267 679 2300 i
712 2278 733 2301 e
758 2267 810 2311 (α.
824 2272 845 2303 1.
871 2268 910 2313 a)
938 2270 1065 2304 mediis
1087 2272 1149 2304 vel
1170 2271 1302 2305 ultimis
1329 2276 1376 2317 7,
1404 2276 1474 2317 10,
1500 2277 1557 2312 11.
1595 2287 1666 2312 nec

184 2319 302 2353 paeon
320 2311 451 2343 >eadem
474 2311 613 2345 ratione
637 2312 805 2347 brevibus
827 2313 878 2358 (a.
892 2319 914 2350 1.
939 2326 960 2349 a
980 2314 1053 2359 br.)
1075 2315 1280 2361 incipiet
1302 2329 1344 2353 ao
1366 2319 1552 2356 desinet
1574 2323 1610 2366 9,
1627 2322 1665 2367 4,

183 2354 231 2389 48
253 2357 300 2389 Ν.
334 2362 374 2389 ut
394 2366 520 2390 manus
543 2368 644 2391 cum
666 2369 774 2392 sensu
796 2366 835 2394 et
857 2360 1092 2406 inciperet
1117 2367 1153 2396 et
1183 2363 1510 2408 deponeretur
1544 2371 1602 2412 11,
1627 2371 1665 2412 3,

185 2400 265 2434 106.
312 2397 359 2453 ᾇ)
389 2413 420 2435 c.
443 2405 592 2455 ’Λα-ιω..-
627 2405 724 2448 quod
749 2404 937 2450 incipimus
966 2410 1008 2451 1,
1045 2410 1108 2451 12,
1146 2408 1180 2443 5.
1228 2409 1267 2443 in
1292 2411 1579 2448 contentionibus
1604 2421 1665 2449 aut

184 2447 482 2489 incipiendis
510 2454 570 2482 aut
599 2449 837 2485 finiendis
872 2456 928 2496 11,
950 2454 986 2496 3,
1014 2454 1094 2488 128.
1140 2453 1175 2496 ε)
1199 2465 1229 2490 c.
1250 2457 1399 2498 Instruit„-
1430 2458 1560 2503 Incipit
1583 2470 1663 2494 esse

184 2492 444 2535 quodammodo
475 2490 626 2547 παρῳδτξ
656 2496 702 2539 9,
736 2499 785 2540 2,
814 2499 860 2532 35
882 2499 931 2532 Ν.
979 2499 1131 2545 Quando
1153 2500 1278 2546 incipit
1298 2503 1505 2547 (membrum)
1532 2515 1663 2549 corpus

185 2537 293 2588 esse?
319 2537 354 2579 9,
376 2538 412 2590 4,
435 2540 517 2590 123.
554 2545 594 2572 ut
615 2541 653 2573 id
675 2542 797 2576 audire
819 2543 992 2588 propitius
1015 2544 1162 2589 incipiat
1181 2549 1218 2589 7,
1242 2549 1281 2590 1,
1305 2550 1360 2583 12.
1394 2555 1434 2583 ut
1455 2550 1567 2584 libros
1589 2552 1661 2594 jam

183 2588 345 2634 eputtere
373 2594 567 2636 inciperem
588 2585 656 2629 Ep.
684 2589 727 2621 ad
750 2589 888 2633 Tryph.
915 2593 947 2624 1.
980 2590 1147 2634 paulatim
1174 2593 1221 2626 ad
1242 2594 1377 2637 majora
1396 2596 1544 2630 tendere
1569 2597 1663 2631 inci-

183 2633 260 2680 piet
279 2631 313 2670 2,
337 2627 374 2680 4,
396 2631 454 2662 20.
479 2630 597 2682 ‘li-inc
624 2631 694 2674 jam
715 2635 855 2668 tradere
877 2634 1045 2680 incipiam
1071 2639 1108 2679 2,
1133 2635 1181 2682 4,
1204 2641 1236 2672 1.
1267 2639 1383 2674 st'udia
1405 2641 1490 2683 eius>
1505 2642 1661 2676 formare

183 2674 397 2726 zib-infantia
418 2677 664 2729 incipiam-‘Pia
693 2679 727 2713 5.
775 2681 817 2722 ζ)
841 2683 987 2724 Panic„
1017 2683 1175 2725 imprimis
1196 2685 1239 2718 de
1260 2687 1455 2719 discenti
1465 2683 1569 2722 b'us:
1601 2687 1660 2721 in-

183 2726 328 2762 cipienti
354 2726 470 2754 statim
495 2726 699 2770 contingere
724 2725 921 2770 (ingenium)
954 2728 1020 2771 10,
1048 2731 1095 2772 7,
1130 2730 1185 2764 18.
1230 2728 1522 2775 incipientes
1552 2738 1659 2778 atque

182 2765 298 2800 adhuc
321 2765 487 2801 teneri
521 2769 538 2801 1
552 2791 565 2812 ,
589 2770 637 2813 2,
659 2770 717 2806 26.
753 2771 814 2815 qui
838 2773 981 2819 legendi
1002 2772 1075 2808 sint
1096 2773 1346 2827 incipientibus
1368 2780 1413 2822 2,
1437 2778 1473 2820 5,
1502 2779 1558 2814 18.
1592 2786 1657 2813 etc.
