1728 3002
680 185 828 230 noceo
1441 192 1523 232 257

28 302 220 339 uiantium
242 300 381 337 dederit
406 305 439 345 1,
463 303 501 345 1,
523 301 580 336 16.
603 300 698 335 ultra
721 310 827 345 quam
849 297 988 334 homini
1010 299 1131 333 datum
1156 303 1213 334 est
1233 298 1269 342 6,
1293 298 1351 334 Pr.
1371 302 1426 335 10.
1451 312 1518 336 no-

28 355 108 389 ntro
123 347 243 384 labori
266 349 352 383 dent
374 346 520 383 veniam
541 348 599 390 11,
624 348 660 390 3,
688 348 744 381 11.
770 351 909 389 orator,
937 345 995 380 cui
1022 345 1211 390 disciplina
1237 350 1275 380 et
1299 346 1457 381 studium
1481 355 1518 383 et

31 394 242 432 exercitatio
265 393 403 429 dederit
426 393 525 430 vires
546 392 654 428 ctiam
675 391 858 427 facilitatis
886 395 943 435 12,
965 393 1002 435 9,
1023 394 1082 426 20.
1108 402 1155 426 ne
1176 391 1315 427 alienae
1340 404 1519 438 personae

27 451 160 478 vocem
183 442 308 475 demus
332 438 369 484 4,
391 443 428 484 2,
454 441 534 474 103.
557 439 721 474 oratione
744 440 826 474 ficta
850 439 909 473 dat
932 438 1128 473 tacentibus
1150 448 1282 474 vocem
1303 439 1518 484 (Demosthe-

19 486 106 533 ρει)
135 490 192 530 12,
206 488 264 529 10,
289 488 348 522 23.
369 485 580 522 varietatem
595 485 780 529 similibus,
803 486 1023 530 voluptatem
1037 483 1211 529 expositis
1225 485 1310 519 dare
1330 489 1385 529 10,
1404 489 1438 528 5,
1459 490 1517 522 11.

30 534 118 568 dare
135 532 269 568 actioni
278 530 402 568 varios
421 533 523 568 velut
535 532 658 566 vultus
670 533 706 574 9,
723 535 759 574 2,
784 531 848 574 633
869 543 886 566 s
899 543 920 566 e
938 530 1036 565 inani
1050 532 1243 567 verborum
1260 532 1411 566 torrenti
1431 533 1518 568 dare

31 582 144 622 10,!7‚
155 581 216 615 23.
236 580 277 622 y)
293 578 486 622 adiectum
502 581 586 612 Dat.
605 585 664 612 aut
684 582 847 620 praepos.
860 593 870 611 :
895 589 974 612 eam
985 575 1164 622 (musicen)
1182 582 1305 611 natura
1322 577 1402 623 ipsa
1417 579 1520 614 vide-

30 629 93 660 uu·
106 624 161 671 {id
181 625 388 671 tolerandos
410 624 550 659 facilius
568 625 709 659 labores
723 626 825 658 velut
853 623 994 658 muneri
1015 624 1120 658 nobis
1143 623 1284 658 dedisse
1308 627 1342 667 1,
1365 627 1422 667 10,
1451 627 1518 669 16;

20 671 195 716 ‘tempora
217 670 270 705 a'd
297 669 455 716 quietem
475 670 780 715 refectionemque
806 670 910 705 nobis
938 671 1018 703 data
1042 672 1100 714 10,
1125 671 1161 712 3,
1194 670 1258 712 26;
1292 670 1339 704 in
1377 672 1521 715 adopti-

29 726 138 762 onem
163 717 251 762 date
274 703 369 763 QG,
390 717 448 753 96.
480 717 511 751 Β
545 711 583 751 inl
604 718 726 751 locum
751 715 899 750 aliarum
922 716 1082 750 dedimus
1108 715 1301 761 aliquando
1327 720 1366 759 1,
1390 716 1435 760 4,
1462 718 1519 753 15.

29 761 78 797 in
105 761 188 807 (Sp'.
218 761 300 805 σπι.)
324 767 430 808 quam
454 774 531 797 rem
553 763 692 797 dederit
716 761 967 806 (beneficium)
989 765 1032 804 7,
1055 761 1101 804 4,
1129 765 1174 796 23
1197 766 1240 796 Ζ.
1268 762 1329 807 qui
1358 764 1439 807 plus
1472 763 1521 798 in

0 831 1 834 =
28 808 101 843 hoc
123 807 232 842 studii
253 809 429 843 dederunt
459 811 515 852 12,
538 811 575 851 2,
604 810 661 844 19.
721 805 759 851 δ)
784 810 856 850 adj.
882 810 1106 842 Praedia-ato.-
1134 807 1297 842 obsidem
1318 809 1409 852 reip.
1432 810 1520 845 dare

30 854 207 896 malorum
235 853 370 897 civium
392 854 656 889 accusationem
681 857 739 898 12,
761 857 796 898 7,
823 857 868 896 3;
894 865 959 888 suo
986 854 1115 899 cuique
1142 854 1262 887 animo
1289 855 1387 888 dedit
1410 855 1522 889 aesti-

29 891 256 944 munnam,
282 902 339 943 13,
366 903 422 935 13.
453 900 499 942 qr.
527 901 567 945 8,
591 900 628 943 4,
662 900 720 934 24.
742 900 795 934 M.
827 900 968 935 Tunius
1000 917 1043 926 -
1073 911 1124 934 se
1150 899 1350 944 Apononio
1378 901 1523 935 Moloni

31 955 157 987 rursus
173 945 410 980 *formandum
434 957 475 980 ac
497 947 598 982 velut
623 947 890 990 recoquendum
915 946 1014 982 dedit
1043 949 1099 989 12,
1121 946 1156 988 6,
1173 949 1206 980 7.
1229 946 1286 980 his
1310 946 1419 990 patris
1444 949 1523 991 ejus

30 989 193 1037 dialogos
219 990 318 1025 dedit
339 993 516 1038 legendos
538 993 575 1035 6,
590 994 625 1035 3,
641 991 698 1025 44.
720 1003 800 1025 cum
818 994 911 1026 lecta
935 993 973 1027 in
997 992 1113 1036 capite
1135 1003 1218 1026 ossa
1239 992 1344 1026 matri
1367 995 1524 1027 tenenda

32 1034 189 1079 {ledisset
213 1037 251 1079 8,
278 1036 316 1080 5,
340 1039 399 1072 21.
450 1037 485 1080 ε)
516 1050 582 1082 seq.
620 1051 692 1071 ne:
727 1038 774 1070 do
798 1038 971 1083 tempori,
996 1049 1051 1072 ne
1077 1037 1171 1072 hirta
1198 1043 1282 1085 toga
1303 1038 1351 1072 sit
1374 1046 1438 1072 etc.
1463 1041 1523 1082 12,

34 1083 93 1124 10,
111 1080 183 1116 47.
204 1082 328 1116 demus
349 1083 422 1117 hoc
448 1083 609 1118 breviter
632 1083 811 1118 desiderio
833 1096 947 1129 paene
984 1083 1151 1130 publico,
1185 1094 1242 1118 ue
1274 1084 1335 1128 (a.
1367 1088 1392 1119 1.
1422 1084 1526 1130 nec)

31 1126 243 1170 omittamus,
264 1139 347 1162 eum
365 1147 415 1154 --
437 1134 602 1163 ornatum
624 1130 659 1172 8,
684 1128 721 1173 4,
743 1131 803 1172 29.

76 1182 148 1228 m)
172 1186 357 1231 [φημι
382 1185 429 1218 aa
453 1184 547 1228 patri
573 1195 702 1229 panem
723 1186 760 1228 s,
787 1186 822 1227 a,
845 1187 904 1219 22.
930 1185 975 1218 da
997 1184 1065 1221 ina
1084 1168 1254 1219 Diomedi
1282 1184 1439 1231 (verba)
1466 1190 1523 1230 11,

18 1230 156 1280 1,.37ς
180 1230 227 1264 da
249 1236 407 1265 mentem
431 1231 476 1264 ad
497 1231 623 1275 pejora
646 1229 812 1273 facilem,
844 1232 889 1264 da
919 1231 1172 1277 negligentiam
1195 1233 1374 1266 formandi
1404 1234 1523 1277 pudo-

9 1285 99 1355 ἐξ
114 1275 156 1357 11,
187 1273 311 1356 23:343
353 1277 399 1310 da
431 1287 548 1320 nunc,
592 1281 641 1310 ut
680 1276 829 1311 crimine
861 1277 1053 1312 manifesto
1083 1283 1264 1322 prematur
1297 1279 1372 1312 dux
1407 1280 1524 1313 bonus

17 1338 19 1342 '
81 1345 96 1365 9
159 1345 172 1365 2
252 1346 263 1356 ·

0 1384 147 1441 Doceoo
191 1397 225 1443 1)
257 1396 302 1444 a)
324 1401 537 1442 simpliciter.-
559 1399 623 1434 illa
645 1405 729 1435 sunt
750 1401 972 1444 communia,
1008 1400 1183 1436 concili
1195 1411 1293 1442 are,
1316 1411 1525 1446 narrare,

32 1445 206 1480 dooere
227 1446 264 1489 3,
289 1444 326 1489 4,
352 1448 409 1480 15.
436 1447 568 1481 doceat
596 1452 722 1483 orator
745 1449 786 1493 3,
806 1450 841 1491 5,
867 1450 903 1484 2.
937 1447 1065 1492 quibus
1089 1449 1206 1482 solum
1229 1447 1416 1482 videretur
1441 1459 1522 1483 ora-

0 1510 7 1522 .
28 1490 120 1525 turis
136 1490 296 1532 officium
320 1492 453 1526 docere
476 1493 510 1535 5,
536 1493 595 1526 Pr.
621 1495 655 1526 1.
679 1491 727 1534 eff.
753 1496 789 1536 2,
805 1494 841 1536 9,
859 1495 894 1528 3.
921 1496 977 1535 10,
997 1497 1031 1536 1,
1055 1495 1111 1529 78.
1137 1495 1269 1528 docere
1295 1494 1525 1538 expositione

6 1537 67 1580 ·9,
90 1533 128 1580 4,
149 1537 186 1572 4.
209 1536 382 1581 inclinare
405 1538 450 1571 ad
474 1537 652 1581 judicem,
677 1549 758 1572 cum
784 1540 929 1582 doceas,
953 1539 1040 1573 licet
1065 1543 1121 1583 11,
1145 1542 1181 1582 3,
1211 1542 1292 1574 132.
1324 1546 1360 1574 et
1388 1551 1466 1575 vox
1490 1546 1524 1575 et

0 1612 10 1618 .
30 1581 126 1616 actio
153 1583 285 1622 decom
309 1591 371 1618 etc.
390 1583 524 1628 pariter
545 1583 666 1618 omm'a
689 1585 822 1618 docent
847 1588 904 1628 10,
922 1588 956 1627 1,
979 1589 1035 1620 17.
1062 1586 1228 1620 docere
1251 1591 1288 1619 et
1313 1585 1527 1632 infigere

0 1626 155 1666 Funimis
176 1631 236 1663 re's
259 1639 400 1673 semper
422 1629 520 1674 cupit
556 1629 755 1672 (narratio)
787 1632 823 1674 9,
848 1631 885 1675 4,
925 1630 1003 1665 134.
1038 1642 1114 1665 non
1147 1633 1324 1674 doceo,
1358 1633 1423 1666 sed
1455 1634 1528 1666 ad-

0 1690 10 1716 :
29 1684 199 1712 moneo
220 1675 400 1709 ,docturos
426 1678 460 1718 1,
486 1675 521 1718 4,
547 1679 604 1710 17.
635 1676 666 1709 si
698 1676 872 1720 ejusmodi
903 1684 1157 1721 praeceptores
1188 1677 1306 1711 minus
1340 1678 1527 1722 docerent,

30 1719 230 1763 nou‘pejus
250 1723 287 1763 2,
314 1723 350 1763 3,
374 1719 411 1754 4.
438 1722 569 1756 docere
593 1721 798 1768 diligentius
824 1725 881 1765 10,
910 1726 943 1765 1,
973 1725 1057 1765 1103
1092 1729 1132 1755 ut
1155 1723 1263 1757 docui
1290 1725 1347 1762 11,
1372 1726 1408 1767 3,
1445 1725 1526 1759 161.

30 1769 74 1799 ut
98 1764 282 1800 docuimus
306 1769 363 1808 12,
387 1769 422 1808 2,
445 1769 502 1801 20.
527 1773 566 1801 ut
589 1778 676 1801 mox
701 1767 908 1802 docebimus
933 1771 989 1810 12,
1016 1772 1048 1810 1,
1074 1771 1127 1802 12.
1160 1771 1203 1812 β)
1229 1783 1258 1805 c.
1289 1770 1368 1812 obj,
1393 1769 1429 1807 al
1448 1783 1527 1814 per-

32 1822 158 1843 sonae.-
182 1810 267 1854 quid
290 1811 385 1845 aliud
409 1811 544 1858 agimus
574 1814 738 1848 docendo
761 1824 849 1856 eos,
884 1825 990 1858 quam
1017 1825 1065 1847 ne
1090 1825 1233 1858 semper
1262 1815 1418 1849 docendi
1457 1815 1529 1850 sint

33 1858 76 1898 2,
104 1855 146 1897 5,
170 1858 230 1897 13.
257 1856 398 1899 priores
430 1869 703 1901 superasse,
749 1865 914 1903 posteros
951 1859 1177 1893 docuisse
1213 1863 1269 1903 10,
1298 1864 1335 1904 2,
1372 1863 1429 1896 28.
1469 1862 1528 1895 cui

33 1898 174 1944 (aetati)
200 1901 381 1936 docendae
407 1904 463 1944 12,
482 1906 539 1946 11,
557 1907 614 1937 22.
642 1915 716 1938 non
737 1915 929 1940 movere
956 1910 1106 1948 tantum,
1130 1906 1194 1939 sed
1218 1908 1391 1941 docere
1417 1906 1525 1941 etiam

35 1946 222 1980 audientes
245 1946 352 1980 debet
375 1952 498 1980 orator
522 1951 578 1990 12,
607 1952 643 1990 2,
670 1952 726 1982 11.
751 1961 848 1993 non,
881 1951 913 1984 si
936 1952 1137 1984 docendum
1160 1952 1422 1994 pancratiasten
1446 1964 1527 1986 sus·

10 2034 17 2037 ἐ
36 1990 197 2035 ceperit,
220 2001 342 2037 pugno
366 1992 475 2025 ferire
501 1995 562 2026 vel
585 1995 682 2027 calce
709 2000 868 2037 tantum,
892 2002 952 2029 aut
977 2007 1095 2029 nexus
1118 1998 1247 2038 modo,
1275 2003 1381 2041 atque
1408 1998 1446 2031 in
1469 1997 1527 2031 his

36 2042 156 2073 certos
177 2035 316 2080 aliquos
339 2036 481 2070 docebit
502 2039 536 2079 2,
555 2039 590 2080 8,
608 2040 664 2071 13.
689 2050 806 2082 neque
827 2039 890 2073 illa
912 2041 1009 2074 Livii
1031 2042 1145 2074 lactea
1171 2042 1314 2075 ubertas
1336 2043 1420 2076 satis
1446 2053 1530 2077 eum

37 2081 243 2123 (oratorem)
278 2081 422 2115 docebit
454 2081 512 2125 (α.
539 2085 562 2116 1.
591 2083 754 2125 decebit)
789 2086 844 2126 10,
874 2087 907 2126 1,
939 2088 1006 2126 32;
1043 2097 1090 2119 ne
1113 2087 1193 2119 illas
1219 2087 1361 2130 quidem
1384 2089 1528 2122 tulerim

38 2127 184 2161 delicias
208 2137 345 2169 eorum,
373 2126 434 2170 qui
449 2127 571 2160 doceri
589 2128 720 2162 amicos
738 2139 823 2163 suos
841 2130 964 2171 jubent
990 2133 1047 2172 12,
1065 2132 1100 2172 8,
1116 2130 1150 2164 4.
1183 2143 1321 2175 sermo,
1345 2132 1403 2177 qui
1418 2133 1528 2168 facile

37 2172 193 2217 judicem
216 2173 344 2206 doceat
368 2175 424 2214 12,
450 2174 506 2215 10,
531 2173 588 2207 56.
604 2185 635 2206 υ.
661 2172 898 2208 Concilio.
925 2176 970 2208 ad
993 2176 1192 2209 docendum
1213 2178 1368 2220 judicem
1395 2182 1452 2222 12,
1490 2181 1527 2221 8,

40 2217 147 2259 1.-οῇ
174 2219 209 2260 8,
233 2220 268 2256 3,
292 2220 325 2252 3.
351 2219 387 2260 9,
414 2221 449 2261 2,
476 2220 511 2251 2.
539 2221 594 2261 12,
619 2214 679 2262 ‘10,
702 2219 761 2254 62.
807 2219 868 2259 An,
894 2221 1091 2254 secundum
1123 2221 1179 2254 sui
1210 2222 1361 2268 quisque
1392 2224 1529 2270 ingenii

36 2269 202 2297 naturam
230 2264 411 2297 docendus
439 2263 514 2297 sit?
551 2267 575 2297 2
597 2263 684 2308 Cap.
710 2265 743 2299 8.
794 2263 835 2308 b)
860 2269 949 2300 rei.-
977 2267 1073 2311 quod
1106 2267 1293 2302 discere
1321 2269 1527 2313 honestum,

44 2311 83 2341 et
104 2309 273 2343 docere
298 2311 332 2350 5,
359 2311 413 2351 10,
429 2311 487 2345 78.
513 2308 552 2342 in
574 2315 652 2344 toto
676 2310 761 2344 artis
784 2311 933 2354 hujusce
955 2317 1104 2346 tractatu
1127 2313 1305 2348 difficilius
1332 2321 1386 2349 est
1407 2316 1527 2360 jndi-

45 2362 179 2396 care,
203 2353 288 2398 quid
314 2354 463 2398 doceas,
488 2366 605 2399 quam,
634 2367 715 2390 cum
735 2357 926 2400 judicaris,
955 2358 1126 2393 docere
1152 2360 1188 2402 8,
1211 2361 1269 2393 Pr.
1298 2362 1332 2395 5.
1356 2363 1429 2396 hoc
1451 2373 1528 2396 non

45 2397 152 2432 docet
171 2397 327 2444 litigator
351 2400 387 2442 6,
413 2403 449 2443 2,
475 2402 509 2436 5.
538 2402 632 2446 quod
654 2404 716 2437 vel
740 2413 796 2436 ex
818 2403 997 2447 proxima,
1018 2403 1178 2448 (figura)
1202 2407 1325 2441 doceri
1348 2413 1465 2451 potest
1489 2409 1526 2452 9,

43 2445 80 2487 2,
102 2444 254 2486 5;'ante
276 2444 382 2479 inve
394 2445 518 2480 nisse
544 2453 675 2491 artem,
704 2460 810 2493 quam
834 2450 1050 2484 docuisse
1071 2453 1106 2493 7,
1135 2453 1191 2493 10,
1216 2454 1272 2486 10.
1295 2453 1528 2497 compositio-

42 2498 151 2532 nem,
174 2500 281 2534 quam
309 2491 472 2535 equidem
495 2491 526 2525 si
554 2493 748 2537 scirem,
776 2505 852 2528 non
882 2497 964 2530 doc
981 2507 1103 2530 erem
1131 2497 1167 2539 9,
1188 2495 1224 2540 4,
1248 2500 1328 2534 137.
1361 2505 1529 2543 tanquam

35 2545 119 2568 mn
158 2536 362 2570 doceant
399 2548 562 2582 causam,
598 2540 662 2573 sed
691 2547 823 2586 agant
860 2543 925 2582 12,
950 2543 997 2584 8,
1021 2543 1056 2578 9.
1091 2553 1323 2588 quaecunque
1355 2546 1528 2580 docemus

45 2581 211 2625 exempla
234 2584 290 2624 10,
315 2585 348 2625 1,
375 2584 430 2618 15.
453 2594 560 2627 posse
581 2591 760 2620 oratorem
783 2597 858 2620 non
881 2587 1104 2622 discendo
1137 2594 1272 2623 tantum
1296 2590 1366 2634 juri
1391 2602 1522 2626 vacare

14 2653 19 2660 .
47 2627 111 2660 sed
133 2625 240 2660 etiam
268 2629 488 2672 docendo
523 2632 580 2672 12,
606 2632 641 2672 3,
677 2633 734 2666 10.
753 2644 785 2666 υ.
805 2631 964 2667 Disco.
994 2639 1036 2668 ut
1056 2639 1161 2669 vetus
1183 2636 1400 2682 gubernator
1422 2637 1529 2671 litora

46 2677 82 2706 et
104 2678 228 2715 portus
254 2681 315 2707 etc.
345 2674 487 2708 docebit
513 2678 570 2718 12,
595 2679 652 2719 11,
676 2679 710 2712 5.
733 2683 770 2712 et
794 2678 957 2713 musicen
981 2685 1017 2714 et
1037 2679 1159 2715 literas
1186 2683 1292 2716 docet
1319 2685 1352 2724 1,
1382 2685 1442 2724 10,
1468 2684 1527 2716 18.

10 2723 172 2752 --natura
193 2729 267 2753 non
290 2721 440 2754 docetur
462 2721 498 2762 6,
521 2719 558 2764 4,
587 2724 643 2756 12.
668 2722 749 2765 illa,
784 2735 876 2767 quae
899 2724 1063 2760 ordinem
1091 2727 1147 2761 rei
1187 2728 1294 2762 docet
1329 2727 1529 2771 (narratio)

40 2764 79 2807 ,3,
106 2765 143 2806 8,
170 2767 224 2799 11.
250 2776 363 2809 parva
385 2767 555 2801 docemus
579 2770 614 2810 1,
640 2770 674 2812 1,
696 2772 755 2804 21.
788 2769 819 2804 si
841 2769 921 2805 inas
955 2769 1032 2816 (res
1061 2770 1194 2807 divinas
1223 2772 1471 2818 humanasque)
1499 2772 1525 2807 ii

91 2835 172 2865 Lex.
200 2834 314 2875 Quint.
1061 2841 1105 2873 17
