1702 3054
111 247 242 283 XVIII
788 243 1026 287 Praefatio.‘

116 357 182 408 ac
214 375 376 425 saepe
401 357 748 407 ne'indicare
768 359 1005 425 ‘quidem
1036 363 1196 420 haec,
1234 362 1326 408 sed
1361 359 1665 428 legentibus

111 438 452 506 permittere,
486 457 558 487 ne
588 441 754 488 moles
786 439 907 489 libri
940 440 998 488 in
1025 442 1338 488 immensum
1375 455 1664 503 cresceret3

115 521 238 570 satis
270 520 436 588 igitur
468 523 794 588 plerumque
829 511 1020 582 habui,
1057 521 1294 571 breviter
1328 520 1683 589 significasses

115 613 261 668 quae
280 604 519 670 legentes
543 598 737 668 sponte
755 601 1125 652 intellecturos
1158 601 1460 663 credebam,
1497 600 1668 651 doctis

116 682 259 731 enim
314 683 638 744 scribebam,
684 700 803 731 non
844 679 1185 733 discentibus.
1254 682 1492 733 Maxime
1534 698 1667 735 vero

116 763 317 827 studui,
350 778 415 814 ut
446 767 646 830 planus
672 779 731 812 ‘et
762 764 931 821 facilis
964 783 1063 831 per
1087 765 1300 834 singula
1323 778 1456 813 esset
1483 779 1669 812 cursus

113 842 367 894 Lexicon
421 844 899 909 perlustrantibus:
950 846 1138 913 itaque
1180 845 1357 896 varias
1401 843 1671 912 significa-

114 927 306 986 tiones,
326 923 422 972 ubi
441 924 655 988 licebat,
680 925 1145 993 comprehendens
1173 941 1227 975 et
1247 926 1508 975 flexiones
1537 942 1670 973 con,-

117 1005 554 1070 structionesque
616 1008 1016 1055 vocabulorum
1069 1007 1402 1074 potissimum
1453 1018 1668 1077 secutus

116 1086 413 1136 Nominum
450 1075 614 1134 Casus
650 1099 704 1134 et
734 1088 1041 1138 Verborum
1076 1090 1294 1137 Genera
1329 1086 1586 1148 discrevi,
1621 1097 1681 1132 etr

115 1167 442 1233 quibuscum
487 1166 580 1213 illa
621 1166 983 1233 jungerentur
1017 1167 1319 1233 Appositis,
1362 1185 1501 1233 quos
1535 1160 1702 1214 haec¹

114 1262 368 1315 :regerent
393 1248 574 1308 Casus,
603 1246 829 1295 ostendi.
900 1247 966 1295 In
990 1264 1102 1313 qua
1121 1262 1308 1297 tamen
1327 1250 1673 1296 relectorum
1701 1250 1702 1255 ’

118 1329 326 1377 animos
347 1331 454 1376 hoc
475 1330 599 1375 loco
618 1326 853 1374 monitos
874 1327 1051 1390 velim,
1086 1346 1186 1390 me,
1222 1346 1394 1395 quum
1411 1326 1672 1377 Nomina-
1701 1331 1702 1395 ζ

114 1408 294 1469 tivum
350 1423 404 1456 et
449 1406 846 1457 Accusativ-um
901 1408 1224 1474 scripserim,
1283 1409 1414 1460 vim*
1439 1409 1673 1475 Casuum

117 1493 313 1537 horum
342 1506 460 1536 non
488 1490 685 1537 formas
717 1502 1010 1554 spectasse,
1045 1507 1213 1556 quum
1242 1507 1429 1556 saepe,
1462 1503 1674 1538 mutata
1701 1507 1702 1517 ¹

120 1569 554 1631 constructione,
592 1571 730 1617 alter
757 1568 814 1616 in
847 1571 1077 1619 alterum
1098 1584 1582 1632 transeat,·tamen
1614 1569 1674 1617 in

44 1693 50 1697 .
121 1651 410 1717 complexu
431 1650 735 1699 sententiae
757 1649 864 1700 vim
887 1649 1123 1716 priorem
1145 1651 1401 1714 retineat,
1436 1649 1509 1700 utff
1523 1668 1604 1699 ex.
1626 1666 1671 1698 c.

116 1748 172 1797 p.
224 1735 335 1793 147.
386 1732 485 1779 sub
535 1730 968 1797 Compositio.
1016 1737 1072 1793 a)
1119 1734 1377 1782 Nominat.
1425 1730 1671 1781 invenias

122 1814 320 1877 „magis
348 1830 448 1861 non
473 1811 1006 1879 ἅρῥυθμον--ῳιαηι
1032 1812 1309 1880 ἔνρυθμον
1337 1829 1440 1861 esse
1468 1828 1672 1877 compo-

123 1895 429 1952 se'tz’onem;“
465 1910 528 1941 ac
557 1895 727 1958 paulo
756 1908 881 1959 post
908 1892 955 1955 δ)
977 1883 1155 1944 Δίους.
1185 1895 1367 1956 „rebus
1387 1910 1673 1942 accommo-

122 1976 295 2025 danda
324 1975 629 2041 compositio.
644 1980 674 2005 “
741 1974 931 2040 Atque
977 1974 1163 2023 similia
1205 1973 1302 2023 ubi
1344 1973 1671 2026 invenerinu

118 2056 338 2105 similem
387 2056 655 2104 rationem
705 2057 919 2105 subesse
964 2069 1240 2107 censeant.
1321 2055 1573 2103 Ceterum
1607 2067 1672 2102 ut
1701 2051 1702 2055 ’

121 2154 487 2186 succurrerem
515 2135 689 2186 labori
723 2135 935 2203 singula
967 2137 1374 2202 quaerentium',
1411 2134 1672 2195 ordinem,

121 2234 283 2281 quem
311 2218 716 2283 alphabeticum
740 2231 964 2279 vocant,
1001 2217 1163 2266 etiam
1190 2216 1249 2264 in
1277 2213 1516 2282 plurimis
1544 2231 1671 2279 par·
1700 2198 1702 2228 i

120 2297 296 2345 ticulis
322 2299 559 2364 ipsorum
582 2300 982 2349 vocabulorum
1005 2296 1243 2358 adhibui,
1276 2308 1356 2358 ut,
1391 2293 1433 2343 si
1461 2293 1551 2342 cui
1580 2293 1679 2344 via'
1701 2353 1702 2356 Ἰ

117 2376 475 2443 ingredienda
507 2378 642 2425 esset
674 2379 733 2426 in
760 2382 910 2426 hunc
941 2378 1340 2440 vocabulorum
1370 2377 1525 2425 velut
1555 2377 1680 2422 La·—

117 2457 456 2519 byrinthum,
493 2461 735 2521 quodam
753 2457 1020 2507 Ariadnes
1052 2457 1145 2503 filo
1174 2455 1384 2504 facilius
1418 2469 1475 2504 et
1498 2453 1668 2503 tutius

114 2553 215 2599 per
238 2554 419 2584 omnes
443 2554 644 2585 errores
667 2552 720 2585 et
740 2539 1015 2586 anfractus
1037 2541 1339 2584 duceretur.
1410 2534 1670 2599 Denique
1697 2560 1702 2602 ¹,

119 2632 340 2679 operam
370 2616 494 2663 dedi
527 2635 625 2681 per
656 2631 835 2666 totum
858 2635 1013 2683 OPUS,
1050 2631 1113 2664 ut
1135 2616 1462 2666 Latinarum
1484 2615 1664 2662 litera·
1698 2663 1702 2696 Ι,

112 2711 232 2741 rum
247 2696 509 2743 studiosos
529 2699 866 2748 sublevarem
887 2714 1007 2745 meo
1029 2698 1214 2745 labore
1227 2715 1391 2763 quam
1412 2694 1666 2753 maxime3
1700 2722 1702 2729 ν

113 2788 278 2836 quam
310 2777 592 2825 molestam
615 2777 837 2843 quidem
866 2781 957 2827 sed
978 2776 1248 2827 literarum
1279 2776 1450 2827 cultui
1479 2774 1665 2825 utilem

1697 2901 1702 2976 1

1698 2978 1702 3054 1
