<?xml version="1.0" encoding="UTF-8"?>
<!DOCTYPE html PUBLIC "-//W3C//DTD XHTML 1.0 Transitional//EN"
    "http://www.w3.org/TR/xhtml1/DTD/xhtml1-transitional.dtd">
<html xmlns="http://www.w3.org/1999/xhtml" xml:lang="en" lang="en">
 <head>
  <title>
</title>
<meta http-equiv="Content-Type" content="text/html;charset=utf-8" />
  <meta name='ocr-system' content='tesseract 3.04.00' />
  <meta name='ocr-capabilities' content='ocr_page ocr_carea ocr_par ocr_line ocrx_word'/>
</head>
<body>
  <div class='ocr_page' id='page_1' title='image "./lexiconquintilia06bonnuoft/lexiconquintilia06bonnuoft_0268.png"; bbox 0 0 1728 3002; ppageno 0'>
   <div class='ocr_carea' id='block_1_1' title="bbox 177 197 1157 245">
    <p class='ocr_par' dir='ltr' id='par_1_1' title="bbox 177 197 1157 245">
     <span class='ocr_line' id='line_1_1' title="bbox 177 197 1157 245; baseline -0.001 -1"><span class='ocrx_word' id='word_1_1' title='bbox 177 204 258 245; x_wconf 84' lang='lat'><strong>176</strong></span> <span class='ocrx_word' id='word_1_2' title='bbox 731 197 885 242; x_wconf 83' lang='lat' dir='ltr'><strong>Contio</strong></span> <span class='ocrx_word' id='word_1_3' title='bbox 912 225 967 233; x_wconf 89' lang='lat'><strong>--</strong></span> <span class='ocrx_word' id='word_1_4' title='bbox 997 197 1157 245; x_wconf 79' lang='lat' dir='ltr'><strong>Contra</strong></span> 
     </span>
    </p>
   </div>
   <div class='ocr_carea' id='block_1_2' title="bbox 176 303 1724 1098">
    <p class='ocr_par' dir='ltr' id='par_1_2' title="bbox 176 303 1724 1098">
     <span class='ocr_line' id='line_1_2' title="bbox 176 303 1706 362; baseline 0.005 -15"><span class='ocrx_word' id='word_1_5' title='bbox 176 303 344 348; x_wconf 87' lang='lat' dir='ltr'><strong>Contio.</strong></span> <span class='ocrx_word' id='word_1_6' title='bbox 365 313 394 360; x_wconf 90' lang='lat'><strong>1)</strong></span> <span class='ocrx_word' id='word_1_7' title='bbox 409 321 553 350; x_wconf 74' lang='lat' dir='ltr'><strong>coetus</strong></span> <span class='ocrx_word' id='word_1_8' title='bbox 570 315 762 360; x_wconf 58' lang='lat' dir='ltr'><strong>popumx</strong></span> <span class='ocrx_word' id='word_1_9' title='bbox 776 319 870 350; x_wconf 81' lang='lat' dir='ltr'><strong>cont.</strong></span> <span class='ocrx_word' id='word_1_10' title='bbox 880 315 1102 351; x_wconf 84' lang='lat' dir='ltr'><strong>turbulentae</strong></span> <span class='ocrx_word' id='word_1_11' title='bbox 1115 315 1282 361; x_wconf 80' lang='lat'><strong>5,13‚39.</strong></span> <span class='ocrx_word' id='word_1_12' title='bbox 1302 315 1455 362; x_wconf 77' lang='lat' dir='ltr'><strong>sapienti</strong></span> <span class='ocrx_word' id='word_1_13' title='bbox 1529 317 1706 357; x_wconf 69' lang='lat' dir='ltr'><strong>contio-</strong></span> 
     </span>
     <span class='ocr_line' id='line_1_3' title="bbox 220 360 1724 411; baseline 0.003 -14"><span class='ocrx_word' id='word_1_14' title='bbox 220 374 299 397; x_wconf 86' lang='lat' dir='ltr'><strong>nes</strong></span> <span class='ocrx_word' id='word_1_15' title='bbox 321 366 391 406; x_wconf 85' lang='lat' dir='ltr'><strong>atq.</strong></span> <span class='ocrx_word' id='word_1_16' title='bbox 408 372 514 396; x_wconf 88' lang='lat' dir='ltr'><strong>omne</strong></span> <span class='ocrx_word' id='word_1_17' title='bbox 537 360 789 396; x_wconf 86' lang='lat' dir='ltr'><strong>consilium</strong></span> <span class='ocrx_word' id='word_1_18' title='bbox 802 364 837 405; x_wconf 89' lang='lat'><strong>2,</strong></span> <span class='ocrx_word' id='word_1_19' title='bbox 852 363 985 406; x_wconf 83' lang='lat'><strong>17,28;</strong></span> <span class='ocrx_word' id='word_1_20' title='bbox 1012 361 1048 398; x_wconf 87' lang='lat' dir='ltr'><strong>in</strong></span> <span class='ocrx_word' id='word_1_21' title='bbox 1064 362 1135 397; x_wconf 85' lang='lat' dir='ltr'><strong>illis</strong></span> <span class='ocrx_word' id='word_1_22' title='bbox 1150 361 1315 398; x_wconf 87' lang='lat' dir='ltr'><strong>fluctibus</strong></span> <span class='ocrx_word' id='word_1_23' title='bbox 1329 373 1400 406; x_wconf 85' lang='lat' dir='ltr'><strong>con</strong></span> <span class='ocrx_word' id='word_1_24' title='bbox 1417 363 1425 372; x_wconf 82' lang='lat'>’</span> <span class='ocrx_word' id='word_1_25' title='bbox 1521 403 1527 410; x_wconf 48' lang='lat'><strong><em>¹</em></strong></span> <span class='ocrx_word' id='word_1_26' title='bbox 1554 363 1724 411; x_wconf 17' lang='lat' dir='ltr'><strong>8,6,48.v</strong></span> 
     </span>
     <span class='ocr_line' id='line_1_4' title="bbox 222 406 1722 457; baseline 0.002 -15"><span class='ocrx_word' id='word_1_27' title='bbox 222 426 268 435; x_wconf 94' lang='lat'>—</span> <span class='ocrx_word' id='word_1_28' title='bbox 285 408 448 457; x_wconf 73' lang='lat' dir='ltr'><strong>fremitus</strong></span> <span class='ocrx_word' id='word_1_29' title='bbox 472 409 582 452; x_wconf 64' lang='grc'><strong>10,,3,</strong></span> <span class='ocrx_word' id='word_1_30' title='bbox 600 409 658 442; x_wconf 91' lang='grc'><strong>30.</strong></span> <span class='ocrx_word' id='word_1_31' title='bbox 693 427 742 434; x_wconf 90' lang='lat'><strong>-—</strong></span> <span class='ocrx_word' id='word_1_32' title='bbox 764 408 943 452; x_wconf 85' lang='lat' dir='ltr'><strong>procellae</strong></span> <span class='ocrx_word' id='word_1_33' title='bbox 967 411 1011 443; x_wconf 79' lang='lat' dir='ltr'><strong>ih.</strong></span> <span class='ocrx_word' id='word_1_34' title='bbox 1028 410 1138 453; x_wconf 88' lang='lat' dir='ltr'><strong>7N.,·</strong></span> <span class='ocrx_word' id='word_1_35' title='bbox 1169 409 1209 443; x_wconf 89' lang='lat' dir='ltr'><strong>in</strong></span> <span class='ocrx_word' id='word_1_36' title='bbox 1233 406 1405 454; x_wconf 85' lang='lat' dir='ltr'><strong>judicii</strong></span> <span class='ocrx_word' id='word_1_37' title='bbox 1472 410 1722 456; x_wconf 62' lang='lat' dir='ltr'><strong>consitiis,</strong></span> 
     </span>
     <span class='ocr_line' id='line_1_5' title="bbox 221 453 1706 499; baseline 0.001 -10"><span class='ocrx_word' id='word_1_38' title='bbox 221 454 515 495; x_wconf 86' lang='lat' dir='ltr'><strong>contionib.,</strong></span> <span class='ocrx_word' id='word_1_39' title='bbox 548 458 734 496; x_wconf 87' lang='lat' dir='ltr'><strong>senatu,</strong></span> <span class='ocrx_word' id='word_1_40' title='bbox 773 453 870 487; x_wconf 84' lang='lat' dir='ltr'><strong>omni</strong></span> <span class='ocrx_word' id='word_1_41' title='bbox 893 454 1047 499; x_wconf 89' lang='lat' dir='ltr'><strong>denique</strong></span> <span class='ocrx_word' id='word_1_42' title='bbox 1070 455 1155 489; x_wconf 90' lang='lat' dir='ltr'><strong>loco</strong></span> <span class='ocrx_word' id='word_1_43' title='bbox 1183 457 1248 499; x_wconf 86' lang='lat'><strong>12,</strong></span> <span class='ocrx_word' id='word_1_44' title='bbox 1273 457 1340 499; x_wconf 93' lang='grc'><strong>11,</strong></span> <span class='ocrx_word' id='word_1_45' title='bbox 1368 458 1402 492; x_wconf 91' lang='grc'><strong>1.</strong></span> <span class='ocrx_word' id='word_1_46' title='bbox 1437 468 1472 490; x_wconf 82' lang='grc' dir='ltr'><strong>υ.</strong></span> <span class='ocrx_word' id='word_1_47' title='bbox 1496 454 1706 493; x_wconf 83' lang='lat' dir='ltr'><strong>Senatus.</strong></span> 
     </span>
     <span class='ocr_line' id='line_1_6' title="bbox 218 499 1707 543; baseline 0.003 -8"><span class='ocrx_word' id='word_1_48' title='bbox 218 501 259 535; x_wconf 88' lang='lat' dir='ltr'><strong>in</strong></span> <span class='ocrx_word' id='word_1_49' title='bbox 283 499 545 543; x_wconf 88' lang='lat' dir='ltr'><strong>sermonib.,</strong></span> <span class='ocrx_word' id='word_1_50' title='bbox 571 499 785 542; x_wconf 80' lang='lat' dir='ltr'><strong>circulis,</strong></span> <span class='ocrx_word' id='word_1_51' title='bbox 810 500 1075 543; x_wconf 78' lang='lat' dir='ltr'><strong>conviviis,</strong></span> <span class='ocrx_word' id='word_1_52' title='bbox 1097 500 1244 537; x_wconf 86' lang='lat' dir='ltr'><strong>item&#39;in</strong></span> <span class='ocrx_word' id='word_1_53' title='bbox 1268 500 1529 537; x_wconf 83' lang='lat' dir='ltr'><strong>contionib.</strong></span> <span class='ocrx_word' id='word_1_54' title='bbox 1553 504 1707 539; x_wconf 76' lang='lat' dir='ltr'><strong>Domit.</strong></span> 
     </span>
     <span class='ocr_line' id='line_1_7' title="bbox 219 546 1706 593; baseline 0.003 -13"><span class='ocrx_word' id='word_1_55' title='bbox 219 549 359 582; x_wconf 85' lang='lat' dir='ltr'><strong>Mars.</strong></span> <span class='ocrx_word' id='word_1_56' title='bbox 383 547 429 590; x_wconf 86' lang='lat'><strong>6,</strong></span> <span class='ocrx_word' id='word_1_57' title='bbox 454 548 496 590; x_wconf 89' lang='lat'><strong>3,</strong></span> <span class='ocrx_word' id='word_1_58' title='bbox 526 548 610 589; x_wconf 81' lang='lat'><strong>1053</strong></span> <span class='ocrx_word' id='word_1_59' title='bbox 654 557 842 591; x_wconf 87' lang='lat' dir='ltr'><strong>percussus</strong></span> <span class='ocrx_word' id='word_1_60' title='bbox 869 546 908 580; x_wconf 90' lang='lat' dir='ltr'><strong>in</strong></span> <span class='ocrx_word' id='word_1_61' title='bbox 931 547 1100 582; x_wconf 92' lang='lat' dir='ltr'><strong>contione</strong></span> <span class='ocrx_word' id='word_1_62' title='bbox 1123 548 1161 590; x_wconf 87' lang='grc'><strong>6,</strong></span> <span class='ocrx_word' id='word_1_63' title='bbox 1187 550 1222 593; x_wconf 89' lang='grc'><strong>1,</strong></span> <span class='ocrx_word' id='word_1_64' title='bbox 1246 547 1303 584; x_wconf 88' lang='grc'><strong>16.</strong></span> <span class='ocrx_word' id='word_1_65' title='bbox 1338 547 1380 583; x_wconf 88' lang='lat' dir='ltr'><strong>in</strong></span> <span class='ocrx_word' id='word_1_66' title='bbox 1402 547 1598 587; x_wconf 75' lang='lat' dir='ltr'><strong>contionib,</strong></span> <span class='ocrx_word' id='word_1_67' title='bbox 1626 550 1706 584; x_wconf 81' lang='lat' dir='ltr'><strong>elo-</strong></span> 
     </span>
     <span class='ocr_line' id='line_1_8' title="bbox 219 591 1705 638; baseline 0.002 -12"><span class='ocrx_word' id='word_1_68' title='bbox 219 598 387 637; x_wconf 79' lang='lat' dir='ltr'><strong>quentem</strong></span> <span class='ocrx_word' id='word_1_69' title='bbox 413 594 474 635; x_wconf 93' lang='lat'><strong>10,</strong></span> <span class='ocrx_word' id='word_1_70' title='bbox 502 594 519 626; x_wconf 90' lang='lat'><strong>1</strong></span> <span class='ocrx_word' id='word_1_71' title='bbox 534 618 545 635; x_wconf 96' lang='lat'><strong>,</strong></span> <span class='ocrx_word' id='word_1_72' title='bbox 574 594 651 627; x_wconf 89' lang='lat'><strong>101.</strong></span> <span class='ocrx_word' id='word_1_73' title='bbox 693 591 771 636; x_wconf 82' lang='lat' dir='ltr'><strong>quis</strong></span> <span class='ocrx_word' id='word_1_74' title='bbox 794 592 1088 638; x_wconf 86' lang='lat' dir='ltr'><strong>philosophorum</strong></span> <span class='ocrx_word' id='word_1_75' title='bbox 1115 593 1296 628; x_wconf 82' lang='lat' dir='ltr'><strong>clarus-in</strong></span> <span class='ocrx_word' id='word_1_76' title='bbox 1321 594 1518 631; x_wconf 77' lang='lat' dir='ltr'><strong>contionih.</strong></span> <span class='ocrx_word' id='word_1_77' title='bbox 1550 593 1621 634; x_wconf 78' lang='lat' dir='ltr'><strong>fuit</strong></span> <span class='ocrx_word' id='word_1_78' title='bbox 1647 597 1705 638; x_wconf 86' lang='lat'><strong>12,</strong></span> 
     </span>
     <span class='ocr_line' id='line_1_9' title="bbox 220 634 1704 686; baseline 0.001 -14"><span class='ocrx_word' id='word_1_79' title='bbox 220 642 256 683; x_wconf 85' lang='lat'><strong>2,</strong></span> <span class='ocrx_word' id='word_1_80' title='bbox 274 642 308 674; x_wconf 95' lang='lat'><strong>7.</strong></span> <span class='ocrx_word' id='word_1_81' title='bbox 338 649 417 682; x_wconf 92' lang='lat' dir='ltr'><strong>pro</strong></span> <span class='ocrx_word' id='word_1_82' title='bbox 442 639 609 673; x_wconf 86' lang='lat' dir='ltr'><strong>contione</strong></span> <span class='ocrx_word' id='word_1_83' title='bbox 637 639 784 673; x_wconf 82' lang='lat' dir='ltr'><strong>suadere</strong></span> <span class='ocrx_word' id='word_1_84' title='bbox 807 649 848 672; x_wconf 88' lang='lat' dir='ltr'><strong>ac</strong></span> <span class='ocrx_word' id='word_1_85' title='bbox 869 638 1074 675; x_wconf 73' lang='lat' dir='ltr'><strong>dissuadere</strong></span> <span class='ocrx_word' id='word_1_86' title='bbox 1096 642 1132 682; x_wconf 86' lang='lat'><strong>2,</strong></span> <span class='ocrx_word' id='word_1_87' title='bbox 1157 638 1194 683; x_wconf 87' lang='grc'><strong>4,</strong></span> <span class='ocrx_word' id='word_1_88' title='bbox 1218 636 1274 675; x_wconf 84' lang='grc'><strong>33.</strong></span> <span class='ocrx_word' id='word_1_89' title='bbox 1306 639 1352 681; x_wconf 78' lang='lat' dir='ltr'><strong>cf.</strong></span> <span class='ocrx_word' id='word_1_90' title='bbox 1369 640 1404 683; x_wconf 84' lang='lat'><strong>4,</strong></span> <span class='ocrx_word' id='word_1_91' title='bbox 1417 638 1453 684; x_wconf 84' lang='grc'><strong>4,</strong></span> <span class='ocrx_word' id='word_1_92' title='bbox 1469 635 1504 677; x_wconf 81' lang='lat'><strong>8.</strong></span> <span class='ocrx_word' id='word_1_93' title='bbox 1549 641 1599 685; x_wconf 82' lang='grc' dir='ltr'><strong>ΙΙ)</strong></span> <span class='ocrx_word' id='word_1_94' title='bbox 1623 634 1651 679; x_wconf 68' lang='lat' dir='ltr'><strong>if.</strong></span> <span class='ocrx_word' id='word_1_95' title='bbox 1671 653 1704 686; x_wconf 80' lang='lat' dir='ltr'><strong>q.</strong></span> 
     </span>
     <span class='ocr_line' id='line_1_10' title="bbox 220 683 1706 730; baseline 0.001 -11"><span class='ocrx_word' id='word_1_96' title='bbox 220 688 373 719; x_wconf 83' lang='lat' dir='ltr'><strong>oratio</strong></span> <span class='ocrx_word' id='word_1_97' title='bbox 393 686 445 718; x_wconf 83' lang='lat' dir='ltr'><strong>ad</strong></span> <span class='ocrx_word' id='word_1_98' title='bbox 463 689 679 729; x_wconf 83' lang='lat' dir='ltr'><strong>populum.-</strong></span> <span class='ocrx_word' id='word_1_99' title='bbox 697 683 881 730; x_wconf 80' lang='lat' dir='ltr'><strong>Ciceronis</strong></span> <span class='ocrx_word' id='word_1_100' title='bbox 898 685 1167 720; x_wconf 83' lang='lat' dir='ltr'><strong>sententiae</strong></span> <span class='ocrx_word' id='word_1_101' title='bbox 1185 684 1488 729; x_wconf 23' lang='lat' dir='ltr'><strong>etlcontiones</strong></span> <span class='ocrx_word' id='word_1_102' title='bbox 1502 686 1706 727; x_wconf 75' lang='lat' dir='ltr'><strong>non-minus</strong></span> 
     </span>
     <span class='ocr_line' id='line_1_11' title="bbox 217 729 1706 779; baseline 0.001 -14"><span class='ocrx_word' id='word_1_103' title='bbox 217 732 377 774; x_wconf 82' lang='lat' dir='ltr'><strong>clarum,</strong></span> <span class='ocrx_word' id='word_1_104' title='bbox 408 742 515 776; x_wconf 87' lang='lat' dir='ltr'><strong>quam</strong></span> <span class='ocrx_word' id='word_1_105' title='bbox 538 736 592 765; x_wconf 90' lang='lat' dir='ltr'><strong>est</strong></span> <span class='ocrx_word' id='word_1_106' title='bbox 613 730 652 764; x_wconf 89' lang='lat' dir='ltr'><strong>in</strong></span> <span class='ocrx_word' id='word_1_107' title='bbox 679 730 1016 776; x_wconf 80' lang='lat' dir='ltr'><strong>accusationib.</strong></span> <span class='ocrx_word' id='word_1_108' title='bbox 1047 737 1083 766; x_wconf 89' lang='lat' dir='ltr'><strong>et</strong></span> <span class='ocrx_word' id='word_1_109' title='bbox 1107 731 1451 776; x_wconf 65' lang='lat' dir='ltr'><strong>defensionib„</strong></span> <span class='ocrx_word' id='word_1_110' title='bbox 1479 729 1706 779; x_wconf 56' lang='lat' dir='ltr'><strong>eloipientiae</strong></span> 
     </span>
     <span class='ocr_line' id='line_1_12' title="bbox 217 776 1708 825; baseline 0.001 -14"><span class='ocrx_word' id='word_1_111' title='bbox 217 778 340 811; x_wconf 89' lang='lat' dir='ltr'><strong>lumen</strong></span> <span class='ocrx_word' id='word_1_112' title='bbox 363 778 553 811; x_wconf 88' lang='lat' dir='ltr'><strong>ostendunt</strong></span> <span class='ocrx_word' id='word_1_113' title='bbox 579 778 621 820; x_wconf 88' lang='grc'><strong>3,</strong></span> <span class='ocrx_word' id='word_1_114' title='bbox 643 778 688 820; x_wconf 88' lang='grc'><strong>8,</strong></span> <span class='ocrx_word' id='word_1_115' title='bbox 713 777 771 812; x_wconf 91' lang='grc'><strong>65.</strong></span> <span class='ocrx_word' id='word_1_116' title='bbox 806 776 844 812; x_wconf 90' lang='lat' dir='ltr'><strong>in</strong></span> <span class='ocrx_word' id='word_1_117' title='bbox 869 777 924 812; x_wconf 85' lang='lat' dir='ltr'><strong>his</strong></span> <span class='ocrx_word' id='word_1_118' title='bbox 949 776 1122 822; x_wconf 76' lang='lat' dir='ltr'><strong>(historiis)</strong></span> <span class='ocrx_word' id='word_1_119' title='bbox 1147 777 1400 823; x_wconf 84' lang='lat' dir='ltr'><strong>contiones</strong></span> <span class='ocrx_word' id='word_1_120' title='bbox 1426 785 1498 825; x_wconf 80' lang='lat' dir='ltr'><strong>atq.</strong></span> <span class='ocrx_word' id='word_1_121' title='bbox 1523 779 1708 816; x_wconf 74' lang='lat' dir='ltr'><strong>senten-</strong></span> 
     </span>
     <span class='ocr_line' id='line_1_13' title="bbox 218 820 1711 878; baseline 0.003 -21"><span class='ocrx_word' id='word_1_122' title='bbox 218 823 312 857; x_wconf 82' lang='lat' dir='ltr'><strong>tiae</strong></span> <span class='ocrx_word' id='word_1_123' title='bbox 342 824 551 867; x_wconf 81' lang='lat' dir='ltr'><strong>plerumque</strong></span> <span class='ocrx_word' id='word_1_124' title='bbox 575 822 745 857; x_wconf 86' lang='lat' dir='ltr'><strong>suadendi</strong></span> <span class='ocrx_word' id='word_1_125' title='bbox 772 834 815 858; x_wconf 87' lang='lat' dir='ltr'><strong>ac</strong></span> <span class='ocrx_word' id='word_1_126' title='bbox 838 822 1063 859; x_wconf 84' lang='lat' dir='ltr'><strong>dissuadendi</strong></span> <span class='ocrx_word' id='word_1_127' title='bbox 1086 825 1286 878; x_wconf 79' lang='lat' dir='ltr'><strong>funguntur</strong></span> <span class='ocrx_word' id='word_1_128' title='bbox 1307 823 1428 859; x_wconf 87' lang='lat' dir='ltr'><strong>officio</strong></span> <span class='ocrx_word' id='word_1_129' title='bbox 1454 827 1500 868; x_wconf 63' lang='lat' dir='ltr'><strong>il»P</strong></span> <span class='ocrx_word' id='word_1_130' title='bbox 1524 824 1582 861; x_wconf 88' lang='grc'><strong>67.</strong></span> <span class='ocrx_word' id='word_1_131' title='bbox 1608 820 1654 867; x_wconf 60' lang='grc' dir='ltr'><strong>σίὲ</strong></span> <span class='ocrx_word' id='word_1_132' title='bbox 1669 825 1711 868; x_wconf 79' lang='lat'><strong>9,</strong></span> 
     </span>
     <span class='ocr_line' id='line_1_14' title="bbox 217 867 1708 915; baseline 0.001 -13"><span class='ocrx_word' id='word_1_133' title='bbox 217 867 254 911; x_wconf 85' lang='grc'><strong>4,</strong></span> <span class='ocrx_word' id='word_1_134' title='bbox 279 871 335 903; x_wconf 87' lang='grc'><strong>18.</strong></span> <span class='ocrx_word' id='word_1_135' title='bbox 373 869 721 903; x_wconf 85' lang='lat' dir='ltr'><strong>sententiarum</strong></span> <span class='ocrx_word' id='word_1_136' title='bbox 745 868 781 903; x_wconf 88' lang='lat' dir='ltr'><strong>in</strong></span> <span class='ocrx_word' id='word_1_137' title='bbox 807 876 953 914; x_wconf 88' lang='lat' dir='ltr'><strong>senatu,</strong></span> <span class='ocrx_word' id='word_1_138' title='bbox 983 876 1019 905; x_wconf 88' lang='lat' dir='ltr'><strong>et</strong></span> <span class='ocrx_word' id='word_1_139' title='bbox 1044 876 1318 906; x_wconf 81' lang='lat' dir='ltr'><strong>contionum</strong></span> <span class='ocrx_word' id='word_1_140' title='bbox 1345 875 1381 904; x_wconf 89' lang='lat' dir='ltr'><strong>et</strong></span> <span class='ocrx_word' id='word_1_141' title='bbox 1402 869 1708 915; x_wconf 82' lang='lat' dir='ltr'><strong>privatorum</strong></span> 
     </span>
     <span class='ocr_line' id='line_1_15' title="bbox 219 914 1706 960; baseline 0.001 -11"><span class='ocrx_word' id='word_1_142' title='bbox 219 914 538 949; x_wconf 88' lang='lat' dir='ltr'><strong>consiliorum</strong></span> <span class='ocrx_word' id='word_1_143' title='bbox 572 915 729 950; x_wconf 82' lang='lat' dir='ltr'><strong>servabit</strong></span> <span class='ocrx_word' id='word_1_144' title='bbox 753 915 955 950; x_wconf 88' lang='lat' dir='ltr'><strong>discrimina</strong></span> <span class='ocrx_word' id='word_1_145' title='bbox 985 919 1048 960; x_wconf 92' lang='grc'><strong>12,</strong></span> <span class='ocrx_word' id='word_1_146' title='bbox 1074 918 1141 960; x_wconf 88' lang='grc'><strong>10,</strong></span> <span class='ocrx_word' id='word_1_147' title='bbox 1168 919 1225 952; x_wconf 88' lang='grc'><strong>70.</strong></span> <span class='ocrx_word' id='word_1_148' title='bbox 1268 917 1440 951; x_wconf 81' lang='lat' dir='ltr'><strong>funebres</strong></span> <span class='ocrx_word' id='word_1_149' title='bbox 1465 918 1562 951; x_wconf 76' lang='lat' dir='ltr'><strong>cont.</strong></span> <span class='ocrx_word' id='word_1_150' title='bbox 1586 916 1706 951; x_wconf 85' lang='lat' dir='ltr'><strong>tristes</strong></span> 
     </span>
     <span class='ocr_line' id='line_1_16' title="bbox 217 960 1705 1005; baseline 0.001 -10"><span class='ocrx_word' id='word_1_151' title='bbox 217 966 289 1005; x_wconf 81' lang='lat' dir='ltr'><strong>atq.</strong></span> <span class='ocrx_word' id='word_1_152' title='bbox 316 961 525 995; x_wconf 86' lang='lat' dir='ltr'><strong>summissae</strong></span> <span class='ocrx_word' id='word_1_153' title='bbox 550 964 589 995; x_wconf 94' lang='lat'><strong>11</strong></span> <span class='ocrx_word' id='word_1_154' title='bbox 604 988 615 1004; x_wconf 96' lang='lat'><strong>,</strong></span> <span class='ocrx_word' id='word_1_155' title='bbox 639 963 682 1004; x_wconf 87' lang='lat'><strong>3,</strong></span> <span class='ocrx_word' id='word_1_156' title='bbox 709 963 788 996; x_wconf 82' lang='lat'><strong>153.</strong></span> <span class='ocrx_word' id='word_1_157' title='bbox 822 962 870 995; x_wconf 57' lang='lat' dir='ltr'><strong>in*</strong></span> <span class='ocrx_word' id='word_1_158' title='bbox 885 961 1053 997; x_wconf 86' lang='lat' dir='ltr'><strong>contione</strong></span> <span class='ocrx_word' id='word_1_159' title='bbox 1080 967 1205 996; x_wconf 84' lang='lat' dir='ltr'><strong>contra</strong></span> <span class='ocrx_word' id='word_1_160' title='bbox 1228 961 1417 997; x_wconf 83' lang='lat' dir='ltr'><strong>Catilinam</strong></span> <span class='ocrx_word' id='word_1_161' title='bbox 1439 963 1479 1005; x_wconf 87' lang='lat'><strong>5,</strong></span> <span class='ocrx_word' id='word_1_162' title='bbox 1504 964 1563 1005; x_wconf 90' lang='lat'><strong>11,</strong></span> <span class='ocrx_word' id='word_1_163' title='bbox 1587 960 1635 996; x_wconf 84' lang='grc'><strong>42</strong></span> <span class='ocrx_word' id='word_1_164' title='bbox 1656 963 1705 996; x_wconf 89' lang='grc' dir='ltr'><strong>Ν.</strong></span> 
     </span>
     <span class='ocr_line' id='line_1_17' title="bbox 215 1006 1707 1054; baseline 0.002 -14"><span class='ocrx_word' id='word_1_165' title='bbox 215 1013 258 1040; x_wconf 88' lang='lat' dir='ltr'><strong>ut</strong></span> <span class='ocrx_word' id='word_1_166' title='bbox 283 1006 357 1041; x_wconf 89' lang='lat' dir='ltr'><strong>Cic.</strong></span> <span class='ocrx_word' id='word_1_167' title='bbox 388 1007 474 1041; x_wconf 89' lang='lat' dir='ltr'><strong>dicit</strong></span> <span class='ocrx_word' id='word_1_168' title='bbox 500 1013 624 1041; x_wconf 82' lang='lat' dir='ltr'><strong>contra</strong></span> <span class='ocrx_word' id='word_1_169' title='bbox 648 1007 786 1041; x_wconf 89' lang='lat' dir='ltr'><strong>Metelli</strong></span> <span class='ocrx_word' id='word_1_170' title='bbox 811 1014 903 1042; x_wconf 89' lang='lat' dir='ltr'><strong>cont.</strong></span> <span class='ocrx_word' id='word_1_171' title='bbox 928 1010 974 1051; x_wconf 85' lang='grc'><strong>9,</strong></span> <span class='ocrx_word' id='word_1_172' title='bbox 999 1010 1045 1052; x_wconf 89' lang='grc'><strong>3,</strong></span> <span class='ocrx_word' id='word_1_173' title='bbox 1073 1009 1129 1044; x_wconf 94' lang='grc'><strong>50.</strong></span> <span class='ocrx_word' id='word_1_174' title='bbox 1175 1008 1344 1043; x_wconf 86' lang='lat' dir='ltr'><strong>contione</strong></span> <span class='ocrx_word' id='word_1_175' title='bbox 1370 1008 1579 1054; x_wconf 83' lang='lat' dir='ltr'><strong>prohibetur</strong></span> <span class='ocrx_word' id='word_1_176' title='bbox 1600 1011 1642 1052; x_wconf 91' lang='lat'><strong>7,</strong></span> <span class='ocrx_word' id='word_1_177' title='bbox 1668 1008 1707 1052; x_wconf 83' lang='lat'><strong>6,</strong></span> 
     </span>
     <span class='ocr_line' id='line_1_18' title="bbox 218 1053 1534 1098; baseline 0.001 -11"><span class='ocrx_word' id='word_1_178' title='bbox 218 1055 239 1087; x_wconf 83' lang='lat'><strong>3</strong></span> <span class='ocrx_word' id='word_1_179' title='bbox 264 1054 311 1087; x_wconf 90' lang='grc' dir='ltr'><strong>Ν.</strong></span> <span class='ocrx_word' id='word_1_180' title='bbox 346 1053 408 1087; x_wconf 90' lang='lat' dir='ltr'><strong>ille</strong></span> <span class='ocrx_word' id='word_1_181' title='bbox 432 1053 754 1096; x_wconf 86' lang='lat' dir='ltr'><strong>contionibus,</strong></span> <span class='ocrx_word' id='word_1_182' title='bbox 784 1054 843 1088; x_wconf 90' lang='lat' dir='ltr'><strong>hic</strong></span> <span class='ocrx_word' id='word_1_183' title='bbox 867 1054 1159 1089; x_wconf 81' lang='lat' dir='ltr'><strong>sermonibus</strong></span> <span class='ocrx_word' id='word_1_184' title='bbox 1181 1054 1310 1090; x_wconf 89' lang='lat' dir='ltr'><strong>melior</strong></span> <span class='ocrx_word' id='word_1_185' title='bbox 1333 1056 1452 1098; x_wconf 80' lang='grc'><strong>10,.1,</strong></span> <span class='ocrx_word' id='word_1_186' title='bbox 1476 1056 1534 1090; x_wconf 83' lang='grc'><strong>73.</strong></span> 
     </span>
    </p>
   </div>
   <div class='ocr_carea' id='block_1_3' title="bbox 174 1096 1707 1201">
    <p class='ocr_par' dir='ltr' id='par_1_3' title="bbox 174 1096 1707 1201">
     <span class='ocr_line' id='line_1_19' title="bbox 174 1096 1707 1159; baseline 0.005 -18"><span class='ocrx_word' id='word_1_187' title='bbox 174 1096 457 1140; x_wconf 68' lang='lat' dir='ltr'><strong>contionalis·</strong></span> <span class='ocrx_word' id='word_1_188' title='bbox 495 1128 540 1134; x_wconf 93' lang='lat'><em>-</em></span> <span class='ocrx_word' id='word_1_189' title='bbox 567 1110 682 1144; x_wconf 86' lang='lat' dir='ltr'><strong>oratio</strong></span> <span class='ocrx_word' id='word_1_190' title='bbox 707 1113 740 1153; x_wconf 87' lang='lat'><strong>3,</strong></span> <span class='ocrx_word' id='word_1_191' title='bbox 766 1109 801 1153; x_wconf 97' lang='grc'><strong>4,</strong></span> <span class='ocrx_word' id='word_1_192' title='bbox 829 1114 845 1144; x_wconf 97' lang='grc'><strong>1</strong></span> <span class='ocrx_word' id='word_1_193' title='bbox 873 1112 919 1145; x_wconf 89' lang='lat' dir='ltr'><strong>N.</strong></span> <span class='ocrx_word' id='word_1_194' title='bbox 948 1113 982 1147; x_wconf 85' lang='lat'><strong>9.</strong></span> <span class='ocrx_word' id='word_1_195' title='bbox 1020 1111 1246 1156; x_wconf 83' lang='lat' dir='ltr'><strong>judiciale</strong></span> <span class='ocrx_word' id='word_1_196' title='bbox 1273 1116 1310 1147; x_wconf 90' lang='lat' dir='ltr'><strong>et</strong></span> <span class='ocrx_word' id='word_1_197' title='bbox 1333 1117 1452 1147; x_wconf 88' lang='lat' dir='ltr'><strong>cont.</strong></span> <span class='ocrx_word' id='word_1_198' title='bbox 1476 1122 1589 1159; x_wconf 87' lang='lat' dir='ltr'><strong>genus</strong></span> <span class='ocrx_word' id='word_1_199' title='bbox 1610 1108 1648 1155; x_wconf 84' lang='grc'><strong>9,</strong></span> <span class='ocrx_word' id='word_1_200' title='bbox 1669 1109 1707 1154; x_wconf 82' lang='grc'><strong>4,</strong></span> 
     </span>
     <span class='ocr_line' id='line_1_20' title="bbox 220 1156 1150 1201; baseline 0.003 -12"><span class='ocrx_word' id='word_1_201' title='bbox 220 1158 299 1190; x_wconf 90' lang='lat'><strong>130.</strong></span> <span class='ocrx_word' id='word_1_202' title='bbox 336 1166 443 1190; x_wconf 89' lang='lat' dir='ltr'><strong>omne</strong></span> <span class='ocrx_word' id='word_1_203' title='bbox 467 1158 540 1190; x_wconf 88' lang='lat' dir='ltr'><strong>hoc</strong></span> <span class='ocrx_word' id='word_1_204' title='bbox 567 1156 726 1191; x_wconf 82' lang='lat' dir='ltr'><strong>officium</strong></span> <span class='ocrx_word' id='word_1_205' title='bbox 750 1162 844 1190; x_wconf 89' lang='lat' dir='ltr'><strong>cont.</strong></span> <span class='ocrx_word' id='word_1_206' title='bbox 871 1167 951 1191; x_wconf 86' lang='lat' dir='ltr'><strong>esse</strong></span> <span class='ocrx_word' id='word_1_207' title='bbox 975 1160 1009 1200; x_wconf 88' lang='lat'><strong>3,</strong></span> <span class='ocrx_word' id='word_1_208' title='bbox 1033 1159 1068 1201; x_wconf 83' lang='lat'><strong>8,</strong></span> <span class='ocrx_word' id='word_1_209' title='bbox 1094 1156 1150 1192; x_wconf 86' lang='lat'><strong>14.</strong></span> 
     </span>
    </p>
   </div>
   <div class='ocr_carea' id='block_1_4' title="bbox 174 1198 1711 1302">
    <p class='ocr_par' dir='ltr' id='par_1_4' title="bbox 174 1198 1711 1302">
     <span class='ocr_line' id='line_1_21' title="bbox 174 1198 1711 1258; baseline 0.001 -13"><span class='ocrx_word' id='word_1_210' title='bbox 174 1198 426 1242; x_wconf 75' lang='lat' dir='ltr'><strong>Contionor·</strong></span> <span class='ocrx_word' id='word_1_211' title='bbox 473 1212 694 1247; x_wconf 83' lang='lat' dir='ltr'><strong>contio&#39;nanti</strong></span> <span class='ocrx_word' id='word_1_212' title='bbox 722 1213 883 1248; x_wconf 82' lang='lat' dir='ltr'><strong>Graccho</strong></span> <span class='ocrx_word' id='word_1_213' title='bbox 912 1216 928 1247; x_wconf 92' lang='lat'><strong>1</strong></span> <span class='ocrx_word' id='word_1_214' title='bbox 943 1239 954 1256; x_wconf 95' lang='lat'>‚</span> <span class='ocrx_word' id='word_1_215' title='bbox 981 1216 1046 1256; x_wconf 90' lang='lat'><strong>10,</strong></span> <span class='ocrx_word' id='word_1_216' title='bbox 1069 1217 1127 1248; x_wconf 91' lang='grc'><strong>27.</strong></span> <span class='ocrx_word' id='word_1_217' title='bbox 1158 1212 1220 1258; x_wconf 85' lang='lat' dir='ltr'><strong>qui</strong></span> <span class='ocrx_word' id='word_1_218' title='bbox 1243 1213 1342 1248; x_wconf 85' lang='lat' dir='ltr'><strong>bona</strong></span> <span class='ocrx_word' id='word_1_219' title='bbox 1367 1219 1516 1258; x_wconf 78' lang='lat' dir='ltr'><strong>paterna</strong></span> <span class='ocrx_word' id='word_1_220' title='bbox 1541 1204 1711 1253; x_wconf 77' lang='lat' dir='ltr'><strong>consum-</strong></span> 
     </span>
     <span class='ocr_line' id='line_1_22' title="bbox 218 1258 1654 1302; baseline -0.001 -10"><span class='ocrx_word' id='word_1_221' title='bbox 218 1258 322 1300; x_wconf 85' lang='lat' dir='ltr'><strong>serit,</strong></span> <span class='ocrx_word' id='word_1_222' title='bbox 347 1269 393 1292; x_wconf 87' lang='lat' dir='ltr'><strong>ne</strong></span> <span class='ocrx_word' id='word_1_223' title='bbox 418 1258 645 1293; x_wconf 83' lang='lat' dir='ltr'><strong>contionetur</strong></span> <span class='ocrx_word' id='word_1_224' title='bbox 670 1261 705 1302; x_wconf 90' lang='lat'><strong>3,</strong></span> <span class='ocrx_word' id='word_1_225' title='bbox 731 1261 786 1301; x_wconf 91' lang='lat'><strong>11,</strong></span> <span class='ocrx_word' id='word_1_226' title='bbox 813 1261 868 1292; x_wconf 88' lang='grc'><strong>13.</strong></span> <span class='ocrx_word' id='word_1_227' title='bbox 898 1270 947 1292; x_wconf 82' lang='lat' dir='ltr'><strong>ex</strong></span> <span class='ocrx_word' id='word_1_228' title='bbox 969 1259 1158 1293; x_wconf 85' lang='lat' dir='ltr'><strong>meretrice</strong></span> <span class='ocrx_word' id='word_1_229' title='bbox 1181 1265 1284 1293; x_wconf 86' lang='lat' dir='ltr'><strong>natus</strong></span> <span class='ocrx_word' id='word_1_230' title='bbox 1307 1270 1355 1294; x_wconf 85' lang='lat' dir='ltr'><strong>ne</strong></span> <span class='ocrx_word' id='word_1_231' title='bbox 1378 1265 1474 1294; x_wconf 82' lang='lat' dir='ltr'><strong>cont.</strong></span> <span class='ocrx_word' id='word_1_232' title='bbox 1498 1261 1535 1302; x_wconf 89' lang='grc'><strong>7,</strong></span> <span class='ocrx_word' id='word_1_233' title='bbox 1557 1258 1594 1300; x_wconf 92' lang='grc'><strong>6,</strong></span> <span class='ocrx_word' id='word_1_234' title='bbox 1618 1260 1654 1292; x_wconf 89' lang='grc'><strong>3.</strong></span> 
     </span>
    </p>
   </div>
   <div class='ocr_carea' id='block_1_5' title="bbox 172 1300 1710 1449">
    <p class='ocr_par' dir='ltr' id='par_1_5' title="bbox 172 1300 1710 1449">
     <span class='ocr_line' id='line_1_23' title="bbox 172 1300 1710 1361; baseline 0.001 -14"><span class='ocrx_word' id='word_1_235' title='bbox 172 1300 462 1359; x_wconf 70' lang='lat' dir='ltr'><strong>contorqueo.</strong></span> <span class='ocrx_word' id='word_1_236' title='bbox 510 1316 542 1358; x_wconf 87' lang='lat'><strong>1)</strong></span> <span class='ocrx_word' id='word_1_237' title='bbox 566 1325 694 1361; x_wconf 84' lang='lat' dir='ltr'><strong>magna</strong></span> <span class='ocrx_word' id='word_1_238' title='bbox 716 1314 890 1349; x_wconf 73' lang='lat' dir='ltr'><strong>contorsit</strong></span> <span class='ocrx_word' id='word_1_239' title='bbox 918 1326 1049 1359; x_wconf 88' lang='lat' dir='ltr'><strong>equum</strong></span> <span class='ocrx_word' id='word_1_240' title='bbox 1069 1315 1110 1350; x_wconf 80' lang='lat' dir='ltr'><strong>vi</strong></span> <span class='ocrx_word' id='word_1_241' title='bbox 1133 1314 1278 1359; x_wconf 81' lang='lat' dir='ltr'><strong>(versus)</strong></span> <span class='ocrx_word' id='word_1_242' title='bbox 1301 1317 1339 1359; x_wconf 87' lang='grc'><strong>8,</strong></span> <span class='ocrx_word' id='word_1_243' title='bbox 1363 1316 1401 1358; x_wconf 87' lang='grc'><strong>6,</strong></span> <span class='ocrx_word' id='word_1_244' title='bbox 1427 1316 1461 1351; x_wconf 89' lang='grc'><strong>9.</strong></span> <span class='ocrx_word' id='word_1_245' title='bbox 1492 1319 1657 1349; x_wconf 78' lang='lat' dir='ltr'><strong>contorta</strong></span> <span class='ocrx_word' id='word_1_246' title='bbox 1671 1312 1710 1348; x_wconf 88' lang='lat' dir='ltr'><strong>in</strong></span> 
     </span>
     <span class='ocr_line' id='line_1_24' title="bbox 216 1360 1710 1406; baseline 0 -12"><span class='ocrx_word' id='word_1_247' title='bbox 216 1371 257 1396; x_wconf 84' lang='lat' dir='ltr'><strong>se</strong></span> <span class='ocrx_word' id='word_1_248' title='bbox 285 1372 377 1405; x_wconf 87' lang='lat' dir='ltr'><strong>aqua</strong></span> <span class='ocrx_word' id='word_1_249' title='bbox 401 1361 438 1404; x_wconf 84' lang='lat'><strong>8,</strong></span> <span class='ocrx_word' id='word_1_250' title='bbox 461 1363 497 1403; x_wconf 84' lang='lat'><strong>2,</strong></span> <span class='ocrx_word' id='word_1_251' title='bbox 520 1365 555 1396; x_wconf 93' lang='lat'><strong>7.</strong></span> <span class='ocrx_word' id='word_1_252' title='bbox 587 1362 723 1396; x_wconf 83' lang='lat' dir='ltr'><strong>hastam</strong></span> <span class='ocrx_word' id='word_1_253' title='bbox 742 1361 1004 1404; x_wconf 87' lang='lat' dir='ltr'><strong>speciosissime</strong></span> <span class='ocrx_word' id='word_1_254' title='bbox 1027 1367 1228 1397; x_wconf 77' lang='lat' dir='ltr'><strong>contortam</strong></span> <span class='ocrx_word' id='word_1_255' title='bbox 1249 1363 1288 1406; x_wconf 92' lang='grc'><strong>9,</strong></span> <span class='ocrx_word' id='word_1_256' title='bbox 1313 1360 1351 1406; x_wconf 81' lang='lat'><strong>4,</strong></span> <span class='ocrx_word' id='word_1_257' title='bbox 1373 1363 1410 1397; x_wconf 83' lang='lat'><strong>8.</strong></span> <span class='ocrx_word' id='word_1_258' title='bbox 1465 1360 1518 1404; x_wconf 91' lang='grc' dir='ltr'><strong>ΙΙ)</strong></span> <span class='ocrx_word' id='word_1_259' title='bbox 1545 1365 1710 1396; x_wconf 80' lang='lat' dir='ltr'><strong>contorta</strong></span> 
     </span>
     <span class='ocr_line' id='line_1_25' title="bbox 217 1406 889 1449; baseline -0.001 -7"><span class='ocrx_word' id='word_1_260' title='bbox 217 1406 277 1442; x_wconf 74' lang='lat' dir='ltr'><strong>Vis</strong></span> <span class='ocrx_word' id='word_1_261' title='bbox 303 1408 358 1449; x_wconf 91' lang='grc'><strong>10,</strong></span> <span class='ocrx_word' id='word_1_262' title='bbox 384 1410 420 1449; x_wconf 96' lang='grc'><strong>7,</strong></span> <span class='ocrx_word' id='word_1_263' title='bbox 449 1406 504 1441; x_wconf 78' lang='grc'><strong>14.</strong></span> <span class='ocrx_word' id='word_1_264' title='bbox 550 1419 585 1441; x_wconf 87' lang='lat' dir='ltr'><strong>v.</strong></span> <span class='ocrx_word' id='word_1_265' title='bbox 611 1407 889 1442; x_wconf 78' lang='lat' dir='ltr'><strong>Continuus.</strong></span> 
     </span>
    </p>
   </div>
   <div class='ocr_carea' id='block_1_6' title="bbox 173 1451 1725 2838">
    <p class='ocr_par' dir='ltr' id='par_1_6' title="bbox 173 1451 1725 2838">
     <span class='ocr_line' id='line_1_26' title="bbox 173 1451 1708 1510; baseline 0 -14"><span class='ocrx_word' id='word_1_266' title='bbox 173 1451 348 1494; x_wconf 76' lang='lat' dir='ltr'><strong>Contra·</strong></span> <span class='ocrx_word' id='word_1_267' title='bbox 392 1462 422 1504; x_wconf 85' lang='lat'><strong>1)</strong></span> <span class='ocrx_word' id='word_1_268' title='bbox 445 1466 607 1507; x_wconf 82' lang='lat' dir='ltr'><strong>Praepos.</strong></span> <span class='ocrx_word' id='word_1_269' title='bbox 621 1478 633 1498; x_wconf 85' lang='lat'><strong>.-</strong></span> <span class='ocrx_word' id='word_1_270' title='bbox 655 1463 813 1498; x_wconf 87' lang='lat' dir='ltr'><strong>minores</strong></span> <span class='ocrx_word' id='word_1_271' title='bbox 839 1463 964 1497; x_wconf 73' lang='lat' dir='ltr'><strong>contra</strong></span> <span class='ocrx_word' id='word_1_272' title='bbox 988 1462 1195 1510; x_wconf 82' lang='lat' dir='ltr'><strong>dignitatem</strong></span> <span class='ocrx_word' id='word_1_273' title='bbox 1213 1462 1399 1498; x_wconf 80' lang='lat' dir='ltr'><strong>attollendi</strong></span> <span class='ocrx_word' id='word_1_274' title='bbox 1423 1465 1557 1506; x_wconf 80' lang='grc'><strong>12,’7,</strong></span> <span class='ocrx_word' id='word_1_275' title='bbox 1578 1461 1614 1497; x_wconf 84' lang='grc'><strong>6.</strong></span> <span class='ocrx_word' id='word_1_276' title='bbox 1648 1472 1708 1496; x_wconf 86' lang='lat' dir='ltr'><strong>oa·-</strong></span> 
     </span>
     <span class='ocr_line' id='line_1_27' title="bbox 217 1509 1708 1556; baseline 0.001 -15"><span class='ocrx_word' id='word_1_277' title='bbox 217 1509 325 1553; x_wconf 86' lang='lat' dir='ltr'><strong>pillos</strong></span> <span class='ocrx_word' id='word_1_278' title='bbox 356 1520 377 1542; x_wconf 85' lang='lat' dir='ltr'><strong>a</strong></span> <span class='ocrx_word' id='word_1_279' title='bbox 403 1510 524 1544; x_wconf 77' lang='lat' dir='ltr'><strong>fronte</strong></span> <span class='ocrx_word' id='word_1_280' title='bbox 555 1516 668 1545; x_wconf 87' lang='lat' dir='ltr'><strong>contr.</strong></span> <span class='ocrx_word' id='word_1_281' title='bbox 692 1515 853 1544; x_wconf 84' lang='lat' dir='ltr'><strong>naturam</strong></span> <span class='ocrx_word' id='word_1_282' title='bbox 879 1515 1084 1555; x_wconf 77' lang='lat' dir='ltr'><strong>retroagere</strong></span> <span class='ocrx_word' id='word_1_283' title='bbox 1107 1513 1176 1553; x_wconf 92' lang='lat'><strong>11,</strong></span> <span class='ocrx_word' id='word_1_284' title='bbox 1207 1513 1251 1553; x_wconf 85' lang='lat'><strong>3,</strong></span> <span class='ocrx_word' id='word_1_285' title='bbox 1285 1510 1363 1545; x_wconf 83' lang='lat'><strong>160.</strong></span> <span class='ocrx_word' id='word_1_286' title='bbox 1414 1509 1549 1556; x_wconf 79' lang='lat' dir='ltr'><strong>figurae</strong></span> <span class='ocrx_word' id='word_1_287' title='bbox 1580 1513 1708 1542; x_wconf 77' lang='lat' dir='ltr'><strong>contra</strong></span> 
     </span>
     <span class='ocr_line' id='line_1_28' title="bbox 216 1553 1707 1600; baseline -0.002 -10"><span class='ocrx_word' id='word_1_288' title='bbox 216 1554 391 1590; x_wconf 83' lang='lat' dir='ltr'><strong>rationem</strong></span> <span class='ocrx_word' id='word_1_289' title='bbox 431 1555 522 1599; x_wconf 81' lang='lat' dir='ltr'><strong>(Sp.</strong></span> <span class='ocrx_word' id='word_1_290' title='bbox 548 1555 676 1599; x_wconf 89' lang='lat' dir='ltr'><strong>fidem)</strong></span> <span class='ocrx_word' id='word_1_291' title='bbox 711 1555 883 1600; x_wconf 85' lang='lat' dir='ltr'><strong>loquendi</strong></span> <span class='ocrx_word' id='word_1_292' title='bbox 905 1561 1073 1599; x_wconf 85' lang='lat' dir='ltr'><strong>receptae</strong></span> <span class='ocrx_word' id='word_1_293' title='bbox 1095 1554 1136 1598; x_wconf 84' lang='lat'><strong>4,</strong></span> <span class='ocrx_word' id='word_1_294' title='bbox 1163 1559 1204 1598; x_wconf 86' lang='lat'><strong>2,</strong></span> <span class='ocrx_word' id='word_1_295' title='bbox 1236 1557 1324 1598; x_wconf 79' lang='lat'><strong>1183</strong></span> <span class='ocrx_word' id='word_1_296' title='bbox 1361 1554 1428 1590; x_wconf 88' lang='lat' dir='ltr'><strong>sim</strong></span> <span class='ocrx_word' id='word_1_297' title='bbox 1453 1553 1563 1594; x_wconf 67' lang='lat' dir='ltr'><strong>licior,</strong></span> <span class='ocrx_word' id='word_1_298' title='bbox 1583 1559 1707 1588; x_wconf 77' lang='lat' dir='ltr'><strong>contra</strong></span> 
     </span>
     <span class='ocr_line' id='line_1_29' title="bbox 215 1598 1709 1648; baseline -0.002 -13"><span class='ocrx_word' id='word_1_299' title='bbox 215 1602 355 1635; x_wconf 79' lang='lat' dir='ltr'><strong>tabulas</strong></span> <span class='ocrx_word' id='word_1_300' title='bbox 378 1611 497 1648; x_wconf 84' lang='lat' dir='ltr'><strong>pugna</strong></span> <span class='ocrx_word' id='word_1_301' title='bbox 519 1602 554 1645; x_wconf 89' lang='lat'><strong>5,</strong></span> <span class='ocrx_word' id='word_1_302' title='bbox 579 1605 613 1645; x_wconf 94' lang='lat'><strong>7,</strong></span> <span class='ocrx_word' id='word_1_303' title='bbox 639 1605 672 1636; x_wconf 89' lang='lat'><strong>1.</strong></span> <span class='ocrx_word' id='word_1_304' title='bbox 707 1608 832 1636; x_wconf 82' lang='lat' dir='ltr'><strong>contra</strong></span> <span class='ocrx_word' id='word_1_305' title='bbox 846 1601 1035 1636; x_wconf 80' lang='lat' dir='ltr'><strong>veritatem</strong></span> <span class='ocrx_word' id='word_1_306' title='bbox 1055 1602 1254 1636; x_wconf 88' lang='lat' dir='ltr'><strong>obstinatus</strong></span> <span class='ocrx_word' id='word_1_307' title='bbox 1281 1605 1338 1644; x_wconf 85' lang='lat'><strong>12,</strong></span> <span class='ocrx_word' id='word_1_308' title='bbox 1364 1603 1398 1645; x_wconf 87' lang='lat'><strong>1,</strong></span> <span class='ocrx_word' id='word_1_309' title='bbox 1447 1603 1480 1636; x_wconf 81' lang='lat'><strong>0.</strong></span> <span class='ocrx_word' id='word_1_310' title='bbox 1506 1598 1709 1644; x_wconf 74' lang='lat' dir='ltr'><strong>[troctatmn</strong></span> 
     </span>
     <span class='ocr_line' id='line_1_30' title="bbox 216 1642 1706 1693; baseline -0.001 -13"><span class='ocrx_word' id='word_1_311' title='bbox 216 1663 262 1672; x_wconf 92' lang='lat'>—</span> <span class='ocrx_word' id='word_1_312' title='bbox 290 1652 415 1680; x_wconf 79' lang='lat' dir='ltr'><strong>contra</strong></span> <span class='ocrx_word' id='word_1_313' title='bbox 449 1648 538 1691; x_wconf 82' lang='lat' dir='ltr'><strong>(Sp.</strong></span> <span class='ocrx_word' id='word_1_314' title='bbox 565 1648 650 1690; x_wconf 82' lang='lat' dir='ltr'><strong>conj.</strong></span> <span class='ocrx_word' id='word_1_315' title='bbox 680 1651 827 1690; x_wconf 82' lang='lat' dir='ltr'><strong>circa,</strong></span> <span class='ocrx_word' id='word_1_316' title='bbox 856 1649 944 1693; x_wconf 78' lang='lat' dir='ltr'><strong>quod</strong></span> <span class='ocrx_word' id='word_1_317' title='bbox 968 1649 1097 1681; x_wconf 79' lang='lat' dir='ltr'><strong>exhibet</strong></span> <span class='ocrx_word' id='word_1_318' title='bbox 1124 1652 1223 1682; x_wconf 85' lang='lat' dir='ltr'><strong>Par.</strong></span> <span class='ocrx_word' id='word_1_319' title='bbox 1249 1646 1304 1691; x_wconf 91' lang='lat'><strong>1.)</strong></span> <span class='ocrx_word' id='word_1_320' title='bbox 1335 1653 1452 1692; x_wconf 75' lang='lat' dir='ltr'><strong>partes</strong></span> <span class='ocrx_word' id='word_1_321' title='bbox 1475 1642 1706 1682; x_wconf 72' lang='lat' dir='ltr'><strong>divinationis</strong></span> 
     </span>
     <span class='ocr_line' id='line_1_31' title="bbox 219 1690 1706 1737; baseline -0.002 -10"><span class='ocrx_word' id='word_1_322' title='bbox 219 1692 262 1735; x_wconf 94' lang='grc'><strong>5,</strong></span> <span class='ocrx_word' id='word_1_323' title='bbox 288 1696 330 1734; x_wconf 92' lang='grc'><strong>7,</strong></span> <span class='ocrx_word' id='word_1_324' title='bbox 356 1693 401 1727; x_wconf 91' lang='grc'><strong>35</strong></span> <span class='ocrx_word' id='word_1_325' title='bbox 429 1691 512 1737; x_wconf 84' lang='grc' dir='ltr'><strong>Ν.],·</strong></span> <span class='ocrx_word' id='word_1_326' title='bbox 558 1700 682 1728; x_wconf 89' lang='lat' dir='ltr'><strong>contra</strong></span> <span class='ocrx_word' id='word_1_327' title='bbox 705 1693 742 1727; x_wconf 90' lang='lat' dir='ltr'><strong>id</strong></span> <span class='ocrx_word' id='word_1_328' title='bbox 769 1694 855 1728; x_wconf 87' lang='lat' dir='ltr'><strong>dicit</strong></span> <span class='ocrx_word' id='word_1_329' title='bbox 879 1695 921 1737; x_wconf 89' lang='lat'><strong>9,</strong></span> <span class='ocrx_word' id='word_1_330' title='bbox 948 1696 991 1736; x_wconf 88' lang='grc'><strong>2,</strong></span> <span class='ocrx_word' id='word_1_331' title='bbox 1018 1694 1075 1729; x_wconf 89' lang='grc'><strong>89.</strong></span> <span class='ocrx_word' id='word_1_332' title='bbox 1117 1694 1147 1728; x_wconf 83' lang='lat' dir='ltr'><strong>si</strong></span> <span class='ocrx_word' id='word_1_333' title='bbox 1174 1699 1289 1728; x_wconf 89' lang='lat' dir='ltr'><strong>contr.</strong></span> <span class='ocrx_word' id='word_1_334' title='bbox 1318 1693 1379 1736; x_wconf 77' lang='lat' dir='ltr'><strong>id,</strong></span> <span class='ocrx_word' id='word_1_335' title='bbox 1492 1693 1517 1725; x_wconf 92' lang='lat' dir='ltr'><strong>d</strong></span> <span class='ocrx_word' id='word_1_336' title='bbox 1543 1690 1706 1733; x_wconf 79' lang='lat' dir='ltr'><strong>dicimus,</strong></span> 
     </span>
     <span class='ocr_line' id='line_1_32' title="bbox 216 1736 1708 1786; baseline -0.002 -13"><span class='ocrx_word' id='word_1_337' title='bbox 216 1738 398 1785; x_wconf 84' lang='lat' dir='ltr'><strong>finguntur</strong></span> <span class='ocrx_word' id='word_1_338' title='bbox 423 1738 648 1784; x_wconf 79' lang='lat' dir='ltr'><strong>(supercilia)</strong></span> <span class='ocrx_word' id='word_1_339' title='bbox 673 1743 734 1783; x_wconf 88' lang='lat'><strong>11,</strong></span> <span class='ocrx_word' id='word_1_340' title='bbox 759 1743 798 1779; x_wconf 84' lang='lat'><strong>3.</strong></span> <span class='ocrx_word' id='word_1_341' title='bbox 824 1741 882 1775; x_wconf 87' lang='lat'><strong>79.</strong></span> <span class='ocrx_word' id='word_1_342' title='bbox 928 1738 1062 1775; x_wconf 82' lang='lat' dir='ltr'><strong>Contra</strong></span> <span class='ocrx_word' id='word_1_343' title='bbox 1085 1741 1183 1784; x_wconf 80' lang='lat' dir='ltr'><strong>quod</strong></span> <span class='ocrx_word' id='word_1_344' title='bbox 1204 1739 1266 1783; x_wconf 80' lang='grc' dir='ltr'><strong>(α.</strong></span> <span class='ocrx_word' id='word_1_345' title='bbox 1293 1743 1314 1773; x_wconf 81' lang='lat'><strong>2.</strong></span> <span class='ocrx_word' id='word_1_346' title='bbox 1341 1750 1431 1783; x_wconf 81' lang='lat' dir='ltr'><strong>quae</strong></span> <span class='ocrx_word' id='word_1_347' title='bbox 1485 1736 1637 1786; x_wconf 74' lang='lat' dir='ltr'><strong>disertus</strong></span> <span class='ocrx_word' id='word_1_348' title='bbox 1660 1754 1708 1762; x_wconf 87' lang='lat'><strong>—-</strong></span> 
     </span>
     <span class='ocr_line' id='line_1_33' title="bbox 215 1782 1708 1829; baseline -0.002 -11"><span class='ocrx_word' id='word_1_349' title='bbox 215 1784 333 1829; x_wconf 80' lang='lat' dir='ltr'><strong>inquit</strong></span> <span class='ocrx_word' id='word_1_350' title='bbox 362 1788 404 1827; x_wconf 91' lang='lat'><strong>7,</strong></span> <span class='ocrx_word' id='word_1_351' title='bbox 431 1788 471 1828; x_wconf 91' lang='lat'><strong>1,</strong></span> <span class='ocrx_word' id='word_1_352' title='bbox 499 1787 556 1824; x_wconf 82' lang='lat'><strong>53,</strong></span> <span class='ocrx_word' id='word_1_353' title='bbox 598 1797 672 1821; x_wconf 88' lang='lat' dir='ltr'><strong>non</strong></span> <span class='ocrx_word' id='word_1_354' title='bbox 715 1787 806 1820; x_wconf 85' lang='lat' dir='ltr'><strong>alius</strong></span> <span class='ocrx_word' id='word_1_355' title='bbox 846 1797 894 1820; x_wconf 82' lang='lat' dir='ltr'><strong>ex</strong></span> <span class='ocrx_word' id='word_1_356' title='bbox 924 1786 1055 1820; x_wconf 85' lang='lat' dir='ltr'><strong>nostris</strong></span> <span class='ocrx_word' id='word_1_357' title='bbox 1084 1791 1199 1821; x_wconf 80' lang='lat' dir='ltr'><strong>contr.</strong></span> <span class='ocrx_word' id='word_1_358' title='bbox 1221 1785 1434 1820; x_wconf 81' lang='lat' dir='ltr'><strong>Ciceronem</strong></span> <span class='ocrx_word' id='word_1_359' title='bbox 1462 1782 1708 1818; x_wconf 73' lang='lat' dir='ltr'><strong>nominaretur</strong></span> 
     </span>
     <span class='ocr_line' id='line_1_34' title="bbox 197 1827 1708 1880; baseline -0.002 -16"><span class='ocrx_word' id='word_1_360' title='bbox 197 1833 288 1873; x_wconf 73' lang='grc'><strong>’10,</strong></span> <span class='ocrx_word' id='word_1_361' title='bbox 315 1832 331 1864; x_wconf 89' lang='grc'><strong>1</strong></span> <span class='ocrx_word' id='word_1_362' title='bbox 347 1856 357 1872; x_wconf 94' lang='grc'><strong>,</strong></span> <span class='ocrx_word' id='word_1_363' title='bbox 387 1830 464 1864; x_wconf 87' lang='grc'><strong>114.</strong></span> <span class='ocrx_word' id='word_1_364' title='bbox 494 1837 609 1866; x_wconf 87' lang='lat' dir='ltr'><strong>contr.</strong></span> <span class='ocrx_word' id='word_1_365' title='bbox 633 1844 719 1877; x_wconf 90' lang='lat' dir='ltr'><strong>quas</strong></span> <span class='ocrx_word' id='word_1_366' title='bbox 747 1830 880 1877; x_wconf 84' lang='lat' dir='ltr'><strong>(leges)</strong></span> <span class='ocrx_word' id='word_1_367' title='bbox 910 1831 1000 1865; x_wconf 88' lang='lat' dir='ltr'><strong>nihil</strong></span> <span class='ocrx_word' id='word_1_368' title='bbox 1033 1831 1168 1875; x_wconf 74' lang='lat' dir='ltr'><strong>opponi</strong></span> <span class='ocrx_word' id='word_1_369' title='bbox 1189 1836 1307 1876; x_wconf 80' lang='lat' dir='ltr'><strong>potest</strong></span> <span class='ocrx_word' id='word_1_370' title='bbox 1328 1834 1374 1872; x_wconf 89' lang='lat'><strong>7,</strong></span> <span class='ocrx_word' id='word_1_371' title='bbox 1397 1833 1443 1873; x_wconf 86' lang='lat'><strong>7,</strong></span> <span class='ocrx_word' id='word_1_372' title='bbox 1467 1830 1500 1864; x_wconf 89' lang='lat'><strong>5.</strong></span> <span class='ocrx_word' id='word_1_373' title='bbox 1527 1827 1708 1880; x_wconf 70' lang='lat' dir='ltr'><strong>licentiam</strong></span> 
     </span>
     <span class='ocr_line' id='line_1_35' title="bbox 216 1876 1708 1920; baseline -0.001 -11"><span class='ocrx_word' id='word_1_374' title='bbox 216 1876 318 1910; x_wconf 84' lang='lat' dir='ltr'><strong>malis</strong></span> <span class='ocrx_word' id='word_1_375' title='bbox 345 1877 422 1910; x_wconf 86' lang='lat' dir='ltr'><strong>dari</strong></span> <span class='ocrx_word' id='word_1_376' title='bbox 445 1883 541 1912; x_wconf 87' lang='lat' dir='ltr'><strong>certe</strong></span> <span class='ocrx_word' id='word_1_377' title='bbox 564 1885 679 1913; x_wconf 87' lang='lat' dir='ltr'><strong>contr.</strong></span> <span class='ocrx_word' id='word_1_378' title='bbox 705 1880 825 1913; x_wconf 84' lang='lat' dir='ltr'><strong>bonos</strong></span> <span class='ocrx_word' id='word_1_379' title='bbox 841 1883 894 1912; x_wconf 82' lang='lat' dir='ltr'><strong>est</strong></span> <span class='ocrx_word' id='word_1_380' title='bbox 920 1880 984 1920; x_wconf 87' lang='lat'><strong>12,</strong></span> <span class='ocrx_word' id='word_1_381' title='bbox 1011 1880 1055 1920; x_wconf 92' lang='grc'><strong>7,</strong></span> <span class='ocrx_word' id='word_1_382' title='bbox 1081 1880 1113 1912; x_wconf 85' lang='lat'><strong>1.</strong></span> <span class='ocrx_word' id='word_1_383' title='bbox 1154 1876 1239 1913; x_wconf 80' lang='lat' dir='ltr'><strong>licet</strong></span> <span class='ocrx_word' id='word_1_384' title='bbox 1262 1876 1385 1911; x_wconf 62' lang='lat' dir='ltr'><strong>omnia,</strong></span> <span class='ocrx_word' id='word_1_385' title='bbox 1405 1880 1520 1912; x_wconf 84' lang='lat' dir='ltr'><strong>contr.</strong></span> <span class='ocrx_word' id='word_1_386' title='bbox 1545 1884 1613 1910; x_wconf 82' lang='lat' dir='ltr'><strong>nos</strong></span> <span class='ocrx_word' id='word_1_387' title='bbox 1635 1878 1708 1909; x_wconf 72' lang='lat' dir='ltr'><strong>suit</strong></span> 
     </span>
     <span class='ocr_line' id='line_1_36' title="bbox 216 1920 1707 1968; baseline -0.001 -12"><span class='ocrx_word' id='word_1_388' title='bbox 216 1920 253 1964; x_wconf 84' lang='lat'><strong>4,</strong></span> <span class='ocrx_word' id='word_1_389' title='bbox 277 1925 313 1964; x_wconf 88' lang='grc'><strong>2,</strong></span> <span class='ocrx_word' id='word_1_390' title='bbox 338 1925 394 1957; x_wconf 84' lang='grc'><strong>75.</strong></span> <span class='ocrx_word' id='word_1_391' title='bbox 424 1922 468 1964; x_wconf 90' lang='lat' dir='ltr'><strong>cf.</strong></span> <span class='ocrx_word' id='word_1_392' title='bbox 494 1926 538 1957; x_wconf 82' lang='lat' dir='ltr'><strong>ib.</strong></span> <span class='ocrx_word' id='word_1_393' title='bbox 564 1925 622 1959; x_wconf 88' lang='grc'><strong>66.</strong></span> <span class='ocrx_word' id='word_1_394' title='bbox 655 1925 795 1967; x_wconf 77' lang='lat' dir='ltr'><strong>omnia,</strong></span> <span class='ocrx_word' id='word_1_395' title='bbox 819 1934 910 1968; x_wconf 86' lang='lat' dir='ltr'><strong>quae</strong></span> <span class='ocrx_word' id='word_1_396' title='bbox 935 1929 1052 1957; x_wconf 84' lang='lat' dir='ltr'><strong>contr.</strong></span> <span class='ocrx_word' id='word_1_397' title='bbox 1075 1923 1167 1958; x_wconf 84' lang='lat' dir='ltr'><strong>haec</strong></span> <span class='ocrx_word' id='word_1_398' title='bbox 1190 1928 1272 1958; x_wconf 85' lang='lat' dir='ltr'><strong>sunt</strong></span> <span class='ocrx_word' id='word_1_399' title='bbox 1286 1922 1321 1966; x_wconf 93' lang='grc'><strong>5,</strong></span> <span class='ocrx_word' id='word_1_400' title='bbox 1346 1924 1404 1965; x_wconf 88' lang='grc'><strong>10,</strong></span> <span class='ocrx_word' id='word_1_401' title='bbox 1426 1923 1485 1958; x_wconf 89' lang='grc'><strong>90.</strong></span> <span class='ocrx_word' id='word_1_402' title='bbox 1523 1920 1609 1965; x_wconf 80' lang='lat' dir='ltr'><strong>quid</strong></span> <span class='ocrx_word' id='word_1_403' title='bbox 1633 1925 1707 1954; x_wconf 78' lang='lat' dir='ltr'><strong>tam</strong></span> 
     </span>
     <span class='ocr_line' id='line_1_37' title="bbox 217 1968 1704 2014; baseline -0.003 -11"><span class='ocrx_word' id='word_1_404' title='bbox 217 1968 334 2003; x_wconf 87' lang='lat' dir='ltr'><strong>videri</strong></span> <span class='ocrx_word' id='word_1_405' title='bbox 358 1974 474 2012; x_wconf 88' lang='lat' dir='ltr'><strong>potest</strong></span> <span class='ocrx_word' id='word_1_406' title='bbox 498 1976 612 2005; x_wconf 87' lang='lat' dir='ltr'><strong>contr.</strong></span> <span class='ocrx_word' id='word_1_407' title='bbox 643 1971 847 2006; x_wconf 86' lang='lat' dir='ltr'><strong>Cluentium</strong></span> <span class='ocrx_word' id='word_1_408' title='bbox 870 1980 974 2014; x_wconf 82' lang='lat' dir='ltr'><strong>quam</strong></span> <span class='ocrx_word' id='word_1_409' title='bbox 997 1969 1161 2005; x_wconf 85' lang='lat' dir='ltr'><strong>censoria</strong></span> <span class='ocrx_word' id='word_1_410' title='bbox 1185 1968 1294 2006; x_wconf 74' lang='lat' dir='ltr'><strong>nota?</strong></span> <span class='ocrx_word' id='word_1_411' title='bbox 1330 1969 1371 2011; x_wconf 86' lang='grc'><strong>5,</strong></span> <span class='ocrx_word' id='word_1_412' title='bbox 1401 1970 1464 2010; x_wconf 89' lang='grc'><strong>13,</strong></span> <span class='ocrx_word' id='word_1_413' title='bbox 1493 1968 1551 2001; x_wconf 85' lang='grc'><strong>32.</strong></span> <span class='ocrx_word' id='word_1_414' title='bbox 1589 1970 1704 2000; x_wconf 82' lang='lat' dir='ltr'><strong>contr.</strong></span> 
     </span>
     <span class='ocr_line' id='line_1_38' title="bbox 216 2013 1705 2060; baseline -0.001 -13"><span class='ocrx_word' id='word_1_415' title='bbox 216 2013 381 2048; x_wconf 88' lang='lat' dir='ltr'><strong>inimicos</strong></span> <span class='ocrx_word' id='word_1_416' title='bbox 406 2021 473 2059; x_wconf 83' lang='lat' dir='ltr'><strong>atq.</strong></span> <span class='ocrx_word' id='word_1_417' title='bbox 501 2017 758 2051; x_wconf 84' lang='lat' dir='ltr'><strong>obtrectatores</strong></span> <span class='ocrx_word' id='word_1_418' title='bbox 781 2017 860 2060; x_wconf 87' lang='lat' dir='ltr'><strong>plus</strong></span> <span class='ocrx_word' id='word_1_419' title='bbox 884 2013 1070 2051; x_wconf 86' lang='lat' dir='ltr'><strong>vindicant</strong></span> <span class='ocrx_word' id='word_1_420' title='bbox 1095 2014 1163 2049; x_wconf 87' lang='lat' dir='ltr'><strong>sibi</strong></span> <span class='ocrx_word' id='word_1_421' title='bbox 1190 2017 1247 2056; x_wconf 82' lang='lat'><strong>11,</strong></span> <span class='ocrx_word' id='word_1_422' title='bbox 1272 2017 1311 2057; x_wconf 95' lang='lat'><strong>1,</strong></span> <span class='ocrx_word' id='word_1_423' title='bbox 1336 2016 1404 2056; x_wconf 79' lang='lat'><strong>233</strong></span> <span class='ocrx_word' id='word_1_424' title='bbox 1446 2017 1618 2047; x_wconf 81' lang='lat' dir='ltr'><strong>contra</strong></span> <span class='ocrx_word' id='word_1_425' title='bbox 1640 2021 1705 2046; x_wconf 89' lang='lat' dir='ltr'><strong>eos</strong></span> 
     </span>
     <span class='ocr_line' id='line_1_39' title="bbox 217 2059 1707 2111; baseline -0.001 -17"><span class='ocrx_word' id='word_1_426' title='bbox 217 2071 379 2105; x_wconf 85' lang='lat' dir='ltr'><strong>proque</strong></span> <span class='ocrx_word' id='word_1_427' title='bbox 403 2060 446 2094; x_wconf 87' lang='lat' dir='ltr'><strong>iis</strong></span> <span class='ocrx_word' id='word_1_428' title='bbox 472 2063 675 2109; x_wconf 83' lang='lat' dir='ltr'><strong>confligitur</strong></span> <span class='ocrx_word' id='word_1_429' title='bbox 700 2063 744 2106; x_wconf 86' lang='lat'><strong>5,</strong></span> <span class='ocrx_word' id='word_1_430' title='bbox 776 2064 821 2104; x_wconf 89' lang='lat'><strong>7,</strong></span> <span class='ocrx_word' id='word_1_431' title='bbox 852 2063 885 2096; x_wconf 89' lang='grc'><strong>3.</strong></span> <span class='ocrx_word' id='word_1_432' title='bbox 927 2071 1079 2105; x_wconf 86' lang='lat' dir='ltr'><strong>quorum</strong></span> <span class='ocrx_word' id='word_1_433' title='bbox 1108 2062 1197 2095; x_wconf 79' lang='lat' dir='ltr'><strong>alter</strong></span> <span class='ocrx_word' id='word_1_434' title='bbox 1222 2070 1304 2106; x_wconf 85' lang='lat' dir='ltr'><strong>pro</strong></span> <span class='ocrx_word' id='word_1_435' title='bbox 1333 2059 1496 2102; x_wconf 79' lang='lat' dir='ltr'><strong>Aufidio,</strong></span> <span class='ocrx_word' id='word_1_436' title='bbox 1541 2063 1707 2111; x_wconf 63' lang='lat' dir='ltr'><strong>contra</strong></span> 
     </span>
     <span class='ocr_line' id='line_1_40' title="bbox 218 2105 1707 2153; baseline -0.001 -14"><span class='ocrx_word' id='word_1_437' title='bbox 218 2106 309 2139; x_wconf 86' lang='lat' dir='ltr'><strong>dixit</strong></span> <span class='ocrx_word' id='word_1_438' title='bbox 332 2108 420 2140; x_wconf 82' lang='lat' dir='ltr'><strong>alter</strong></span> <span class='ocrx_word' id='word_1_439' title='bbox 445 2109 500 2150; x_wconf 90' lang='lat'><strong>10,</strong></span> <span class='ocrx_word' id='word_1_440' title='bbox 527 2111 558 2151; x_wconf 90' lang='lat'><strong>1,</strong></span> <span class='ocrx_word' id='word_1_441' title='bbox 583 2112 645 2153; x_wconf 81' lang='lat'><strong>223</strong></span> <span class='ocrx_word' id='word_1_442' title='bbox 677 2108 844 2143; x_wconf 86' lang='lat' dir='ltr'><strong>Contra</strong></span> <span class='ocrx_word' id='word_1_443' title='bbox 873 2119 986 2152; x_wconf 87' lang='lat' dir='ltr'><strong>quae</strong></span> <span class='ocrx_word' id='word_1_444' title='bbox 1013 2105 1071 2150; x_wconf 87' lang='lat' dir='ltr'><strong>(a.</strong></span> <span class='ocrx_word' id='word_1_445' title='bbox 1090 2111 1112 2140; x_wconf 83' lang='lat' dir='ltr'><strong>l.</strong></span> <span class='ocrx_word' id='word_1_446' title='bbox 1139 2105 1355 2150; x_wconf 76' lang='lat' dir='ltr'><strong>Contraque)</strong></span> <span class='ocrx_word' id='word_1_447' title='bbox 1379 2112 1434 2141; x_wconf 83' lang='lat' dir='ltr'><strong>est</strong></span> <span class='ocrx_word' id='word_1_448' title='bbox 1455 2105 1601 2140; x_wconf 24' lang='lat' dir='ltr'><strong>interim.</strong></span> <span class='ocrx_word' id='word_1_449' title='bbox 1619 2113 1707 2148; x_wconf 84' lang='lat' dir='ltr'><strong>pro-</strong></span> 
     </span>
     <span class='ocr_line' id='line_1_41' title="bbox 217 2151 1706 2196; baseline -0.003 -10"><span class='ocrx_word' id='word_1_450' title='bbox 217 2151 326 2186; x_wconf 89' lang='lat' dir='ltr'><strong>oemii</strong></span> <span class='ocrx_word' id='word_1_451' title='bbox 348 2153 404 2187; x_wconf 82' lang='lat' dir='ltr'><strong>vis</strong></span> <span class='ocrx_word' id='word_1_452' title='bbox 430 2153 535 2187; x_wconf 88' lang='lat' dir='ltr'><strong>etiam</strong></span> <span class='ocrx_word' id='word_1_453' title='bbox 558 2165 630 2189; x_wconf 90' lang='lat' dir='ltr'><strong>non</strong></span> <span class='ocrx_word' id='word_1_454' title='bbox 653 2154 691 2188; x_wconf 89' lang='lat' dir='ltr'><strong>in</strong></span> <span class='ocrx_word' id='word_1_455' title='bbox 716 2154 866 2189; x_wconf 83' lang='lat' dir='ltr'><strong>exordio</strong></span> <span class='ocrx_word' id='word_1_456' title='bbox 885 2152 921 2194; x_wconf 78' lang='lat'><strong>4,</strong></span> <span class='ocrx_word' id='word_1_457' title='bbox 945 2156 978 2196; x_wconf 93' lang='lat'><strong>1,</strong></span> <span class='ocrx_word' id='word_1_458' title='bbox 1002 2155 1047 2188; x_wconf 88' lang='lat'><strong>73</strong></span> <span class='ocrx_word' id='word_1_459' title='bbox 1071 2157 1115 2188; x_wconf 91' lang='lat' dir='ltr'><strong>Z.</strong></span> <span class='ocrx_word' id='word_1_460' title='bbox 1179 2153 1227 2196; x_wconf 92' lang='lat'><strong>11)</strong></span> <span class='ocrx_word' id='word_1_461' title='bbox 1251 2154 1342 2187; x_wconf 72' lang='grc' dir='ltr'><strong>Αιζυ.</strong></span> <span class='ocrx_word' id='word_1_462' title='bbox 1378 2152 1420 2194; x_wconf 71' lang='lat' dir='ltr'><strong>a)</strong></span> <span class='ocrx_word' id='word_1_463' title='bbox 1444 2153 1486 2184; x_wconf 82' lang='lat' dir='ltr'><strong>de</strong></span> <span class='ocrx_word' id='word_1_464' title='bbox 1508 2155 1598 2184; x_wconf 81' lang='lat' dir='ltr'><strong>1oco:</strong></span> <span class='ocrx_word' id='word_1_465' title='bbox 1624 2158 1706 2183; x_wconf 86' lang='lat' dir='ltr'><strong>cum</strong></span> 
     </span>
     <span class='ocr_line' id='line_1_42' title="bbox 218 2196 1706 2246; baseline -0.001 -15"><span class='ocrx_word' id='word_1_466' title='bbox 218 2199 263 2231; x_wconf 86' lang='lat' dir='ltr'><strong>ab</strong></span> <span class='ocrx_word' id='word_1_467' title='bbox 290 2209 334 2232; x_wconf 87' lang='lat' dir='ltr'><strong>eo</strong></span> <span class='ocrx_word' id='word_1_468' title='bbox 358 2198 460 2232; x_wconf 87' lang='lat' dir='ltr'><strong>miles</strong></span> <span class='ocrx_word' id='word_1_469' title='bbox 484 2201 607 2234; x_wconf 88' lang='lat' dir='ltr'><strong>nescio</strong></span> <span class='ocrx_word' id='word_1_470' title='bbox 633 2201 717 2246; x_wconf 87' lang='lat' dir='ltr'><strong>quid</strong></span> <span class='ocrx_word' id='word_1_471' title='bbox 742 2200 903 2245; x_wconf 87' lang='lat' dir='ltr'><strong>improbe</strong></span> <span class='ocrx_word' id='word_1_472' title='bbox 927 2205 1085 2243; x_wconf 80' lang='lat' dir='ltr'><strong>peteret,</strong></span> <span class='ocrx_word' id='word_1_473' title='bbox 1113 2199 1255 2234; x_wconf 82' lang='lat' dir='ltr'><strong>veniret</strong></span> <span class='ocrx_word' id='word_1_474' title='bbox 1281 2203 1406 2233; x_wconf 80' lang='lat' dir='ltr'><strong>contra</strong></span> <span class='ocrx_word' id='word_1_475' title='bbox 1433 2196 1639 2241; x_wconf 70' lang='lat' dir='ltr'><strong>(Z.·conji‹.=.</strong></span> <span class='ocrx_word' id='word_1_476' title='bbox 1669 2199 1706 2228; x_wconf 88' lang='lat' dir='ltr'><strong>et</strong></span> 
     </span>
     <span class='ocr_line' id='line_1_43' title="bbox 217 2240 1706 2290; baseline -0.008 -5"><span class='ocrx_word' id='word_1_477' title='bbox 217 2255 256 2278; x_wconf 76' lang='lat' dir='ltr'><strong>V·</strong></span> <span class='ocrx_word' id='word_1_478' title='bbox 285 2244 327 2284; x_wconf 59' lang='grc' dir='ltr'><strong>(λ)</strong></span> <span class='ocrx_word' id='word_1_479' title='bbox 356 2245 562 2280; x_wconf 81' lang='lat' dir='ltr'><strong>Marcianus</strong></span> <span class='ocrx_word' id='word_1_480' title='bbox 586 2247 628 2290; x_wconf 90' lang='lat'><strong>6,</strong></span> <span class='ocrx_word' id='word_1_481' title='bbox 653 2249 702 2290; x_wconf 65' lang='grc' dir='ltr'><strong>3.Α</strong></span> <span class='ocrx_word' id='word_1_482' title='bbox 719 2247 764 2282; x_wconf 84' lang='grc'><strong>95</strong></span> <span class='ocrx_word' id='word_1_483' title='bbox 788 2247 835 2280; x_wconf 87' lang='grc' dir='ltr'><strong>Ν.</strong></span> <span class='ocrx_word' id='word_1_484' title='bbox 873 2246 1130 2290; x_wconf 80' lang='lat' dir='ltr'><strong>relinquendae</strong></span> <span class='ocrx_word' id='word_1_485' title='bbox 1153 2250 1278 2281; x_wconf 82' lang='lat' dir='ltr'><strong>contra</strong></span> <span class='ocrx_word' id='word_1_486' title='bbox 1301 2249 1404 2279; x_wconf 87' lang='lat' dir='ltr'><strong>erunt</strong></span> <span class='ocrx_word' id='word_1_487' title='bbox 1429 2252 1565 2279; x_wconf 73' lang='lat' dir='ltr'><strong>vacuae</strong></span> <span class='ocrx_word' id='word_1_488' title='bbox 1590 2240 1706 2274; x_wconf 81' lang='lat' dir='ltr'><strong>tabel-</strong></span> 
     </span>
     <span class='ocr_line' id='line_1_44' title="bbox 217 2284 1703 2339; baseline -0.009 -7"><span class='ocrx_word' id='word_1_489' title='bbox 217 2290 274 2322; x_wconf 67' lang='lat' dir='ltr'><strong>lae</strong></span> <span class='ocrx_word' id='word_1_490' title='bbox 302 2292 356 2331; x_wconf 71' lang='grc'><strong>10,</strong></span> <span class='ocrx_word' id='word_1_491' title='bbox 381 2292 416 2333; x_wconf 83' lang='grc'><strong>3,</strong></span> <span class='ocrx_word' id='word_1_492' title='bbox 445 2293 500 2325; x_wconf 84' lang='grc'><strong>32.</strong></span> <span class='ocrx_word' id='word_1_493' title='bbox 557 2291 597 2338; x_wconf 77' lang='grc' dir='ltr'><strong>β)</strong></span> <span class='ocrx_word' id='word_1_494' title='bbox 624 2297 738 2331; x_wconf 71' lang='lat' dir='ltr'><strong>transl.</strong></span> <span class='ocrx_word' id='word_1_495' title='bbox 788 2291 825 2336; x_wconf 89' lang='lat' dir='ltr'><strong>a)</strong></span> <span class='ocrx_word' id='word_1_496' title='bbox 849 2302 923 2326; x_wconf 87' lang='lat' dir='ltr'><strong>non</strong></span> <span class='ocrx_word' id='word_1_497' title='bbox 945 2291 1040 2326; x_wconf 89' lang='lat' dir='ltr'><strong>idem</strong></span> <span class='ocrx_word' id='word_1_498' title='bbox 1056 2290 1194 2326; x_wconf 82' lang='lat' dir='ltr'><strong>accidet</strong></span> <span class='ocrx_word' id='word_1_499' title='bbox 1215 2295 1328 2324; x_wconf 85' lang='lat' dir='ltr'><strong>contr.</strong></span> <span class='ocrx_word' id='word_1_500' title='bbox 1349 2290 1387 2330; x_wconf 89' lang='grc'><strong>8,,</strong></span> <span class='ocrx_word' id='word_1_501' title='bbox 1407 2287 1451 2334; x_wconf 38' lang='grc'><strong>6,,</strong></span> <span class='ocrx_word' id='word_1_502' title='bbox 1467 2289 1501 2322; x_wconf 85' lang='grc'><strong>3.</strong></span> <span class='ocrx_word' id='word_1_503' title='bbox 1527 2287 1563 2330; x_wconf 85' lang='grc'><strong>9,</strong></span> <span class='ocrx_word' id='word_1_504' title='bbox 1588 2288 1623 2339; x_wconf 76' lang='lat'><strong>1,</strong></span> <span class='ocrx_word' id='word_1_505' title='bbox 1644 2284 1703 2320; x_wconf 84' lang='lat'><strong>42.</strong></span> 
     </span>
     <span class='ocr_line' id='line_1_45' title="bbox 219 2333 1704 2382; baseline -0.002 -15"><span class='ocrx_word' id='word_1_506' title='bbox 219 2334 398 2381; x_wconf 85' lang='lat' dir='ltr'><strong>agentium</strong></span> <span class='ocrx_word' id='word_1_507' title='bbox 432 2343 546 2371; x_wconf 81' lang='lat' dir='ltr'><strong>contr.</strong></span> <span class='ocrx_word' id='word_1_508' title='bbox 577 2338 618 2382; x_wconf 88' lang='lat'><strong>4,</strong></span> <span class='ocrx_word' id='word_1_509' title='bbox 655 2342 698 2382; x_wconf 84' lang='lat'><strong>1,</strong></span> <span class='ocrx_word' id='word_1_510' title='bbox 733 2340 766 2373; x_wconf 85' lang='lat'><strong>8.</strong></span> <span class='ocrx_word' id='word_1_511' title='bbox 809 2343 923 2376; x_wconf 80' lang='lat' dir='ltr'><strong>contr.</strong></span> <span class='ocrx_word' id='word_1_512' title='bbox 956 2338 1164 2382; x_wconf 76' lang='lat' dir='ltr'><strong>frequenter</strong></span> <span class='ocrx_word' id='word_1_513' title='bbox 1203 2337 1247 2369; x_wconf 89' lang='lat' dir='ltr'><strong>ad</strong></span> <span class='ocrx_word' id='word_1_514' title='bbox 1286 2334 1330 2370; x_wconf 79' lang='lat' dir='ltr'><strong>ali</strong></span> <span class='ocrx_word' id='word_1_515' title='bbox 1382 2333 1418 2366; x_wconf 90' lang='lat' dir='ltr'><strong>id</strong></span> <span class='ocrx_word' id='word_1_516' title='bbox 1457 2333 1704 2368; x_wconf 73' lang='lat' dir='ltr'><strong>descendimus</strong></span> 
     </span>
     <span class='ocr_line' id='line_1_46' title="bbox 218 2377 1704 2430; baseline -0.007 -8"><span class='ocrx_word' id='word_1_517' title='bbox 218 2381 254 2422; x_wconf 86' lang='lat'><strong>9,</strong></span> <span class='ocrx_word' id='word_1_518' title='bbox 278 2383 319 2421; x_wconf 81' lang='lat'><strong>2,</strong></span> <span class='ocrx_word' id='word_1_519' title='bbox 345 2382 402 2413; x_wconf 85' lang='lat'><strong>23-</strong></span> <span class='ocrx_word' id='word_1_520' title='bbox 438 2394 528 2425; x_wconf 84' lang='lat' dir='ltr'><strong>quae</strong></span> <span class='ocrx_word' id='word_1_521' title='bbox 553 2391 666 2419; x_wconf 84' lang='lat' dir='ltr'><strong>contr.</strong></span> <span class='ocrx_word' id='word_1_522' title='bbox 694 2384 858 2419; x_wconf 79' lang='lat' dir='ltr'><strong>dicuntur</strong></span> <span class='ocrx_word' id='word_1_523' title='bbox 882 2386 920 2426; x_wconf 90' lang='lat'><strong>1,</strong></span> <span class='ocrx_word' id='word_1_524' title='bbox 947 2383 991 2426; x_wconf 87' lang='lat'><strong>5,</strong></span> <span class='ocrx_word' id='word_1_525' title='bbox 1015 2384 1049 2417; x_wconf 88' lang='grc'><strong>6.</strong></span> <span class='ocrx_word' id='word_1_526' title='bbox 1081 2387 1196 2416; x_wconf 83' lang='lat' dir='ltr'><strong>contr.</strong></span> <span class='ocrx_word' id='word_1_527' title='bbox 1222 2380 1316 2414; x_wconf 87' lang='lat' dir='ltr'><strong>dicta</strong></span> <span class='ocrx_word' id='word_1_528' title='bbox 1372 2406 1383 2422; x_wconf 91' lang='lat'><strong>,</strong></span> <span class='ocrx_word' id='word_1_529' title='bbox 1408 2380 1468 2413; x_wconf 77' lang='lat' dir='ltr'><strong>Pr.</strong></span> <span class='ocrx_word' id='word_1_530' title='bbox 1491 2379 1527 2413; x_wconf 87' lang='lat'><strong>6.</strong></span> <span class='ocrx_word' id='word_1_531' title='bbox 1565 2377 1704 2430; x_wconf 45' lang='lat' dir='ltr'><strong>Contu,</strong></span> 
     </span>
     <span class='ocr_line' id='line_1_47' title="bbox 218 2422 1704 2472; baseline -0.003 -12"><span class='ocrx_word' id='word_1_532' title='bbox 218 2426 314 2469; x_wconf 85' lang='lat' dir='ltr'><strong>quod</strong></span> <span class='ocrx_word' id='word_1_533' title='bbox 341 2427 456 2468; x_wconf 78' lang='lat' dir='ltr'><strong>palam</strong></span> <span class='ocrx_word' id='word_1_534' title='bbox 484 2434 558 2471; x_wconf 86' lang='lat' dir='ltr'><strong>est,</strong></span> <span class='ocrx_word' id='word_1_535' title='bbox 597 2430 683 2466; x_wconf 87' lang='lat' dir='ltr'><strong>dicit</strong></span> <span class='ocrx_word' id='word_1_536' title='bbox 706 2434 741 2472; x_wconf 94' lang='lat'><strong>7,</strong></span> <span class='ocrx_word' id='word_1_537' title='bbox 771 2433 801 2471; x_wconf 89' lang='lat'><strong>1,</strong></span> <span class='ocrx_word' id='word_1_538' title='bbox 826 2430 881 2464; x_wconf 88' lang='grc'><strong>52.</strong></span> <span class='ocrx_word' id='word_1_539' title='bbox 919 2433 1031 2463; x_wconf 87' lang='lat' dir='ltr'><strong>contr.</strong></span> <span class='ocrx_word' id='word_1_540' title='bbox 1058 2427 1235 2471; x_wconf 77' lang='lat' dir='ltr'><strong>disputant</strong></span> <span class='ocrx_word' id='word_1_541' title='bbox 1258 2429 1303 2468; x_wconf 85' lang='lat'><strong>2,</strong></span> <span class='ocrx_word' id='word_1_542' title='bbox 1337 2428 1396 2468; x_wconf 79' lang='lat'><strong>15,</strong></span> <span class='ocrx_word' id='word_1_543' title='bbox 1430 2425 1487 2460; x_wconf 88' lang='grc'><strong>26.</strong></span> <span class='ocrx_word' id='word_1_544' title='bbox 1534 2422 1704 2468; x_wconf 71' lang='grc' dir='ltr'><strong>(Ῑιιιάφιιά</strong></span> 
     </span>
     <span class='ocr_line' id='line_1_48' title="bbox 218 2468 1703 2521; baseline -0.001 -17"><span class='ocrx_word' id='word_1_545' title='bbox 218 2471 367 2504; x_wconf 86' lang='lat' dir='ltr'><strong>omnino</strong></span> <span class='ocrx_word' id='word_1_546' title='bbox 395 2473 591 2518; x_wconf 79' lang='lat' dir='ltr'><strong>excogitari</strong></span> <span class='ocrx_word' id='word_1_547' title='bbox 619 2481 734 2512; x_wconf 83' lang='lat' dir='ltr'><strong>contr.</strong></span> <span class='ocrx_word' id='word_1_548' title='bbox 761 2480 878 2519; x_wconf 87' lang='lat' dir='ltr'><strong>potest</strong></span> <span class='ocrx_word' id='word_1_549' title='bbox 905 2477 967 2516; x_wconf 81' lang='lat'><strong>12,</strong></span> <span class='ocrx_word' id='word_1_550' title='bbox 994 2475 1036 2516; x_wconf 85' lang='lat'><strong>8,</strong></span> <span class='ocrx_word' id='word_1_551' title='bbox 1069 2475 1124 2506; x_wconf 91' lang='lat'><strong>10.</strong></span> <span class='ocrx_word' id='word_1_552' title='bbox 1169 2472 1209 2506; x_wconf 84' lang='lat' dir='ltr'><strong>fit</strong></span> <span class='ocrx_word' id='word_1_553' title='bbox 1232 2478 1346 2506; x_wconf 89' lang='lat' dir='ltr'><strong>contr.</strong></span> <span class='ocrx_word' id='word_1_554' title='bbox 1374 2481 1449 2506; x_wconf 88' lang='lat' dir='ltr'><strong>non.</strong></span> <span class='ocrx_word' id='word_1_555' title='bbox 1469 2469 1640 2506; x_wconf 72' lang='lat' dir='ltr'><strong>indecore</strong></span> <span class='ocrx_word' id='word_1_556' title='bbox 1666 2468 1703 2521; x_wconf 68' lang='grc'><strong>9,</strong></span> 
     </span>
     <span class='ocr_line' id='line_1_49' title="bbox 218 2514 1705 2562; baseline -0.001 -13"><span class='ocrx_word' id='word_1_557' title='bbox 218 2515 255 2558; x_wconf 86' lang='grc'><strong>4,</strong></span> <span class='ocrx_word' id='word_1_558' title='bbox 283 2515 338 2549; x_wconf 80' lang='grc'><strong>24.</strong></span> <span class='ocrx_word' id='word_1_559' title='bbox 376 2516 633 2554; x_wconf 84' lang='lat' dir='ltr'><strong>inveniendum</strong></span> <span class='ocrx_word' id='word_1_560' title='bbox 659 2527 771 2556; x_wconf 86' lang='lat' dir='ltr'><strong>contr.</strong></span> <span class='ocrx_word' id='word_1_561' title='bbox 798 2526 851 2554; x_wconf 91' lang='lat' dir='ltr'><strong>est</strong></span> <span class='ocrx_word' id='word_1_562' title='bbox 876 2521 918 2562; x_wconf 87' lang='grc'><strong>5,</strong></span> <span class='ocrx_word' id='word_1_563' title='bbox 946 2521 1011 2561; x_wconf 90' lang='grc'><strong>10,</strong></span> <span class='ocrx_word' id='word_1_564' title='bbox 1041 2516 1120 2552; x_wconf 80' lang='grc'><strong>114.</strong></span> <span class='ocrx_word' id='word_1_565' title='bbox 1156 2523 1196 2551; x_wconf 89' lang='lat' dir='ltr'><strong>ut</strong></span> <span class='ocrx_word' id='word_1_566' title='bbox 1218 2523 1357 2551; x_wconf 88' lang='lat' dir='ltr'><strong>torrens</strong></span> <span class='ocrx_word' id='word_1_567' title='bbox 1384 2517 1539 2560; x_wconf 82' lang='lat' dir='ltr'><strong>judicem</strong></span> <span class='ocrx_word' id='word_1_568' title='bbox 1561 2514 1627 2549; x_wconf 74' lang='lat' dir='ltr'><strong>vel</strong></span> <span class='ocrx_word' id='word_1_569' title='bbox 1645 2524 1705 2547; x_wconf 82' lang='lat' dir='ltr'><strong>ni-</strong></span> 
     </span>
     <span class='ocr_line' id='line_1_50' title="bbox 219 2562 1703 2610; baseline -0.002 -14"><span class='ocrx_word' id='word_1_570' title='bbox 219 2567 353 2596; x_wconf 87' lang='lat' dir='ltr'><strong>tentem</strong></span> <span class='ocrx_word' id='word_1_571' title='bbox 378 2569 491 2597; x_wconf 84' lang='lat' dir='ltr'><strong>contr.</strong></span> <span class='ocrx_word' id='word_1_572' title='bbox 518 2565 609 2600; x_wconf 78' lang='lat' dir='ltr'><strong>feret</strong></span> <span class='ocrx_word' id='word_1_573' title='bbox 634 2570 698 2610; x_wconf 84' lang='lat'><strong>12,</strong></span> <span class='ocrx_word' id='word_1_574' title='bbox 725 2569 786 2608; x_wconf 88' lang='lat'><strong>10,</strong></span> <span class='ocrx_word' id='word_1_575' title='bbox 812 2567 868 2601; x_wconf 81' lang='lat'><strong>61.</strong></span> <span class='ocrx_word' id='word_1_576' title='bbox 903 2566 1058 2598; x_wconf 89' lang='lat' dir='ltr'><strong>honores</strong></span> <span class='ocrx_word' id='word_1_577' title='bbox 1083 2569 1197 2597; x_wconf 85' lang='lat' dir='ltr'><strong>contr.</strong></span> <span class='ocrx_word' id='word_1_578' title='bbox 1222 2568 1360 2608; x_wconf 87' lang='lat' dir='ltr'><strong>peteret</strong></span> <span class='ocrx_word' id='word_1_579' title='bbox 1383 2564 1423 2605; x_wconf 87' lang='grc'><strong>6,</strong></span> <span class='ocrx_word' id='word_1_580' title='bbox 1450 2563 1491 2603; x_wconf 87' lang='grc'><strong>1,</strong></span> <span class='ocrx_word' id='word_1_581' title='bbox 1517 2562 1571 2595; x_wconf 88' lang='lat'><strong>17.</strong></span> <span class='ocrx_word' id='word_1_582' title='bbox 1611 2570 1703 2603; x_wconf 86' lang='lat' dir='ltr'><strong>quae</strong></span> 
     </span>
     <span class='ocr_line' id='line_1_51' title="bbox 220 2606 1704 2656; baseline -0.001 -15"><span class='ocrx_word' id='word_1_583' title='bbox 220 2613 303 2642; x_wconf 75' lang='lat' dir='ltr'><strong>sum</strong></span> <span class='ocrx_word' id='word_1_584' title='bbox 328 2613 443 2642; x_wconf 81' lang='lat' dir='ltr'><strong>contr.</strong></span> <span class='ocrx_word' id='word_1_585' title='bbox 469 2609 582 2651; x_wconf 80' lang='lat' dir='ltr'><strong>posita</strong></span> <span class='ocrx_word' id='word_1_586' title='bbox 610 2615 672 2656; x_wconf 87' lang='lat'><strong>12,</strong></span> <span class='ocrx_word' id='word_1_587' title='bbox 703 2615 749 2655; x_wconf 85' lang='lat'><strong>2,</strong></span> <span class='ocrx_word' id='word_1_588' title='bbox 777 2613 808 2647; x_wconf 90' lang='grc'><strong>5.</strong></span> <span class='ocrx_word' id='word_1_589' title='bbox 848 2616 961 2645; x_wconf 84' lang='lat' dir='ltr'><strong>contr.</strong></span> <span class='ocrx_word' id='word_1_590' title='bbox 986 2609 1200 2644; x_wconf 82' lang='lat' dir='ltr'><strong>recitabatur</strong></span> <span class='ocrx_word' id='word_1_591' title='bbox 1225 2613 1473 2643; x_wconf 80' lang='lat' dir='ltr'><strong>testamentum</strong></span> <span class='ocrx_word' id='word_1_592' title='bbox 1497 2607 1539 2648; x_wconf 88' lang='grc'><strong>9,</strong></span> <span class='ocrx_word' id='word_1_593' title='bbox 1567 2608 1610 2648; x_wconf 60' lang='grc'><strong>,2,</strong></span> <span class='ocrx_word' id='word_1_594' title='bbox 1645 2606 1704 2640; x_wconf 85' lang='grc'><strong>35.</strong></span> 
     </span>
     <span class='ocr_line' id='line_1_52' title="bbox 221 2649 1703 2699; baseline -0.002 -12"><span class='ocrx_word' id='word_1_595' title='bbox 221 2658 336 2688; x_wconf 87' lang='lat' dir='ltr'><strong>contr.</strong></span> <span class='ocrx_word' id='word_1_596' title='bbox 362 2653 518 2687; x_wconf 77' lang='lat' dir='ltr'><strong>sentiunt</strong></span> <span class='ocrx_word' id='word_1_597' title='bbox 543 2659 578 2698; x_wconf 92' lang='grc'><strong>2,</strong></span> <span class='ocrx_word' id='word_1_598' title='bbox 604 2660 660 2699; x_wconf 92' lang='grc'><strong>17,</strong></span> <span class='ocrx_word' id='word_1_599' title='bbox 683 2659 740 2691; x_wconf 90' lang='grc'><strong>40.</strong></span> <span class='ocrx_word' id='word_1_600' title='bbox 771 2660 815 2699; x_wconf 89' lang='grc'><strong>3,</strong></span> <span class='ocrx_word' id='word_1_601' title='bbox 842 2660 874 2698; x_wconf 87' lang='grc'><strong>1,</strong></span> <span class='ocrx_word' id='word_1_602' title='bbox 900 2657 931 2691; x_wconf 88' lang='grc'><strong>5.</strong></span> <span class='ocrx_word' id='word_1_603' title='bbox 970 2655 1027 2698; x_wconf 87' lang='lat' dir='ltr'><strong>id,</strong></span> <span class='ocrx_word' id='word_1_604' title='bbox 1052 2656 1147 2699; x_wconf 88' lang='lat' dir='ltr'><strong>quod</strong></span> <span class='ocrx_word' id='word_1_605' title='bbox 1171 2655 1216 2688; x_wconf 89' lang='lat' dir='ltr'><strong>sit</strong></span> <span class='ocrx_word' id='word_1_606' title='bbox 1240 2660 1374 2696; x_wconf 63' lang='lat' dir='ltr'><strong>contr„</strong></span> <span class='ocrx_word' id='word_1_607' title='bbox 1399 2651 1504 2687; x_wconf 81' lang='lat' dir='ltr'><strong>fateri</strong></span> <span class='ocrx_word' id='word_1_608' title='bbox 1527 2654 1562 2693; x_wconf 88' lang='lat'><strong>7,</strong></span> <span class='ocrx_word' id='word_1_609' title='bbox 1586 2653 1620 2692; x_wconf 87' lang='grc'><strong>3,</strong></span> <span class='ocrx_word' id='word_1_610' title='bbox 1647 2649 1703 2685; x_wconf 86' lang='grc'><strong>14.</strong></span> 
     </span>
     <span class='ocr_line' id='line_1_53' title="bbox 271 2697 1704 2746; baseline -0.002 -13"><span class='ocrx_word' id='word_1_611' title='bbox 271 2699 316 2733; x_wconf 91' lang='lat' dir='ltr'><strong>od</strong></span> <span class='ocrx_word' id='word_1_612' title='bbox 341 2704 394 2732; x_wconf 86' lang='lat' dir='ltr'><strong>est</strong></span> <span class='ocrx_word' id='word_1_613' title='bbox 418 2706 530 2734; x_wconf 89' lang='lat' dir='ltr'><strong>contr.</strong></span> <span class='ocrx_word' id='word_1_614' title='bbox 557 2703 601 2743; x_wconf 88' lang='lat'><strong>9,</strong></span> <span class='ocrx_word' id='word_1_615' title='bbox 628 2702 671 2746; x_wconf 77' lang='lat'><strong>4,</strong></span> <span class='ocrx_word' id='word_1_616' title='bbox 694 2707 750 2738; x_wconf 84' lang='lat'><strong>72.</strong></span> <span class='ocrx_word' id='word_1_617' title='bbox 779 2705 820 2745; x_wconf 87' lang='grc'><strong>8,</strong></span> <span class='ocrx_word' id='word_1_618' title='bbox 844 2704 886 2746; x_wconf 89' lang='grc'><strong>6,</strong></span> <span class='ocrx_word' id='word_1_619' title='bbox 909 2701 965 2736; x_wconf 85' lang='grc'><strong>25.</strong></span> <span class='ocrx_word' id='word_1_620' title='bbox 1003 2712 1083 2735; x_wconf 89' lang='lat' dir='ltr'><strong>cum</strong></span> <span class='ocrx_word' id='word_1_621' title='bbox 1106 2702 1218 2735; x_wconf 78' lang='lat' dir='ltr'><strong>verba</strong></span> <span class='ocrx_word' id='word_1_622' title='bbox 1247 2701 1353 2745; x_wconf 79' lang='lat' dir='ltr'><strong>(legis)</strong></span> <span class='ocrx_word' id='word_1_623' title='bbox 1378 2703 1490 2733; x_wconf 89' lang='lat' dir='ltr'><strong>contr.</strong></span> <span class='ocrx_word' id='word_1_624' title='bbox 1515 2697 1586 2732; x_wconf 88' lang='lat' dir='ltr'><strong>sint</strong></span> <span class='ocrx_word' id='word_1_625' title='bbox 1609 2699 1643 2738; x_wconf 88' lang='grc'><strong>7,</strong></span> <span class='ocrx_word' id='word_1_626' title='bbox 1670 2699 1704 2738; x_wconf 87' lang='grc'><strong>1,</strong></span> 
     </span>
     <span class='ocr_line' id='line_1_54' title="bbox 220 2711 1703 2790; baseline -0.003 -10"><span class='ocrx_word' id='word_1_627' title='bbox 220 2711 279 2780; x_wconf 54' lang='grc' dir='ltr'><strong>ἓξ.</strong></span> <span class='ocrx_word' id='word_1_628' title='bbox 318 2746 413 2788; x_wconf 81' lang='lat' dir='ltr'><strong>quod</strong></span> <span class='ocrx_word' id='word_1_629' title='bbox 437 2744 531 2779; x_wconf 91' lang='lat' dir='ltr'><strong>idem</strong></span> <span class='ocrx_word' id='word_1_630' title='bbox 556 2754 670 2783; x_wconf 83' lang='lat' dir='ltr'><strong>contr.</strong></span> <span class='ocrx_word' id='word_1_631' title='bbox 698 2750 795 2783; x_wconf 79' lang='lat' dir='ltr'><strong>valet</strong></span> <span class='ocrx_word' id='word_1_632' title='bbox 821 2749 861 2790; x_wconf 89' lang='lat'><strong>9,</strong></span> <span class='ocrx_word' id='word_1_633' title='bbox 887 2749 928 2790; x_wconf 92' lang='grc'><strong>2,</strong></span> <span class='ocrx_word' id='word_1_634' title='bbox 952 2745 1017 2789; x_wconf 82' lang='grc'><strong>49;</strong></span> <span class='ocrx_word' id='word_1_635' title='bbox 1057 2747 1168 2780; x_wconf 86' lang='lat' dir='ltr'><strong>multa</strong></span> <span class='ocrx_word' id='word_1_636' title='bbox 1192 2745 1367 2780; x_wconf 82' lang='lat' dir='ltr'><strong>Critolaus</strong></span> <span class='ocrx_word' id='word_1_637' title='bbox 1391 2748 1558 2779; x_wconf 84' lang='lat' dir='ltr'><strong>contra</strong></span> <span class='ocrx_word' id='word_1_638' title='bbox 1583 2745 1618 2785; x_wconf 86' lang='lat'><strong>2,</strong></span> <span class='ocrx_word' id='word_1_639' title='bbox 1646 2745 1703 2784; x_wconf 93' lang='grc'><strong>17,</strong></span> 
     </span>
     <span class='ocr_line' id='line_1_55' title="bbox 223 2789 1725 2838; baseline -0.002 -14"><span class='ocrx_word' id='word_1_640' title='bbox 223 2790 280 2826; x_wconf 86' lang='grc'><strong>15.</strong></span> <span class='ocrx_word' id='word_1_641' title='bbox 315 2800 382 2824; x_wconf 88' lang='lat' dir='ltr'><strong>nec</strong></span> <span class='ocrx_word' id='word_1_642' title='bbox 405 2792 520 2825; x_wconf 78' lang='lat' dir='ltr'><strong>solum</strong></span> <span class='ocrx_word' id='word_1_643' title='bbox 543 2791 581 2826; x_wconf 84' lang='lat' dir='ltr'><strong>in</strong></span> <span class='ocrx_word' id='word_1_644' title='bbox 598 2794 679 2828; x_wconf 92' lang='lat' dir='ltr'><strong>eod.</strong></span> <span class='ocrx_word' id='word_1_645' title='bbox 704 2805 832 2836; x_wconf 91' lang='lat' dir='ltr'><strong>sensu,</strong></span> <span class='ocrx_word' id='word_1_646' title='bbox 861 2794 924 2827; x_wconf 88' lang='lat' dir='ltr'><strong>sed</strong></span> <span class='ocrx_word' id='word_1_647' title='bbox 947 2792 1053 2827; x_wconf 84' lang='lat' dir='ltr'><strong>etiam</strong></span> <span class='ocrx_word' id='word_1_648' title='bbox 1075 2791 1114 2826; x_wconf 89' lang='lat' dir='ltr'><strong>in</strong></span> <span class='ocrx_word' id='word_1_649' title='bbox 1137 2791 1280 2827; x_wconf 84' lang='lat' dir='ltr'><strong>diverso</strong></span> <span class='ocrx_word' id='word_1_650' title='bbox 1308 2791 1384 2825; x_wconf 82' lang='lat' dir='ltr'><strong>ead.</strong></span> <span class='ocrx_word' id='word_1_651' title='bbox 1411 2789 1523 2825; x_wconf 81' lang='lat' dir='ltr'><strong>verba</strong></span> <span class='ocrx_word' id='word_1_652' title='bbox 1548 2793 1704 2822; x_wconf 87' lang='lat' dir='ltr'><strong>contra</strong></span> <span class='ocrx_word' id='word_1_653' title='bbox 1714 2820 1725 2838; x_wconf 62' lang='grc'><strong>,</strong></span> 
     </span>
    </p>
   </div>
  </div>
 </body>
</html>
