1728 3002
189 205 272 245 826
885 205 1035 250 Sermo
1169 231 1175 250 t
1220 195 1224 201 ³

232 318 337 364 primi
360 320 525 354 fecerunt
546 320 590 362 8,
616 319 663 363 6,
684 321 742 355 31.
773 325 813 354 ut
841 321 943 366 ipsae
970 332 1173 357 sermonem
1197 322 1511 366 Gmfiae'finxisse
1534 325 1727 362 videantur

235 368 300 407 10,
326 369 364 409 1,
388 368 444 401 82.
481 364 543 410 qui
565 377 595 399 s.
619 377 727 401 curae
749 367 881 402 habent
902 369 961 402 Pr.
990 369 1046 404 16.
1073 369 1271 405 avariam
1295 371 1343 414 8,
1365 371 1408 414 6,
1434 372 1488 411 19.
1531 371 1568 418 γ)
1584 374 1724 407 Genii..-

232 411 407 446 sermonis
431 412 642 457 compositio
669 419 699 454 1,
725 415 759 456 5,
783 415 841 449 35.
870 414 1010 459 copiam
1031 427 1061 449 s.
1086 417 1127 459 8,
1151 417 1195 459 6,
1221 417 1254 452 5.
1281 418 1344 460 10,
1367 420 1402 460 7,
1426 420 1462 452 7.
1494 428 1525 451 s.
1547 418 1726 466 elegantia

232 461 289 499 10,
316 462 348 501 1,
378 457 456 493 114.
479 471 508 493 s.
532 459 650 492 forma
676 461 711 502 9,
740 461 775 504 3,
798 459 857 495 64.
887 462 1074 506 abruptum
1098 474 1127 496 s.
1152 472 1268 509 genus
1291 461 1327 506 4,
1350 466 1386 507 2,
1410 461 1468 498 45.
1491 464 1626 502 humile
1643 470 1725 509 :utq-

231 504 448 539 cotidianum
475 517 505 539 s.
531 516 643 551 genus
672 509 734 549 11,
763 509 804 550 1,
836 508 872 543 6.
896 519 924 541 s.
951 509 1014 542 lex
1038 511 1055 542 1
1070 533 1081 550 ,
1107 508 1150 551 5,
1174 510 1230 544 29.
1255 510 1382 554 quaed.
1409 510 1562 550 latentes
1583 521 1616 546 ο.
1637 522 1724 555 per-

231 552 415 585 cussiones
440 554 497 594 11,
522 553 551 591 3,
583 553 661 586 108.
685 553 825 588 verbi
848 555 910 590 vel
933 554 1159 589 sermonis
1191 566 1212 589 a
1236 555 1381 600 propria
1403 555 1725 602 significationem

231 597 336 631 aliam
360 609 442 632 cum
464 598 598 634 virtute
621 598 770 634 mutatio
791 601 828 643 8,
843 601 881 643 6,
902 603 934 635 1.
957 612 1039 635 cum
1062 602 1151 635 haec
1179 601 1389 636 exercitatio
1410 603 1549 636 laboret
1567 602 1727 638 inm-edi-

231 643 294 677 bili
320 645 568 679 verborum
590 645 735 679 fastidio
760 657 801 679 ac
825 646 894 680 sibi
920 658 1086 695 magnam
1113 653 1250 691 partem
1272 659 1304 682 s.
1333 647 1524 683 absciderit
1549 650 1642 693 8„3‚
1665 651 1724 684 23.

230 696 438 734 paupertate
462 703 492 725 s.
519 692 555 734 8,
582 693 618 734 3,
641 693 699 726 33.
723 692 898 727 rationem
920 705 950 727 s.
975 694 1181 738 conjuncti,
1207 695 1308 738 cujus
1331 700 1476 729 ornatus
1496 702 1562 729 eto.
1593 697 1638 730 ib.
1663 694 1725 730 40.

231 747 260 769 s.
287 739 411 784 regula
437 740 481 780 1,
506 737 550 780 6,
574 736 633 771 44.
661 749 786 772 sensus
810 751 838 773 s.
864 741 904 783 9,
931 743 976 783 2,
1004 739 1062 774 46.
1090 740 1128 774 in
1151 740 1332 787 verbis<
1356 740 1450 775 enim
1474 740 1726 776 sermonis

230 781 288 817 vis
314 785 357 826 9,
381 783 425 826 4,
449 784 506 818 26.
542 782 586 825 cfi
614 787 654 826 1,
678 784 721 828 4,
753 787 808 820 18.
836 797 866 820 s.
901 787 988 820 vitia
1015 790 1053 830 1,
1079 790 1122 829 1,
1151 789 1207 821 13.
1234 799 1267 821 υ.
1286 787 1498 822 Verbum.
1518 786 1521 790 '
1541 786 1726 823 Oratio·

231 825 266 871 δ)
294 832 374 863 Dat.
401 837 433 863 et
459 832 597 864 Ablan-
624 841 699 865 non
727 837 909 866 assuescat
934 832 1113 877 sermoni,
1143 832 1205 877 qui
1228 832 1466 867 dediscendus
1492 838 1547 867 est
1571 836 1604 876 1,
1631 836 1664 876 1,
1689 835 1725 868 5.

229 876 458 910 versificandi
483 887 595 923 genus
620 883 686 920 est,
711 890 817 912 unam
843 880 958 926 legem
983 879 1148 913 omnibus
1170 879 1395 914 sermonibus
1418 880 1504 913 dure
1528 880 1565 922 9,
1582 879 1619 922 4,
1638 878 1724 923 1433

228 921 429 965 jucunditas
456 922 493 956 in
519 933 685 958 sermone
707 925 743 967 6,
767 926 824 959 Pr.
845 928 878 962 7.
906 925 945 958 in
969 937 1111 960 sensu
1134 926 1198 961 vel
1219 936 1436 960 sermone
1453 926 1579 970 aliqua
1601 937 1624 960 a
1642 927 1727 961 vul-

229 968 305 1015 gari
337 975 374 1003 et
406 968 558 1013 simplici
587 970 707 1013 specie
740 982 820 1004 cum
854 972 995 1006 ratione
1024 971 1173 1006 mutatio
1196 972 1240 1015 9,
1266 974 1308 1014 1,
1341 975 1395 1006 11.
1429 982 1548 1016 neque
1575 971 1639 1006 ille
1659 983 1727 1017 per

227 1015 452 1049 Marathonis
479 1022 541 1049 etc.
564 1022 848 1063 propugnatores
866 1024 967 1052 recto
988 1029 1043 1061 ,so
1056 1029 1112 1052 no
1136 1017 1280 1061 juravit,
1306 1029 1375 1052 nec
1391 1017 1454 1053 ille
1467 1018 1677 1062 Thebas‘se
1687 1029 1727 1051 r·-

227 1072 357 1095 mone
382 1062 530 1097 deflevit
554 1065 617 1106 11,
641 1065 686 1106 3,
716 1065 783 1098 168
809 1065 856 1098 Ν.
891 1066 997 1099 malle
1021 1075 1243 1107 sermonem,
1276 1075 1350 1109 quo
1373 1063 1485 1099 locuti
1511 1063 1583 1098 sint
1605 1063 1727 1098 homi-

219 1119 307 1150 nes,
338 1119 442 1152 quam
463 1119 534 1152 quo
560 1110 753 1153 loquantur
776 1113 810 1154 1,
834 1111 869 1154 6,
892 1110 950 1146 43.
976 1111 1037 1157 qui
1059 1113 1158 1158 leges
1181 1121 1365 1156 nunquam
1388 1109 1584 1146 eruditione
1604 1109 1725 1154 aliquo

228 1165 395 1189 sermone
421 1155 580 1190 tractarit
603 1159 659 1199 12,
683 1158 719 1200 2,
748 1158 782 1191 3.

274 1245 343 1289 ΙΙΙ)
370 1248 406 1279 id
429 1247 518 1291 quod
542 1248 679 1282 dicendo
706 1247 887 1291 profertur.
936 1248 977 1288 α)
1001 1249 1084 1282 Plus
1108 1254 1226 1283 tamen
1251 1253 1308 1284 est
1325 1246 1550 1288 obscuritatis
1572 1247 1619 1283 in.
1634 1257 1725 1283 cun-

226 1297 329 1325 textu
356 1298 392 1326 et
418 1292 687 1329 continuatione
714 1294 911 1336 sermonis,
952 1299 988 1328 et
1021 1295 1142 1338 plures
1173 1295 1285 1329 modi.
1334 1295 1456 1341 Quare
1479 1306 1549 1328 nec
1581 1294 1628 1330 sit
1650 1300 1724 1328 tam

227 1339 378 1384 longus,
412 1343 451 1371 ut
480 1349 561 1371 eum
584 1339 754 1383 prosequi
784 1350 859 1372 nou
883 1339 994 1382 possit
1017 1340 1190 1373 intentio:
1230 1351 1299 1374 nec
1321 1339 1532 1385 trajectione
1555 1345 1627 1374 tam
1649 1345 1724 1374 tar-

227 1385 314 1427 dus,
338 1389 377 1417 ut
402 1383 441 1416 in
464 1385 689 1428 hyperbaton
712 1384 793 1418 finis
817 1386 893 1428 ejus
923 1386 1104 1419 differatur
1127 1387 1171 1426 8,
1197 1388 1241 1430 2,
1267 1385 1313 1421 14
1334 1398 1368 1420 υ.
1390 1386 1723 1430 Hyperbaton.

228 1429 510 1464 Contextus.
542 1430 579 1463 in
605 1433 796 1474 complexu
820 1431 995 1465 sermonis
1021 1433 1065 1474 9,
1089 1434 1137 1474 3,
1162 1433 1218 1466 18.
1247 1430 1620 1467 dnm'continuntioni
1644 1443 1725 1467 ser-

225 1476 343 1510 monis
371 1476 510 1510 medius
533 1477 661 1522 aliquis
687 1489 812 1511 sensus
835 1476 1031 1512 intervenit
1053 1479 1094 1521 9,
1118 1480 1162 1519 3,
1186 1479 1244 1512 23.
1281 1477 1430 1523 igitur
1450 1477 1491 1512 in
1518 1477 1623 1512 initio
1646 1488 1724 1513 ser-

225 1522 343 1556 monis
366 1522 522 1567 positum
546 1526 579 1566 1,
606 1526 640 1566 5,
669 1525 726 1559 39.
758 1535 838 1557 cum
863 1534 1005 1557 omnem
1030 1535 1058 1558 s.
1083 1523 1228 1557 auribus
1249 1523 1401 1568 primum
1425 1522 1641 1569 accipimus
1665 1527 1723 1568 10,

228 1572 267 1612 1,
298 1572 354 1603 10.
392 1569 459 1602 utri
492 1570 643 1603 duorum
672 1569 957 1604 antecedentium
980 1581 1010 1604 s.
1035 1570 1243 1614 subjunctus
1274 1569 1322 1604 sit
1344 1573 1390 1613 7,
1414 1571 1459 1613 9,
1481 1570 1518 1606 9.
1544 1577 1628 1604 omn
1650 1570 1724 1609 sint

226 1615 263 1648 in
291 1627 321 1648 s.
349 1615 447 1648 omni
473 1616 599 1650 brevia
623 1618 748 1660 quaed.
774 1617 934 1650 membra
963 1618 1020 1658 11,
1045 1618 1086 1658 3,
1114 1618 1193 1650 110.
1238 1616 1281 1660 β)
1307 1618 1481 1650 verborum
1507 1620 1721 1660 oontplexus:

226 1667 265 1695 ut
287 1662 404 1696 omnis
432 1673 557 1696 sensus
581 1663 620 1696 in
643 1663 715 1697 fine
739 1661 914 1697 sermonis
937 1662 1044 1696 feriat
1068 1673 1190 1697 aurem
1213 1663 1248 1705 8,
1266 1663 1299 1705 5,
1325 1664 1380 1697 13.
1407 1661 1606 1706 reticentia,
1629 1674 1722 1707 quae

226 1708 272 1741 sit
298 1707 501 1753 imperfecti
529 1720 557 1742 s.
581 1710 623 1751 9,
651 1712 694 1752 2,
721 1709 778 1743 57.
819 1710 979 1753 ejusdem
1011 1708 1146 1743 verbi
1172 1713 1233 1741 aut
1254 1708 1492 1743 sermonis
1521 1707 1662 1742 iterqu
1685 1710 1722 1752 8,

226 1756 270 1798 3,
294 1755 349 1789 50.
387 1754 475 1799 ipsis
509 1754 656 1799 syllabis
681 1755 826 1789 verba
850 1754 1042 1799 complecti
1062 1760 1098 1789 et
1121 1754 1176 1788 his
1202 1765 1361 1790 sermo
1371 1765 1478 1790 nem
1503 1760 1722 1795 connectere

226 1804 260 1844 1,
287 1804 320 1844 1,
345 1803 403 1835 31.
430 1800 475 1842 cs.
504 1804 560 1845 10,
585 1804 619 1842 3,
646 1803 704 1835 20.
730 1802 879 1836 verba
904 1801 1042 1844 omnia,
1069 1811 1134 1844 per
1159 1811 1250 1845 quae
1274 1811 1424 1836 sermo
1446 1800 1602 1835 nectitur
1624 1803 1660 1844 1,
1685 1801 1721 1844 5,

226 1850 262 1881 2.
295 1853 336 1880 ut
361 1847 481 1881 medio
509 1858 538 1880 s.
564 1847 719 1892 aliquem
748 1847 909 1882 inserant
939 1859 1084 1882 sensum
1107 1848 1151 1889 8,
1174 1849 1216 1890 2,
1242 1848 1298 1882 15.
1330 1846 1395 1881 itta
1425 1847 1512 1892 quid
1536 1852 1722 1887 taceat,—

223 1893 389 1939 longiore
425 1905 452 1927 S.
488 1894 742 1938 explicandum
764 1895 808 1936 9,
835 1897 879 1938 3,
903 1894 961 1928 60.
1026 1893 1071 1939 y)
1101 1894 1139 1925 id
1160 1894 1249 1937 quod
1275 1894 1420 1927 homines
1451 1894 1537 1927 inter
1558 1899 1597 1927 κ’
1618 1896 1720 1927 coao-

225 1947 381 1984 quuntur.
431 1938 476 1982 a)
503 1951 533 1973 s.
560 1940 638 1974 sine
661 1941 736 1974 ullo
764 1946 862 1974 certe
891 1946 1036 1974 auctore
1068 1938 1248 1983 dispersus
1277 1938 1320 1981 5,
1345 1940 1381 1972 3.
1414 1937 1646 1985 plurimusei
1674 1939 1720 1973 de

225 1987 379 2020 honesto
404 1997 446 2019 ac
470 1986 566 2020 bono
591 1998 620 2020 s.
646 1986 691 2020 sit
713 1989 748 2029 2,
772 1989 807 2030 2,
832 1987 865 2022 5.
890 1986 936 2028 cs.
959 1987 998 2030 9,
1023 1988 1059 2028 3,
1082 1985 1138 2020 58.
1167 1995 1285 2018 sermo
1308 1984 1395 2032 fingi
1418 1984 1657 2030 nonpotest,
1679 1989 1722 2018 ut

218 2042 299 2066 non
322 2042 498 2075 personae
522 2043 551 2066 s.
576 2033 729 2080 fingatur
751 2033 794 2074 9,
818 2035 858 2072 2,
881 2035 937 2067 32.
963 2031 1058 2067 senis
1086 2041 1204 2066 sermo
1227 2035 1287 2064 aut
1310 2030 1469 2065 mulieris
1497 2033 1562 2074 11,
1590 2032 1635 2074 3,
1659 2031 1720 2069 91.

225 2084 262 2112 et
292 2079 446 2120 jucunda
476 2078 514 2112 in
544 2089 758 2113 sermone
785 2079 877 2113 bene
904 2078 1080 2112 dictorum
1104 2089 1124 2111 a
1148 2087 1290 2121 quoque
1311 2077 1460 2119 relatio,
1494 2076 1591 2111 etin
1613 2087 1722 2111 oau-

224 2124 290 2158 sis
319 2124 415 2158 utilis
438 2127 472 2167 2,
497 2128 531 2168 7,
556 2125 591 2159 4.
617 2136 818 2160 sermonem
842 2124 990 2169 suscipit
1012 2126 1118 2158 Polus
1141 2126 1176 2166 2,
1202 2125 1259 2165 15,
1284 2124 1352 2166 28;
1377 2126 1495 2157 Phar..-
1523 2128 1564 2156 ut
1581 2122 1721 2175 medios

223 2182 251 2204 s.
275 2170 504 2214 intercipiant
527 2172 563 2216 6,
586 2171 620 2211 4,
646 2174 702 2206 11.
726 2178 910 2206 sermones
933 2171 1117 2204 hominum
1139 2168 1361 2203 assimulato's
1384 2169 1505 2203 dicere
1524 2165 1721 2221 Baqloyovc

222 2218 358 2250 malunt
377 2219 413 2258 9,
436 2220 470 2257 2,
488 2219 541 2251 31.
574 2223 718 2252 nostros
742 2229 823 2252 cum
849 2217 928 2251 aliis
951 2228 980 2251 s.
1009 2222 1046 2250 et
1069 2215 1219 2250 aliorum
1243 2214 1338 2248 inter
1360 2226 1400 2249 se
1425 2217 1469 2248 ih.
1492 2216 1551 2249 30.
1576 2225 1615 2248 in
1641 2225 1720 2248 ser-

223 2273 370 2296 monum
401 2263 596 2298 imitatione
626 2267 669 2297 ib.
695 2266 753 2298 35.
786 2265 951 2307 exempla
979 2261 1202 2296 sermonibus
1233 2262 1334 2295 velut
1356 2271 1422 2304 per
1444 2271 1569 2294 manus
1591 2259 1720 2294 tradita

225 2311 288 2351 12,
312 2308 354 2351 4,
382 2313 413 2342 1.
447 2309 485 2342 in
523 2310 840 2354 expositione
879 2320 921 2342 ac
957 2307 1274 2342 sermonibus
1302 2313 1402 2341 recta
1432 2305 1541 2349 (vox)
1565 2310 1603 2340 et
1624 2305 1720 2340 inter

223 2361 365 2388 acutum
389 2366 517 2389 sonum
543 2362 578 2390 et
607 2367 754 2403 gravem
779 2354 896 2389 media
921 2357 983 2396 11,
1007 2358 1049 2397 3,
1077 2353 1135 2388 64.
1162 2359 1339 2397 tempora,
1374 2360 1467 2398 quae
1490 2350 1617 2404 otiosis
1639 2362 1719 2386 ser-

223 2402 388 2435 monibus
415 2401 597 2445 impendat
623 2406 661 2445 1,
690 2406 751 2445 12,
777 2403 832 2435 18.
864 2401 924 2435 ille
952 2399 1290 2443 contionibus,
1314 2399 1374 2433 hic
1407 2398 1718 2434 sermonibus

221 2447 352 2480 melior
379 2450 443 2491 10,
475 2451 516 2490 1,
545 2451 603 2483 73.
646 2449 684 2482 in
718 2445 986 2482 conviviis
1026 2452 1061 2480 et
1091 2444 1406 2481 sermonibus
1442 2443 1544 2478 multi
1574 2443 1718 2477 dicaces

225 2494 267 2534 6,
292 2495 334 2534 3,
368 2493 424 2527 14.
465 2493 509 2535 cf.
539 2497 624 2536 1053
668 2506 748 2529 cum
780 2492 968 2528 Parrhasio
1003 2503 1120 2527 sermo
1155 2492 1312 2527 Socratis
1346 2503 1400 2536 ap.
1434 2489 1717 2534 Xenophontem

223 2537 406 2572 invenitur
435 2543 497 2582 12,
525 2543 586 2584 10,
613 2539 648 2575 4.
685 2539 744 2574 atii
776 2545 858 2574 sunt
887 2540 963 2582 ejus
995 2537 1188 2581 (Platonis)
1221 2548 1403 2572 sermones
1434 2537 1480 2570 ad
1516 2545 1718 2587 coarguen-

225 2583 311 2625 dos,
346 2585 405 2628 qui
438 2593 561 2620 contra
594 2587 793 2631 disputant,
829 2597 919 2630 quos
954 2582 1183 2630 ἐλεγκτιιοῦς
1217 2589 1371 2621 vocant.
1411 2581 1471 2615 atii
1503 2581 1548 2615 ad
1575 2590 1717 2624 praecl-

224 2627 408 2671 piendum,
445 2632 504 2674 qui
537 2629 749 2676 δογματικοὶ
783 2633 1006 2676 appellantur
1031 2634 1072 2673 2,
1098 2633 1164 2673 15,
1189 2631 1248 2665 26.
1281 2629 1522 2674 dialog082
1562 2636 1717 2678 ‘1¹¹⁰‚mm

224 2684 304 2706 cum
338 2675 376 2707 in
419 2677 619 2711 Privernati
661 2689 772 2720 unus,
813 2678 902 2711 alter
932 2678 970 2711 in
999 2677 1141 2710 Albano
1173 2696 1220 2701 —-
1249 2683 1517 2709 sermonem
1555 2673 1715 2706 lmbttum

223 2721 520 2762 complecteretur
548 2725 588 2763 6,
618 2726 657 2763 3,
682 2723 740 2757 44.
778 2724 815 2756 in
848 2723 935 2768 ipsis
964 2722 1034 2756 inis
1063 2721 1286 2756 sermonibus
1321 2731 1379 2752 me
1407 2719 1552 2771 nolente
1586 2719 1715 2770 vulga-

223 2764 268 2798 tis
294 2767 336 2808 3,
363 2766 405 2808 6,
431 2768 487 2801 68.
556 2769 604 2812 b)
638 2771 679 2802 ‹le
707 2777 774 2802 toto
803 2771 864 2802 hoc
894 2771 1025 2802 dicendi
1057 2779 1198 2809 genere.-
1229 2772 1358 2801 vocem
1398 2775 1554 2798 sermoni
1582 2774 1715 2816 ‘pro-xt-

224 2821 316 2845 mam
343 2814 407 2854 11,
429 2814 470 2854 3,
496 2814 574 2847 162.
602 2825 827 2858 proponere,
857 2813 1000 2858 partiri,
1024 2813 1246 2858 interrogare
1267 2810 1424 2845 sermoni
1446 2815 1528 2844 sunt
1552 2820 1728 2854 proxima,
