1728 3002
142 248 224 286 244
596 239 854 283 Discobolos
892 265 941 272 ——
985 240 1218 286 Discursus

184 373 208 396 ἐ
219 364 326 396 cunt
348 355 584 402 haecmiseri,
601 345 965 402 antequam'sciant
989 355 1078 393 vitia
1097 369 1178 394 esse
1195 359 1499 408 1,2,8.υ.8οὶο;
1515 376 1584 412 seq.
1599 365 1690 408 Ins„-

187 418 234 442 ne
263 405 440 440 discamus
463 403 569 438 nobis
595 403 786 451 ignoscere
813 405 877 446 11,
902 405 946 447 2,
969 402 1026 439 45.
1062 405 1109 440 de
1132 405 1426 453 quibusr(cau⁸1·⁸)
1453 419 1542 458 ergo
1566 411 1692 447 dicet?

188 456 234 489 de
266 452 394 498 quibus
430 450 553 485 didicit
583 449 660 494 (sc.
694 447 877 494 dicere)
914 452 962 494 2,
992 453 1060 495 21,
1097 452 1160 496 15;
1207 452 1245 487 id
1275 453 1307 488 si
1339 461 1545 500 computare
1580 470 1692 503 quem

189 501 310 547 piget,
342 496 569 534 brevioribus
595 495 755 531 numeris
777 495 873 530 idem
895 495 1009 531 discat
1033 500 1073 540 1,
1105 500 1161 541 10,
1185 497 1252 542 43;
1284 500 1355 535 ad'.
1380 504 1565 547 Praepmd·
1578 505 1690 549 ⁴cujus

188 546 322 591 aliquid
350 544 467 579 simile
504 544 627 588 apud
655 542 908 591 grammaticos
934 554 1024 587 puer
1053 543 1220 580 didicerit
1246 547 1289 590 2,
1313 514 1363 591 4,
1389 550 1422 582 1.
1455 559 1476 582 a
1501 559 1573 602 quo
1595 550 1691 585 didi-

189 594 283 629 cisse
309 597 422 626 artem
446 589 577 624 dicitur
601 591 642 632 3,
671 592 711 632 1,
737 590 794 623 10.
829 599 975 623 causam
997 589 1136 625 discere
1170 596 1241 626 ex’
1257 592 1332 627 suis
1362 592 1599 642 litigatoribus
1630 599 1688 640 12,

187 642 224 684 8,
248 640 284 675 6.
332 639 372 683 y)
400 639 551 672 Partim:
577 635 768 670 discens
796 637 832 679 3,
859 638 916 679 11,
942 637 1002 671 23.
1027 636 1206 672 discentes
1234 641 1268 682 1,
1291 642 1328 683 2,
1354 642 1413 676 27.
1439 639 1510 685 [1,
1531 643 1578 685 3,
1603 641 1689 688 14.]

188 689 234 730 3,
261 686 309 729 6,
333 685 390 720 89.
426 683 602 728 quaedam
624 692 699 716 non
729 681 1000 717 docentium
1025 689 1127 728 sunt,
1152 684 1219 719 sed
1247 684 1542 722 discentium
1565 691 1602 732 7,
1630 691 1689 733 10,

187 735 223 770 9.
249 732 287 766 in
306 731 363 765 his
387 729 557 764 discentis
575 727 678 762 annis
704 730 739 771 2,
754 727 790 772 4,
808 727 843 763 4.
869 729 1134 764 submittentem
1158 742 1198 765 se
1222 732 1268 765 ad
1290 743 1494 768 mensuram
1519 733 1690 770 discentis

188 782 229 822 2,
257 781 298 822 3,
325 781 361 813 7.
401 774 614 810 discentium
638 775 823 818 profectus
847 777 896 819 2,
922 775 964 819 5,
994 779 1026 810 1.
1064 787 1139 811 non
1164 778 1279 812 solum
1310 778 1577 815 scientibus
1606 781 1690 826 ista,

188 826 253 861 sed
277 823 385 859 etiam
416 820 724 856 discentibus
757 820 928 856 tradimus
953 824 1018 866 11,
1044 825 1085 867 1,
1111 823 1146 858 5.
1204 821 1238 868 ὅ)
1267 825 1414 860 Gerana.
1433 840 1445 861 .-
1475 826 1689 863 exercitatio

187 869 475 917 potentissimum
508 866 735 902 discendi
771 878 884 914 genus
912 870 956 912 2,
985 871 1048 913 17,
1076 871 1131 903 12.
1159 868 1320 906 discendi
1347 871 1439 916 (Sp.
1469 872 1564 917 die.)
1585 874 1689 909 velut

187 915 412 953 incunabulis
436 916 498 949 Pr.
523 915 547 950 6
574 918 618 949 Ζ.
649 913 755 959 [disc.
783 913 844 958 (Z.
874 913 1003 959 edisc.)
1029 914 1285 963 negligentiam
1309 919 1367 962 10,
1389 921 1426 962 7,
1450 917 1525 964 32.]
1554 919 1690 964 optime

189 964 277 999 disc.
305 962 397 998 ratio
426 964 470 1006 1,
497 963 546 1005 2,
569 962 605 995 3.
646 963 687 1004 1,
715 963 772 1004 12,
796 961 832 996 6.
872 963 928 1004 12,
955 963 1011 1004 11,
1040 963 1094 997 16.
1120 963 1254 998 robore
1275 962 1365 998 disc.
1390 965 1426 1008 8,
1449 966 1507 1000 Pr.
1534 963 1571 1000 4.
1598 965 1687 1001 disc.

187 1010 344 1046 studium
366 1011 402 1052 1,
425 1010 461 1051 3,
484 1008 527 1051 ὃς
554 1012 715 1051 promtus
739 1007 785 1041 ad
818 1006 1100 1043 discendum
1129 1011 1163 1053 1,
1190 1011 1225 1052 1,
1251 1012 1285 1044 1.
1309 1009 1504 1046 irritandae
1528 1012 1573 1046 ad
1596 1011 1688 1047 disc.

185 1056 362 1093 infantiae
387 1057 432 1089 ib.
450 1054 510 1088 26.
537 1054 669 1088 multos
696 1054 741 1087 ad
765 1052 853 1088 disc.
878 1064 992 1088 annos
1020 1057 1079 1098 12,
1102 1057 1158 1099 11,
1176 1057 1231 1094 13,
1254 1055 1369 1091 libera
1395 1058 1442 1091 ad
1470 1057 1560 1093 disc.
1586 1069 1690 1094 mora

188 1107 246 1148 12,
270 1105 306 1147 3,
325 1105 364 1137 3.
388 1101 531 1180 abulnde
553 1099 641 1134 satis
664 1100 708 1134 ad
733 1099 821 1135 disc.
849 1099 962 1146 spatia
987 1103 1043 1146 12,
1071 1103 1128 1147 11,
1153 1103 1214 1147 193
1243 1101 1284 1137 in
1311 1101 1483 1139 discendo
1509 1107 1567 1151 12,
1594 1107 1631 1150 3,
1652 1107 1690 1140 2.

187 1153 245 1193 12,
274 1150 310 1193 8,
336 1149 393 1182 11.
421 1150 438 1181 1
467 1169 476 1178 .

139 1192 415 1237 Discobolos.
476 1200 538 1237 ille
560 1200 650 1236 disc.
674 1202 843 1248 Myronis
865 1205 902 1247 2,
931 1205 989 1249 13,
1014 1207 1071 1240 10.

139 1251 369 1296 Discordo·
433 1259 605 1295 membris
630 1260 797 1294 humanis
819 1261 1045 1297 adversus
1068 1266 1234 1297 ventrem
1257 1247 1603 1308 discordantibusff»,
1629 1266 1691 1310 11,

185 1311 243 1346 19.
268 1320 290 1343 a
315 1318 481 1343 sermone
494 1307 594 1341 tenui
612 1306 763 1342 sublime
792 1306 974 1343 discordat
999 1306 1165 1354 (verbum)
1187 1309 1222 1353 8,
1240 1310 1275 1353 3,
1296 1311 1352 1346 18.
1372 1321 1419 1345 ne
1444 1311 1500 1345 ab
1524 1310 1688 1346 oratione

186 1356 370 1390 discordet
391 1353 491 1398 (vox)
516 1355 574 1397 11,
596 1354 633 1398 3,
655 1351 714 1389 45.
1555 1370 1557 1372 -

139 1401 398 1445 Discrimen.
463 1408 494 1454 Ι)
519 1412 562 1444 de
587 1410 801 1454 differentia.-
825 1414 934 1445 tenne
960 1409 1067 1446 discr.
1095 1412 1139 1454 1,
1164 1410 1208 1455 5,
1232 1410 1268 1447 5.
1292 1410 1371 1447 sine
1398 1411 1604 1448 discrimine
1627 1415 1687 1457 10,

187 1462 222 1504 1,
245 1462 280 1495 7.
313 1471 342 1493 s.
367 1459 401 1492 d.
430 1468 620 1492 causarum
647 1462 753 1501 atque
777 1456 938 1491 utilitatis
964 1456 1011 1500 4,
1038 1459 1084 1500 3,
1112 1459 1146 1492 3.
1170 1457 1220 1491 in
1245 1458 1335 1493 recti
1357 1459 1534 1505 pravique
1558 1459 1687 1494 discri-

184 1505 281 1540 mine
307 1507 365 1549 12,
388 1506 423 1548 3,
447 1507 483 1539 7.
518 1502 627 1538 discr.
654 1513 790 1538 vocum
818 1506 836 1537 1
851 1529 862 1546 ,
887 1503 929 1546 5,
953 1503 1011 1539 25.
1038 1503 1245 1538 discrimina
1267 1504 1495 1552 ingeniorum
1516 1506 1561 1551 2,
1583 1507 1627 1549 8,
1653 1508 1688 1540 1.

186 1563 278 1597 quae
303 1550 414 1594 (litera
439 1548 499 1595 F)
522 1549 618 1584 inter
639 1548 844 1583 discrimina
872 1549 1031 1584 dentium
1059 1549 1215 1584 efflanda
1240 1557 1295 1585 est
1318 1554 1375 1595 12,
1396 1555 1452 1595 10,
1476 1553 1540 1595 293
1565 1562 1688 1586 mores

183 1597 379 1643 praecipue
404 1595 595 1631 discrimen
620 1596 755 1630 dabunt
777 1598 812 1639 3,
836 1597 871 1634 8,
893 1597 951 1631 38.
980 1602 1077 1630 aetas
1100 1596 1292 1631 discrimen
1318 1597 1407 1632 facit
1432 1601 1468 1642 7,
1492 1601 1528 1642 2,
1554 1597 1611 1632 14.
1637 1597 1687 1640 cs.

185 1648 243 1688 11,
270 1647 305 1687 1,
332 1643 388 1678 43.
417 1644 489 1677 hoc
513 1654 668 1687 sequens
692 1640 855 1686 (tempus)
880 1643 989 1677 habet
1012 1648 1048 1677 et
1073 1642 1266 1677 constituta
1289 1643 1514 1688 discrimina,
1538 1649 1686 1687 aestate,

182 1690 301 1725 hieme
327 1697 409 1733 etc-‚3
443 1695 480 1724 et
504 1688 675 1732 fortuita,
699 1688 739 1722 in
760 1688 982 1732 pestilentia,
1016 1689 1055 1722 in
1081 1689 1178 1723 bello
1202 1697 1264 1722 etc.
1293 1690 1333 1732 5,
1362 1693 1427 1733 10,
1454 1689 1512 1724 42.
1539 1695 1688 1725 servant

182 1747 419 1782 personarum
443 1734 636 1769 discrimen
660 1737 718 1778 12,
734 1737 790 1778 10,
814 1733 872 1769 44.
898 1734 1154 1769 sententiarum
1180 1734 1219 1768 in
1246 1740 1382 1778 senatu,
1411 1741 1448 1770 et
1475 1735 1687 1770 contionum

185 1790 248 1817 etc.
286 1781 447 1818 servabit
481 1780 687 1815 discrimina
716 1783 761 1814 ib.
797 1783 856 1815 70.
889 1780 952 1815 illa
977 1781 1156 1815 servanda
1180 1779 1402 1823 discrimina,
1433 1786 1483 1815 ut
1505 1789 1565 1815 etc.
1591 1783 1625 1824 1,
1647 1785 1686 1826 7,

182 1828 218 1863 4.
244 1834 327 1862 sunt
349 1833 386 1862 et
408 1828 470 1861 ina
495 1827 724 1869 discrimina,
754 1827 874 1871 quod
899 1834 960 1860 etc.
985 1827 1032 1869 9,
1057 1825 1100 1868 4,
1124 1826 1179 1861 50.
1215 1831 1255 1859 ut
1277 1836 1351 1860 non
1375 1837 1435 1861 res
1461 1826 1687 1872 simplicissi-

138 1877 142 1881 “
182 1885 261 1909 mae
284 1892 331 1898 —
355 1873 479 1918 utique
503 1872 787 1907 discrimine
812 1871 932 1916 aliquo
959 1871 1305 1906 discernantur
1342 1871 1433 1917 (Sp.
1461 1874 1583 1918 conjic.
1609 1873 1686 1908 dis-

182 1921 385 1962 tineantur3
405 1923 455 1956 H.
470 1922 518 1952 ΙΙ.
539 1917 765 1960 definiantur)
784 1920 840 1960 10,
853 1919 945 1960 2,1Ο
965 1919 1072 1955 N.cr.
1115 1916 1162 1961 Il)
1183 1921 1205 1951 ι’.
1223 1931 1255 1963 q.
1281 1922 1531 1962 periculum
1544 1933 1556 1954 .·
1579 1931 1683 1964 prae-

183 1967 293 2002 sentis
308 1964 520 2000 discriminis
533 1967 568 2007 2,
583 1967 639 2008 13,
650 1963 684 1998 4.
709 1975 840 1999 verum
865 1963 936 1998 dis
946 1963 1060 1998 crim
1070 1975 1123 1998 en
1147 1964 1372 2009 aciemque
1390 1966 1563 2010 justam2,
1578 1968 1634 2009 10,
1643 1967 1682 2002 8.

182 2016 250 2056 12,
276 2013 320 2056 6,
343 2012 378 2046 4.
412 2023 460 2045 ne
490 2011 534 2044 ab
564 2010 627 2045 illa
651 2010 778 2044 umbra·
801 2021 892 2046 vera
915 2009 1122 2044 discrimina
1148 2010 1384 2046 reformident
1410 2013 1466 2055 10,
1491 2014 1525 2055 5,
1549 2015 1612 2054 17;
1643 2012 1684 2046 in

181 2057 387 2096 discrimine
419 2056 546 2102 capitis
570 2059 631 2100 11,
657 2060 676 2091 1
691 2082 701 2099 ,
722 2055 781 2092 49.
814 2056 910 2101 quod
935 2057 1146 2101 plerumque
1172 2057 1323 2091 duorum
1348 2057 1542 2092 discrimen
1565 2063 1620 2092 est
1645 2061 1682 2101 7,

179 2109 220 2149 2,
259 2106 314 2140 51.
346 2115 440 2150 quae
476 2102 670 2147 (persona)
703 2108 807 2137 extra
840 2102 1032 2137 discrimen
1060 2102 1183 2147 judicii
1214 2109 1268 2137 est
1288 2107 1328 2146 7,
1356 2107 1401 2147 2,
1425 2105 1458 2139 9.
1484 2103 1683 2148 praesentis

181 2150 350 2186 condicio
378 2149 594 2184 discriminis
619 2152 654 2194 2,
672 2151 729 2192 13,
755 2147 791 2182 4.
819 2148 888 2182 alia
912 2148 993 2184 veri
1018 2148 1232 2183 discriminis
1259 2149 1370 2184 facies
1398 2153 1454 2193 12,
1478 2151 1514 2193 6,
1537 2149 1572 2185 4.
1608 2149 1684 2184 dis-

178 2197 339 2231 criminis
353 2196 409 2230 sui
430 2195 636 2242 ignorantia
657 2195 692 2238 6,
712 2198 745 2238 1,
763 2194 827 2237 47;
855 2196 927 2229 hoc
948 2196 1197 2240 qualecunque
1224 2195 1415 2230 discrimen
1449 2206 1534 2230 raro
1557 2196 1684 2231 admo-

180 2244 264 2276 dum
291 2243 417 2279 evenit
443 2245 499 2285 11,
530 2245 564 2285 1,
588 2242 644 2276 14.
672 2241 879 2276 imminente
904 2251 1042 2275 summo
1067 2241 1271 2275 discrimine
1295 2243 1329 2283 8,
1346 2241 1382 2284 4,
1400 2245 1457 2277 22.
1475 2253 1532 2276 ·ne
1559 2242 1684 2288 sign&

178 2295 309 2332 torum,
334 2301 381 2323 ne
407 2288 521 2333 ipsius
548 2289 629 2332 (Sp.
650 2288 693 2321 ab
711 2287 815 2332 ipsis)
841 2287 1033 2322 discrimen
1060 2287 1249 2331 objiciatur
1276 2287 1343 2321 sibi
1367 2288 1402 2331 6,
1420 2291 1455 2331 1,
1468 2290 1528 2324 20.
1552 2287 1682 2335 ingens

179 2334 217 2368 in
246 2335 396 2382 epilogis
420 2335 518 2370 verti
541 2333 732 2368 discrimen
759 2335 793 2377 6,
824 2337 857 2377 1,
873 2335 930 2368 37.
957 2333 1090 2367 instant
1114 2333 1208 2367 enim
1233 2332 1485 2378 (adversarii),
1512 2338 1549 2368 et
1571 2344 1680 2378 saepe

179 2379 371 2415 discrimen
400 2392 507 2415 omne
534 2381 760 2415 committunt
798 2380 833 2423 6,
857 2379 893 2422 4,
920 2382 977 2414 17.
1014 2378 1075 2423 qui
1100 2378 1147 2412 in
1175 2378 1368 2414 discrimen
1391 2379 1537 2426 aliquod
1564 2390 1681 2416 voca·
1705 2394 1707 2397 ’

176 2425 326 2468 bantur,
351 2427 550 2460 accuratius
573 2426 694 2471 loqui,
721 2425 940 2461 defendendi
968 2425 1023 2458 sui
1046 2425 1158 2472 gratia
1181 2427 1215 2468 3,
1243 2428 1278 2469 2,
1303 2429 1337 2460 2.

131 2467 385 2512 Discumbo.
443 2483 592 2526 ordine,
619 2494 691 2528 quo
719 2484 870 2528 quisque
896 2482 1124 2516 discubuerat
1148 2484 1204 2525 11,
1229 2484 1265 2526 2,
1295 2483 1352 2517 13.

130 2525 356 2568 DiSCUl'l'O·
422 2552 442 2574 a
467 2542 586 2575 media
612 2542 650 2575 in
673 2547 862 2586 utramque
883 2545 1022 2584 partem
1051 2539 1254 2574 discurrere
1277 2542 1313 2582 2,
1337 2538 1373 2582 4,
1395 2539 1452 2574 15.

130 2579 354 2624 DiSCUI'SO·
418 2599 568 2631 multum
590 2598 630 2632 in
657 2599 796 2645 agendo
821 2597 1164 2633 discursantem
1181 2623 1191 2640 ,
1225 2595 1482 2630 salientem
1505 2599 1566 2628 etc.
1599 2603 1675 2628 non

175 2651 282 2685 agere
311 2641 401 2675 dixit
430 2643 578 2686 (Domit.
604 2644 694 2685 As.)
729 2645 795 2678 sed
830 2649 1051 2690 satagere
1078 2643 1118 2685 6,
1143 2644 1187 2685 3,
1222 2641 1279 2677 54.
1314 2641 1592 2674 discursare
1624 2645 1674 2683 et,

176 2688 273 2730 quod
297 2687 479 2722 Domitius
502 2689 596 2722 Aser
622 2689 732 2732 dixit,
762 2695 1005 2737 satagere,
1031 2687 1290 2732 ineptissimum
1314 2688 1372 2729 11,
1395 2687 1431 2729 3,
1455 2685 1536 2720 126.

127 2741 374 2784 DiSCUl'SUS·
405 2767 461 2774 —
491 2756 687 2790 amiconun
714 2756 759 2799 4,
789 2760 831 2799 2,
858 2759 893 2791 3.
921 2775 969 2783 -—-
996 2755 1220 2791 efferentium
1246 2754 1396 2799 praedas
1416 2740 1720 2799 repetentium-ff¹

174 2811 243 2844 que
270 2801 305 2841 8,
330 2802 365 2844 3,
393 2801 457 2843 69;
489 2819 532 2827 -
561 2802 672 2837 totius
699 2802 769 2836 diei
794 2801 1001 2848 (infantium)
1027 2805 1061 2844 1,
1092 2804 1149 2845 12,
1175 2802 1231 2836 10.
1260 2797 1535 2845 (declamantes)
1558 2799 1672 2833 multo
1689 2807 1712 2849 ‚2

172 2846 358 2889 discursu,
383 2847 546 2882 anhelitu*
573 2856 634 2883 etc.
660 2849 822 2883 furentes
851 2852 886 2892 2,
906 2851 963 2892 12,
983 2847 1018 2883 9.
1706 2849 1710 2852 ’
