1728 3002
227 238 312 278 430
751 232 902 277 Innato
943 258 995 268 -
1029 230 1257 283 Inornatus

273 350 317 394 6,
344 351 379 384 2.
408 348 517 384 inde
547 346 676 395 ingens
697 349 790 383 male
814 348 1128 403 interpretantibus
1161 352 1306 389 innatus
1340 360 1395 392 est
1429 367 1533 392 error
1559 358 1606 403 3,
1636 358 1681 402 6,
1720 362 1728 394 ’,

274 398 432 449 Partica·
451 406 519 429 nec
542 400 710 448 tanquam
733 397 934 438 tradita,
963 399 1025 432 sed
1049 404 1146 444 tanq.
1173 399 1339 436 innata
1364 405 1400 445 7,
1423 406 1483 448 10,
1507 403 1554 439 14
1582 405 1630 440 Ν.
1656 406 1728 450 (aff

273 442 391 485 matio)
421 447 589 476 lunata
612 443 756 477 videtur
781 453 879 486 esse,
905 454 977 477 non
1001 446 1236 480 arcessita
1260 449 1296 491 9,
1319 450 1354 491 3,
1378 447 1436 484 74.

227 489 397 532 Innato.
443 498 608 532 innatans
634 499 681 543 (a.
707 503 730 533 1.
755 498 915 543 vibrans)
952 501 1012 535 illa
1036 504 1231 537 verborum
1261 505 1416 540 facilitas
1448 505 1487 540 in
1520 508 1629 542 altum
1657 509 1728 542 red<

270 551 374 628 getu1r
398 547 472 626 “44
488 549 536 624 {l}
556 547 613 580 28.
639 546 687 580 Ν.
712 559 758 579 cr.
791 547 882 581 haec
904 549 1005 582 velut
1034 548 1230 584 innatantia
1253 549 1301 596 (i.
1337 564 1367 586 e.
1400 550 1558 597 obvia)
1588 550 1725 589 'videbit

226 618 404 681 Innitoi.
469 649 629 692 syllabae
661 654 807 684 nostrae
839 647 886 683 in
915 651 945 683 B
982 650 1118 685 literam
1150 659 1186 688 et
1215 654 1250 687 D
1278 652 1478 688 innituntur
1500 656 1568 699 12,
1602 656 1666 700 10,
1699 657 1728 698 3¹.

273 696 392 731 omnia
419 706 527 730 curae
550 696 754 740 tutelaeque
777 695 883 730 unius
907 696 1030 731 innixa
1062 699 1096 741 6,
1130 701 1159 731 1.
1189 701 1247 735 35.
1281 712 1316 735 v.
1341 700 1518 735 Annito
1529 713 1560 737 r.

227 752 453 795 Innocens·
510 766 543 807 1,
570 763 604 807 5,
628 763 686 799 65.
714 765 897 813 negotium
921 765 1103 800 innocenti
1126 766 1213 802 facit
1239 767 1281 811 5,
1320 771 1387 810 12,
1416 770 1472 804 13.
1507 774 1564 803 ter
1589 767 1728 802 innoce1

272 817 342 845 tem
367 810 567 844 abdicatum
594 809 630 853 4,
654 813 689 853 2,
713 812 769 846 95.
790 817 829 845 ut
853 812 1083 847 innocentem
1113 825 1152 848 se
1181 813 1218 847 in
1245 813 1432 849 tormentis
1454 816 1642 859 pertendat
1665 815 1701 856 9,

268 858 326 892 83.
351 857 544 900 petendum
567 855 818 891 innocentibus
843 858 1109 893 misericordiae
1129 860 1302 895 auxilinm
1324 863 1380 904 11,
1407 864 1440 904 1,
1463 860 1522 896 49.
1548 861 1728 896 innocent*

268 903 428 938 tuebitur
459 906 515 946 12,
545 905 581 945 2,
608 904 675 945 263
714 903 789 938 inn.
814 915 898 938 reus
931 908 996 948 12,
1033 908 1071 948 1,
1107 904 1165 941 45.
1194 917 1270 941 non
1300 906 1397 940 inn.
1426 908 1534 941 modo
1558 908 1622 941 sed
1658 906 1726 940 etia

269 949 572 984 laudabilem
601 949 718 984 civem
742 953 786 984 ib.
811 950 867 984 41.
895 950 940 991 cs.
975 954 1030 993 10,
1057 955 1092 995 7,
1118 956 1151 986 2.
1188 952 1220 987 si
1249 953 1426 987 innocens
1460 953 1551 998 (vita
1583 959 1728 987 anteat-u

270 1000 305 1037 7,
329 995 365 1039 4,
394 997 458 1038 18;
491 997 588 1040 quod
614 995 720 1030 etiam
745 996 1041 1032 innocentissimo
1067 997 1181 1043 possit
1205 999 1369 1035 accidere
1393 1001 1427 1043 5,
1452 1001 1488 1035 3.

221 1041 492 1084 Innocenter-
528 1071 573 1077 —
595 1052 728 1089 victuri
753 1056 788 1097 7,
813 1052 848 1097 4,
873 1055 927 1089 18.

222 1111 487 1154 Innocentia.
534 1120 669 1155 sociam
693 1122 950 1163 scelerum,
973 1123 1162 1158 adversam
1186 1121 1519 1159 innocentiae
1541 1121 1728 1169 (rhetoricen

270 1172 326 1209 12,
348 1171 382 1211 1,
407 1171 438 1201 2.
466 1169 691 1202 contendere
716 1167 762 1202 de
785 1168 860 1203 inn.
894 1180 959 1203 sua
990 1172 1047 1214 11,
1076 1173 1110 1214 1,
1136 1172 1192 1205 12.
1218 1171 1308 1205 haec
1334 1171 1562 1216 (metuere,
1590 1172 1728 1205 odiu«

268 1216 368 1249 salva
391 1213 466 1247 inn.
496 1214 618 1248 facere
647 1217 683 1257 7,
706 1216 740 1253 2,
767 1216 824 1249 37.

220 1257 567 1302 Innumerabilis.
625 1271 663 1314 α)
689 1274 899 1315 simpliciter.-
928 1272 1058 1317 aliique
1091 1271 1369 1307 innumerabiles
1394 1275 1457 1317 12,
1480 1276 1524 1317 2,
1546 1275 1608 1321 „3⁰-
1643 1283 1728 1318 pne:

262 1316 537 1351 innumerabilia
559 1318 594 1356 3,
618 1315 654 1358 4,
678 1319 713 1350 2.
740 1317 1014 1351 innumerabilia
1038 1325 1121 1352 sunt
1146 1318 1251 1352 bonis
1274 1317 1390 1352 causis
1404 1318 1577 1363 malisque
1600 1328 1728 1362 commi

262 1363 322 1397 nia
354 1365 408 1404 12,
438 1365 471 1404 1,
497 1360 554 1395 45.
609 1361 645 1406 β)
681 1375 710 1396 c.
738 1364 930 1396 Nominib..·
965 1363 1039 1397 inn.
1083 1369 1258 1397 auctores.
1287 1364 1352 1407 Ep.
1381 1365 1425 1397 ad
1455 1366 1595 1409 Tryph.
1623 1366 1655 1398 1.
1683 1363 1728 1405 inf

263 1407 370 1452 copia
391 1410 424 1449 5,
447 1410 505 1450 10,
532 1410 610 1441 100.
628 1414 710 1441 sunt
734 1414 851 1442 autem
874 1409 1127 1443 inumerabiles
1150 1409 1314 1452 (figurae)
1335 1410 1370 1451 6,
1387 1412 1429 1451 ’1,
1456 1411 1492 1444 3.
1538 1410 1644 1445 Nune
1666 1408 1728 1458 veq

261 1456 336 1489 inn.
362 1459 445 1487 sunt
468 1453 565 1487 modi
590 1456 646 1497 10,
671 1456 706 1497 5,
732 1457 765 1488 7.
788 1454 864 1488 inn.
895 1454 1062 1489 accidunt
1084 1454 1220 1489 subitae
1237 1455 1468 1490 necessitates
1493 1457 1550 1499 10,
1568 1458 1605 1500 7,
1622 1458 1658 1491 2.
1676 1466 1728 1500 sp«

266 1501 339 1535 cies
363 1501 436 1534 inn.
462 1503 497 1542 7,
526 1500 561 1542 9,
588 1502 620 1534 1.
651 1513 684 1533 υ.
712 1500 932 1544 Species.

218 1546 560 1636 InObSezyanlia.
621 1557 753 1591 fecisse
801 1556 920 1592 inobs.
966 1558 1026 1599 (a.
1060 1560 1081 1591 l.
1121 1555 1200 1591 sine
1231 1554 1407 1602 Observ.)
1444 1558 1598 1601 quadam
1627 1540 1721 1604 42³³.

263 1607 330 1638 107
365 1619 376 1637 1
403 1629 411 1637 .
453 1615 500 1636 cr.

219 1646 496 1708 [lnoccultuS.
563 1665 615 1703 ut,
641 1658 671 1693 si
696 1659 775 1704 quis
800 1643 935 1704 corpus·
955 1671 1059 1694 suum
1083 1658 1264 1693 inocculto
1299 1659 1384 1694 loco
1417 1658 1505 1704 poni
1535 1660 1676 1706 jubeat,

264 1707 335 1741 litis
360 1705 504 1740 occasio
528 1705 629 1739 inoc
643 1708 821 1740 cultum
848 1711 882 1751 7,
907 1708 941 1751 9,
967 1707 988 1742 5
1011 1718 1045 1740 υ.
1075 1702 1327 1751 Incultus.]

215 1763 474 1853 1¹¹.⁰ff⁰f¹⁸¹¹1⁵·
492 1772 778 1854 1ἰηὲ10ορι113ῑὶο
812 1786 947 1812 vocum
983 1777 1016 1818 1,
1039 1776 1096 1819 10,
1123 1776 1180 1810 23.
1201 1773 1240 1808 in
1271 1773 1454 1808 literarum
1476 1772 1572 1808 inter
1598 1784 1638 1809 se
1662 1760 1717 1816 cv,

261 1827 396 1863 junctio
447 1845 457 1862 ,
515 1845 525 1863 ,
601 1844 611 1855 .

213 1865 499 1922 Inofficiosus·
563 1887 638 1911 non
659 1875 761 1912 inoff.
789 1883 1039 1912 testamentum
1061 1879 1186 1911 Asin.
1212 1876 1247 1921 9,
1277 1878 1313 1919 2,
1333 1875 1368 1912 9.
1675 1865 1724 2004 “J

212 1934 407 2024 Inopia-2
425 1945 527 2025 p4ejuii
551 1944 640 1978 illud
664 1944 819 1990 (vitium),
845 1947 940 1990 quod
965 1957 1013 1981 ex
1050 1945 1241 1993 inopia,
1277 1955 1384 1990 quam
1407 1943 1576 1995 quod-ex
1611 1924 1665 1980 ct)

259 1998 361 2028 venit
409 2017 419 2034 ‚
468 2016 478 2034 ,
527 2012 537 2023 .
1520 1998 1523 2001 ’

211 2036 457 2094 Inopinans.
514 2046 719 2082 credibilius
745 2053 800 2083 est
827 2048 967 2084 occisos
991 2060 1011 2083 a
1033 2047 1334 2095 praeparatis
1364 2046 1675 2093 inopinantes
1725 2042 1728 2047 ¹

260 2101 281 2130 Z.
305 2092 526 2138 inopinatos)
547 2095 580 2136 5,
607 2096 662 2136 10,
687 2094 744 2130 49.
1688 2114 1691 2117 *

215 2139 478 2196 Inopinatus.
517 2151 559 2192 α)
579 2149 626 2184 in.
648 2150 896 2195 eruptionibus
920 2152 954 2194 6,
977 2150 1012 2195 4,
1030 2149 1086 2185 14.
1103 2150 1153 2186 in.
1172 2150 1226 2186 rei
1243 2161 1329 2184 casu
1351 2149 1387 2192 6,
1405 2151 1439 2193 1,
1462 2150 1519 2185 39.
1551 2150 1597 2194 β)
1620 2150 1675 2184 Ne

256 2194 484 2240 παράδοξον,
505 2196 540 2229 id
566 2202 631 2239 est,
655 2196 952 2241 inopinatum
976 2199 1011 2240 9,
1035 2200 1070 2240 2,
1093 2199 1151 2232 23.
1170 2197 1265 2241 quod
1287 2195 1333 2230 sit
1352 2195 1465 2243 magis
1485 2195 1684 2240 antiqua

255 2256 276 2281 r
289 2255 354 2278 em
365 2253 386 2276 o
398 2248 500 2285 tum,
526 2242 536 2275 i
552 2253 574 2275 n
585 2253 607 2276 ο
619 2243 662 2286 pi
674 2249 780 2277 natu
792 2255 826 2277 m
839 2245 874 2288 8,
894 2245 952 2277 Pr.
968 2246 1025 2278 31.
1040 2243 1260 2287 inopinatum
1277 2247 1314 2275 et
1335 2253 1355 2275 a
1371 2243 1569 2276 lacessente
1586 2241 1674 2285 poni

257 2292 321 2333 let,
343 2289 429 2323 etin
447 2289 672 2322 occurrendo
695 2290 731 2332 6,
743 2291 778 2332 3,
790 2288 838 2324 84
857 2291 904 2324 Ν.
927 2291 955 2323 Ε
968 2301 994 2323 x
1011 2290 1056 2323 in
1071 2289 1142 2332 opi
1154 2300 1177 2321 n
1189 2294 1267 2322 ato
1288 2286 1428 2330 (novum
1441 2289 1675 2320 sententiarum

258 2336 336 2380 nus)
357 2336 393 2378 8,
413 2337 446 2377 5,
463 2335 526 2377 15;
553 2335 665 2380 magis
683 2334 863 2379 inopinata
879 2336 1057 2370 delectant
1077 2335 1112 2377 8,
1122 2335 1157 2378 6,
1171 2335 1227 2368 51.
1249 2344 1353 2378 quae,
1375 2331 1452 2367 nisi'
1465 2332 1561 2367 domi
1576 2343 1626 2368 ex

255 2383 328 2425 ris,
351 2381 390 2414 in
419 2382 501 2414 foro
526 2380 706 2424 inopinata
730 2381 909 2426 decipient
930 2384 987 2424 12,
1011 2383 1046 2424 8,
1072 2382 1127 2415 13.
1163 2386 1334 2425 patronus
1358 2378 1550 2424 inopinatis
1572 2379 1628 2414 fre

257 2435 314 2463 ter
339 2426 496 2461 occurrit
518 2427 551 2469 5,
579 2429 634 2469 13,
659 2429 694 2462 3.

211 2473 499 2515 InordinatuS.
561 2481 713 2517 inord.
749 2487 855 2527 atque
894 2481 1154 2516 fortuitum
1187 2485 1204 2517 1
1218 2509 1228 2526 ,
1267 2484 1334 2526 10,
1369 2480 1428 2517 46.
1462 2479 1493 2515 si
1524 2490 1643 2525 neque

259 2530 486 2564 ordinata
512 2533 571 2562 aut
603 2528 900 2564 indistincta
924 2528 1121 2563 dixerimus
1145 2529 1181 2572 8,
1203 2532 1240 2572 2,
1267 2531 1325 2563 23.
1357 2526 1558 2562 inordinata
1581 2525 1662 2573 dige

257 2577 315 2617 (a.
336 2580 358 2609 1.
386 2573 554 2622 dirigere)
579 2573 688 2620 (stilo)
713 2577 768 2618 10,
796 2574 832 2618 4,
858 2578 876 2609 1
908 2576 955 2609 Ν.
979 2588 1025 2610 cr.

211 2628 451 2671 Inornatus.
518 2641 819 2687 [inornatum
851 2653 953 2685 esse,
987 2643 1084 2687 quod
1116 2640 1162 2676 sit
1193 2639 1507 2686 improprium
1537 2639 1580 2683 8,
1617 2640 1662 2683 3,

257 2699 291 2721 υ.
321 2687 666 2733 Improprius.]
696 2694 778 2723 sunt
810 2688 974 2723 inornata
996 2695 1030 2722 et
1057 2690 1146 2723 haec
1168 2689 1204 2731 8,
1228 2689 1263 2731 3,
1286 2687 1351 2730 593
1381 2687 1431 2720 in·
1461 2685 1616 2720 brevitass
1645 2683 1671 2720 4

255 2731 314 2765 46.
341 2735 579 2767 obscurae
603 2734 720 2777 potius
746 2746 851 2779 quam
873 2734 930 2770 in.
960 2734 1132 2769 orationis
1162 2735 1206 2777 8,
1234 2735 1276 2775 3,
1309 2734 1366 2768 50.
1395 2743 1454 2766 res
1485 2732 1629 2765 nudas

254 2778 311 2811 in.
340 2782 374 2820 2,
398 2778 432 2820 4,
464 2781 498 2811 3.
523 2779 661 2825 singula
684 2782 797 2815 verba
825 2791 889 2825 per
917 2791 956 2814 se
978 2782 1149 2815 nullam
1171 2777 1403 2816 virtutem
1423 2778 1569 2812 habent·
1608 2777 1633 2812 5

257 2823 477 2859 inornata
506 2831 589 2858 sunt
612 2825 755 2869 quidem
777 2828 812 2870 8,
843 2829 878 2871 3,
902 2827 960 2861 38.
