1728 3002
110 148 194 187 246
569 139 810 197 Dispositio
839 162 895 169 -
926 116 1197 194 Disputatrix

157 271 277 306 neque
302 268 422 294 rerum
448 255 611 291 ordinem
635 254 744 289 modo
768 255 863 289 intra
888 265 930 290 se
952 254 1030 300 ipsa
1053 254 1211 300 disponit
1236 255 1424 303 (coguatio)
1462 261 1526 304 10,
1549 260 1593 303 6,
1618 263 1656 295 2.

158 319 217 342 res
242 305 472 342 invenire
499 307 535 336 et
559 300 826 355 disponere
850 303 917 344 10,
942 303 984 345 1,
1009 300 1044 336 4.
1084 301 1332 350 colligere
1363 305 1489 340 eadem
1516 315 1559 341 ac
1584 305 1660 341 dis-

159 364 296 398 ponere
323 352 430 397 paulo
455 348 713 394 significantius
741 350 775 392 3,
800 348 836 391 6,
863 348 921 383 65.
955 347 1048 382 ratio
1071 347 1360 385 inveniendi
1383 356 1489 396 atque
1511 351 1661 388 inventa

162 400 326 444 dispon
340 396 446 433 endi
474 397 508 438 8,
534 395 592 428 Pr.
620 396 653 427 1.
679 404 754 429 non
779 399 919 428 tantum
935 393 1083 430 inventa
1106 400 1244 440 tenere,
1270 401 1312 430 ut
1326 394 1567 442 disponamus,
1590 410 1660 434 nec

163 445 353 490 disposita,
377 449 416 476 ut
441 443 652 486 eloquamur
674 458 718 465 —-
743 442 914 475 debemus
937 443 972 484 3,
999 443 1034 482 3,
1060 443 1113 475 10.
1154 441 1193 476 in
1217 442 1380 478 oratione
1401 445 1514 478 multa
1540 444 1661 490 dispo-

160 503 248 528 nere
271 499 332 526 eic.
359 494 394 534 2,
420 492 477 532 12,
504 490 561 522 10.
590 487 926 541 qnaqdisponenda
952 498 994 522 ac
1020 487 1250 524 varianda
1277 495 1361 524 sunt
1386 490 1422 532 9,
1447 492 1483 533 2,
1500 489 1533 525 5.
1561 493 1661 538 quod

161 541 253 574 male
278 536 488 582 dispositum
513 540 587 575 est,
610 533 648 567 id
671 533 959 578 ανοικονόμητον
980 540 1117 571 vocant
1139 535 1184 579 8,
1209 538 1253 580 3,
1280 537 1346 578 593
1384 537 1555 571 Ger-und:
1588 537 1663 572 dis-

163 584 323 630 ponendi
350 583 442 617 ratio
469 594 547 625 opp.
578 579 728 614 materia
752 582 818 624 10,
847 583 888 624 1,
917 580 974 615 54.
1006 586 1106 615 recte
1134 580 1226 628 disp.
1255 582 1404 617 scientia
1429 582 1474 627 5,
1507 584 1574 626 10,
1606 582 1664 620 54.

164 632 253 676 disp.
283 642 350 664 usu
379 633 436 672 12,
489 629 524 671 5,
550 628 591 669 13
617 626 647 660 si
666 632 805 671 tempus
828 627 1162 672 ati—disponendum
1197 628 1294 674 (Sp.
1324 629 1443 674 conjic.
1468 627 1664 674 dispicien-

164 678 263 721 dum)
287 677 416 711 fuisset
442 673 493 718 (in
520 672 750 717 altercatione)
778 674 814 717 6,
835 672 873 718 4,
900 672 945 708 14
967 675 1016 710 N.

115 734 370 791 Dispositio.
416 745 452 786 3,
476 743 512 786 3,
537 743 571 776 1.
602 754 692 788 seqq.
718 740 762 783 cf.
786 742 822 785 6,
846 742 881 787 5,
906 744 938 777 1.
964 762 1012 769 —
1037 742 1135 777 utilis
1157 753 1278 778 rerum
1306 754 1348 778 ac
1370 743 1526 788 partium
1546 743 1586 779 in
1608 745 1665 781 lo-

165 804 228 827 cos
253 789 453 826 distributio
476 792 511 832 7,
538 791 573 831 1,
599 791 631 823 1.
661 786 706 830 cs.
732 791 767 832 7,
793 791 850 833 10,
876 789 931 824 16.
957 801 1040 833 pars
1064 789 1262 824 rhetorices
1292 791 1336 832 3,
1368 791 1416 834 9,
1450 793 1484 826 2.
1516 809 1562 817 -
1597 791 1666 826 in-

163 850 218 873 ve
230 837 384 872 ntioni
417 834 645 882 subjungitur
675 836 733 869 Pr.
768 838 825 869 22.
847 847 881 869 v.
900 835 1144 871 Iuventio.
1171 856 1219 862 —
1240 835 1350 870 totius
1385 837 1506 881 operis
1541 840 1597 879 10,
1630 841 1666 882 1,

165 887 220 920 50.
250 882 516 930 potentissima,
551 893 714 926 quaeque
738 892 826 916 vere
853 881 983 916 dicitur
1006 881 1266 926 oeconomica,
1305 881 1415 917 totius
1438 894 1568 918 causae
1592 883 1667 919 dis-

164 942 264 976 pos.,
289 942 380 975 quae
404 939 479 962 non
503 928 675 963 constitui
697 926 766 962 nisi
799 929 901 963 velut
929 928 969 962 in
1002 940 1044 964 re
1078 934 1268 973 praesente
1297 934 1418 973 potest
1445 933 1490 973 7,
1517 932 1584 973 10,
1609 933 1670 965 11.

163 978 360 1012 Homerica
383 974 619 1020 dispositione
642 977 678 1019 5,
707 977 763 1018 12,
790 973 853 1018 14;
880 976 979 1019 quod
1002 986 1087 1010 con
1098 974 1273 1018 silium,
1298 986 1390 1019 quae
1415 974 1666 1021 dispositio

166 1033 218 1058 etc
255 1021 414 1066 (suerit)
440 1023 509 1064 10,
534 1024 578 1064 2,
604 1024 667 1056 27.
703 1020 748 1063 cs.
786 1024 850 1064 12,
878 1024 944 1063 10,
968 1024 1027 1057 27.
1057 1022 1149 1066 disp.
1172 1021 1335 1056 modicae
1360 1021 1546 1057 doctrinae
1569 1023 1667 1057 credi

164 1076 284 1116 potest
308 1072 344 1113 8,
369 1071 404 1112 3,
431 1071 466 1102 2.
493 1068 623 1102 Latina
645 1067 816 1101 facundia
844 1067 1079 1112 dispositione
1102 1067 1227 1102 similis
1258 1068 1417 1103 Graecae
1441 1070 1498 1112 12,
1525 1071 1582 1111 10,
1606 1071 1665 1104 27.

166 1116 236 1151 nisi
260 1117 339 1150 illas
374 1114 482 1160 (res)
515 1115 642 1148 eadem
674 1113 861 1158 dispositio
895 1115 933 1148 in
968 1114 1134 1150 ordinem
1171 1112 1325 1162 digestas
1356 1120 1462 1160 atque
1499 1113 1594 1150 inter
1628 1127 1669 1150 se

166 1163 374 1198 commissas
398 1159 606 1194 devinxerit
628 1163 666 1202 7,
692 1161 750 1194 Pr.
778 1164 810 1194 1.
858 1161 903 1194 Et
927 1162 971 1195 de
998 1162 1070 1195 hoc
1094 1160 1238 1206 quidem
1265 1171 1399 1208 genere
1426 1159 1669 1206 dispositionis

165 1210 219 1251 (S
229 1222 264 1253 p.
289 1205 596 1251 disceptationis),
622 1205 761 1240 etiamsi
786 1216 859 1240 non
883 1206 1152 1250 omnia‚,tradi
1178 1213 1299 1245 tamen
1327 1207 1447 1252 aliqua
1473 1213 1671 1252 potuerunt

165 1258 201 1299 7,
231 1257 289 1299 10,
311 1255 336 1288 4
359 1257 403 1289 Ζ.
435 1252 646 1287 adhibeatur
672 1251 902 1296 judicium
929 1252 1110 1296 inventis,
1142 1252 1399 1297 dispositio
1419 1253 1578 1297 probatis
1611 1256 1668 1297 10,

162 1300 199 1345 4,
224 1303 258 1337 5.
285 1298 567 1336 declamationes
593 1316 638 1324 --
662 1309 755 1344 quae
777 1297 1118 1334 inventionem
1143 1304 1180 1333 et
1203 1298 1582 1344 dispositionem
1604 1311 1671 1345 pa-

163 1348 253 1383 riter
277 1352 450 1382 exercent
478 1347 543 1389 10,
571 1344 606 1388 5,
632 1343 689 1379 14.
724 1344 887 1389 quaestio
917 1344 1033 1379 omnis
1063 1356 1105 1379 ac
1128 1346 1230 1380 locus
1253 1345 1363 1380 habet
1400 1356 1503 1380 suam
1533 1345 1670 1390 dispos-

164 1397 211 1438 7,
238 1396 306 1437 10,
331 1394 365 1429 5.
387 1403 507 1437 neque
531 1402 622 1436 opus
646 1402 726 1426 esse
750 1390 986 1435 dispositione
1008 1390 1047 1426 in
1073 1391 1183 1426 rebus
1208 1391 1302 1426 fictis
1323 1394 1360 1434 2,
1385 1393 1444 1434 11,
1467 1393 1502 1427 3.
1537 1397 1575 1430 et
1597 1391 1673 1426 dis-

166 1440 347 1486 positione
383 1444 420 1474 et
453 1437 602 1472 omnino
639 1443 715 1472 arte
750 1437 914 1472 deficitur
956 1437 1220 1481 (Antimachus)
1252 1440 1310 1480 10,
1338 1440 1381 1479 1,
1404 1437 1463 1474 53.
1489 1443 1588 1473 totus
1612 1437 1674 1473 hic

166 1488 259 1522 liber
284 1485 419 1522 serviat
444 1483 671 1530 dispositioni
699 1485 747 1529 (a.
777 1487 800 1518 Ζ.
830 1482 1015 1527 divisioni)
1043 1487 1080 1527 7,
1105 1484 1165 1518 Pr.
1189 1482 1224 1518 4.
1240 1496 1275 1518 v.
1291 1484 1423 1519 Ordo.
1456 1485 1516 1520 De
1549 1485 1673 1531 dispo-

166 1533 298 1568 sitione
322 1536 358 1576 7,
381 1533 440 1567 Pr.
471 1537 508 1566 et
536 1530 625 1577 Cap.
653 1533 687 1565 1.
732 1531 793 1564 De
817 1530 857 1566 vi
880 1529 1126 1575 dispositionis
1149 1532 1268 1575 7,.10,
1292 1531 1316 1566 5
1337 1542 1427 1576 seqq.

121 1589 361 1647 Disposite.
390 1613 449 1622 -
489 1599 576 1636 dicit
600 1602 658 1643 10,
684 1602 722 1643 7,
747 1602 804 1634 12.

120 1657 384 1715 Disputatio·
453 1668 605 1703 liberior
635 1668 676 1703 in
706 1674 898 1712 utramque
930 1672 1071 1712 partem
1104 1665 1197 1711 disp.
1229 1670 1276 1710 7,
1307 1669 1353 1708 2,
1389 1663 1448 1699 14.
1479 1666 1571 1699 haec
1597 1669 1672 1700 tota

167 1717 260 1761 disp.
295 1727 317 1749 a
352 1713 499 1749 Graecis
530 1717 613 1757 περὶ
648 1711 788 1758 γιλοίου
818 1713 1027 1748 inscribitur
1060 1713 1102 1756 6,
1135 1715 1179 1756 3,
1210 1714 1269 1747 22.
1318 1711 1450 1754 disput.
1485 1710 1549 1744 illa
1581 1721 1672 1745 con-

166 1770 223 1796 tra
249 1762 407 1808 Gorgian
430 1764 477 1804 2,
504 1763 568 1803 15,
594 1763 652 1795 27.
684 1759 943 1804 disputationes
968 1758 1174 1794 dialecticae
1198 1759 1240 1800 5,
1267 1756 1333 1799 14,
1356 1760 1415 1792 27.
1439 1776 1487 1782 -
1508 1755 1673 1801 privatae

168 1810 203 1850 3,
228 1806 264 1850 4,
290 1811 358 1849 103
386 1817 461 1840 non
488 1807 639 1840 eandem
666 1816 746 1840 esse
775 1805 1025 1839 condicionem
1047 1804 1199 1838 litium
1223 1813 1265 1837 ac
1289 1802 1672 1847 disputationum

168 1856 228 1897 10,
255 1856 290 1896 1,
311 1853 369 1888 36.
399 1852 460 1897 qui
494 1863 533 1886 se
565 1863 642 1886 non
675 1851 802 1885 otiosis
835 1849 1250 1894 disputationibus
1280 1850 1345 1884 sed
1377 1848 1674 1884 administra-

169 1900 204 1935 ti
220 1899 300 1934 oni
323 1899 412 1943 reip.
440 1898 617 1932 dediderit
646 1899 703 1941 11,
729 1900 762 1939 1,
787 1898 846 1932 35.
872 1907 1006 1931 nomen
1033 1896 1128 1931 enim
1150 1896 1269 1930 fateor
1292 1906 1373 1930 esse
1399 1905 1601 1938 commune,
1625 1900 1675 1930 et

170 1946 272 1989 scio,
306 1957 412 1990 quam
448 1943 683 1989 multiplicem
713 1943 868 1978 habeant
903 1952 1082 1988 quamque
1114 1943 1362 1986 scrupulosam
1395 1941 1675 1986 disputationem

170 1994 206 2035 9,
231 1994 266 2035 1,
292 1995 326 2027 7.
364 1990 524 2025 ediscere
554 2010 602 2017 --
637 2001 731 2034 quae
765 1996 802 2024 et
839 1990 1092 2024 clamorem
1126 1994 1163 2023 et
1197 1988 1572 2033 disputationem
1608 1996 1671 2022 etc.

171 2039 328 2074 habeant
358 2040 416 2080 11,
439 2039 474 2079 3,
499 2038 545 2071 25
561 2035 819 2072 v.Clamor.
854 2035 949 2070 inter
984 2046 1049 2070 eos
1079 2045 1155 2069 non
1185 2035 1371 2070 forensem
1409 2033 1674 2069 contentio-

170 2096 269 2119 nem
293 2084 358 2118 sed
380 2083 578 2118 studiosam
614 2081 1002 2127 disputationem
1033 2081 1205 2116 incidisse
1237 2084 1295 2124 11,
1323 2084 1357 2124 1,
1381 2082 1439 2116 70.
1462 2085 1538 2115 tots
1565 2081 1676 2116 volu-

170 2131 268 2166 mina
295 2131 332 2164 in
357 2131 451 2164 hanc
476 2129 752 2174 disputationem
773 2128 991 2173 impendisse
1015 2129 1053 2171 3,
1079 2128 1116 2172 6,
1139 2130 1208 2170 21;
1242 2138 1319 2162 non
1343 2125 1492 2161 secretis
1515 2125 1676 2171 dispu-

170 2176 466 2218 tationibus,
494 2177 559 2211 sed
587 2187 708 2210 rerum
735 2173 1084 2219 experimentis
1111 2180 1218 2218 atque
1242 2173 1471 2218 operibus
1496 2175 1554 2216 12,
1577 2175 1614 2216 2,
1637 2175 1673 2207 7.

170 2223 208 2257 in
233 2223 532 2268 disputationibus
560 2227 655 2256 teres
680 2221 793 2266 (vox)
820 2224 878 2265 11,
901 2223 936 2264 3,
965 2220 1022 2256 64.
1051 2220 1090 2254 in
1114 2219 1434 2264 disputationibus,
1471 2223 1675 2263 quaesunt

173 2269 218 2303 de
246 2275 389 2304 oratore
413 2272 476 2312 10,
502 2271 546 2311 3,
572 2271 604 2303 1.
637 2273 678 2302 ut
710 2267 750 2302 in
773 2264 1073 2312 disputationibus
1095 2266 1215 2311 potius
1243 2271 1369 2312 arguta
1389 2264 1588 2300 verborum
1612 2275 1675 2299 ca-

171 2313 353 2358 vitlatrix,
383 2327 489 2360 quam
511 2315 551 2349 in
573 2313 728 2349 oratoris
755 2314 878 2349 officio
902 2315 1054 2347 multum
1078 2314 1227 2347 allatura
1248 2310 1422 2346 momenti
1445 2314 1482 2355 7,
1506 2312 1543 2355 3,
1563 2308 1611 2345 14
1629 2313 1676 2345 Ζ.

174 2372 210 2396 ι’.
226 2359 450 2404 Argutus.
473 2361 543 2396 tria
567 2372 667 2404 esse,
691 2372 784 2406 quae
809 2360 848 2394 in
872 2359 971 2394 omni
995 2358 1235 2403 disputatione
1259 2362 1496 2403 quaerantur,
1523 2367 1578 2391 an
1601 2355 1676 2400 sit,

176 2407 288 2451 quid
311 2407 394 2444 sit.
424 2409 560 2451 quale
584 2407 677 2442 sit?
707 2409 742 2450 3,
765 2408 802 2450 6,
825 2408 883 2442 80.
910 2417 982 2451 qua
1014 2405 1054 2439 in
1085 2404 1325 2448 disputatione
1359 2402 1458 2446 (sere
1483 2406 1508 2437 i.
1534 2415 1567 2449 q.
1591 2415 1678 2436 sen-

176 2451 336 2493 tentia)
362 2453 527 2487 nonnihil
551 2453 633 2489 veri
659 2458 715 2489 est
739 2456 805 2496 12,
831 2455 896 2495 10,
918 2453 978 2486 42.
1012 2451 1176 2495 quaestio
1198 2450 1286 2495 juris
1314 2449 1433 2484 omnis
1459 2454 1520 2483 aut
1541 2449 1680 2484 verbo-

178 2508 262 2578 ru}
293 2499 536 2577 proprietate,
579 2504 642 2534 aut
685 2498 793 2545 aequi
831 2496 1071 2543 disputatione
1103 2503 1166 2532 etc.
1201 2495 1409 2532 continetur
1438 2498 1506 2539 12,
1542 2497 1586 2538 2,
1617 2493 1672 2529 19.

177 2556 211 2578 υ.
273 2554 292 2577 c
326 2554 381 2577 ιο.

133 2598 420 2656 Disputatrix.
481 2622 562 2645 cum
596 2613 666 2646 dno
703 2613 776 2647 sint
802 2622 937 2656 genera
966 2608 1162 2655 orationis,
1192 2612 1305 2645 altera
1341 2613 1538 2653 perpetua,
1583 2617 1675 2652 ‘1⁰³0
1723 2642 1728 2651 .-

177 2657 359 2693 rhetorice
384 2655 531 2695 dicitur,
557 2658 668 2692 altera
693 2658 862 2703 concisa,
889 2669 983 2705 quae
1008 2656 1270 2703 dialectice
1293 2666 1357 2688 —-:
1389 2653 1495 2689 etiam
1518 2651 1677 2698 dispu-

175 2703 332 2738 tatrix
364 2702 480 2737 virtus
512 2702 579 2742 erit
612 2706 653 2746 2,
677 2707 743 2748 20,
778 2708 802 2739 7
825 2706 874 2740 N.
908 2706 1002 2740 haec
1026 2715 1111 2749 pers
1142 2700 1434 2744 dialectica,
1465 2699 1546 2736 sive
1577 2699 1675 2735 inam

181 2749 301 2784 dicere
325 2750 499 2783 malumus
523 2747 888 2793 disputatricem
917 2753 975 2794 12,
997 2753 1036 2795 2,
1061 2752 1119 2787 13.
