1728 3002
705 149 911 207 Repertor
942 174 994 182 —
1024 147 1187 206 Repeto
1624 149 1708 189 777

206 281 297 312 uno-n
316 269 357 305 in
376 268 476 305 omni
507 266 664 304 editione
697 264 874 312 reperitur
894 275 1024 301 versun
1051 264 1092 308 5,
1118 267 1158 299 11
1173 291 1184 309 ,
1207 263 1266 299 40.
1299 273 1424 299 omnes
1448 273 1509 298 res
1533 261 1572 296 ln
1596 260 1708 296 tribus

219 319 301 357 fem
326 316 518 364 generibus
539 312 713 359 reperiri,
737 310 1019 348 demonstrativo
1046 319 1110 345 etc.
1127 312 1181 354 -8,
1208 312 1267 345 Pr.
1291 311 1327 346 6.
1350 308 1491 345 metrici
1512 309 1623 353 pedes
1649 319 1710 349 re,-

221 362 407 410 periuntm·
427 362 467 396 in
489 360 651 396 oratione
673 359 710 403 9,
733 358 770 402 4,
791 359 848 394 52.
871 358 1093 405 Argumenta
1115 356 1438 402 reperiuntur
1458 361 1521 389 aut
1541 354 1587 405 il}
1601 365 1710 400 quae-

215 409 396 447 titanibus
419 425 466 432 —
493 411 553 441 aut
575 406 613 441 in
637 405 714 450 ipsa
740 416 867 448 causa,
892 415 973 438 cum
997 403 1247 439 invenitur
1268 403 1403 447 aliquid
1425 401 1464 435 in
1486 411 1543 445 ea,
1566 411 1640 436 non
1662 411 1711 436 ex

222 453 404 490 communi
423 451 562 488 ratione
586 453 729 486 ductum
754 452 798 493 5,
821 451 865 494 8,
885 451 923 485 6.
958 463 992 485 v.
1020 450 1240 484 Invenio.
1289 445 1332 492 ὃ)
1357 461 1387 483 c.
1412 451 1538 491 Pmep.
1562 450 1711 480 inter.-

247 506 347 536 entes
370 510 514 546 quoque
537 510 580 533 ac
599 499 683 533 loca
709 502 746 531 et
770 498 839 531 alia
872 498 982 531 multa
1003 496 1162 541 reperias
1192 495 1287 530 inter
1317 493 1502 529 nominum
1526 504 1653 528 causas
1678 495 1713 534 1,

220 511 268 590 Ξ,
289 547 349 580 26.
376 556 458 580 cum
480 540 690 579 ironia'tam
713 543 807 577 inter
830 543 960 590 figuras
983 542 1180 576 sententiae
1204 552 1309 587 quam
1331 540 1425 575 inter
1454 539 1508 585 (a.
1533 543 1557 574 1.
1582 537 1713 592 luein)

183 608 185 613 ⁴
221 592 346 637 tropos
375 590 580 626 inveniatur
604 591 646 632 9,
673 592 713 632 1,
740 591 772 624 3.
819 588 860 630 ε)
895 603 925 623 c.
962 591 1089 632 Praep.
1124 590 1258 632 apud.-
1298 589 1400 631 cujus
1431 597 1486 631 ap.
1519 585 1712 633 Virgihum

221 639 331 673 multa
357 638 521 682 exempla
542 636 685 681 reperio
709 636 754 678 8,
779 637 813 677 3,
841 637 897 671 79.
923 635 1060 670 semina
1082 635 1160 677 ejus
1184 646 1240 679 ap.
1264 632 1500 667 Aristotelem
1523 630 1716 676 reperiun-

219 689 281 719 tm·
305 686 349 727 3,
372 684 416 722 6,
440 684 498 718 61.
533 681 579 724 cs.
605 683 640 725 5,
666 680 723 725 14,
746 682 802 715 32.
824 682 861 724 9,
891 684 927 724 2,
952 683 1010 715 37.
1033 680 1210 715 rarissima
1238 691 1294 725 ap.
1322 679 1405 713 illos
1428 677 1630 723 reperietur
1653 677 1715 711 illa

218 749 266 756 —-
288 729 443 764 servitus
466 731 501 770 7,
525 730 561 772 3,
584 729 631 763 16
649 729 695 762 Ν.
720 725 766 768 cs.
794 729 850 771 10,
876 731 911 770 1,
934 729 992 762 25.
1020 738 1077 772 ap.
1094 733 1300 761 nostrorum
1324 724 1503 760 neminem
1531 725 1622 758 haec
1647 724 1715 757 ob-

218 775 376 811 servatio
399 774 597 819 reperiatur
620 777 654 816 1,
680 775 715 816 5,
738 772 798 807 43.
845 771 890 816 ζ)
914 786 980 818 seq.
1006 776 1108 807 Pron.
1133 778 1252 807 relat„-
1276 771 1345 806 nisi
1368 770 1500 816 aliquid
1523 769 1715 814 reperitur,

219 822 316 866 quod
342 820 481 855 intersit
505 823 560 863 11,
587 823 620 864 1,
644 821 702 856 79.
729 830 811 854 cum
837 819 943 854 etiam
969 818 1175 864 philosophi
1199 818 1296 863 quid.
1321 817 1393 852 sint
1415 816 1561 861 reperti,
1586 815 1648 861 qui
1668 833 1715 840 —

218 872 392 920 negarent
414 868 460 908 5,
488 866 532 907 6.
555 868 589 900 3.
622 865 668 906 cs.
691 869 726 908 7,
753 866 812 899 Pr.
837 864 872 898 4.
905 866 1098 900 nonnullos
1122 865 1280 910 reperias
1304 865 1353 907 (α.
1377 867 1399 898 1.
1423 862 1624 907 reperies),
1651 861 1714 907 qui

218 912 288 946 sibi
312 912 576 957 eloquentiores
601 910 794 946 videantur
818 914 874 952 12,
898 912 934 953 6,
957 911 991 946 6.
1017 911 1127 955 aliqui
1151 909 1394 956 reperiuntur,
1418 909 1479 953 qui
1502 919 1549 942 ne
1572 907 1611 942 id
1634 907 1715 952 qui-

219 958 302 992 dem
327 957 463 993 evitent
485 957 520 999 6,
548 958 583 998 3,
609 958 665 990 32.
697 967 803 1000 quem
825 967 934 1000 posse
956 957 1130 1001 reperiri,
1154 957 1228 1002 qui
1258 967 1352 991 non
1379 961 1514 989 metuat
1535 957 1570 997 7,
1595 957 1631 998 2,
1655 955 1716 988 37.

220 1003 267 1046 ef.
294 1006 360 1046 12,
386 1004 429 1046 8,
454 1005 498 1044 13
524 1012 658 1046 paucos
683 1008 717 1036 et
743 1002 811 1036 vix
834 1003 1019 1036 uuumwx
1038 1002 1096 1037 his
1122 1019 1168 1026 —
1189 1012 1298 1046 posse
1320 1001 1492 1046 reperiri,
1526 1000 1636 1044 quin
1661 1000 1717 1033 al-

219 1050 358 1084 laturus
380 1049 427 1082 sit
449 1047 609 1082 utilitatis
632 1047 766 1092 aliquid
791 1049 855 1090 10,
881 1050 900 1082 1
914 1073 926 1090 ,
948 1046 1007 1082 40.
1063 1047 1114 1092 η)
1136 1060 1205 1093 seq.
1231 1049 1475 1090 Interrogatio:
1505 1045 1613 1090 quid
1641 1057 1717 1080 nm-

219 1095 313 1141 plius
341 1095 491 1130 debeam
519 1099 666 1138 optare,
698 1104 772 1128 non
803 1093 947 1138 reperio
976 1092 1021 1136 4,
1051 1097 1092 1137 1,
1119 1094 1176 1128 51.
1213 1092 1257 1135 ej:
1284 1094 1331 1136 5,
1355 1097 1424 1136 11,
1447 1095 1506 1127 31.
1546 1092 1608 1136 qui
1632 1091 1717 1126 satis

219 1141 354 1186 perite,
378 1151 501 1186 quae
525 1145 645 1174 essent
666 1139 936 1184 probationibus
959 1139 1072 1182 utilia,
1095 1139 1298 1184 reperirent
1319 1139 1355 1183 6,
1379 1142 1416 1181 2,
1438 1140 1475 1173 3.
1522 1138 1581 1180 11)
1604 1150 1715 1172 nova:

220 1186 279 1267 ἓν
289 1186 461 1232 quidquid
486 1185 638 1264 ἰηιθιέη.
652 1185 1001 1264 τερθτιὶιῑθῂρξίιαίίο)
1026 1188 1068 1219 11
1082 1212 1092 1228 ,
1113 1188 1163 1264 ἔ,
1187 1187 1238 1264 33·
1256 1186 1328 1219 hoc
1364 1196 1410 1266 r5e
1421 1197 1445 1229 p
1446 1183 1612 1265 180τίιὲῗὸ
1622 1184 1719 1218 diffi-

218 1243 604 1322 „effieffifflggpggfi
627 1242 761 1322 21¹}quss
786 1242 1158 1321 2¹501512⁸ffl{”5?
1175 1242 1354 1321 3¹¹3&
1380 1256 1439 1312 96.
1465 1241 1719 1311 ...tassii

220 1323 477 1359 observatione
509 1323 702 1357 salubrium
727 1329 871 1367 reperta
894 1329 950 1357 est
973 1326 1016 1365 2,
1045 1327 1107 1365 17,
1133 1324 1167 1358 9.
1198 1327 1330 1367 poema
1362 1322 1530 1367 imperito
1561 1323 1716 1368 quodam

219 1369 323 1404 initio
346 1371 466 1404 fusum
488 1386 534 1392 —
557 1380 648 1404 mox
671 1369 709 1403 in
733 1380 777 1403 eo
802 1370 915 1414 pedes
942 1375 1105 1414 repertos
1128 1370 1173 1412 9,
1196 1369 1239 1412 4,
1267 1368 1347 1403 114.
1377 1369 1572 1414 eloquendi
1603 1369 1717 1402 ratio-

217 1416 309 1451 nem*
323 1415 519 1451 novissime
552 1421 800 1460 repertam
828 1415 1120 1460 paucissimisque
1148 1421 1382 1449 tentatam
1408 1417 1474 1456 12,
1496 1414 1560 1450 Pr.
1588 1416 1620 1448 3.
1648 1414 1718 1460 alia

219 1461 392 1504 nativa,
417 1461 485 1495 alia
508 1467 698 1507 reperta
722 1460 856 1505 (rerba)
877 1463 912 1503 8,
937 1464 971 1504 3,
997 1463 1054 1496 36.
1103 1460 1148 1507 β)
1179 1461 1222 1494 in
1247 1472 1394 1506 quarum
1418 1460 1717 1495 exercitationem

219 1513 360 1552 reperta
384 1514 439 1542 est
461 1507 690 1551 (declamatio)
717 1511 759 1550 2,
787 1510 854 1549 10,
881 1506 916 1541 4.
943 1518 1062 1552 neque
1085 1507 1183 1542 enim
1206 1507 1364 1542 narratio
1391 1507 1439 1540 in
1462 1507 1551 1540 hoc
1575 1513 1719 1551 reperta

222 1559 297 1596 est,
321 1559 370 1585 ut
396 1559 533 1586 tantum
556 1559 750 1599 cognoscat
779 1553 890 1596 judex
914 1552 961 1596 4,
987 1556 1031 1596 2,
1060 1556 1117 1587 21.
1149 1553 1339 1597 postquam
1362 1563 1469 1598 agere
1493 1563 1618 1586 causas
1642 1564 1717 1586 non

222 1599 276 1631 ad
308 1597 495 1631 utilitatem
527 1605 759 1642 patronorum
794 1603 976 1642 repertum
999 1605 1054 1632 est
1076 1598 1118 1642 4,
1140 1601 1187 1641 3,
1214 1601 1246 1632 2.
1279 1600 1323 1632 ad
1356 1599 1580 1632 inferendam
1607 1599 1718 1633 rebus

221 1644 342 1677 lucem
364 1649 527 1687 repertae
552 1650 633 1677 sunt
656 1643 904 1677 similitudines
929 1645 963 1686 8,
984 1646 1019 1686 3,
1039 1647 1097 1679 72.
1123 1644 1378 1688 permovendis
1402 1643 1528 1677 animis
1551 1652 1613 1678 etc.
1637 1645 1718 1689 ple-

217 1700 369 1733 rumque
391 1690 576 1723 translatio
600 1695 741 1733 reperta
766 1695 821 1722 est
844 1691 890 1731 8,
914 1690 959 1733 6,
981 1691 1038 1725 19.
1070 1697 1267 1735 propter
1288 1691 1388 1736 quod
1410 1701 1570 1725 maxime
1590 1701 1716 1736 reper-

221 1740 278 1768 tus
303 1740 358 1768 est
383 1746 469 1768 usus
497 1735 669 1769 orationis
694 1738 749 1777 12,
776 1737 831 1777 10,
854 1739 910 1769 72.

176 1777 399 1834 Repertor.
442 1793 564 1838 legum
585 1797 789 1837 repertores
813 1795 856 1835 2,
880 1792 942 1833 16,
969 1793 1005 1829 9.

175 1845 400 1902 Repetitio·
450 1858 489 1901 Ι)
525 1862 699 1903 proprie:⁴
726 1860 854 1894 crebra
886 1860 1075 1896 relictione
1105 1881 1152 1887 —
1186 1866 1223 1896 et
1253 1860 1469 1905 repetitione
1501 1859 1595 1905 (Sp.
1626 1861 1717 1904 om.)

219 1909 404 1937 morantur
433 1915 574 1938 manum
607 1907 670 1946 10,
703 1907 747 1948 3,
779 1908 821 1940 31
847 1908 883 1940 S.
937 1907 998 1947 11)
1024 1910 1057 1940 in
1091 1909 1250 1941 dicendo.-
1285 1919 1406 1942 rerum
1434 1918 1512 1952 rep.
1539 1907 1583 1949 6,
1610 1911 1655 1950 1,
1681 1911 1714 1944 1.

220 1962 255 1983 v.
280 1948 639 1996 Congregatio.
677 1951 722 1993 cs.
750 1952 791 1995 6,
817 1955 859 1995 1,
883 1955 941 1987 20.
973 1964 995 1986 a
1015 1953 1132 1997 primo
1164 1953 1330 1998 repetitio
1365 1954 1447 1997 (fig.
1473 1966 1528 1997 ap.
1554 1953 1657 1996 Cic.)
1678 1955 1714 1997 9,

224 1998 258 2047 ¹2
283 1995 340 2028 33.
362 2001 444 2039 post
467 1996 619 2040 aliquam
642 1997 932 2042 interjectionem
954 2010 1031 2043 rep.
1055 2000 1101 2042 9,
1128 2001 1169 2042 3,
1195 2002 1259 2041 29;
1285 1999 1508 2044 effugiendae
1530 2010 1607 2043 rep.
1634 2010 1717 2046 gra-

221 2043 361 2092 uado,
388 2045 431 2083 1,
455 2045 491 2076 7.
527 2043 596 2076 alia
618 2043 949 2088 repetitione,
971 2045 1040 2079 alia
1063 2045 1432 2078 commoratione
1455 2044 1603 2091 infigere
1625 2047 1665 2087 9,
1682 2049 1720 2087 2,

220 2084 257 2119 4.
281 2097 320 2129 tn
342 2087 611 2130 repetitionibus
633 2089 781 2123 nimium
803 2093 862 2133 12,
883 2092 942 2132 10,
958 2093 1021 2133 12;
1044 2090 1240 2135 primorum
1262 2091 1459 2125 verborum
1482 2092 1618 2124 alterna
1637 2102 1715 2135 rep.

222 2132 268 2174 9,
294 2134 339 2174 3,
362 2134 419 2166 32.
447 2133 551 2167 brevi
572 2145 648 2179 rep.
673 2146 793 2169 rerum
824 2135 869 2179 4,
893 2137 953 2170 Pr.
975 2137 1011 2170 6.
1045 2137 1140 2170 hanc
1162 2136 1445 2180 frequentiorem
1468 2147 1547 2181 rep.
1574 2134 1719 2181 πλοκὴν

222 2182 356 2228 vocant
379 2179 414 2220 9,
439 2180 476 2221 3,
500 2178 560 2213 41.
583 2180 865 2225 frequentiorem
888 2182 1003 2226 ejusd.
1030 2182 1187 2215 nominis
1209 2193 1286 2226 rep.
1310 2183 1354 2224 9,
1382 2185 1423 2224 1,
1446 2182 1505 2216 24.
1527 2194 1604 2226 rep.
1627 2194 1715 2227 pro-

222 2223 377 2256 batioms
400 2224 511 2267 ejusd.
530 2226 565 2268 8,
589 2227 624 2269 3,
649 2228 707 2262 88.
733 2225 825 2260 nihil
851 2233 907 2262 est
929 2227 1090 2262 odiosius
1117 2233 1219 2262 recta
1239 2228 1303 2262 illa
1325 2227 1541 2272 repetitione
1563 2229 1599 2272 6,
1621 2232 1655 2271 1,
1677 2232 1714 2264 2.

177 2266 352 2322 Repeto-
388 2279 428 2323 Ι)
451 2279 493 2324 α)
516 2281 612 2315 bona
634 2294 691 2335 ap.
711 2283 964 2319 Centumviros
988 2290 1195 2328 repetentes
1213 2288 1248 2327 7,
1267 2283 1306 2328 4,
1326 2287 1384 2319 10.
1406 2285 1716 2320 efferentium

222 2325 372 2376 pra-edas
406 2333 804 2373 repetentiumque
840 2331 883 2372 8,
907 2332 948 2372 3,
971 2331 1030 2365 69.
1066 2332 1169 2364 velut
1195 2332 1302 2365 rebus
1331 2331 1493 2374 repetitis
1519 2334 1586 2374 12,
1609 2334 1655 2374 2,
1678 2333 1713 2368 9.

224 2375 318 2403 acuo
343 2372 580 2414 repetentium
602 2373 703 2417 jure,
731 2376 828 2419 quod
854 2375 895 2411 vi
922 2375 969 2409 sit
993 2376 1148 2409 ablatum
1173 2378 1207 2419 5,
1234 2379 1290 2418 10,
1317 2378 1403 2419 1133
1438 2379 1715 2421 repetunda—

224 2426 318 2448 rum
345 2428 473 2468 causae
495 2416 532 2460 4,
554 2421 590 2461 2,
613 2420 671 2454 85.
699 2421 733 2463 5,
757 2423 793 2462 7,
817 2422 851 2455 5.
874 2432 953 2465 rep.
978 2421 1127 2455 crimine
1145 2421 1182 2465 4,
1205 2424 1241 2465 2,
1267 2424 1324 2456 15.
1346 2433 1423 2466 rep.
1447 2434 1532 2457 reus
1548 2423 1585 2467 4,
1605 2426 1640 2466 2,
1655 2424 1712 2458 69.

223 2458 277 2504 β)
302 2468 456 2506 repetito
483 2464 576 2496 ultra
599 2465 742 2499 laevum
766 2467 954 2500 humerum
972 2472 1078 2512 gestu
1103 2470 1158 2510 11,
1184 2469 1219 2510 3,
1250 2469 1330 2502 118.
1362 2468 1417 2502 his
1440 2479 1629 2513 cavere,
1661 2469 1716 2503 bis

225 2513 448 2560 repetere
474 2508 608 2551 (ictum)
633 2511 674 2552 5,
703 2513 769 2553 13,
797 2510 854 2546 54.
876 2514 1030 2556 repetito
1057 2515 1209 2547 vulnere
1235 2513 1397 2548 orbitatis
1420 2514 1464 2558 6,
1486 2516 1544 2550 Pr.
1567 2518 1607 2558 23
1634 2527 1716 2549 cum

226 2558 278 2586 est
301 2564 483 2607 memoria.
496 2556 702 2598 repetenda,
729 2555 904 2602 incipiunt
931 2559 976 2591 ab
1003 2557 1105 2592 initio
1132 2559 1215 2593 loca
1238 2560 1330 2594 haec
1353 2571 1544 2596 recensere
1569 2568 1630 2595 etc.
1658 2565 1714 2604 11,

226 2600 261 2641 2,
285 2601 341 2651 20.
370 2605 542 2652 repetitus
564 2602 654 2654 ordo
683 2604 741 2644 11,
764 2605 799 2645 2,
824 2605 882 2637 28.
909 2605 967 2639 38.
992 2605 1091 2638 calor
1115 2605 1177 2639 ille
1205 2605 1432 2651 cogitationis
1457 2624 1503 2632 —
1528 2608 1631 2642 velut
1655 2618 1716 2640 re-

225 2649 338 2696 petito
362 2651 477 2689 spatio
504 2652 608 2680 sumit
633 2653 804 2691 impetum
830 2651 893 2692 10,
916 2651 959 2692 3,
980 2650 1025 2691 63
1059 2657 1164 2694 caput
1194 2652 1336 2686 exeruit
1368 2652 1501 2687 mobile
1527 2651 1633 2697 pinus
1655 2664 1717 2686 re-

224 2695 338 2744 petita
361 2693 401 2725 V
408 2705 426 2725 e
438 2705 492 2725 rs.
518 2693 566 2735 9,
588 2691 634 2736 4,
658 2693 718 2729 90.
753 2694 881 2729 incesti
906 2696 1070 2730 damnata
1102 2702 1138 2731 et
1161 2697 1390 2742 praecipitata
1413 2699 1459 2733 de
1482 2709 1575 2733 saxo
1598 2698 1713 2733 vixit:

227 2742 399 2780 repetitur
421 2741 464 2780 7,
489 2739 531 2782 8,
557 2740 590 2773 3.
653 2738 703 2784 y)
729 2740 889 2784 repetitis
922 2741 1025 2777 altius
1051 2742 1168 2778 causis
1193 2746 1258 2788 11,
1283 2748 1321 2789 1,
1342 2745 1400 2780 62.
1429 2743 1533 2780 altius
1563 2744 1714 2789 repetita
