1728 3002
23 2790 27 2795 ⁸
43 2756 51 2784 l

29 2845 69 2888 ’1

845 210 950 252 Pars
1571 210 1654 249 627

170 325 250 363 nivo
271 326 370 362 illam
394 326 513 362 dicere
536 327 709 362 malumus
732 324 998 370 disputante-,em
1021 326 1079 368 12,
1108 326 1144 367 2,
1179 325 1236 360 13.
1282 320 1530 358 Anaximenes
1562 322 1656 366 judi-

170 373 298 408 cialem
321 379 356 410 et
382 374 622 408 contionalem
655 373 841 419 generales
871 377 1027 416 partes
1067 381 1147 404 esse
1176 368 1314 411 votuit,
1358 374 1495 412 septem
1534 375 1653 403 autem

170 419 361 464 species
384 422 419 462 3,
444 419 480 462 4,
504 421 538 455 9.
583 418 767 463 judiciales
791 428 917 452 causas
945 422 981 451 et
1006 414 1168 450 rationali
1194 426 1229 458 p.
1254 420 1291 448 et
1316 415 1422 467 legali
1454 417 1490 458 3,
1521 415 1557 458 6,
1591 415 1651 450 82.

169 475 207 509 p.
230 465 291 500 illa
316 463 483 510 1110111118,ἱ
497 476 588 510 qnae
614 465 743 498 dicitur
767 464 892 498 Ethice
917 466 972 504 12,
993 465 1028 506 2,
1054 465 1107 497 15.
1134 474 1170 506 p.
1196 462 1363 495 naturalis
1385 462 1655 505 (philosophiae)

172 514 230 554 12,
253 514 289 554 2,
314 514 372 549 20.
420 513 514 556 quod
538 522 627 556 opus
650 510 686 544 in
713 523 749 554 p.
774 509 929 544 oratoria
964 508 1093 542 merito
1116 506 1282 551 ponimus
1305 510 1339 549 2,
1364 509 1419 550 18,
1443 509 1465 543 5
1494 508 1541 542 N.
1564 506 1603 551 y)
1627 520 1657 543 c.

127 578 136 581 ’ν
172 557 279 592 Genii.
329 556 366 599 a)
390 557 578 609 ἔπίθετοῇ,
610 557 776 600 quoniam
801 557 1008 600 plerumque.
1033 553 1299 588 antonomasiae
1327 564 1362 596 p.
1395 559 1451 588 est
1480 554 1527 595 9,
1557 556 1575 586 1
1589 580 1600 596 ,
1633 554 1657 588 6

169 604 218 642 Ill.
251 603 430 647 plerisque
451 604 568 637 viden
591 602 691 648 signa
713 608 848 646 partem
874 607 1162 648 argumentorum
1185 600 1219 642 5,
1246 603 1281 641 9,
1319 603 1350 632 1.
1377 597 1422 640 cs.
1456 600 1491 642 5,
1515 601 1574 642 10,
1597 600 1656 634 29.

169 647 304 692 pax-teni
328 649 385 693 (a.
411 653 432 683 1.
459 648 596 693 partis)
618 649 850 687 divinationis
876 649 918 692 (ι’.
942 660 974 681 e.
999 650 1191 680 oracula
1224 653 1283 678 aut
1318 647 1531 688 auspicia
1572 645 1656 689 etc.)
1681 689 1688 695 .

127 696 130 697 ⁷
171 695 208 736 5,
230 697 266 736 7,
289 696 334 730 35
358 697 405 728 Ν.
435 708 482 728 cr.
530 695 694 729 omnibns
717 694 943 739 eloquentiae
973 705 1007 736 p.
1043 695 1099 735 10,
1135 695 1168 735 1,
1202 689 1259 724 46.
1288 702 1324 734 p.
1356 691 1447 725 haec
1481 691 1654 726 orationis

170 742 230 782 12.
256 742 310 783 10,
335 741 392 777 38.
437 747 472 775 et
496 741 586 775 haec
616 747 760 775 ornatus
787 752 868 784 pars
894 745 947 773 est
970 741 1006 782 8,
1030 741 1064 779 3.
1089 738 1145 772 42.
1193 738 1285 771 hanc
1313 748 1348 780 p.
1377 736 1574 770 studiorum
1598 740 1654 776 10.

153 787 206 828 ’2,
232 783 287 820 14.
335 787 559 830 enthymema
581 786 778 834 syllogismi
806 798 841 830 p.
870 791 923 820 est
948 786 982 827 5,
1008 787 1064 827 10,
1088 787 1123 818 7.
1150 782 1186 824 b)
1210 794 1327 828 neque
1355 795 1390 825 p.
1418 784 1491 816 ulla
1513 783 1655 818 dicendi

135 852 140 858 .
168 837 224 866 est
240 833 284 876 :9n
309 835 343 876 1,
367 832 423 866 24.
450 832 492 874 cs:
517 834 553 875 8,
579 835 615 875 3,
640 837 673 868 1.
719 833 756 866 in
785 833 901 878 aliqua
924 830 1120 870 exercendi
1146 828 1218 863 stili
1241 841 1275 873 p.
1303 835 1386 862 sunt
1409 830 1574 872 ponenda
1601 831 1657 873 10,

123 895 146 911 2.
165 878 207 919 25,
230 879 285 912 15.
332 885 449 922 partes
475 879 646 913 suadendi
675 879 816 923 quidam
839 883 1075 922 putaverunt,
1105 877 1295 910 honestum
1310 901 1320 917 ,
1357 875 1463 917 utile,
1486 886 1657 910 necessa-

142 937 145 939 >
169 922 263 956 rium
287 925 322 964 3,
346 925 380 966 8,
404 927 460 957 22.
509 924 546 965 c)
571 925 621 957 ad
645 925 870 967 conjecturae
894 928 1069 967 partem
1092 921 1271 965 pertinent
1302 922 1336 963 5,
1372 923 1427 963 10,
1463 920 1522 956 64.
1568 922 1659 956 haec

137 990 148 995 ,Δ
168 966 218 1001 in
241 974 415 1011 partem
444 970 569 1002 cedent
593 971 651 1011 (a.
679 974 700 1002 l.
730 969 883 1012 cadent)
901 969 1012 1007 *trium
1040 978 1232 1014 generum,
1269 965 1308 1000 in
1336 978 1426 1010 quae
1451 977 1574 1000 causas
1602 967 1659 1000 di-

170 1012 322 1047 visimus
344 1016 380 1056 3,
405 1015 440 1055 8,
467 1015 511 1048 53
537 1015 582 1047 Ν.
611 1028 658 1048 cr.
693 1020 858 1058 quattuor
890 1009 972 1047 litsfi
1009 1012 1228 1053 elocutioni,
1265 1011 1312 1044 in
1343 1012 1442 1055 cujus
1476 1018 1657 1056 partem

124 1090 131 1100 ,
153 1100 160 1108 ¹
173 1058 347 1095 memoria
361 1071 402 1093 ac
419 1060 660 1102 pronuntiatio
683 1071 739 1094 ve
749 1060 860 1095 niun
870 1065 897 1101 t,
922 1060 1100 1092 dabuntur
1121 1059 1180 1092 Pr.
1202 1059 1271 1099 22;
1297 1068 1352 1092 ex
1378 1059 1503 1092 eadem
1526 1064 1628 1103 part
1638 1069 1659 1093 e

391 1105 523 1139 additio
548 1112 585 1139 et
607 1106 759 1150 abjectio
785 1112 857 1142 est
880 1107 916 1146 9,
950 1107 984 1147 3,
1023 1106 1088 1146 18;
1125 1109 1239 1138 sunt
1264 1103 1312 1137 in
1343 1115 1378 1147 p.
1410 1104 1591 1139 facultatis
1614 1107 1660 1148 5,

125 1142 131 1190 J
168 1152 232 1193 10,
258 1152 313 1185 51.
345 1152 440 1195 quod
468 1157 534 1185 est
570 1151 622 1185 in
647 1165 682 1196 p.
709 1152 879 1186 finitionis
904 1152 939 1192 9,
963 1154 997 1193 2,
1024 1153 1102 1186 105.
1123 1155 1159 1184 et
1180 1149 1256 1194 ipsa
1282 1149 1328 1183 in
1354 1162 1387 1193 p.
1414 1156 1520 1183 sunt
1542 1151 1662 1194 operis

127 1197 291 1238 Ξ.,2,..21,
317 1199 363 1231 2.
398 1199 470 1231 hoc
496 1208 604 1231 esse
631 1197 676 1232 in
703 1210 736 1242 p.
763 1197 1060 1242 pronuntiationis
1085 1199 1119 1234 1.
1145 1199 1201 1235 11,
1228 1198 1284 1230 17.
1329 1195 1375 1229 in
1407 1207 1441 1239 p.
1476 1201 1537 1241 aut
1571 1207 1663 1231 con-

127 1260 143 1273 2-
163 1241 411 1287 -jeomraeaut
432 1243 611 1287 qualitatis
635 1245 856 1288 ponenda
880 1249 961 1276 sunt
984 1245 1019 1284 3,
1044 1244 1078 1285 6,
1106 1244 1162 1277 90.
1194 1241 1238 1274 in
1270 1254 1306 1286 p.
1329 1243 1496 1294 ponenda
1513 1243 1664 1287 perspi-

159 1287 313 1328 .1=ujtatis
337 1289 372 1330 8,
399 1292 435 1332 2,
461 1292 516 1322 11.
542 1289 587 1331 cf.
614 1293 650 1328 1,
675 1293 733 1331 11,
757 1293 812 1326 17.
859 1287 897 1331 δ)
922 1302 950 1321 c.
978 1291 1164 1322 Pronomm.
1213 1285 1247 1329 a)
1275 1299 1356 1320 cum
1378 1299 1422 1321 in
1463 1289 1552 1322 hac
1585 1300 1664 1323 ma-

74 1346 77 1348 ·
122 1356 143 1365 ·.
167 1333 270 1379 xime
286 1335 403 1377 ·p..(1‘.
425 1347 454 1368 e.
478 1334 670 1378 ornatu)
695 1335 765 1369 sint
787 1334 907 1370 vicina
929 1334 1119 1368 virtutibus
1153 1332 1243 1367 vitia
1266 1334 1301 1375 8,
1329 1335 1365 1376 3,
1404 1337 1439 1368 7.
1487 1335 1661 1378 quaedam

118 1372 300 1414 „in-11⁸0
322 1392 356 1423 p.
378 1387 483 1414 erimt
506 1381 647 1426 propria
670 1383 842 1425 cujusque
867 1381 938 1415 litis
962 1382 995 1422 5,
1022 1380 1060 1422 4,
1085 1382 1118 1413 2.
1148 1379 1301 1425 Quidam
1320 1379 1663 1415 commendationem

62 1440 67 1443 ¹
116 1450 131 1455 -
143 1451 150 1460 .
170 1429 277 1469 atque
286 1426 551 1461 excusationem
568 1427 712 1471 propria
726 1428 830 1469 hujus
848 1427 958 1460 officii
982 1431 1214 1470 putaverunt:
1245 1437 1313 1458 nec
1326 1426 1443 1460 abnuo
1457 1438 1536 1460 esse
1546 1427 1611 1460 ista
1624 1428 1663 1461 in

122 1466 154 1500 :.·²
169 1470 240 1505 hac
255 1482 291 1514 p.
314 1472 456 1514 6,2,11.
483 1474 581 1514 cuius
611 1473 855 1517 etymologiae
879 1479 1061 1509 auctorem
1084 1472 1258 1516 nominari
1286 1471 1322 1504 in
1342 1471 1430 1515 (Sp.
1448 1471 1527 1515 nm.)
1545 1484 1589 1507 ea
1608 1485 1660 1517 p.‚

119 1534 137 1550 t.
162 1527 240 1560 qua
260 1529 283 1550 a
303 1529 362 1551 me
384 1518 669 1563 reprehenditur,
688 1520 918 1553 inhumanum
949 1525 1002 1552 est
1027 1523 1060 1561 1,
1077 1518 1112 1558 6,
1133 1519 1179 1552 35
1204 1522 1246 1552 Ζ.
1269 1517 1300 1551 si
1332 1517 1460 1552 Cicero
1484 1531 1509 1562 ²².
1522 1518 1662 1553 Demo-

121 1563 298 1596 „aniene
319 1565 463 1607 paulum
484 1565 522 1598 in
546 1567 614 1598 hac
638 1578 674 1609 p.
699 1566 751 1607 (i.
780 1579 810 1599 e.
837 1578 923 1599 com
938 1567 1138 1608 position
1153 1564 1195 1604 e)
1236 1563 1389 1597 descivit
1429 1566 1474 1606 9,
1503 1563 1546 1607 4,
1578 1565 1659 1600 146.

118 1623 133 1642 ε
148 1609 407 1651 :reprehensus
432 1616 485 1644 est
508 1611 547 1645 in
568 1612 636 1645 hac
663 1623 699 1654 p.
724 1610 775 1653 (i.
801 1624 831 1646 e..
863 1610 1159 1652 arrogantia)
1182 1620 1255 1644 non
1278 1609 1507 1644 mediocriter
1530 1608 1660 1645 Cicero

173 1656 232 1695 11,
258 1657 291 1696 1,
317 1650 371 1688 17.
398 1655 442 1695 cs.
465 1658 499 1697 2,
527 1660 583 1698 12,
611 1659 645 1690 3.
672 1659 706 1698 9,
732 1659 766 1698 2,
791 1659 872 1690 101.
900 1658 935 1699 9,
959 1655 994 1698 4,
1022 1657 1098 1689 118.
1131 1658 1188 1698 1ο,
1213 1659 1247 1698 1,
1273 1656 1329 1689 64.
1356 1659 1413 1697 11,
1445 1659 1481 1698 2,
1515 1658 1571 1690 10.
1597 1657 1660 1692 An

121 1713 144 1737 g
171 1709 248 1743 pon
270 1699 310 1733 in
333 1701 416 1734 foro
439 1703 653 1735 narrandum
679 1703 756 1736 est?
792 1713 876 1746 qua
897 1702 946 1735 in
968 1713 1003 1745 p.
1028 1701 1153 1735 nescio
1179 1712 1223 1734 an
1248 1700 1294 1734 sit
1323 1702 1386 1735 vel
1411 1701 1602 1746 plurimum
1624 1705 1661 1746 2,

176 1746 212 1786 1,
238 1746 293 1778 10.
341 1756 426 1778 num
449 1745 617 1781 infirmari
641 1747 687 1780 in
717 1748 924 1791 aliquam
947 1754 1115 1791 partem
1142 1758 1177 1790 p.
1203 1748 1291 1789 (Sp.
1307 1747 1424 1790 aliqua
1449 1746 1577 1790 parte)
1600 1748 1661 1782 lex

125 1786 346 1839 “spossitfi',
374 1794 407 1832 1,
433 1791 477 1833 49
501 1797 542 1825 Ζ.
569 1794 612 1826 N.
637 1793 843 1826 dissimulati
863 1793 913 1826 in
937 1793 1036 1825 ulla
1059 1805 1093 1836 p.
1117 1791 1240 1835 judicii
1263 1792 1333 1825 mei
1356 1794 1392 1834 3,
1409 1790 1518 1834 6,·64.
1540 1792 1585 1834 qil
1606 1797 1661 1828 12.

136 1840 138 1842 “
177 1835 212 1876 1,
239 1826 294 1867 16.
342 1833 460 1879 [quod
485 1836 611 1871 nulla
636 1838 683 1871 in
707 1850 742 1882 p.
770 1842 841 1881 (Z.
877 1836 979 1879 arte)
1007 1837 1146 1881 plenius
1168 1838 1270 1877 lahor
1292 1838 1439 1884 gratiam
1473 1839 1586 1872 refert
1626 1842 1663 1884 2,

123 1877 235 1927 “n-16,
253 1879 305 1930 ,18
329 1881 375 1926 Its.
400 1880 471 1924 cn]
519 1882 561 1922 b)
581 1885 764 1916 circuitio&
783 1884 911 1917 ‘sert‘ist
937 1885 1026 1916 haec
1051 1894 1194 1927 quoque
1218 1894 1299 1926 pars
1327 1894 1476 1916 acumen
1500 1895 1543 1918 ac
1567 1884 1663 1930 vigi-

173 1924 318 1965 lantiam
342 1926 456 1968 poscit
482 1929 516 1968 5,
539 1931 575 1970 7,
604 1931 658 1963 10.
705 1929 782 1964 sive
806 1930 924 1962 illud
958 1941 1084 1963 verum
1117 1934 1191 1971 est3
1233 1929 1348 1962 haec
1386 1939 1530 1973 quoque
1557 1942 1663 1974 pars

122 1976 127 2011 ζ
177 1979 355 2003 consensu
379 1972 581 2005 defenditur
605 1977 638 2015 1,
663 1976 697 2016 5,
725 1976 780 2007 13.
829 1975 1017 2018 Spectatur
1041 1974 1136 2007 enim
1164 1975 1207 2007 ad
1237 1974 1343 2007 fidem
1373 1975 1594 2018 probationis
1615 1996 1663 2003 —

177 2026 283 2059 quam
306 2026 342 2059 p.
375 2017 536 2050 videmus
567 2020 879 2053 vehementissime
908 2031 975 2062 pro
1007 2020 1148 2053 Milone
1178 2025 1347 2053 tractasse
1383 2019 1593 2055 Ciceronem
1627 2023 1662 2066 5,

178 2063 235 2102 10,
260 2063 316 2094 37.
344 2061 388 2103 cs.
418 2064 452 2104 9,
477 2062 511 2102 4,
539 2064 595 2097 36.
643 2064 809 2098 Totidem
833 2071 946 2098 autem
972 2065 1230 2111 generibus
1263 2066 1502 2109 corrumpitur
1534 2067 1664 2113 oratio,

127 2123 129 2125 -
178 2111 264 2151 quot
289 2106 445 2141 ornatur.
491 2109 561 2142 Sed
587 2109 631 2142 de
656 2110 743 2143 hac
765 2121 799 2153 p.
827 2128 864 2135 -·
893 2110 1102 2144 dictumest
1125 2112 1160 2152 8,
1188 2112 1222 2153 3,
1257 2111 1311 2144 58.
1345 2110 1389 2151 cs.
1425 2113 1468 2152 9,
1487 2111 1546 2158 ,4,
1583 2115 1662 2149 118.

177 2154 342 2186 cetera
365 2162 507 2197 quoque
530 2165 609 2187 esse
637 2154 726 2197 sibi,
765 2155 851 2188 hac
874 2161 1007 2200 parte
1045 2154 1196 2196 omissa,
1231 2166 1450 2200 supervacua
1482 2159 1516 2199 2,
1543 2161 1579 2200 2,
1603 2162 1661 2194 15.

270 2197 339 2239 ΙΙΙ)
362 2200 386 2231 i.
412 2198 689 2242 ‹pessit-ium,
713 2211 870 2233 munus.
897 2199 940 2242 α)
965 2202 1093 2243 Singul.
1110 2215 1120 2234 .-
1154 2201 1362 2235 videri'alia
1389 2212 1532 2246 quoque
1555 2205 1662 2244 huius

178 2242 330 2286 partis
357 2249 462 2287 atque
490 2245 655 2278 officii
681 2248 737 2288 11,
763 2248 797 2287 3,
818 2246 894 2281 174.
920 2258 955 2289 p.
983 2246 1182 2280 defensoris
1206 2252 1279 2280 tota
1293 2253 1347 2280 est
1365 2248 1662 2290 posita-in'rel'u-

178 2288 312 2322 tatione
339 2289 372 2332 5,
402 2291 459 2332 13,
486 2295 519 2324 1.
544 2297 588 2324 nt
604 2291 841 2337 negligentiae
864 2297 976 2337 est.p.
1000 2291 1147 2334 (frustra
1169 2293 1223 2325 hic
1246 2294 1273 2326 S
1279 2295 1398 2335 pam.
1426 2296 1661 2330 dubitationem

179 2337 319 2371 movisse
342 2347 385 2367 ex
407 2339 584 2379 sequentib.
609 2341 778 2380 exemplis.
793 2337 956 2381 patebit),
983 2338 1055 2372 hoc
1077 2337 1173 2381 pali,
1199 2337 1247 2371 ita
1269 2338 1495 2383 humilitatis,
1526 2341 1660 2387 ubique

177 2381 452 2422 perhorrescere.
478 2383 512 2423 9,
536 2381 571 2425 4,
597 2384 641 2417 35
666 2384 711 2416 N.
742 2396 789 2417 cr.
833 2382 918 2418 huic
941 2395 976 2426 p.
1000 2382 1142 2417 facilius
1168 2385 1357 2427 accedent,
1387 2391 1434 2421 ut
1466 2401 1513 2408 —
1534 2392 1661 2435 putent

177 2427 238 2467 12,
262 2428 317 2468 11,
343 2428 398 2460 11.
443 2427 551 2460 habet
573 2429 746 2472 reliquam
771 2440 820 2471 p.,
845 2434 893 2462 ut
915 2429 1008 2462 dicat
1031 2433 1075 2471 7,·
1090 2432 1126 2472 2,
1154 2431 1213 2469 21.
1246 2431 1342 2474 quod
1369 2430 1399 2464 si
1422 2431 1550 2466 tradita
1571 2435 1659 2469 mihi

142 2491 145 2495 -
176 2470 277 2514 nequi
300 2477 487 2515 praecepta
511 2473 707 2514 sufficeret,
731 2474 815 2508 satis
837 2475 991 2508 feceram
1018 2474 1101 2509 huic
1122 2473 1215 2519 parti
1236 2476 1272 2517 6,
1297 2478 1330 2518 2,
1354 2478 1410 2512 25.
1459 2489 1563 2522 quam
1586 2485 1661 2514 tur-

177 2515 271 2559 piter
291 2517 431 2550 deserat
453 2529 530 2550 eam
559 2531 594 2563 p.
618 2521 818 2553 rhetorices
844 2519 1017 2554 institutio
1043 2523 1080 2563 2,
1107 2524 1141 2563 1,
1173 2521 1207 2555 9.
1249 2521 1423 2565 siquidem
1447 2524 1538 2558 haec
1566 2537 1658 2569 quo-

130 2589 135 2595 .
179 2571 252 2605 qne
280 2573 410 2614 pars,
437 2575 548 2616 smae-
584 2565 628 2598 ab
670 2565 871 2599 oratoribus
902 2565 1045 2607 relicta,
1080 2577 1101 2599 a
1128 2566 1351 2611 philosophis
1387 2574 1443 2603 est
1473 2578 1656 2615 occupata,

147 2613 291 2641 ‘nostri
315 2618 476 2650 operis
498 2610 564 2642 suit
591 2613 622 2652 1,
654 2612 710 2652 10,
736 2614 791 2644 11.
838 2622 922 2654 pro
954 2611 1098 2650 virili
1125 2617 1257 2655 parte
1290 2616 1346 2656 12,
1377 2616 1411 2655 1,
1447 2618 1480 2649 1.
1512 2618 1570 2659 12,
1600 2621 1656 2659 11,

178 2654 236 2686 31.
262 2654 418 2687 oratoria
440 2655 621 2689 urbanitas
643 2667 748 2699 rara,
785 2667 854 2690 nec
877 2667 925 2690 ex
957 2668 993 2700 p.
1032 2658 1087 2700 (a.
1123 2661 1147 2692 1.
1180 2658 1281 2701 arte)
1312 2660 1472 2703 propria,
1514 2663 1577 2696 sed
1613 2664 1657 2696 ad

176 2698 270 2732 hanc
289 2700 587 2734 consuetudinem
613 2702 877 2735 accommodata
897 2703 932 2745 6,
956 2704 990 2744 3,
1014 2702 1060 2736 14
1082 2703 1130 2736 Ν.
1157 2702 1202 2744 eff.
1225 2705 1261 2747 8,
1295 2705 1353 2739 Pr.
1391 2709 1424 2740 7.
1472 2708 1514 2750 β)
1543 2711 1657 2742 Phar..-

135 2758 139 2774 π
177 2746 328 2797 Prot-›a-
346 2746 563 2790 lupminem
587 2750 807 2789 occisum,
843 2749 1059 2782 accusatoris
1081 2753 1217 2783 tantum
1245 2757 1404 2794 partes
1439 2758 1521 2786 sunt
1554 2756 1588 2795 7,
1623 2757 1660 2797 2,

134 2791 236 2824 ὁ.;12.
254 2791 389 2835 --1111111
411 2792 565 2827 oratoris
589 2804 669 2828 esse
693 2793 901 2838 praecipuas
923 2795 983 2829 Pr.
1008 2796 1063 2831 13.
1086 2794 1182 2831 circa
1214 2806 1399 2831 mensuras
1435 2803 1471 2832 et
1494 2809 1662 2834 numero·

1269 2851 1355 2887 ωδ
