1728 3002
181 305 266 348 478
738 292 924 351 Largior
954 320 1004 328 -
1035 294 1174 339 Lateo
1222 322 1226 326 -

177 413 377 469 Largior.
422 432 522 467 quaev
540 418 728 465 pecuniam
753 430 854 473 suam
876 419 1036 465 pluribus
1059 438 1106 445 —-
1134 434 1225 467 quae
1252 423 1404 461 formam
1431 424 1580 473 largitur
1603 426 1638 470 5,
1663 428 1720 469 11,

222 471 282 506 26.
329 470 384 503 sol
408 467 588 503 universis
612 467 708 502 idem
741 467 833 501 lucis
858 467 1006 516 largitur
1037 471 1079 512 1,
1112 471 1154 512 2,
1196 468 1254 505 14.
1300 471 1500 507 exercitum
1531 472 1719 520 largiendo

219 526 449 559 corrumpere
475 516 508 559 5,
539 517 595 559 13,
622 517 687 558 17;
721 524 814 559 quae
835 515 898 550 vel
923 520 1030 550 extra
1052 526 1194 550 causam
1225 537 1273 543 —
1295 518 1522 555 occasionem
1544 519 1719 555 clamandi

217 562 414 609 largiantur
441 564 498 604 12,
523 563 559 606 8,
591 564 627 596 2.

175 607 380 666 [Largus·
437 618 554 654 oratio
581 618 715 666 largior
738 618 774 664 5,
798 617 860 663 14,
885 620 929 655 17
964 632 998 655 v.
1022 621 1208 669 Longus
1235 620 1332 667 HL]

170 667 389 708 Lascivia.
435 687 563 711 recens
587 676 851 715 haec‘lascivia
872 677 1093 724 deliciaeque
1118 681 1176 724 10,
1205 681 1239 724 1,
1265 678 1325 715 43.
1350 678 1396 722 cs.
1421 682 1457 722 2,
1481 678 1517 724 5,
1541 667 1599 716 22.
1622 679 1717 714 hanc

215 723 453 758 maledicendi
475 723 663 759 lasciviam
686 725 723 769 9,
746 727 781 769 2,
809 724 868 760 76.

168 770 385 812 Lascmo.
435 779 470 825 I)
495 783 538 815 de
559 783 753 817 hominibus.
779 781 822 827 α)
844 784 1006 817 moribus:
1032 781 1184 819 Ovidius
1203 782 1371 820 lascivire
1387 783 1425 818 in
1442 783 1717 828 Metamorpho-

214 828 285 863 sesi
310 830 402 863 solet
426 827 461 869 4,
487 831 521 871 1,
542 831 602 863 77.
647 831 689 874 β)
712 842 832 873 genere
857 831 1011 864 dicendi.-
1052 829 1184 865 cotidie
1209 830 1323 879 magis
1357 829 1564 866 lascivimus
1587 835 1715 874 synto-

133 880 143 894 ⁴
210 886 341 909 norum
369 874 485 909 modis
515 875 711 911 saltitantes
735 877 771 919 9,
796 875 833 920 4,
859 875 936 910 142.
961 874 1006 918 cs.
1031 879 1086 918 11,
1110 879 1144 920 1,
1169 877 1224 913 56.
1258 883 1336 912 toto
1364 883 1400 911 et
1422 887 1543 911 rernm
1567 882 1604 910 et
1627 887 1716 911 ver-

210 922 339 956 borum
364 927 399 956 et
422 922 693 965 compositionis
726 933 860 970 genere
891 921 1084 957 lasciviunt
1117 922 1163 967 4,
1197 927 1241 967 2,
1277 924 1334 959 39.
1381 925 1432 965 11)
1462 925 1506 956 de
1535 924 1710 956 inanimis.-

209 979 323 1015 genus
349 968 434 1012 dic„
463 970 560 1013 quod
585 968 782 1013 puerilibus
806 968 1029 1003 sententiolis
1053 969 1195 1005 lascivit
1219 973 1276 1013 12,
1301 972 1358 1012 10,
1383 972 1441 1005 73.
1488 967 1636 1002 historia
1664 988 1712 994 —

206 1026 327 1060 neque
350 1031 397 1037 —
420 1014 598 1049 arcessitis
623 1015 926 1060 descriptionibus
948 1015 1111 1051 lasciviat
1135 1017 1231 1062 (Sp.
1265 1015 1427 1059 lasciva)
1459 1017 1504 1058 2,
1539 1012 1584 1058 4,
1617 1016 1640 1048 3
1663 1017 1710 1048 Ζ.

205 1068 247 1096 ut
271 1062 494 1096 exultent
517 1067 589 1106 atq.
614 1063 882 1098 lasciviant
914 1061 1236 1106 (transgressiones)
1259 1063 1296 1105 9,
1320 1062 1363 1103 4,
1390 1063 1447 1097 28.
1492 1066 1533 1095 ut
1557 1061 1710 1095 Sotade-

206 1118 311 1142 orum
336 1116 397 1143 εἰσ.
424 1114 460 1142 et
484 1110 709 1153 quorundam
735 1109 774 1144 in
798 1108 962 1144 oratione
984 1109 1091 1144 simili
1120 1120 1236 1154 paene
1268 1108 1415 1144 licentia
1443 1106 1707 1149 lascivientium

205 1154 363 1199 (pedes)
382 1156 419 1198 9,
445 1153 480 1198 4,
510 1156 544 1189 6.

157 1211 382 1253 Lascivus·
435 1222 470 1266 1)
498 1225 540 1257 de
555 1225 756 1258 hominibus:
789 1224 876 1259 lasc.
902 1224 940 1259 in
969 1223 1091 1259 herois
1115 1234 1259 1270 quoque
1284 1223 1441 1259 Ovidius
1469 1225 1527 1266 10,
1551 1224 1587 1265 1,
1605 1223 1708 1259 88Ζ.

205 1268 358 1305 Ovidius
383 1275 546 1315 ¹utroque
581 1270 752 1305 lascivior
782 1274 827 1308 ib.
851 1272 910 1307 93.
941 1270 1054 1305 Siculi
1076 1276 1116 1304 ut
1140 1277 1224 1305 sunt
1246 1270 1428 1306 lascivi
1455 1277 1491 1305 et
1516 1268 1705 1304 dicaces

205 1318 319 1351 Coel-
346 1316 381 1358 6,
405 1317 439 1358 3,
463 1314 522 1350 41.
570 1317 622 1358 Il)
650 1319 693 1350 de
730 1319 847 1350 rebus:
876 1317 1053 1353 lascivi
1073 1323 1110 1351 et
1127 1317 1327 1352 mobiles
1356 1317 1478 1362 (oculi)
1504 1319 1562 1360 11,
1587 1318 1626 1359 3,
1645 1315 1728 1349 76.··.

154 1374 156 1377 ⁴
198 1363 286 1396 lasc.
311 1360 477 1396 carminis
499 1363 535 1404 9,
562 1360 597 1405 4,
625 1363 710 1405 108;
743 1365 776 1395 in
801 1364 964 1396 dicendo.-
991 1364 1087 1407 quod
1113 1363 1263 1406 dicitur,
1292 1369 1352 1397 aut
1377 1369 1430 1397 est
1465 1361 1703 1397 lascivum

201 1414 238 1443 et
262 1407 440 1452 hilare,
477 1413 538 1441 aut
562 1407 971 1443 contumeliosum
994 1411 1038 1452 6,
1073 1410 1120 1452 3,
1144 1411 1202 1444 27.
1227 1421 1262 1442 v.
1286 1409 1491 1448 Hilaris.
1515 1406 1703 1443 lasciva

199 1468 278 1499 opp.
303 1455 532 1499 speciose
559 1456 846 1489 translatum
869 1457 906 1498 2,
930 1457 967 1498 5,
991 1456 1027 1490 8.
1057 1457 1111 1489 10.
1133 1467 1168 1489 v.
1192 1454 1432 1491 Lascivio.

150 1512 303 1554 LaSeS·
351 1524 384 1566 1,
404 1521 440 1566 4,
467 1525 511 1558 13
539 1524 589 1558 Ν.
615 1522 696 1567 (sed
722 1530 804 1567 opit.
832 1524 935 1559 Codd.
960 1535 1044 1557 omn.
1071 1520 1132 1566 S.)

114 1616 119 1621 .
148 1581 333 1624 Lassus.¹
373 1597 475 1627 recto
498 1591 630 1626 itinere
653 1591 738 1626 lassi
765 1593 859 1637 (Sp.
884 1591 998 1637 lapsi)
1021 1583 1231 1638 plerumque
1257 1593 1449 1629 devertunt
1474 1596 1511 1639 2,
1545 1595 1582 1638 3,
1607 1593 1637 1631 ’9
1660 1595 1699 1630 S.

146 1639 271 1682 Late·
318 1649 356 1693 α)
380 1651 452 1685 late
482 1649 794 1694 circumspiciendi
822 1653 878 1694 10,
903 1651 938 1693 3,
964 1648 1023 1685 24.
1070 1661 1147 1684 rem
1169 1656 1241 1685 tam
1261 1652 1286 1684 l.
1313 1651 1430 1685 fusam
1456 1653 1492 1694 3,
1523 1649 1561 1695 4,
1597 1650 1633 1686 4.
1658 1664 1707 1698 v.-

192 1699 287 1732 Fun
301 1698 368 1731 do.
417 1696 588 1740 consilia,
612 1707 704 1741 quae
731 1698 756 1731 1.
784 1702 907 1741 patent
929 1700 965 1740 7,
991 1700 1027 1739 2,
1053 1696 1113 1731 42.
1140 1698 1178 1742 β)
1206 1701 1383 1742 Compar..·
1407 1697 1512 1732 latius
1528 1698 1696 1744 aggressi

190 1746 262 1779 hoc
290 1754 380 1788 opus
404 1745 440 1787 6,
461 1742 495 1786 4,
523 1745 559 1778 3.
583 1745 607 1776 l.
635 1754 673 1777 se
699 1743 882 1788 aperiente
905 1743 1053 1777 materia
1076 1745 1133 1777 Pr.
1161 1745 1196 1779 3.
1223 1746 1248 1778 l.
1274 1744 1465 1788 complecti
1489 1746 1694 1778 conforma-

189 1791 307 1825 tiones
333 1791 527 1826 verbomm
551 1792 587 1833 9,
612 1792 646 1831 2,
674 1792 704 1823 1.
752 1789 813 1824 ille
847 1790 1029 1824 concludit
1059 1790 1338 1833 astrictio-⁴1,
1371 1790 1432 1824 hic
1453 1790 1690 1834 latinam,

190 1840 224 1881 1,
251 1837 330 1871 106.
376 1838 400 1871 l.
427 1837 548 1871 dicere
571 1839 608 1880 3,
633 1839 667 1879 5,
698 1836 752 1871 15.
778 1838 812 1879 5,
843 1839 900 1878 10,
928 1837 982 1871 35.
1009 1838 1066 1878 11,
1092 1839 1125 1878 1,
1166 1838 1224 1873 78.
1270 1838 1295 1871 1.
1320 1836 1483 1872 oratione
1514 1837 1621 1871 ducta
1654 1839 1692 1880 7,
1727 1866 1728 1886 ἢ

188 1887 224 1927 3,
254 1884 310 1918 15.
357 1889 432 1917 tum
456 1883 652 1921 brevius
677 1888 751 1916 tum
775 1884 852 1917 lat.
880 1881 956 1926 (fit)
981 1883 1016 1925 9,
1042 1886 1076 1925 2,
1103 1882 1158 1917 16.
1207 1895 1299 1929 quae
1327 1881 1528 1927 (mutatio),
1552 1882 1584 1917 si
1605 1884 1689 1917 lat.
1726 1890 1728 1909 ¹

186 1932 249 1964 fiat
271 1932 315 1963 ib.
340 1931 376 1973 9,
401 1932 436 1972 3,
461 1931 519 1965 92.
546 1942 577 1964 υ.
602 1930 791 1976 August
804 1941 835 1963 e.
883 1931 944 1964 lat.
971 1930 1052 1963 fusa
1073 1929 1230 1964 narratio
1267 1933 1302 1975 2,
1339 1931 1405 1973 13,
1445 1929 1478 1964 5.
1527 1929 1689 1973 quaestio

185 1979 211 2011 l.
240 1976 449 2024 intelligitur
472 1978 507 2019 3,
533 1979 590 2019 11,
621 1979 653 2010 1.
703 1977 748 2009 de
774 1987 846 2020 quo
872 1986 940 2010 nos
964 1977 1024 2010 lat.
1060 1977 1250 2021 loquemur
1284 1980 1324 2018 1,
1357 1978 1399 2019 5,
1419 1975 1469 2011 ⁷5.
1517 1975 1689 2020 quidquid
1713 1981 1718 1989 ”

184 2039 231 2048 —-
258 2034 338 2057 cum
366 2028 495 2057 ornatu
518 2023 597 2056 lat.
624 2021 824 2057 ostenditur
859 2023 906 2066 8,
938 2023 974 2066 6,
1010 2022 1053 2057 61
1087 2035 1121 2057 v.
1155 2022 1387 2058 Breviter.
1434 2022 1495 2055 lat.
1532 2020 1687 2057 dicendo

183 2070 494 2114 prosequebantur
515 2071 551 2112 2,
574 2070 609 2112 6,
637 2072 669 2103 1.
695 2068 740 2111 cs.
768 2070 802 2112 5,
827 2070 863 2113 8,
888 2072 923 2104 2.
970 2074 1143 2103 tractetur
1164 2070 1225 2103 lat.
1250 2069 1351 2103 locus
1379 2069 1437 2110 11,
1462 2068 1496 2110 1,
1518 2067 1554 2103 5.
1679 2064 1682 2069 ’

137 2125 339 2168 Latebra·
389 2149 440 2173 ex
466 2137 632 2172 omnibus
655 2138 717 2172 lat.
743 2138 918 2172 detractas
945 2136 1113 2183 (figuras)
1136 2136 1173 2181 9,
1197 2138 1232 2181 3,
1257 2135 1292 2172 5.
1343 2135 1523 2170 eruendae
1547 2135 1686 2173 verita-

182 2184 228 2219 tis
251 2186 404 2219 latebras
429 2185 527 2219 adire
553 2187 610 2228 12,
634 2185 671 2228 9,
695 2186 729 2219 3.

135 2240 288 2282 Lateo·
336 2252 379 2298 α)
405 2252 465 2298 qui
493 2252 588 2288 domi
610 2251 714 2287 latuit
737 2254 771 2295 3,
796 2251 832 2295 6,
858 2252 916 2286 25.
964 2261 1113 2295 operum
1135 2248 1278 2296 fastigia
1304 2255 1596 2294 spectantur,
1619 2252 1683 2286 la-

182 2304 288 2333 tent
311 2300 545 2334 fundamenta
570 2301 628 2335 Pr.
657 2298 692 2333 4.
740 2308 815 2333 non
839 2308 983 2342 semper
1005 2296 1176 2341 optimum
1200 2307 1301 2339 esse,
1333 2298 1429 2342 quod
1450 2298 1540 2332 latet
1560 2300 1617 2342 10,
1645 2299 1682 2341 3,

182 2346 238 2380 16.
287 2347 489 2390 quaerimus
512 2347 594 2389 illa,
626 2351 794 2390 tanquam
820 2345 1003 2378 lateant
1026 2353 1177 2388 seseque
1200 2343 1469 2379 subducant
1494 2345 1530 2387 8,
1553 2344 1612 2383 Pr.
1635 2346 1680 2378 21

181 2395 226 2426 Ζ.
249 2403 340 2435 quae
367 2394 479 2427 latent
502 2393 645 2437 penitus
669 2392 746 2436 ipsa
767 2391 875 2434 hujus
901 2389 982 2431 loci⁴
997 2388 1136 2434 aperire
1160 2389 1357 2433 penetralia
1385 2390 1421 2434 6,
1452 2392 1489 2433 2,
1519 2389 1575 2425 25.
1620 2388 1681 2423 in-

179 2437 360 2472 venienda
383 2438 526 2484 (viiia),
552 2449 644 2483 quae
666 2439 778 2472 latent
805 2439 872 2478 12,
896 2437 942 2479 8,
967 2437 1025 2470 10.
1054 2447 1088 2469 υ.
1113 2435 1348 2480 Appareo.
1397 2441 1492 2471 artes
1525 2441 1563 2470 et
1592 2446 1701 2470 con-.

181 2482 260 2516 silia
282 2485 415 2519 lateant
441 2488 496 2528 12,
522 2487 556 2529 9,
583 2486 615 2520 5.
639 2496 673 2518 v.
697 2482 1031 2526 Deprehendo.
1067 2481 1223 2526 optimae
1247 2481 1536 2527 praeparationes
1560 2486 1677 2525 erunt,

179 2539 271 2572 quae
295 2531 462 2565 latuerint
485 2530 521 2574 4,
546 2534 582 2574 2,
608 2531 665 2566 57.
713 2527 919 2564 circumfusi
946 2526 1050 2562 bonis
1074 2528 1273 2563 deteriores
1298 2527 1446 2572 (pedes)
1477 2529 1610 2564 lateant
1640 2529 1678 2571 9,

177 2573 213 2616 4,
238 2576 303 2617 91;
337 2576 384 2611 in
413 2577 543 2621 quibus
566 2579 677 2611 latent
702 2575 941 2620 (argumenta)
964 2574 1000 2618 5,
1025 2576 1082 2617 10,
1109 2577 1168 2611 20.
1192 2574 1237 2609 in
1261 2574 1378 2609 media
1401 2579 1504 2618 parte
1531 2579 1678 2608 senten-

177 2619 249 2654 tiae
275 2621 362 2655 latet
389 2622 573 2666 (verbum)
600 2625 636 2666 9,
663 2621 699 2665 4,
724 2623 782 2658 29.
828 2621 962 2664 verba,
1000 2630 1092 2664 quae
1124 2621 1374 2666 circumjectae
1405 2619 1578 2654 orationis
1611 2629 1678 2653 co-

176 2665 236 2709 pia
264 2667 376 2701 latent
400 2667 434 2710 4,
460 2672 495 2711 2,
522 2672 600 2705 117.
650 2669 734 2703 sub
763 2670 831 2702 hac
853 2667 947 2701 facie
970 2667 1056 2700 latet
1094 2667 1249 2701 adulatio
1281 2669 1318 2710 9,
1349 2669 1385 2710 2,
1417 2667 1474 2700 28.
1518 2664 1673 2714 maxima

175 2711 265 2746 vitia
286 2714 466 2747 latuerunt
492 2716 570 2748 sub
595 2715 740 2750 nomine
766 2713 960 2758 sapientiae
983 2713 1043 2746 Pr.
1069 2714 1125 2748 15.
1173 2713 1218 2759 β)
1251 2714 1396 2747 Partica
1430 2722 1512 2745 cum
1536 2709 1673 2761 ear-ali-

177 2768 249 2801 quo
274 2758 371 2792 dicto
394 2760 507 2794 latens
528 2761 675 2806 aliquod
695 2760 830 2795 eruitur
842 2761 878 2802 9,
894 2761 929 2802 2,
946 2757 1002 2793 64.
1036 2759 1132 2792 aliud
1150 2760 1264 2794 latens
1279 2764 1315 2793 et
1329 2756 1481 2792 auditori
1498 2763 1598 2799 quasi
1614 2765 1672 2788 m·-

175 2804 393 2838 veniendum
416 2807 459 2840 ib.
482 2807 539 2840 65.
588 2807 726 2851 aliquas
756 2817 882 2840 causas
904 2807 1058 2839 latentes
1082 2808 1117 2848 7,
1141 2808 1177 2850 2,
1208 2807 1262 2840 36.
1288 2799 1476 2837 consilium
1500 2801 1561 2835 lat.
1584 2810 1672 2853 pro-

176 2850 387 2885 didissemus
410 2852 446 2893 9,
474 2854 511 2894 2,
538 2853 596 2887 83.
645 2853 957 2887 dissimulata
972 2862 989 2884 s
1021 2850 1188 2895 quidam,
1226 2849 1290 2884 sed
1311 2858 1387 2881 non
1415 2847 1456 2900 la
1469 2850 1494 2880 t.
1532 2847 1670 2881 densus

175 2901 211 2939 8,
234 2898 270 2942 6,
298 2898 354 2935 59.
401 2898 462 2935 lat.
485 2907 654 2934 numeros
678 2899 715 2943 9,
738 2897 774 2943 4,
801 2900 856 2934 18.
903 2899 1054 2933 latentes
1077 2895 1252 2932 sermonis
1274 2902 1526 2940 percussiones
1551 2894 1610 2937 11,
1634 2893 1671 2936 3,
