1728 3002
205 157 289 198 746
779 137 952 224 Quidni
969 177 1022 186 -
1052 153 1167 204 Quin
1200 155 1211 161 ·

253 266 397 303 minime
432 267 630 302 verendum
664 271 718 300 est
741 268 785 310 1,
811 270 879 312 12,
908 269 932 303 S
964 281 998 303 v.
1022 269 1128 304 Ille.
1169 270 1222 304 Is.
1259 269 1298 304 in
1327 281 1417 315 quo
1453 282 1487 317 q.
1515 281 1647 318 genere
1675 274 1728 306 ad-

251 319 376 350 monet
386 313 511 348 Celsus
526 317 562 355 7,
582 313 686 356 2,19.
705 311 749 354 cs.
767 315 802 355 1,
818 317 852 355 2,
868 317 900 349 2.
921 315 956 358 9,
976 318 1010 358 2,
1027 317 1105 352 107.
1128 318 1184 359 10,
1202 319 1235 359 1,
1254 315 1311 351 35.
1333 319 1390 361 10,
1404 319 1439 360 7,
1453 318 1511 363 20.
1529 319 1585 361 12,
1603 320 1660 362 10,
1679 318 1727 354 74

251 361 371 406 quod
399 372 431 404 q.
461 359 607 393 etiam
634 358 825 403 aliquando
853 361 1079 405 multiplicari
1107 363 1200 396 solet
1225 362 1269 406 5,
1294 360 1357 406 14,
1383 364 1418 397 3.
1466 361 1510 407 y)
1535 376 1564 399 c.
1592 364 1728 406 Coniun-

251 409 381 441 ctiom‘b.
397 408 563 448 junctum:
588 405 616 438 E
629 410 644 437 t
669 404 789 449 quid.
815 406 864 449 (a.
885 410 908 441 l.
931 407 1086 451 quidam)
1101 407 1290 443 verbosius
1307 409 1449 442 tradunt
1464 408 1500 451 4,
1513 411 1546 452 1,
1558 407 1604 444 43
1624 411 1671 444 Ν.
1689 423 1728 443 cr.

252 454 304 487 Et
326 454 414 486 haec
427 463 462 496 q.
478 451 511 493 5,
531 453 586 493 10,
602 452 659 486 38.
689 452 847 486 Fuerunt
871 458 918 487 et
937 453 1023 487 clari
1047 465 1081 498 q.
1104 453 1150 497 (a.
1174 458 1196 488 1.
1214 453 1368 500 quidam)
1388 453 1552 489 auctores
1573 452 1607 499 5,
1629 457 1687 491 Pr.
1703 459 1720 490 1

251 512 285 534 v.
314 499 380 532 Et.
417 508 471 532 ac
502 497 779 541 pulcherrimum
810 510 844 543 q.
873 499 1006 533 factum
1036 501 1078 542 9,
1103 503 1145 543 3,
1178 499 1235 535 40.
1272 513 1306 537 υ.
1330 501 1405 546 Ac.
1437 499 1586 546 Atque
1608 500 1670 536 ine
1702 514 1726 546 (1

252 544 416 580 omnibus
446 544 558 588 ejusd.
584 543 703 588 operis
728 544 931 580 auctoribus
955 545 1096 580 abstulit
1119 556 1251 581 nomen
1273 549 1335 590 10,
1360 549 1404 599 1,
1428 549 1486 581 72.
1513 545 1616 590 ets-W,
1643 546 1678 591 4,
1703 551 1722 581 1

252 602 353 624 nam
376 590 412 623 id
437 601 470 634 q.
495 589 603 624 facile
628 595 682 624 est
704 592 747 634 3,
776 593 840 634 11,
867 591 924 626 26.
951 591 996 633 cfi
1027 591 1071 635 4,
1097 595 1136 635 2,
1165 594 1211 627 60
1233 596 1274 627 Z.
1300 603 1400 626 nam
1424 594 1610 627 emendate
1634 605 1668 637 q.
1696 604 1728 628 a(

252 636 373 670 lucide
397 636 590 670 dicentium
613 642 721 670 tenue
744 637 942 681 praemium
967 643 1021 672 est
1045 639 1079 681 8,
1105 640 1138 681 3,
1165 642 1197 673 1.
1222 644 1271 672 ut
1293 650 1328 684 q.
1354 638 1409 682 (a.
1435 643 1457 673 1.
1483 637 1642 684 quidam)
1668 649 1728 675 vo·

252 685 331 717 lunt
352 684 406 723 10,
424 683 457 726 5,
477 685 533 716 22.
563 682 600 716 si
622 694 656 726 q.
682 683 802 718 dicere
821 684 974 718 dilucide
991 683 1106 719 virtus
1131 686 1166 727 8,
1190 685 1225 726 6,
1250 686 1305 719 52.
1354 683 1393 730 γ)
1419 697 1448 719 c.
1472 686 1618 728 Negat..·
1642 696 1697 719 ne
1717 696 1728 718 ε

253 727 439 764 sententiis
458 728 573 772 quid.
594 734 653 762 aut
671 729 793 764 verbis
813 731 975 764 saltem
994 730 1140 777 singulis
1155 732 1190 774 6,
1213 733 1247 773 5,
1269 733 1300 764 1.
1330 731 1420 765 Nec
1442 730 1522 775 (Sp.
1544 729 1616 776 Ne)
1630 731 1728 766 velin

254 775 375 820 quid.
402 778 434 818 1,
457 777 512 817 12,
534 778 577 809 17
602 776 638 808 S.
663 787 696 807 v.
718 776 778 809 Ne
797 795 843 801 —
862 775 1064 820 quidem.
1111 777 1163 818 ll)
1183 779 1416 857 opponilzseq.
1437 779 1595 810 sementia
1615 778 1728 810 adver-

253 829 339 856 sat.:
369 821 418 854 Et
441 821 592 864 scriptor
613 820 794 865 quidem
817 833 958 867 semper
978 822 1070 856 tueri
1087 822 1302 870 signatorem
1320 833 1343 855 n
1369 833 1468 858 cesse
1483 823 1604 866 habet,
1625 822 1728 870 sigua-

253 873 312 902 tor
336 866 546 910 scriptorem
577 877 651 900 non
685 878 827 911 semper
849 872 891 911 7,
919 872 963 911 2,
988 870 1044 903 53.
1080 868 1157 903 Cic.
1187 868 1434 904 inventionem
1465 880 1499 913 q.
1525 879 1567 902 ac
1591 868 1728 913 disposi-

250 913 386 948 tionem
406 913 590 957 prudentis
611 913 765 947 hominis
783 919 901 958 putat,
927 915 1166 959 eloquentiam
1190 914 1343 949 oratoris
1366 916 1400 957 8,
1424 916 1483 949 Pr.
1504 913 1560 949 14.
1583 914 1728 950 lascivus

252 959 437 1005 quidem
461 960 499 992 in
524 959 645 993 herois
669 970 812 1004 quoque
841 960 992 995 Ovidius
1008 981 1055 987 —
1079 960 1266 998 Cornelius
1290 966 1447 994 autem
1471 963 1526 1004 10,
1553 963 1585 1003 1,
1607 961 1662 996 88.
1695 961 1728 1002 cj

250 1010 286 1049 2,
309 1009 363 1048 17,
388 1007 423 1040 3.
445 1005 505 1039 hic
528 1005 646 1039 flexus
673 1011 707 1040 et
731 1012 854 1040 cantus
881 1018 928 1050 q.‚
951 1009 1049 1050 sed,
1076 1008 1172 1052 quod
1194 1006 1356 1051 plerique
1381 1007 1581 1054 intelligere
1602 1007 1728 1040 nolunt

252 1051 441 1086 obscurior
466 1054 528 1094 11,
552 1054 597 1094 3,
621 1053 679 1087 60.
707 1051 752 1093 ef.
777 1053 812 1094 6,
827 1055 861 1095 3,
879 1054 935 1088 45.
960 1053 1096 1088 Latinis
1123 1065 1157 1098 q.
1183 1064 1335 1098 semper,
1363 1054 1442 1087 sed
1465 1053 1599 1088 etiam
1628 1053 1728 1087 Grae-

253 1098 305 1133 cis
331 1097 474 1132 interim
502 1100 547 1140 2,
583 1101 625 1141 1,
658 1101 690 1132 1.
726 1099 984 1134 exercitatione
1019 1112 1054 1144 q.
1085 1105 1205 1134 utetur
1238 1098 1349 1142 omni,
1379 1100 1463 1134 sed
1490 1105 1642 1133 tamen
1673 1098 1726 1133 eri

252 1144 425 1188 plurimus
452 1144 491 1177 in
514 1143 681 1178 maximis
707 1145 904 1190 quibusque
934 1149 995 1186 12,
1023 1149 1059 1189 2,
1085 1149 1143 1181 27.
1169 1144 1212 1187 cs.
1237 1146 1273 1189 6,
1297 1147 1354 1179 Pr.
1379 1146 1434 1180 15.
1458 1145 1550 1181 levis
1576 1157 1631 1190 (1.,
1659 1156 1728 1179 se«

250 1201 343 1224 nou
370 1190 586 1234 injucundus
609 1196 765 1224 tamen
790 1194 846 1234 10,
872 1195 903 1235 1,
932 1192 1011 1226 124.
1037 1191 1084 1233 cs.
1109 1193 1143 1235 6,
1170 1194 1204 1235 3,
1232 1194 1309 1226 102.
1345 1191 1444 1225 Nou
1469 1191 1564 1226 enim
1590 1190 1667 1225 dixi
1690 1203 1726 1235 q.

251 1237 336 1270 sed
359 1246 450 1270 non
474 1236 619 1279 scripsi:
645 1247 725 1270 nec
749 1237 874 1281 scripsi
896 1250 953 1282 q.,
978 1239 1058 1272 sed
1081 1248 1174 1272 non
1199 1238 1274 1272 obii
1299 1237 1532 1284 legationem:
1557 1247 1644 1271 uec
1667 1235 1728 1280 obi

250 1293 307 1326 q.,
333 1282 417 1314 sed
441 1291 530 1314 non
560 1281 720 1324 persuasi
744 1283 928 1317 Thebanis
955 1285 1174 1318 Demosth.
1198 1285 1242 1326 9,
1265 1285 1308 1326 3,
1334 1284 1390 1319 55.
1424 1294 1514 1318 non
1537 1282 1728 1327 antiquissi-

247 1338 389 1361 morum
414 1338 470 1370 q.,
513 1328 595 1360 sed
628 1332 783 1361 tamen
812 1335 975 1364 veterum
1002 1332 1067 1372 12,
1095 1331 1158 1372 10,
1184 1331 1241 1364 32.
1275 1329 1320 1371 cs.
1344 1331 1387 1372 9,
1414 1331 1459 1372 3,
1483 1331 1542 1364 20.
1567 1339 1659 1363 non
1681 1339 1728 1362 m(

250 1385 285 1418 q.
311 1383 434 1406 omnes
456 1372 654 1407 ostendisse
680 1374 840 1417 confido,
865 1374 1038 1418 plurimos
1067 1380 1214 1408 tamen
1237 1374 1282 1417 5,
1308 1377 1370 1417 12,
1399 1377 1455 1408 17.
1485 1379 1522 1408 et
1543 1384 1632 1408 n‘on
1659 1384 1728 1408 sor-

248 1419 340 1452 didis
366 1430 424 1462 q.‚
462 1429 555 1452 non
587 1424 742 1452 tamen
778 1420 965 1465 exquisitis
989 1419 1032 1462 4,
1055 1422 1098 1463 2,
1126 1420 1182 1454 36.
1225 1432 1258 1453 v.
1282 1421 1383 1454 Non
1405 1421 1453 1454 X.
1502 1420 1622 1466 Quare
1645 1425 1728 1454 artes

248 1465 375 1510 quid.
409 1469 445 1498 et
473 1463 623 1498 consilia
655 1465 788 1498 lateant
816 1483 874 1502 ——.
919 1466 1123 1501 Verborum
1157 1465 1281 1510 quid.
1305 1466 1466 1500 delectus
1489 1473 1551 1500 etc.
1583 1471 1645 1500 aut
1666 1477 1728 1500 1101

249 1516 343 1554 sunt,
372 1515 432 1544 aut
458 1515 629 1554 apparent
653 1513 709 1554 12,
735 1512 770 1555 9,
798 1512 832 1546 5.
856 1512 891 1550 6.

203 1566 413 1661 Qt21id6ni.25
427 1590 460 1623 q.
488 1578 642 1613 libenter
664 1590 739 1614 non
763 1579 1004 1616 concesserim
1026 1579 1153 1622 modo,
1186 1590 1317 1616 verum
1337 1578 1445 1615 etiam
1467 1576 1728 1615 contenderim?

274 1652 284 1669 ‚
334 1653 344 1669 ,
416 1651 425 1660 .

202 1681 352 1733 QUiOS·
399 1692 582 1740 vigilia
607 1705 651 1727 an
677 1692 821 1737 quies
848 1694 885 1737 7,
909 1696 946 1737 2,
971 1691 1029 1727 14.
1053 1699 1214 1738 tempora
1238 1694 1281 1728 ab
1304 1692 1383 1738 ipsa
1405 1704 1523 1727 rerum
1547 1699 1672 1727 natura
1694 1705 1728 1727 a(

249 1739 457 1785 quietem
492 1738 903 1783 refectionemque
934 1740 1038 1774 nobis
1062 1741 1142 1773 data
1166 1742 1231 1783 10,
1257 1741 1303 1783 3,
1326 1742 1386 1774 26.
1417 1745 1498 1784 post
1518 1739 1728 1783 impetratau

248 1785 373 1820 studiis
399 1786 488 1820 meis
513 1786 620 1830 quiet.
645 1787 702 1819 Pr.
729 1789 761 1820 1.
795 1786 855 1819 illa
879 1796 965 1830 per
987 1785 1193 1830 quietem
1215 1785 1294 1820 visa
1319 1788 1382 1830 12,
1408 1787 1447 1828 1,
1470 1785 1505 1820 6.
1529 1796 1598 1820 nec
1619 1786 1728 1832 vigi-

247 1832 463 1866 lantibus
494 1833 557 1866 sed
585 1832 691 1866 etiam
717 1832 880 1875 quiete
904 1831 1194 1876 compositis
1219 1834 1284 1874 11,
1309 1835 1354 1875 2,
1388 1832 1422 1866 5.
1455 1831 1595 1865 febrem
1619 1831 1728 1876 quiet(

247 1878 424 1925 mitigavit
448 1882 489 1921 2,
515 1881 571 1920 17,
595 1879 630 1914 9.
659 1889 700 1912 ea
725 1888 890 1922 quoque,
915 1889 1006 1922 quae
1030 1889 1138 1912 sensu
1163 1883 1200 1912 et
1229 1878 1344 1912 anima
1367 1882 1509 1919 carent,
1531 1884 1571 1912 ut
1594 1888 1728 1913 server(

247 1925 323 1960 vim
351 1936 451 1959 suam
473 1924 635 1969 possint,
666 1925 767 1959 velut
793 1928 930 1958 alterna
958 1924 1076 1969 quiete
1099 1925 1335 1958 retenduntur
1357 1926 1391 1966 1,
1413 1925 1449 1966 3,
1472 1924 1507 1958 8.

202 1979 406 2032 QUilibet·
455 1995 493 2032 α)
522 2003 595 2026 nou
622 1993 659 2026 id
685 1992 813 2039 egisse,
840 1997 880 2026 ut
905 1991 955 2025 ita
979 1991 1126 2035 diceret,
1151 1990 1330 2036 quomodo
1354 2001 1394 2025 se
1423 1989 1631 2035 quilibet
1653 2001 1728 2034 pos.

247 2051 286 2073 se
307 2039 522 2082 confideret,
557 2040 621 2073 sed
644 2039 823 2083 quomodo
854 2049 988 2072 nemo
1014 2041 1079 2080 11,
1109 2041 1147 2079 1,
1179 2039 1235 2074 92.
1271 2036 1398 2082 quibus
1420 2048 1495 2071 non
1519 2036 1604 2081 quil.
1631 2037 1728 2071 sueri

244 2096 372 2119 usurus
396 2086 438 2127 8,
468 2087 509 2128 3,
535 2084 591 2118 24.
629 2096 674 2118 an
711 2085 838 2128 cujusl.
864 2084 958 2118 auris
983 2089 1036 2118 est
1061 2083 1207 2130 exigere
1230 2083 1411 2124 literarum
1436 2083 1575 2117 sonos?
1599 2085 1634 2126 1,
1651 2082 1688 2126 4,
1704 2086 1727 2118 7

245 2137 286 2165 ut
312 2131 501 2165 exordium
526 2137 665 2165 sumant
689 2133 770 2165 cum
795 2132 951 2164 clausula
981 2131 1075 2174 qual.
1098 2131 1141 2173 9,
1167 2129 1208 2172 4,
1234 2131 1290 2165 63.
1325 2129 1427 2163 Varii
1451 2130 1628 2173 Thyestes
1654 2127 1728 2162 cuil

248 2178 466 2211 Graecarum
499 2177 698 2221 comparari
727 2182 846 2221 potest
876 2179 940 2219 10,
966 2180 1009 2216 1,
1033 2177 1091 2212 98.
1128 2175 1174 2217 cs.
1199 2178 1242 2209 ib.
1269 2176 1326 2211 68.
1355 2175 1402 2219 6,
1432 2177 1479 2218 3,
1507 2177 1587 2210 102.
1620 2175 1727 2219 quael

247 2234 305 2257 ex
337 2223 381 2256 iis
414 2223 547 2257 artibus
573 2226 638 2266 12,
669 2226 733 2266 11,
761 2224 823 2265 163
863 2222 1008 2256 flumina
1036 2240 1079 2246 —
1105 2221 1319 2265 qualibet
1350 2221 1535 2255 transitum
1566 2221 1728 2266 praebent

245 2270 279 2311 5,
305 2271 361 2311 13,
387 2272 452 2311 133
481 2275 520 2302 ut
543 2269 658 2304 verbo
682 2269 756 2304 cui
783 2268 960 2302 libebit
987 2267 1128 2312 adjiciat
1151 2267 1290 2301 literam
1313 2267 1531 2311 syllabamve
1555 2272 1588 2309 1,
1615 2266 1651 2310 5,
1680 2269 1726 2300 10

246 2313 299 2359 β)
327 2315 520 2358 adjungitur
544 2329 676 2349 unus.-
704 2315 871 2360 quamdiu
898 2314 1009 2358 quil.
1037 2324 1150 2347 unus
1173 2313 1388 2357 superfuerit
1410 2314 1456 2356 5,
1484 2314 1540 2355 10,
1565 2314 1644 2348 117.
1676 2314 1728 2346 ve}

244 2371 387 2394 unum
414 2373 461 2395 ex
485 2361 528 2395 iis
554 2362 704 2406 quodl.
731 2361 863 2395 sufficit
887 2364 943 2404 12,
971 2363 1005 2403 1,
1033 2358 1092 2393 44.
1118 2359 1163 2401 cs.
1191 2360 1226 2403 5,
1254 2362 1310 2402 10,
1337 2359 1394 2394 67.
1433 2357 1572 2394 oblivio
1594 2357 1728 2392 unius

247 2417 371 2440 eorum
396 2406 562 2451 (verbor.)
587 2408 751 2451 cujusl.
783 2411 846 2451 11,
868 2410 911 2449 2,
934 2405 990 2441 48.
1031 2411 1070 2439 ut
1106 2407 1219 2451 qual.
1245 2416 1368 2440 earum
1401 2415 1523 2439 rerum
1551 2414 1728 2449 possemus

246 2463 332 2486 una
356 2463 435 2487 esse
464 2454 622 2488 contenti
649 2456 704 2497 10,
731 2456 763 2496 1,
791 2456 823 2486 1.
860 2452 903 2494 cs.
932 2455 963 2496 1,
989 2454 1046 2494 12,
1067 2455 1100 2486 7.

204 2506 330 2556 Quln.
376 2520 411 2561 Ι)
444 2524 477 2553 ὶη
508 2525 657 2555 oratione
680 2529 784 2555 recia.
834 2521 882 2565 a)
906 2523 1114 2564 simpliciter.-
1154 2519 1250 2566 Quin
1280 2519 1369 2553 illud
1400 2518 1515 2552 adhuc
1547 2515 1675 2561 adjicio
1698 2516 1728 2559 61

246 2568 281 2605 2,
308 2567 362 2598 12·
387 2566 432 2606 cs.
460 2570 514 2606 12,
541 2571 596 2611 10,
624 2568 680 2602 51.
707 2569 752 2613 Q.
778 2568 860 2602 illae
886 2567 986 2610 ipsae
1010 2564 1221 2609 (materiae),
1251 2577 1341 2610 quae
1367 2565 1473 2599 Dicta
1499 2568 1580 2597 sunt
1604 2573 1646 2596 ac
1668 2573 1728 2596 vo-

248 2615 371 2642 cantur
395 2631 439 2636 -—
467 2613 657 2654 plurimum
683 2620 847 2657 poterant
870 2612 1029 2647 utilitatis
1059 2613 1184 2646 afferre
1207 2613 1249 2654 6,
1274 2614 1318 2654 3,
1345 2612 1399 2645 16.
1434 2611 1477 2656 Q.
1499 2608 1728 2645 intendenda!

250 2654 387 2687 animus
412 2657 449 2689 in
476 2659 546 2692 hoc
571 2671 714 2704 quoque
735 2664 771 2703 2,
795 2663 830 2702 2,
859 2662 915 2695 13.
939 2658 984 2700 cs.
1009 2662 1043 2701 2,
1068 2657 1104 2701 4,
1129 2659 1162 2693 5.
1199 2659 1244 2703 Q.
1270 2657 1447 2690 deducere
1473 2655 1560 2688 deos
1585 2664 1728 2688 conces-

250 2710 328 2732 sum
352 2707 405 2734 est
428 2706 470 2744 9,
499 2706 538 2745 2,
566 2707 623 2739 31.
649 2719 683 2750 q.
709 2706 855 2749 nescio,
880 2718 926 2740 an
950 2704 1057 2738 etiam
1079 2703 1313 2749 frequentior,
1335 2700 1396 2736 ubi
1420 2699 1504 2745 quid
1529 2705 1680 2746 negatur
1701 2699 1728 2742 5,

249 2747 306 2789 13,
331 2748 386 2781 55.
419 2749 461 2793 Q.
495 2751 584 2785 adeo
610 2752 802 2786 similitudo
830 2752 1018 2787 manifesta
1044 2757 1098 2786 est
1120 2751 1154 2794 9,
1182 2754 1215 2792 1,
1238 2751 1272 2784 3.
1306 2757 1386 2782 nam
1408 2751 1607 2782 mertare
1629 2751 1728 2794 atque
