1728 3002
499 202 696 273 Quartus
718 246 768 255 -
800 220 992 273 Quassus
1422 221 1503 262 ⁷35

29 333 113 386 qna
139 342 295 373 mente
318 337 483 371 deffendat
507 339 564 379 12,
589 340 622 378 1,
646 338 704 371 37.
756 334 802 381 β)
829 339 950 369 relat„-
988 335 1033 381 Q.
1058 335 1277 380 redeundum
1303 332 1435 368 rustico
1458 335 1503 367 ad

29 385 186 420 oninium
208 382 448 431 legumlatoris
474 385 509 425 7,
540 386 574 426 1,
597 383 654 417 52.
694 383 737 427 Q.
764 387 799 416 et
822 381 923 426 pueri
947 380 1063 415 statim
1087 391 1191 425 quam
1215 379 1403 424 plurimum
1426 379 1503 414 edi-

28 436 129 466 scant
151 433 208 472 11,
233 433 268 473 2,
289 427 346 463 41.
372 426 524 475 Quare
549 428 636 462 mihi
660 427 918 472 compositione
939 447 984 455 —·-
1006 427 1143 460 intendi
1168 432 1207 461 et
1227 425 1399 460 concitari
1421 436 1505 460 sen-

29 478 159 513 tentiae
169 475 347 511 videntur.
371 475 569 518 Ideoque
594 474 832 509 eruditissimo
851 473 980 518 cuique
993 482 1199 518 persuasum
1215 478 1270 506 est
1289 479 1352 505 etc.
1377 470 1414 515 9,
1422 471 1504 514 4,9.

31 522 77 564 cs.
103 525 147 565 1,
172 525 216 564 1,
239 522 297 557 29.
331 524 376 564 7,
395 518 464 562 '10,
489 523 543 555 10.
571 520 625 555 14.
654 523 718 562 1ο,
740 520 775 562 6,
797 521 832 556 6.
860 522 915 562 11,
940 522 974 561 3,
991 522 1033 553 ,2.
1059 522 1115 562 12,
1140 522 1173 561 1,
1198 520 1253 553 31.
1301 517 1399 562 [Non
1419 517 1502 562 quia

29 567 252 603 excludenda
278 566 347 600 sint
370 565 515 600 omnino
537 568 668 609 verba,
695 567 784 600 duos
808 576 932 600 sensus
954 565 1205 611 significantia,
1229 563 1291 598 sed
1316 563 1399 608 quia
1419 574 1503 598 raro

31 615 124 657 helle
149 611 504 657 respondeant„nisi
534 623 613 646 cum
644 623 790 657 prorsus
822 613 930 645 rebus
961 611 1046 656 ipsis
1080 612 1303 654 adjuvantur.
1351 611 1506 655 Quare

50 663 93 695 Z.
127 661 170 692 cle
200 666 264 692 vet.
297 659 381 701 coni.
419 657 546 702 quale)
594 669 668 693 non
698 659 770 692 hoc
804 659 935 700 modo,
973 668 1086 702 paene
1121 662 1156 691 et
1188 656 1320 701 ipsum,
1345 655 1507 699 scurrile,

15 735 26 740 -
59 704 212 740 iceronis
245 709 298 738 est
327 705 365 738 in
395 705 676 739 eundem—sed
701 704 789 738 illud
817 715 863 738 ex
888 704 969 738 eod.
1002 714 1134 750 genere
1158 703 1380 748 praeclarum
1404 703 1449 745 6,
1470 703 1507 744 3,

25 749 72 786 48
85 750 149 794 Ν]

0 802 183 859 Quartus.
217 822 258 851 ut
277 816 501 862 quidquid
525 830 554 851 c.
580 823 739 862 quartam
763 818 909 853 haberet
935 821 975 862 1,
997 820 1040 857 7.
1067 817 1111 860 63
1145 821 1287 862 quartas
1307 814 1505 850 meretrici·
1523 812 1531 817 ”

26 865 95 899 bna
123 862 230 908 (dari)
252 864 289 906 8,
314 864 348 906 5,
376 866 420 899 19
442 864 490 897 Ν.
518 869 662 909 quartus
685 864 840 909 (digitus)
868 868 929 908 11,
954 866 998 907 3,
1022 863 1080 899 99.
1118 875 1151 897 v.
1178 864 1313 897 Unus.

0 929 133 981 Quasi·
176 952 317 986 quase
344 940 512 985 scriptum
540 941 578 975 in
610 943 799 976 multorum
831 942 952 985 libris,
987 942 1049 976 sed
1075 953 1120 975 an
1145 943 1216 976 hoc
1237 939 1419 976 voluerint
1443 950 1507 972 au·-

30 994 149 1022 ctores
175 986 297 1021 nescio
322 990 355 1030 1,
378 990 413 1030 7,
436 986 492 1020 24.
542 987 591 1029 α)
613 990 814 1031 simpliciter.
861 986 898 1032 a)
925 1001 953 1022 e.
982 989 1191 1021 Nominibus:
1226 986 1294 1020 nisi
1318 986 1349 1020 si
1372 995 1507 1019 excur-

29 1045 91 1068 sus
111 1032 175 1067 ille
196 1034 259 1067 vel
281 1033 421 1077 quasi
445 1032 525 1066 finis
549 1033 782 1077 narrationis,
807 1035 867 1067 vel
891 1033 1019 1078 quasi
1042 1033 1179 1066 initium
1205 1031 1425 1077 probationis
1452 1036 1507 1065 est

27 1078 76 1122 4,
105 1079 151 1122 3,
174 1078 208 1113 5.
244 1088 368 1112 omnes
402 1079 447 1112 ad
474 1077 754 1122 amplificandam
787 1079 983 1114 orationem
1009 1091 1044 1123 q.
1071 1078 1254 1113 machinae
1287 1080 1326 1112 11
1342 1104 1353 1120 ‚
1379 1079 1396 1110 1
1412 1102 1424 1120 ,
1446 1074 1507 1110 44.

25 1125 112 1160 hinc
133 1127 188 1159 est
211 1134 245 1169 q.
270 1123 488 1168 poenitentia
514 1125 599 1158 dicti
622 1127 662 1167 9,
687 1129 727 1168 2,
756 1127 811 1160 60.
845 1136 919 1159 11011
951 1125 1059 1159 habet
1091 1126 1180 1158 haec
1210 1136 1268 1158 res
1303 1134 1507 1158 mensuram

29 1177 66 1206 et
88 1182 124 1215 q.
146 1170 287 1214 pondus
316 1173 379 1212 11,
404 1173 444 1212 1,
468 1171 527 1205 91.
555 1170 685 1215 aliquid
709 1171 942 1205 solicitudinis
967 1177 1003 1205 et
1030 1182 1064 1215 q.
1090 1169 1274 1218 religionis
1302 1171 1345 1213 9,
1370 1172 1413 1212 2,
1438 1167 1504 1210 54;

26 1214 186 1262 plui-ilius
222 1227 256 1260 q.
289 1215 438 1262 epilogis
471 1216 516 1257 6,
554 1219 591 1258 1,
624 1216 680 1251 54.
728 1223 886 1251 extrema
918 1229 951 1261 q.
984 1216 1165 1251 insultatio
1194 1217 1238 1259 8,
1277 1216 1322 1258 5,
1355 1218 1412 1248 11.
1458 1225 1506 1248 ex

28 1262 142 1297 tribus
165 1273 199 1306 q.
225 1261 389 1296 membris
415 1263 460 1304 9,
491 1260 538 1304 4,
575 1264 654 1296 101.
702 1273 786 1296 suos
811 1274 846 1307 q.
874 1273 1041 1297 numeros
1065 1263 1198 1296 habent
1219 1262 1354 1303 (verba)
1378 1263 1422 1293 ib.
1448 1261 1506 1294 68.

0 1307 304 1355 ,frequentiorem
337 1318 371 1352 q.
406 1308 546 1352 pulsum
577 1309 708 1342 habent
742 1307 889 1352 (iambi)
919 1311 963 1342 ib.
993 1309 1070 1346 136.
1116 1309 1236 1342 locum
1270 1308 1315 1341 ad
1348 1307 1433 1340 alias
1469 1317 1505 1350 q.

25 1356 177 1390 virtutes
213 1353 355 1388 dicendi
384 1353 620 1398 pertinentem
652 1355 696 1398 9,
729 1357 746 1388 1
759 1381 770 1398 ,
809 1355 866 1389 36.
911 1366 958 1389 ex
979 1354 1101 1390 verbis
1127 1354 1242 1388 dubiis
1269 1357 1306 1387 et
1332 1365 1366 1397 q.
1393 1352 1511 1396 dupli-

0 1388 137 1453 Jcilms,
157 1399 204 1443 9,
237 1401 280 1442 2,
311 1400 370 1435 69.
416 1410 474 1433 res
497 1399 661 1434 diversae
688 1399 894 1435 distantibus
926 1412 973 1435 ex
1000 1400 1090 1434 locis
1118 1412 1152 1444 q.
1179 1398 1337 1435 invicem
1365 1397 1509 1445 ignotae

0 1444 75 1490 27,
103 1446 171 1489 10,
195 1446 260 1479 ’17.
306 1457 341 1490 q.
371 1443 605 1478 indubitatum
627 1447 673 1489 8,
699 1447 743 1489 5,
769 1449 803 1480 7.
841 1446 956 1491 (vax)
984 1447 1149 1480 consulto
1174 1458 1208 1490 q.
1234 1444 1422 1479 obscurior
1448 1447 1505 1487 11,

0 1491 53 1544 ,3
106 1489 175 1534 643
215 1500 305 1536 quae
335 1489 472 1525 etiamsi
501 1491 644 1536 propria
675 1491 868 1536 aliquarum
900 1504 1028 1527 rerum-
1042 1492 1112 1526 sint
1135 1491 1298 1533 nomina,
1329 1487 1511 1532 τροπικῶς

0 1516 205 1581 ,8151811188
227 1538 271 1570 811
294 1537 400 1570 eund.
422 1537 641 1571 intellectum
666 1538 831 1572 feruntur
853 1541 916 1582 10,
954 1542 995 1581 1,
1031 1541 1088 1572 11.
1133 1537 1174 1581 b)
1199 1551 1228 1571 c.
1263 1538 1401 1571 Verbis.-
1433 1534 1510 1578 pri-

0 1580 14 1623 i:
29 1588 127 1615 11111111
162 1592 305 1615 sensum
339 1582 516 1616 vestibulo
553 1594 587 1626 q.
627 1583 806 1628 assignant
842 1587 906 1627 11,
942 1587 986 1626 2,
1020 1586 1079 1617 20.
1124 1593 1198 1616 non
1234 1594 1269 1627 q.
1297 1580 1511 1623 audiverint,

6 1628 11 1636 ‘
33 1627 99 1660 sed
119 1637 155 1669 q.
181 1625 384 1660 invenerint
406 1629 453 1669 8,
475 1630 519 1669 2,
542 1630 599 1662 21.
623 1640 658 1671 q.
682 1628 819 1662 numeri
844 1640 917 1663 non
945 1623 1079 1662 fuerint
1100 1628 1140 1662 in
1163 1627 1423 1672 compositione
1446 1627 1511 1659 de-

32 1671 200 1716 prehensi
219 1671 255 1712 9,
278 1669 314 1713 4,
339 1669 418 1722 114.
442 1683 478 1714 q.
502 1673 611 1705 altera
634 1673 695 1706 fiet
722 1674 836 1706 oratio
859 1675 895 1716 6,
920 1676 954 1716 1,
977 1677 1012 1707 2.
1041 1685 1075 1717 q.
1098 1675 1201 1717 plura
1226 1674 1315 1706 fiunt
1338 1673 1375 1714 9,
1392 1673 1426 1712 3,
1449 1672 1509 1706 50.

43 1720 45 1723 ’
71 1719 91 1726 “
166 1755 170 1758 ,
201 1716 402 1750 recordatio
426 1723 648 1751 commoneat
671 1723 706 1750 et
730 1730 766 1762 q.
790 1719 923 1753 excitet
950 1718 1157 1753 memoriam
1181 1721 1244 1762 11,
1269 1721 1313 1760 2,
1341 1718 1398 1752 28.
1424 1728 1507 1751 cum

0 1767 101 1805 iseo,
200 1772 220 1796 e
244 1773 266 1795 a
285 1759 389 1795 nobis
419 1761 546 1795 absunt
573 1774 608 1806 q.
639 1763 791 1797 fatemur
812 1765 857 1807 9,
882 1768 925 1808 2,
951 1765 1008 1800 49.
1044 1766 1171 1808 quaed.
1198 1777 1233 1808 q.
1261 1763 1435 1799 solvenda
1462 1764 1508 1796 de

0 1803 206 1845 *f-iudnstria
226 1813 309 1841 sunt
330 1807 374 1850 9,
396 1804 437 1850 4,
461 1806 551 1849 144;
584 1813 623 1842 ut
644 1809 907 1844 meminerimus
934 1810 1091 1844 omnium
1115 1823 1151 1854 q.
1180 1810 1422 1855 depositorum
1450 1812 1507 1852 11,

19 1852 68 1902 ¹2,
91 1855 148 1888 25.
171 1864 206 1897 q.
231 1853 420 1886 militantes
446 1853 558 1886 reficit
581 1865 623 1887 ac
645 1862 784 1899 reparat
807 1858 863 1898 10,
890 1857 925 1899 5,
949 1860 1003 1892 17.
1027 1855 1199 1901 acquisita
1219 1857 1387 1891 facultate
1411 1860 1447 1890 et
1470 1867 1506 1899 q.

2 1897 189 1944 :epodta
211 1899 252 1941 8,
290 1899 430 1951 Pr‘.29'
467 1899 564 1932 aliud
588 1901 702 1934 latens
726 1906 762 1934 et
785 1901 946 1946 auditori,
972 1914 1006 1946 q.
1028 1901 1283 1938 inveniendum
1307 1903 1350 1945 9,
1373 1904 1418 1944 2,
1441 1901 1526 1943 653.

15 1939 102 1985 ita
132 1949 214 1978 sunt
245 1954 390 1986 exorsi,
421 1944 555 1988 quasi
581 1945 627 1970 —'
659 1957 830 1981 summam
857 1948 1080 1993 eloquentiae
1114 1959 1256 1982 manum
1284 1946 1509 1992 imponerent

48 1996 53 2003 '
81 2013 92 2025 .
113 1989 149 2024 4.
176 1989 221 2031 cs.
249 1990 285 2031 9,
308 1987 344 2032 4,
361 1990 426 2041 87.
454 2002 486 2024 v.
505 1990 759 2042 ‘Tanquam.
803 1992 844 2038 β)
869 1996 940 2039 adj.
966 1999 1074 2028 altera
1099 1995 1350 2038 Conjunctione:
1376 1991 1508 2036 quasi

24 2048 32 2052 ··
69 2044 151 2071 ero
177 2046 252 2069 non
275 2036 438 2069 omnibus
460 2036 666 2071 animalibus
689 2038 765 2072 ead.
791 2038 913 2086 origo,
946 2045 1008 2074 aut
1030 2039 1082 2075 illi
1102 2039 1206 2084 primi
1228 2040 1397 2074 mortales
1425 2043 1507 2071 ante

24 2095 47 2118 ..ν-
66 2092 164 2116 men
191 2080 422 2125 imposuerint
451 2085 566 2115 terrae
591 2093 696 2126 quam
718 2082 786 2117 sibi
814 2087 855 2127 1,
885 2087 929 2128 6,
957 2085 1013 2119 34.
1047 2086 1318 2130 quasivero
1351 2084 1387 2117 id
1426 2095 1505 2116 eam

26 2133 167 2162 ·-μ..11
189 2126 352 2160 miseram
376 2137 416 2160 ac
441 2131 629 2161 nocentem
652 2129 693 2171 5,
719 2132 785 2172 10,
809 2129 866 2164 84.
902 2131 1173 2175 quasivero
1203 2130 1248 2164 sit
1270 2131 1343 2162 ulla
1371 2130 1505 2162 verbo-

62 2188 102 2201 ιιι»
149 2171 218 2206 nisi
240 2172 294 2206 rei
314 2171 592 2215 cohaerentium,
614 2172 728 2208 virtus
750 2176 784 2217 8,
807 2176 863 2209 Pr.
884 2177 942 2214 26.
968 2175 1011 2217 cs.
1031 2178 1066 2219 8,
1090 2178 1123 2219 5,
1147 2174 1205 2210 24.
1249 2176 1339 2208 Ν8111
1363 2174 1402 2207 in
1423 2185 1506 2218 par-

41 2216 85 2255 ..Ἷ-
117 2218 261 2263 quidem
282 2217 403 2252 litibus
421 2218 486 2251 has
508 2218 706 2265 tragoedias
733 2230 882 2256 movere
905 2223 1001 2256 tale
1026 2228 1099 2263 est,
1127 2221 1263 2266 quasi
1285 2219 1373 2264 (Sp.
1387 2218 1504 2263 quale)

36 2271 45 2273 ”
60 2261 75 2302 i
93 2267 284 2309 personam
306 2263 472 2297 Herculis
495 2269 532 2297 et
554 2265 746 2298 cothurnos
777 2272 896 2310 aptare
924 2268 1117 2301 infantibus
1140 2265 1231 2302 velis
1254 2268 1296 2308 6,
1323 2268 1339 2298 1
1353 2290 1362 2306 ‚
1389 2265 1434 2299 36
1458 2266 1507 2298 Ν.

40 2311 172 2344 ηαδ.
198 2310 241 2353 y)
256 2311 430 2353 respondet
449 2311 497 2342 sai
521 2311 708 2354 quidam:
734 2309 765 2344 si
789 2311 927 2346 habitus
952 2313 1143 2357 quidam
1167 2317 1203 2346 et
1228 2311 1363 2356 quasi
1387 2315 1506 2356 gestus

78 2374 82 2381 -
109 2355 307 2400 appellandi
334 2361 416 2389 sunt
437 2355 482 2397 9,
507 2358 550 2398 1,
577 2356 632 2389 13.
657 2355 890 2401 interpunctis
914 2358 1127 2402 quibusd.
1154 2363 1190 2391 et
1208 2357 1321 2390 tribus
1367 2379 1378 2388 .
1396 2356 1507 2390 initiis

51 2414 75 2447 .·'.
92 2397 129 2444 4,
152 2401 232 2436 108.
256 2400 432 2436 actionem
459 2399 534 2435 Cic.
559 2400 644 2434 alias
671 2413 707 2446 q.
727 2412 938 2446 sermonem,
963 2403 1048 2438 alias
1073 2401 1310 2448 eloquentiam
1371 2403 1504 2436 nand.

46 2448 195 2490 ’Ἶροι-13
219 2446 304 2480 dicit
327 2449 394 2490 11,
417 2448 458 2489 3,
484 2449 517 2480 1.
565 2441 605 2490 δ)
632 2448 703 2490 adj.
728 2449 886 2492 quidam.-
919 2449 1046 2493 quasi
1076 2450 1262 2493 quidam
1288 2458 1380 2480 uuus
1403 2459 1505 2491 aspe-

133 2492 189 2534 11,
208 2494 245 2536 3,
266 2490 323 2526 44.
352 2491 487 2537 quasi
510 2501 596 2525 cons
620 2492 770 2527 iratione
793 2493 921 2537 quad.
940 2495 1040 2539 vulgi
1063 2498 1119 2537 12,
1145 2498 1178 2537 1,
1207 2492 1262 2527 14.
1287 2505 1321 2537 q.
1346 2494 1503 2537 quasd.

66 2550 85 2579 ῃ,
121 2560 123 2563 -
153 2539 196 2580 1,
222 2539 286 2580 13,
310 2539 344 2572 1.
367 2539 416 2581 8,
437 2539 495 2574 Pr.
518 2540 554 2570 2.
588 2539 651 2572 118
677 2550 713 2583 q.
739 2539 855 2572 media
885 2540 1038 2583 quaed.
1072 2550 1197 2573 manus
1231 2541 1299 2581 11,
1331 2541 1375 2581 2,
1406 2540 1440 2573 3.
1469 2551 1506 2583 q.

65 2583 201 2629 gued.
228 2583 398 2627 mysteria
420 2582 462 2626 5,
488 2584 554 2625 13,
577 2583 635 2618 60.
670 2584 759 2618 haec
790 2595 914 2618 manus
939 2597 973 2629 q.
999 2585 1213 2630 quibusd.
1238 2582 1346 2618 sacris
1368 2583 1506 2618 initiata

84 2642 102 2670 f
128 2628 194 2672 10,
215 2627 272 2662 14.
298 2639 358 2663 res
381 2628 572 2663 attollimus
594 2646 639 2654 —
663 2634 725 2663 aut
748 2629 858 2677 signis
879 2642 913 2675 q.
940 2631 1158 2674 quibusd.
1185 2632 1229 2674 8,
1251 2630 1286 2672 6,
1312 2629 1369 2665 68.

247 2702 591 2752 fibiae'quassae
623 2719 643 2744 ο
691 2731 702 2741 .
742 2717 836 2742 11011
874 2708 993 2744 sati·
1025 2716 1256 2758 purgatae
1290 2710 1354 2752 11,
1378 2709 1420 2750 3,
1444 2709 1502 2741 20.

181 2751 440 2795 quodamnodo
461 2752 501 2787 fit
527 2751 589 2796 (151.
612 2720 741 2796 1«“)ΡΡ12,
767 2756 833 2795 10,
856 2755 914 2789 29.
