1728 3002
0 512 7 537 ,-
0 462 2 468 v
0 399 9 442 w..
0 283 26 384 ,κζ-,μ
7 253 12 259 ,
5 234 8 235 ,
5 190 10 194 .

806 36 911 158 Ago-
1114 72 1117 78 ’
1567 102 1619 142 41

143 219 203 258 vlr
222 229 299 257 uon
324 217 416 274 agit,
444 216 515 253 nlsl
536 216 650 252 bonas
674 226 798 250 causas
822 218 877 256 12,
901 219 935 259 1,
957 216 1016 251 33.
1045 214 1108 250 ubl
1138 224 1214 250 res
1246 213 1420 263 agltur,
1453 219 1490 250 et
1512 224 1623 250 vera

44 283 50 292 ⁴
107 271 111 275 '
144 265 388 303 dimicatio
411 269 485 300 eat
512 264 551 304 8,
572 265 607 306 3,
633 265 692 298 13.
725 261 756 296 si
779 256 836 308 agi
858 273 918 296 res
940 261 1084 296 videtur
1107 271 1222 303 nova,
1243 272 1381 309 magun,
1403 266 1510 296 atrox
1530 260 1565 299 4,
1591 264 1624 301 1,

72 338 74 342 »
135 315 203 349 33.
233 323 316 347 cum
343 316 379 346 et
401 309 512 355 ipsam
534 319 575 344 se
596 319 673 344 rem
698 318 803 355 agere
835 307 971 342 diceret
996 305 1123 351 (Cia),
1160 307 1295 342 diceret
1326 313 1444 342 autem
1467 306 1623 340 maxime

142 357 331 406 litigatoris
355 359 412 397 12,
435 358 492 399 10,
514 354 571 390 45.
599 354 660 399 qui
682 355 734 406 ad·
753 365 829 388 rem
851 355 1022 401 agendam
1048 359 1179 388 assunt.
1207 357 1317 406 Coef.
1350 356 1405 393 11,
1431 355 1545 406 1,.51.
1578 353 1622 386 ad

145 404 427 451 conjungendam
454 407 554 436 actae
580 401 634 435 rei
665 411 794 434 seriem
825 403 860 440 7,
892 403 940 478 ἱὶι
945 398 1159 480 ο13».,ιιῐιπὶιίιὲῑίιῢιι
1190 399 1626 479 {giezt'igglsogffldgitwgt

145 447 835 542 {Ztiffi'eg'agnnffc11ffoiifffafzffss1
846 457 983 525 1ignor-is
1014 457 1098 526 guae
1127 466 1400 536 p’ec‘uniaria
1431 491 1515 524 lite
1543 501 1625 542 age-

146 547 205 576 ret
225 542 307 576 adv.
327 541 475 574 tratrem
497 539 548 581 (a.
578 542 600 573 1.
622 537 862 582 pecuniariam
888 537 998 579 litem)
1022 539 1057 578 6,
1085 541 1116 576 1,
1140 539 1197 574 5o,·
1227 538 1273 571 N.
1299 550 1345 570 cr.
1376 537 1440 570 sub
1469 542 1626 570 extrario

148 592 354 622 accusatore
385 591 421 620 et
452 584 805 636 legibusnagen-te
827 586 867 623 7.·
889 582 926 625 4,
953 585 976 619 9
999 584 1046 617 Ν.
1106 582 1145 627 1))
1172 596 1201 635 q.
1229 585 1393 618 Genii-s
1428 592 1495 616 auo
1529 593 1627 616 cae-

149 633 220 667 dis
246 631 282 674 4,
310 631 347 674 4,
377 633 413 667 8.
451 631 680 665 adultern
716 635 831 676 agitur
864 639 1026 664 mecum
1054 631 1098 664 ib.
1129 634 1202 676 aglt
1232 639 1328 663 cum
1363 638 1408 662 eo
1478 638 1627 663 emen-

148 678 245 713 tiae
266 678 303 720 9,
326 680 362 717 2,
384 679 443 713 90.
475 676 507 710 si
536 681 616 723 aget
641 675 922 719 injuriarum
944 677 979 719 3,
1006 675 1042 717 6,
1071 677 1126 712 19.
1160 673 1420 721 sacrilegii
1453 674 1569 721 agitur
1594 673 1629 714 4,

132 722 185 768 ι4,
212 725 249 759 3.
276 728 440 771 agentem
463 733 562 756 cum
585 733 628 756 ea
653 721 849 755 talionis
872 722 906 759 8.
930 721 964 759 5.
995 724 1050 755 12.
1131 719 1200 765 VI)
1223 724 1341 755 Panes
1366 723 1497 772 aliquas
1523 723 1628 755 susci-

149 772 219 814 μό.
257 768 297 811 α)
321 772 354 803 in
387 771 520 803 coeusis:
553 769 779 814 agendusque
803 766 1025 801 adversarius
1052 769 1106 808 12,
1128 768 1163 808 8,
1187 769 1244 801 10.
1274 767 1402 801 orbum
1429 777 1565 812 aglmus
1593 772 1629 800 et

149 815 360 862 naufragum
392 820 427 848 et
455 813 713 859 periclitantem
750 815 809 855 (ἰη
833 813 976 853 scholis)
1000 814 1034 853 6,
1058 815 1094 855 2,
1115 813 1171 847 36.
1201 812 1379 846 solicinun
1403 823 1510 858 agere
1533 811 1570 852 4,
1597 815 1630 855 1,

149 862 208 896 33.
240 871 348 908 agens
374 859 577 904 imperinm
601 865 637 893 et
660 859 905 893 admiratorem
931 857 1080 892 alionun
1112 863 1277 903 tanquam
1302 858 1513 902 sapientium
1536 860 1570 897 9.
1595 861 1631 901 2,

149 905 197 941 46
223 909 268 940 Ζ.
326 905 371 951 β)
397 909 430 939 in
462 918 582 939 scena.-
620 905 656 938 id
685 905 874 938 ostendere
906 905 1016 941 latus.
1051 905 1149 948 quod
1181 915 1262 938 cum
1288 904 1353 942 iis.
1391 915 1479 948 quas
1512 910 1632 951 agunt,

150 951 307 996 partibus
334 956 506 997 congruat
535 950 590 994 (in
616 950 810 992 comoediis)
843 953 901 993 11,
927 952 961 993 Q,
985 948 1043 985 74.
1077 949 1213 984 etiamsi
1240 951 1330 984 alter
1352 949 1439 983 deos
1452 955 1501 997 ‘et
1526 952 1632 994 juve-

150 1007 219 1030 nes
242 1003 279 1031 et
303 997 418 1031 bonos
443 1001 581 1041 patres,
618 1006 835 1040 servosque,
869 1002 907 1030 et
930 1001 1110 1030 mnu-onas
1138 1002 1175 1031 et
1199 1007 1329 1043 graves
1359 1007 1449 1029 anus
1474 996 1630 1040 optime;

152 1043 243 1076 alter
269 1053 370 1076 acres
400 1053 504 1076 senes
535 1049 596 1075 etc.
621 1042 748 1076 melius
773 1040 888 1086 (egit)
916 1043 961 1076 ib.
986 1042 1066 1077 178.
1089 1040 1135 1084 cs.
1160 1044 1205 1081 ib.
1228 1043 1296 1084 913
1338 1041 1386 1084 cf.
1415 1044 1539 1076 etiam:
1570 1042 1634 1076 ille

94 1104 103 1108 ·
153 1087 379 1126 comoedias,
412 1087 471 1121 hic
493 1084 695 1134 tragoedias
718 1087 790 1134 egit
812 1089 858 1120 ὥ.
882 1090 962 1121 111.

240 1132 331 1177 Ἧι)
361 1135 521 1176 Ρανίίσίρ.
550 1135 631 1166 Act.
679 1131 722 1177 a)
754 1136 873 1166 Praes-
910 1146 971 1177 pro
1001 1139 1172 1167 actore.-
1211 1132 1247 1174 5,
1276 1133 1336 1166 Pr.
1372 1135 1407 1166 1.
1440 1135 1478 1174 7,
1505 1134 1542 1174 3,
1574 1135 1632 1167 15.

48 1179 51 1182 ’
97 1213 102 1226 -.
151 1179 250 1223 qnod
275 1179 458 1226 agentibus
483 1178 612 1212 ceteris
635 1178 1028 1213 contumeliosissimum
1054 1179 1124 1212 fuit
1148 1181 1203 1220 12,
1227 1180 1260 1220 5,
1282 1180 1317 1214 6.
1346 1190 1428 1212 cnm
1456 1180 1500 1212 ad
1568 1189 1634 1212 en-

150 1229 226 1258 tem
247 1235 296 1258 ex
323 1224 425 1258 turba
456 1223 699 1268 prospexisset
729 1224 782 1266 (α.
810 1229 822 1259 1
859 1226 904 1258 ad
934 1226 1111 1271 agendum
1138 1226 1184 1259 N.
1214 1226 1278 1266 cr.)
1305 1225 1340 1266 6,
1363 1227 1396 1266 1,
1418 1224 1475 1259 48.
1500 1226 1509 1230 “
1545 1247 1557 1259 .
1580 1227 1634 1266 12,

154 1271 211 1312 11,
233 1270 269 1304 3.
291 1285 337 1295 —
365 1269 542 1314 Mperans
569 1270 805 1316 agentium
830 1276 987 1305 contra
1013 1270 1165 1317 ingeniis
1188 1269 1223 1311 4,
1251 1273 1282 1311 1,
1306 1271 1341 1308 8.
1370 1281 1481 1304 cansa
1504 1270 1632 1312 omnis,

151 1314 192 1349 in
213 1326 284 1359 qua
311 1326 394 1359 pars
424 1317 533 1349 altera
556 1327 608 1361 ag
622 1316 761 1355 entis.
794 1318 906 1351 altera
931 1316 1200 1351 recusantis
1224 1322 1278 1350 est
1304 1319 1340 1355 3,
1370 1318 1426 1356 10,
1455 1319 1489 1351 1.
1527 1316 1634 1350 siccis

139 1360 287 1408 agentis
318 1360 497 1405 (Spald.
530 1360 672 1408 agenti)
705 1363 820 1396 oculis
849 1358 1014 1396 lacrimas
1044 1362 1165 1396 dabit?
1199 1363 1234 1403 6,
1262 1366 1296 1402 2,
1319 1364 1365 1397 27
1388 1363 1437 1396 Ν.
1463 1375 1510 1395 cr.
1537 1370 1568 1396 et
1595 1364 1633 1395 S.

154 1417 245 1451 quae
270 1417 343 1440 non
367 1413 440 1441 tam
465 1407 605 1441 dicendi
628 1413 722 1451 arte,
755 1420 859 1452 quam
889 1409 1018 1443 officiis
1046 1407 1183 1454 agentis
1215 1407 1267 1451 (α.
1294 1412 1315 1442 1.
1339 1407 1486 1453 agendi)
1516 1408 1635 1442 conti-

151 1458 283 1487 nentur
309 1455 365 1492 12,
388 1453 424 1495 9,
454 1455 486 1488 1.
516 1452 636 1500 agenti
665 1455 708 1487 ad
731 1454 942 1488 varietatem
970 1465 1156 1488 cansarum
1180 1454 1272 1488 ratio
1302 1455 1471 1488 mutanda
1493 1459 1550 1488 est
1578 1457 1635 1498 10,

153 1500 190 1539 7,
212 1499 247 1534 3.
280 1497 421 1532 varium
443 1499 521 1533 fere
547 1499 769 1543 propositum
793 1500 972 1546 agentium
999 1503 1056 1542 12,
1083 1502 1119 1540 9,
1145 1498 1211 1534 14..
1229 1499 1319 1533 nulli
1348 1510 1424 1533 non
1455 1500 1636 1547 agentium

152 1548 275 1587 parata
295 1544 395 1590 vulgi
417 1555 551 1578 corona
574 1551 628 1579 est
653 1548 708 1588 12,
735 1548 789 1586 10,
814 1545 870 1580 74.
899 1545 960 1590 qui
982 1547 1082 1581 velut
1110 1547 1155 1579 ad
1181 1547 1318 1579 arculas
1339 1546 1481 1587 sedent,
1505 1551 1542 1580 et
1563 1547 1637 1580 tela

155 1589 341 1642 agentibus
369 1590 645 1624 mimministrant
673 1593 730 1633 12,
755 1594 789 1632 3,
809 1591 846 1625 4.
901 1593 942 1635 β)
964 1595 1043 1626 Fut.
1069 1593 1112 1624 de
1129 1591 1248 1632 finum
1280 1599 1414 1625 actore.-
1458 1591 1530 1626 cito
1554 1602 1638 1636 per-

157 1645 278 1678 cipere
299 1636 409 1669 multa
433 1641 619 1670 acturos
646 1642 788 1680 oportet
812 1640 869 1679 11,
892 1640 927 1678 2,
951 1640 986 1671 2.
1012 1648 1080 1671 nec
1102 1643 1201 1671 tanta
1223 1637 1269 1671 sit
1292 1643 1416 1671 acturo
1441 1638 1638 1671 memoriae

154 1679 285 1714 fiducia
311 1683 368 1723 12,
390 1682 425 1723 8,
449 1683 488 1716 8.
550 1680 655 1725 VIII)
684 1684 975 1717 Ger-andium.-
1015 1683 1057 1724 α)
1086 1685 1216 1717 Genit.:
1246 1689 1321 1716 tum
1346 1683 1539 1728 agendi.
1562 1689 1637 1716 tum

155 1725 262 1760 etiam
291 1726 524 1770 loquendi
556 1734 769 1771 praeceptor
796 1731 828 1770 2,
852 1732 907 1768 17,
934 1731 970 1764 8.
1003 1729 1132 1776 agendi
1164 1729 1245 1762 finis
1271 1730 1328 1763 Pr.
1350 1731 1408 1763 22.
1432 1746 1477 1754 -
1499 1728 1639 1763 initium

156 1771 350 1805 secundum
374 1772 472 1807 vires
503 1773 674 1818 cujusque
708 1775 917 1811 sumendum
949 1780 1004 1808 est
1039 1777 1094 1815 12,
1128 1775 1164 1817 6,
1198 1778 1229 1808 1.
1252 1793 1297 1799 —-
1327 1785 1427 1808 more
1458 1786 1500 1808 ac
1530 1776 1640 1809 modo

156 1815 334 1850 contineri
363 1820 420 1857 11,
451 1821 484 1858 1,
514 1820 571 1853 29.
600 1836 645 1843 —
682 1829 813 1865 genus,
849 1821 978 1854 modus
1009 1822 1045 1862 3,
1077 1821 1112 1863 8,
1144 1821 1200 1855 35.
1234 1820 1372 1854 subitae
1407 1820 1639 1854 necessitates

157 1862 220 1894 vel
250 1862 343 1905 apud
367 1863 610 1909 magistratus,
636 1866 698 1898 vel
725 1882 771 1889 —
801 1866 972 1900 continuo
1003 1865 1133 1912 agendi
1168 1868 1225 1909 10,
1253 1869 1289 1908 7,
1318 1868 1351 1900 2.
1379 1865 1425 1907 qs.
1457 1869 1489 1908 1,
1522 1869 1577 1904 12,
1602 1866 1638 1900 4.

159 1905 310 1940 scientia
337 1907 541 1942 videndi
580 1914 615 1943 et
652 1910 822 1956 agendi
854 1911 892 1945 in
927 1911 1197 1957 quaestionibus
1222 1911 1388 1947 civilibus
1412 1922 1478 1956 per
1504 1912 1640 1946 oratio-

160 1952 453 1995 nem,popularis
486 1954 726 1997 persuasionis
763 1959 1021 1997 (Aristonis
1043 1959 1156 1999 finitio
1187 1957 1393 1999 rhetorices)
1420 1961 1456 2000 2,
1494 1959 1550 2000 15,
1585 1959 1639 1993 19.

92 2034 95 2035 ⁷
161 1996 207 2037 β)
229 1997 409 2030 Accusat..-
446 1999 497 2031 ad
527 2000 701 2045 agendum
731 2001 924 2036 erectiores
936 2004 985 2048 ‚9‚
1012 2001 1048 2046 4,
1081 2005 1138 2037 12.
1168 2005 1280 2037 multo
1304 2004 1349 2036 ad
1378 2013 1432 2047 ag.
1459 2002 1642 2037 difficilio-

161 2050 238 2074 rem
269 2041 514 2092 necessitatem
536 2045 572 2086 9,
596 2047 633 2086 2,
655 2046 712 2079 68.
743 2046 804 2089 qui
827 2057 866 2080 se
890 2048 1014 2093 ad‘ag.
1039 2054 1245 2091 comparant
1271 2050 1328 2091 10,
1360 2051 1394 2090 1,
1423 2049 1481 2082 67.
1511 2049 1557 2082 ad
1584 2060 1639 2096 ag.

162 2095 355 2120 accessisse
377 2086 413 2130 4,
437 2090 471 2129 1,
493 2091 528 2122 7.
566 2093 647 2122 uter
672 2090 716 2122 ad
748 2092 922 2137 agendum
954 2093 1065 2138 magis
1095 2092 1246 2126 idonens
1269 2093 1413 2127 veniret
1440 2095 1495 2135 11,
1521 2096 1556 2136 1,
1580 2097 1640 2129 20.

163 2129 210 2172 «J.
234 2131 271 2175 6,
295 2133 330 2173 1,
349 2130 408 2166 48.
441 2132 571 2167 inter
596 2135 770 2180 agendum
799 2147 979 2180 nunquam
1009 2143 1063 2171 est
1095 2138 1282 2172 destitutus
1305 2137 1454 2172 scientia
1475 2138 1562 2182 juris
1586 2139 1641 2184 (a.

164 2180 192 2209 1.
210 2175 249 2209 in
273 2178 428 2231 agendo)
452 2181 508 2221 12,
526 2181 562 2221 3,
587 2182 644 2213 10.
690 2181 729 2223 y)
751 2183 888 2215 Amat..-
912 2181 960 2215 in
983 2183 1155 2229 agendo
1183 2184 1222 2223 (i.
1242 2196 1270 2218 e.
1293 2186 1378 2216 inter
1403 2186 1510 2227 ipsam
1536 2189 1642 2220 ασιίο-

162 2220 253 2266 nem)
282 2224 319 2265 6,
345 2224 380 2265 3,
409 2223 468 2259 47.
495 2225 532 2268 8,
562 2225 599 2267 6,
634 2225 689 2259 18.
727 2227 785 2268 11,
818 2228 852 2269 1,
883 2227 939 2261 56.
976 2226 1015 2261 in
1052 2229 1190 2274 agendo
1222 2228 1339 2263 flexus
1367 2229 1471 2264 vocis
1499 2231 1643 2275 plurimi

162 2273 246 2319 sunt
278 2270 312 2311 1,
342 2271 400 2310 10,
430 2272 487 2302 22.
528 2281 609 2304 cnm
642 2270 713 2304 sint
748 2270 874 2305 artium
908 2271 997 2307 aliae
1026 2273 1163 2317 positae
1196 2273 1235 2308 in
1269 2274 1569 2319 inspectione
1596 2294 1643 2303 —

164 2313 255 2347 altae
277 2314 317 2347 in
343 2316 519 2361 agendo
545 2318 581 2359 2,
606 2317 663 2359 18,
689 2319 722 2351 1.
756 2316 1050 2362 circumspectare
1074 2319 1113 2353 in
1139 2330 1196 2365 ag.
1225 2321 1354 2363 (omnes
1379 2330 1644 2364 argumentor-um

166 2359 279 2410 locos)
307 2361 364 2402 12,
385 2362 419 2402 8,
446 2360 502 2394 14.
535 2362 580 2395 ad
605 2362 756 2396 verbum
783 2362 820 2396 in
852 2373 906 2410 ag.
935 2364 1099 2398 retulisse
1132 2367 1188 2408 10,
1217 2365 1252 2410 6,
1283 2365 1319 2400 4.
1349 2368 1498 2402 multum
1524 2368 1561 2402 in
1588 2379 1645 2416 ag.

165 2403 421 2440 discursantem
449 2414 510 2440 etc.
540 2407 576 2450 6,
608 2409 644 2450 3,
669 2406 727 2442 54.
762 2407 801 2442 in
874 2432 886 2443 .
914 2411 995 2453 plus
1024 2409 1193 2455 impetum
1220 2423 1326 2456 posse
1350 2413 1558 2458 plerumque
1587 2418 1630 2449 12

168 2450 302 2500 10,.50.
332 2451 492 2486 seniores
511 2451 560 2505 'in
581 2464 649 2505 μς.
687 2453 773 2488 facti
796 2419 890 2497 ἐξ,
938 2483 947 2492 .
977 2467 1067 2500 quae
1090 2455 1161 2490 sint
1186 2457 1222 2491 in
1247 2468 1302 2505 ag.
1328 2460 1504 2493 servanda
1527 2462 1584 2504 12,
1607 2442 1644 2504 9:

168 2495 202 2528 1.
229 2504 275 2528 tn
294 2505 375 2541 mg.
409 2498 692 2533 clansstmos
726 2501 896 2544 quosdam
927 2500 1017 2536 nihil
1044 2502 1241 2545 posteritati
1273 2503 1460 2548 reliquisse
1494 2508 1551 2548 12,
1585 2509 1643 2549 10,

166 2536 226 2574 49.
302 2541 372 2580 ΙΧ)
402 2545 647 2586 Impera1.:
690 2544 803 2591 Age,
840 2545 1002 2590 inquam,
1035 2547 1190 2592 aliquid,
1225 2555 1261 2583 et
1287 2549 1506 2594 reipublicae
1536 2561 1644 2586 causa

167 2584 376 2620 elabora.
417 2591 584 2627 vomit.
618 2588 690 2631 As.
722 2592 758 2633 6,
790 2592 826 2633 3,
854 2592 920 2634 68;
991 2598 1163 2627 transitum
1196 2597 1242 2628 acl
1279 2608 1389 2628 acrem
1421 2599 1643 2640 quaestionem

162 2627 271 2670 facit.-
309 2631 400 2679 Age
432 2645 557 2677 vero,
589 2646 680 2670 non
714 2635 821 2679 ((1.1.
853 2639 995 2681 nonne)
1023 2639 1205 2684 utriusque
1240 2641 1359 2686 operis
1394 2640 1573 2688 ingressus
1598 2660 1643 2668 -

167 2675 281 2721 legem
308 2678 568 2720 prooemiorum
591 2698 636 2705 —
663 2681 868 2717 coustituit?
906 2686 959 2726 10,
987 2687 1019 2726 1,
1047 2684 1093 2720 48
1120 2687 1167 2720 Ν.
1191 2699 1238 2721 cr.
1284 2685 1398 2734 Age,
1438 2698 1527 2722 non
1557 2688 1640 2733 (Sp.
