1728 3002
0 0 13 37 ιζ
19 11 21 14 .

54 173 60 179 .

0 251 43 443 ἱ

0 453 26 531 3

541 196 799 266 Adhortatio
829 222 885 231 -
911 195 1009 241 Adh
1015 210 1068 240 uc
1509 200 1560 238 21

64 313 136 396 ibit:
165 311 342 360 corruptis
378 313 549 349 adhibeas
573 315 630 356 12,
657 314 714 356 10,
736 311 796 347 76.
832 311 978 346 modum
1001 310 1160 346 adhibuit
1186 311 1241 346 rei
1266 312 1303 355 9,
1329 313 1363 355 3,
1392 310 1449 347 74.
1478 322 1564 356 pro-

124 359 242 396 tionou
268 359 439 395 adhibere
464 370 591 396 causae
617 362 660 403 2,
688 361 753 401 10,
776 359 812 392 8.
850 358 951 405 signa
982 358 1113 402 pedum
1137 368 1211 392 non
1241 358 1361 392 minus
1384 358 1563 392 saltationi

77 418 186 452 quam
218 406 519 442 modulationibus
550 405 695 440 adhibet
726 403 863 438 musica
893 403 987 438 ratio
1023 414 1252 438 numerorum
1283 406 1325 447 9,
1349 402 1392 447 4,
1422 405 1490 440 139
1514 406 1562 438 Ν.

78 453 121 496 b)
143 456 264 488 Pau„-
299 452 478 487 nutricum
510 463 603 497 quae
637 449 824 486 adhibetur
848 449 1043 484 infantibus
1072 450 1251 484 allectatio
1279 453 1311 494 1,
1341 452 1398 493 10,
1421 452 1478 485 32.
1517 449 1562 483 iis

76 498 197 533 miuus
219 497 463 539 affirmationis
488 497 609 533 adhib.
635 497 671 542 5,
697 499 754 540 11,
782 499 839 531 17.
868 496 927 531 cui
950 494 1003 530 rei
1030 495 1231 530 adhibenda
1257 496 1328 531 sint
1354 501 1562 544 argumenta

77 544 116 587 ⁵,
144 547 201 588 10,
226 545 305 580 109.
335 545 471 582 refert.
509 554 660 588 quorum
686 542 899 582 auctoritas.
936 547 972 576 et
995 541 1122 586 quibus
1151 542 1359 576 adhibeatur
1381 545 1416 585 3,
1442 543 1479 586 8,
1502 543 1561 577 36.

78 589 187 643 etiam
212 589 396 636 frugiferis
422 589 641 625 adhibendus
665 595 720 624 est
746 589 858 631 Qor
882 589 977 644 8.’.3‘
999 589 1024 624 9
1026 591 1110 668 ὀξὺ
1116 588 1306 641 frondibus
1327 587 1562 669 tenerisano4n

77 636 589 726 fflbrssiffiffibffifflss,
599 634 768 725 ²1⁹⁵‚4’33ff
773 632 981 725 ’(,ἱέ-’ἑξῖᾂῧ
1003 638 1471 715 2..;„32':,¹ffl:'55‘22¹¹¹..3‚2„
1488 658 1562 714 ‘adl

77 726 240 772 hibetur,
263 728 480 771 (consuiant)
509 727 701 762 latentibus
731 727 767 769 6,
791 727 825 769 5,
850 728 885 761 3.
910 738 944 778 υ..
968 725 1220 778 Judicium.
1249 727 1346 779 laus,
1377 738 1468 779 quae
1496 737 1563 761 ne-

77 772 185 821 gotiis
218 773 406 808 adhibetur
427 775 471 816 3,
495 776 532 812 7,
556 771 592 808 4.
626 772 697 808 nisi
730 772 958 816 disponendis
985 782 1037 806 eis
1066 773 1355 817 collocandisque
1387 772 1560 807 artificum

77 830 204 854 manua
228 819 438 854 adhibeatur
460 822 484 855 7
509 819 572 856 Pr.
597 821 630 853 1.
663 817 721 854 cui
756 816 916 862 (juveni)
939 828 1008 852 nec
1034 817 1195 852 adhiberi
1220 825 1337 863 potest
1359 818 1419 852 hic
1446 824 1562 853 metus

3 879 6 883 ⁴
76 867 114 903 1.
141 866 178 909 3,
206 865 262 900 15.
289 865 418 911 quibus
443 862 660 909 (rhetoribus)
694 870 987 908 quantuscunque
1012 874 1181 898 uumerus
1204 862 1469 909 (discipulorum)
1495 865 1561 898 ad·-

76 909 242 946 hibeatm·
264 912 298 953 1,
319 914 356 954 2,
382 912 440 946 13.
477 910 614 955 asperis
639 915 677 944 et
701 920 850 953 asperos
882 920 1050 943 numeros
1075 910 1235 944 adhiberi
1256 912 1293 953 9,
1319 909 1356 954 4,
1381 911 1461 945 126.
1498 920 1562 944 or-

76 961 183 990 natus
204 955 392 991 adhibetur
415 955 470 990 rei
494 959 550 999 11,
580 958 613 999 1,
638 959 673 991 7.
711 966 806 996 rem,
849 966 941 999 quae
963 955 1115 990 ulterius
1141 956 1347 1000 probationi
1374 956 1562 990 adhibetur

80 1003 119 1044 5,
143 999 209 1044 14,
235 1004 282 1045 1;
337 1001 514 1036 adhibitus
545 1001 580 1036 ei
616 1012 752 1036 coenae
786 1003 842 1039 11.
868 1004 904 1043 2,
939 1003 995 1035 12.
1052 1001 1086 1046 γ)
1115 1014 1145 1036 c.
1178 1005 1357 1045 Ρναεροεε.
1385 1003 1559 1047 junctum.-

78 1047 307 1091 enthymema
332 1047 520 1082 adhibetur
544 1048 599 1082 ad
622 1046 889 1091 probationem,
922 1047 975 1080 ad
999 1052 1164 1082 ornatum
1189 1049 1226 1088 8,
1249 1050 1283 1091 5,
1309 1047 1437 1090 10.,cs.
1463 1050 1499 1092 8,
1527 1049 1563 1091 6,

77 1095 116 1127 7.
139 1092 228 1127 alias
255 1093 308 1127 ad
329 1094 549 1134 docendum,
572 1092 660 1127 alias
683 1094 735 1126 ad
757 1093 972 1134 movendum
999 1092 1183 1128 adhibebit
1206 1100 1301 1128 artes
1329 1097 1385 1138 12,
1410 1095 1468 1139 10,
1494 1097 1561 1137 70;

78 1148 151 1172 nec
174 1137 294 1172 minus
322 1149 432 1174 curae
460 1138 509 1173 in
540 1139 612 1174 hoc
646 1138 807 1173 adhiberi
833 1139 939 1172 debet
971 1138 1013 1183 5,
1042 1142 1108 1182 10,
1136 1141 1215 1176 109.
1264 1142 1361 1185 quod
1397 1139 1446 1174 in
1478 1151 1562 1175 eum

20 1222 25 1225 Α
47 1187 53 1200 ’
78 1184 196 1218 sotum
220 1182 408 1219 adhibetur
427 1195 531 1218 usum
551 1183 596 1228 4,
621 1184 665 1229 5,
691 1184 750 1219 26.
785 1183 1002 1228 praelectio,
1042 1196 1135 1229 quae
1166 1185 1214 1220 in
1239 1186 1328 1221 hoc
1361 1187 1564 1230 adhibetur,

75 1228 130 1263 ut
154 1235 215 1264 etc.
240 1232 276 1273 2,
303 1230 338 1273 5,
363 1227 399 1264 4.
437 1229 624 1265 adhibetur
649 1229 873 1265 extrinsecus
903 1230 949 1264 in
985 1242 1127 1266 causam
1154 1237 1191 1266 et
1219 1232 1412 1267 auctoritas
1439 1233 1475 1276 5,
1503 1236 1563 1275 11,

76 1275 136 1310 36.
165 1275 340 1310 adhibitus
364 1275 409 1310 in
434 1275 624 1311 consilium
647 1275 684 1320 4,
711 1279 747 1319 2,
773 1279 840 1319 22;
888 1276 1100 1321 compositio
1124 1283 1161 1312 et
1186 1289 1296 1312 sonus
1322 1278 1371 1312 in
1398 1278 1563 1313 oratione

75 1319 178 1356 varie
203 1320 391 1356 adhibetur
413 1324 445 1363 1,
469 1324 527 1366 10,
555 1324 613 1356 23.
653 1321 684 1356 si
719 1333 832 1369 genus
861 1322 1011 1357 sublime
1043 1323 1186 1358 dicendi
1209 1324 1330 1368 parvis
1357 1324 1404 1358 in
1430 1324 1562 1367 causis,

74 1377 229 1410 parvum
251 1366 484 1412 limatumque
516 1367 707 1415 grandibus
734 1375 795 1402 etc.
821 1368 1051 1403 adhibeamus
1086 1370 1387 1413 <Sp.·0ffen‹1i1ur
1409 1374 1562 1415 Praepo-

75 1412 204 1457 duone)
230 1414 294 1456 11,
319 1416 361 1457 1,
388 1415 410 1448 3
437 1414 485 1448 N.
518 1415 598 1458 plus
631 1413 755 1458 judicii
787 1413 835 1447 in
865 1414 1069 1461 elegendis,
1104 1427 1212 1460 quam
1243 1416 1290 1450 in
1324 1416 1563 1464 congerendis

73 1457 185 1493 studii
212 1459 454 1493 adhibuissent
474 1459 511 1503 6,
535 1461 571 1502 3,
597 1459 632 1496 5.
660 1460 830 1494 adhibere
860 1459 908 1493 in
942 1462 1156 1505 exequendo
1179 1473 1262 1504 suas
1284 1461 1383 1498 vires
1409 1463 1444 1507 5,
1470 1466 1503 1505 1,
1525 1464 1561 1496 3.

77 1502 126 1546 ‹ff-
148 1505 195 1547 3,
221 1505 270 1549 6,,
299 1506 368 1548 92;
425 1506 518 1539 Illud
546 1515 658 1552 genus
694 1505 938 1540 affirmationis
972 1507 1131 1554 gratia
1167 1508 1355 1543 adhibetur
1380 1510 1415 1552 8,
1443 1511 1479 1548 3,
1505 1508 1565 1544 54.

76 1549 140 1594 qui
164 1548 305 1595 (tropi)
334 1550 555 1598 significandi
587 1551 751 1598 gratia
778 1551 990 1586 adhibentur
1014 1553 1050 1595 8,
1074 1553 1110 1588 6.
1139 1555 1174 1588 3.
1209 1555 1460 1597 (interrogare)
1490 1565 1562 1589 no-

75 1596 222 1637 acendi,
251 1596 488 1641 (percontari)
515 1597 686 1644 arguendi
717 1597 880 1645 gratia
918 1598 1078 1633 adhiberi
1110 1600 1147 1641 9,
1170 1602 1205 1641 2,
1230 1600 1273 1644 6;
1333 1601 1426 1635 huc
1452 1600 1560 1644 (opu.

79 1642 185 1675 Godd.
208 1640 290 1685 hic,
328 1644 417 1687 quod
439 1644 480 1678 G.
502 1643 581 1687 jure
606 1646 750 1687 recepit,
786 1656 819 1677 a.
842 1648 866 1678 1.
893 1645 966 1678 hoc
979 1670 990 1688 ,
1023 1649 1068 1679 Z.
1090 1647 1134 1679 de
1162 1646 1247 1691 conj.
1275 1646 1379 1692 huic)
1406 1646 1561 1681 studium

74 1686 268 1731 plurimum
288 1685 352 1732 &x
373 1691 472 1723 Δηώ.
501 1689 554 1732 1.)
579 1689 820 1724 adhibendum
845 1691 882 1734 8,
907 1691 966 1724 Pr.
997 1691 1052 1726 16.
1080 1692 1130 1729 N.
1155 1704 1203 1726 cr.

31 1739 300 1786 Adhortatio.
337 1754 377 1790 in
403 1755 708 1792 adhortationibus
730 1757 835 1793 fortis
862 1757 965 1803 (vox)
988 1760 1046 1803 11,
1071 1760 1105 1800 3,
1132 1757 1191 1794 64.

33 1804 200 1852 Adhuc·
257 1821 292 1866 1)
325 1826 460 1868 proprie
488 1826 531 1858 de
563 1832 720 1869 tempore.
766 1824 809 1870 α)
837 1827 920 1860 huo
954 1839 1110 1872 usque,
1154 1829 1211 1861 ad
1246 1829 1325 1862 hoc
1365 1835 1560 1873 tempus.-

79 1867 178 1909 quod
204 1868 322 1905 adhuc
357 1870 520 1904 obtinent
554 1871 682 1905 Graeci
717 1874 760 1915 2,
792 1874 810 1906 1
823 1897 834 1915 ,
872 1874 927 1907 13.
962 1874 1101 1907 salvum
1134 1884 1192 1908 me
1232 1885 1311 1908 esse
1345 1875 1462 1908 adhuc
1493 1886 1563 1909 nec

79 1911 211 1962 credo,
242 1923 311 1947 nec
341 1915 491 1960 gaudeo.
519 1917 700 1952 Seneca.
727 1918 764 1960 8,
791 1918 825 1957 5,
850 1919 907 1953 18.
945 1918 1104 1953 Lucilius
1131 1917 1376 1963 quosdam'ita
1402 1920 1471 1954 sibi
1498 1922 1564 1955 de-

79 1956 174 1989 ditos
199 1958 281 1992 adh.
308 1959 417 2010 habet
441 1966 615 1995 amatores
643 1965 700 2003 10,
727 1966 762 2006 1,
788 1965 848 1998 93.
886 1975 959 2008 quo
991 1964 1030 1999 in
1056 1975 1189 2010 genere
1214 1965 1449 2010 paucissimos
1476 1968 1559 2000 adh.

80 2002 290 2053 eloquentes
312 2004 435 2038 hterae
456 2007 637 2040 Romnae
660 2009 819 2047 tulerunt
844 2011 888 2043 ib.
917 2011 996 2044 123.
1041 2011 1212 2054 Superest
1237 2012 1318 2045 adh.
1343 2018 1379 2046 et
1405 2018 1563 2047 exornat

80 2051 206 2080 aetatis
224 2053 368 2100 nostrae
388 2049 538 2095 gloriam
555 2053 600 2085 ib.
613 2050 681 2085 104
698 2053 746 2086 N.
777 2064 866 2097 quos
884 2054 1062 2089 maximos
1081 2057 1163 2089 adh.
1185 2057 1351 2091 novimus
1377 2056 1564 2102 (oratores)

80 2093 141 2134 10,
160 2094 196 2135 2,
225 2093 261 2128 9.
297 2104 360 2138 qm
387 2094 467 2128 adh.
496 2095 624 2132 summi
651 2102 733 2130 sunt
763 2100 806 2131 ib.
832 2100 889 2133 28.
926 2100 1059 2134 ratibus
1091 2102 1171 2134 adh.
1200 2102 1427 2147 navigaretur
1458 2106 1502 2136 ib.
1526 2107 1563 2138 7.

79 2138 165 2172 adh.
183 2149 375 2191 ‘versamur
408 2138 448 2172 in
473 2140 647 2174 confessis
675 2144 711 2184 7,
740 2143 774 2184 1,
799 2141 856 2177 48.
895 2145 940 2177 de
974 2155 1046 2188 quo
1075 2145 1231 2179 diximus
1267 2148 1348 2180 adh.
1378 2150 1435 2191 11,
1460 2151 1497 2192 2,
1526 2152 1562 2183 1.

0 2203 20 2215 -.
79 2193 199 2228 neque
231 2195 307 2220 vim
334 2195 460 2219 eorum
486 2186 566 2219 adh.
600 2184 873 2230 (Gracchorum,
904 2190 1061 2231 Catonis)
1086 2189 1271 2225 intellectu
1298 2201 1564 2239 consequentur

5 2258 8 2271 ς
79 2232 118 2272 2,
137 2229 173 2273 5,
197 2231 254 2264 21.
283 2228 330 2271 cf.
358 2233 392 2274 1,
418 2234 454 2274 7,
477 2234 537 2265 22.
564 2234 600 2275 2,
624 2229 660 2274 4,
688 2230 744 2265 14.
768 2233 803 2276 3,
825 2236 861 2275 2,
886 2232 921 2267 4.
945 2233 982 2277 4,
1006 2235 1064 2268 Pr.
1093 2239 1125 2269 1.
1152 2237 1187 2276 8,
1214 2239 1249 2280 3,
1273 2239 1329 2272 28.
1369 2241 1425 2284 12,
1450 2242 1506 2284 1ο,
1526 2243 1562 2276 3.

80 2274 126 2319 β)
154 2276 198 2310 de
224 2279 402 2319 praeterito
424 2283 571 2321 tempore
604 2276 636 2319 a)
661 2279 684 2311 ι’.
709 2291 740 2322 q.
765 2280 1018 2314 etiamtum.-
1042 2280 1285 2324 piraticam
1314 2283 1408 2328 dici,
1445 2288 1562 2322 adhuc

82 2320 288 2354 dubitabant
318 2321 391 2356 mei
414 2328 665 2367 praeceptores
691 2324 727 2365 8,
754 2325 791 2367 3,
817 2323 874 2358 34.
909 2325 948 2358 in
983 2332 1152 2369 quantum
1179 2329 1294 2363 adhuc
1328 2329 1403 2374 (illi
1432 2334 1564 2377 prisci)

81 2365 308 2408 profecerant
331 2368 368 2410 9,
394 2368 430 2410 4,
456 2370 513 2403 16.
542 2369 597 2402 Μ.
625 2369 765 2402 Tullius
791 2370 928 2414 quaerit
952 2372 1033 2406 adh.
1058 2384 1139 2406 eum
1164 2372 1414 2420 (eloquentem)
1444 2381 1486 2412 12
1529 2383 1563 2422 1,

82 2412 151 2452 21;
196 2411 278 2446 adh.
311 2413 438 2447 teneri·
461 2417 503 2455 1,
535 2417 577 2457 2,
612 2415 670 2449 26.
712 2416 792 2448 adh.
826 2416 928 2450 rudia
959 2417 1102 2470 ingenia
1136 2421 1179 2454 ib.
1206 2422 1264 2455 27.
1304 2427 1448 2458 tenerae
1480 2406 1563 2459 adh.

8 2463 26 2499 j
82 2459 219 2491 mentes
243 2458 279 2500 2,
303 2456 340 2501 4,
366 2460 400 2493 5.
424 2465 686 2503 praetextatum
712 2461 794 2495 adh.
822 2465 854 2503 1,
877 2464 911 2503 8,
938 2465 973 2496 2.
1002 2465 1130 2507 judex,
1154 2465 1238 2509 quid
1263 2468 1405 2511 sentiat,
1433 2472 1562 2506 sedens

82 2502 167 2537 adh.
194 2506 300 2546 atque
331 2503 477 2538 audiens
511 2506 700 2540 confitetur
730 2507 767 2550 6,
794 2509 829 2551 2,
857 2511 891 2542 7.
930 2508 1006 2542 vidi
1039 2520 1106 2557 ego
1137 2522 1265 2555 saepe,
1295 2513 1489 2551 histriones
1514 2534 1561 2542 —

83 2547 208 2582 flentes
235 2549 316 2583 adh.
343 2550 465 2597 egredi
490 2550 526 2591 6,
553 2554 589 2594 2,
611 2553 669 2587 35.
703 2563 874 2597 praeceps
899 2555 980 2588 adh.
1005 2553 1206 2600 (clausula)
1233 2558 1391 2594 firmatur
1417 2573 1459 2595 ac
1483 2574 1562 2597 sus-

84 2592 217 2627 tinetur
245 2594 370 2629 ultimo
403 2596 440 2638 9,
463 2593 500 2637 4,
523 2598 582 2631 71.
611 2596 716 2631 'circa
741 2609 799 2633 res
826 2600 907 2632 adh.
938 2605 1062 2635 tenues
1093 2613 1274 2637 moramur
1299 2608 1330 2645 1,
1358 2609 1390 2649 1,
1418 2607 1476 2642 35.
1523 2609 1562 2643 in

21 2655 33 2666 ι
84 2639 323 2674 mediocribus
349 2640 508 2685 utrisque
531 2643 645 2686 majus
679 2644 760 2677 adh.
791 2650 937 2679 naturae
965 2657 1044 2681 esse
1070 2655 1287 2682 momentmn
1313 2653 1348 2692 2,
1378 2653 1434 2695 19,
1459 2657 1481 2686 2
1511 2656 1560 2688 Ν.

0 2769 38 2847 ff<

0 2868 3 2884 ¹
23 2877 30 2898 ’,

0 2894 35 2930 Μ,

0 2934 4 3002 Ι

6 2695 30 2721 ,’
86 2683 160 2718 Sed
179 2685 268 2719 haec
290 2697 372 2730 spes
394 2687 513 2720 'adhuc
540 2686 608 2730 (sc.
634 2691 734 2732 erat)
755 2690 791 2732 6,
810 2691 867 2723 Pr.
885 2693 940 2724 11.
975 2691 1019 2733 ⁶:12
1043 2695 1076 2735 1,
1100 2694 1134 2735 5,
1153 2698 1186 2728 7.
1218 2699 1251 2737 1,
1270 2698 1326 2739 11,
1347 2700 1382 2731 2.
1413 2700 1447 2739 3,
1467 2703 1501 2742 1,
1523 2703 1558 2734 7.

84 2727 121 2772 4,
146 2733 181 2782 3,
208 2733 286 2765 122.
313 2733 348 2774 5,
374 2734 430 2776 10,
459 2735 537 2766 122.
594 2734 636 2776 b)
663 2747 692 2768 c.
719 2735 905 2777 Negatione
935 2739 959 2770 ἱ.
991 2751 1021 2782 q.
1049 2742 1187 2772 nonan
1201 2754 1252 2774 m.-
1290 2753 1379 2777 nec
1411 2746 1563 2780 adhuc

85 2785 108 2810 a
133 2776 238 2811 litore
271 2779 400 2822 procul
435 2777 642 2815 videbamur
671 2783 733 2823 12,
758 2782 816 2816 Pr.
851 2784 886 2816 2.
923 2793 1003 2818 cum
1039 2785 1261 2821 adversarius
1297 2789 1399 2824 adh.
1438 2791 1566 2826 nihil
