1728 3002
567 219 794 263 satisfacio
820 243 884 255 —--
905 219 1071 261 Saxeus
1504 221 1582 260 801

104 333 211 370 sciret
236 338 302 379 12,
328 338 390 379 11,
415 336 461 377 8;
501 333 701 379 probationi
729 332 870 367 interim
896 343 927 367 s.
959 338 1037 377 est,
1069 343 1177 366 unum
1205 332 1338 366 habere
1371 334 1416 375 5,
1442 334 1503 375 10,
1527 332 1586 367 65.

105 391 179 416 non
205 387 322 416 tamen
347 393 378 417 s.
405 380 631 426 eloquentiae
654 385 720 421 est,
744 390 799 423 ea,
825 379 870 412 de
892 378 1020 424 quibus
1042 378 1157 422 dicat,
1186 380 1282 412 clare
1306 384 1411 424 utque
1435 378 1587 413 eviden-

106 437 163 461 ter
185 428 374 462 ostendere
401 429 448 470 8,
477 429 517 466 3.
539 427 608 469 863
645 424 731 459 mihi
761 436 790 460 s.
813 431 887 468 est,
922 425 998 467 eius
1024 436 1104 459 esse
1127 431 1304 459 oratorem
1334 425 1411 467 rei,
1444 426 1489 459 de
1517 436 1587 469 qua

106 472 215 514 dicet,
242 483 314 508 non
330 473 479 507 inscium
501 475 536 515 2,
558 475 617 515 21,
642 471 697 506 14.
721 469 766 511 cs.
791 471 826 509 8.
846 471 885 513 6,
906 470 964 505 40.
1011 471 1053 513 d)
1080 473 1292 514 comparat„-
1318 472 1479 504 satius
1505 476 1586 512 est,

106 518 239 564 aliquid
260 518 451 553 narrationi
473 529 682 563 superesse,
713 528 816 560 quam
846 518 970 550 deesse
993 515 1027 554 4.
1050 519 1085 559 2,
1110 517 1169 550 44.
1197 527 1312 561 eoque
1339 528 1367 550 s.
1390 522 1465 559 est,
1490 516 1588 550 omni

106 575 146 598 se
173 569 353 599 anteactae
375 565 471 599 vitae
497 564 673 598 abstinere
698 561 865 596 convicio
890 565 924 606 7,
947 566 982 605 2,
1006 562 1063 596 34.
1091 569 1206 596 mutos
1230 562 1329 596 nasci
1355 569 1415 597 etc.
1440 574 1471 596 s.
1496 562 1590 595 suis-

106 615 183 653 set,
207 605 311 655 quam
335 618 398 645 etc.
424 613 486 652 12,
517 612 551 652 1,
578 613 611 644 2.
657 605 696 651 δ)
725 621 753 643 c.
780 611 901 643 Verbis
925 610 1246 642 existimandi}
1266 619 1339 641 non
1363 619 1392 641 s.
1425 609 1588 651 credunt,

106 655 376 700 excepisse,
400 667 492 701 quae
514 655 638 690 relicta
661 659 762 689 erant
788 658 832 696 2,
860 658 891 696 1,
915 658 938 688 2
971 667 1006 688 υ.
1030 653 1198 690 Credo.
1224 653 1311 688 illud
1335 658 1532 689 notasse
1555 665 1586 689 s.

104 701 220 736 habeo
241 703 277 745 9,
299 701 337 745 4,
365 703 420 737 15.
446 713 479 736 v.
500 702 667 736 llabeo.
692 700 904 735 contenti
930 700 979 735 fo
989 712 1035 735 re
1060 700 1256 734 domestico
1280 711 1346 733 usu
1365 699 1588 744 videbamur,

104 752 146 780 ut
167 747 219 781 mi
243 747 386 792 meique
411 747 475 782 filii
501 748 657 781 formare
683 745 939 780 institutionem
964 757 994 780 s.
1020 751 1293 791 putaremus
1315 745 1358 789 4,
1381 747 1439 780 Pr.
1458 748 1490 780 1.
1518 747 1588 780 ho-

102 792 276 834 minibus,
309 799 348 827 ut
370 792 441 827 sint
466 799 647 836 oratores,
680 804 710 827 s.
744 797 867 837 putant
900 793 997 826 nasci
1022 792 1068 835 4,
1091 793 1148 826 Pr.
1174 794 1206 827 1.
1245 805 1276 826 v.
1302 793 1429 826 Puto.
1468 791 1498 826 si
1527 803 1588 827 res

37 866 46 872 .
102 839 217 873 nudas
251 844 321 884 atq.
353 838 534 873 inornatas
565 839 725 873 indicare
758 849 787 872 s.
820 838 1066 874 videretur
1089 841 1133 880 2,
1165 836 1207 881 4,
1234 840 1266 873 3.
1337 837 1396 881 11)
1434 839 1588 872 Adverb.

104 883 146 924 a)
172 897 202 927 c.
222 886 326 927 Aah..-
353 896 381 919 s.
406 890 547 928 apertus
573 887 631 928 10,
657 888 691 927 1,
719 886 796 919 119.
819 895 849 918 s.
872 884 945 928 apti
966 886 1003 927 9,
1028 885 1065 926 4,
1091 885 1169 918 106.
1195 883 1242 925 cs.
1267 886 1324 927 11,
1353 886 1388 927 1,
1411 883 1470 920 91.
1502 895 1588 918 cae-

103 929 157 963 cis
177 930 248 964 hoc
274 941 302 964 s.
329 931 463 967 clarum
485 936 539 964 est
563 933 620 972 12,
644 933 678 972 7,
703 930 740 965 9.
773 934 809 962 et
832 931 959 976 longus
980 935 1015 964 et
1040 930 1167 974 plenus
1191 935 1227 964 et
1250 930 1366 963 clarus
1390 941 1419 963 s.
1443 929 1588 974 spiritus

105 978 171 1017 11,
201 977 235 1018 3,
260 977 318 1010 55.
346 986 419 1009 non
444 988 474 1009 s.
498 975 537 1009 in
560 986 601 1008 ea
626 986 666 1010 re
689 976 815 1008 doctus
842 979 906 1018 12,
935 977 977 1018 3,
999 977 1034 1010 3.
1058 975 1126 1009 nisi
1153 986 1202 1009 ex
1227 975 1348 1009 verbis
1372 982 1477 1019 atque
1503 987 1589 1009 sen—

103 1020 224 1054 tentiis
247 1033 310 1066 per
333 1032 415 1055 sese
440 1021 477 1054 id
502 1020 694 1065 quaeritur,
722 1032 750 1053 s.
774 1020 899 1054 odiosa
923 1031 1002 1054 esse
1028 1032 1063 1054 n.
1091 1021 1221 1065 poterit
1244 1020 1468 1064 (compositio)
1490 1022 1526 1064 9,
1550 1020 1588 1064 4,

105 1068 184 1102 137.
210 1077 240 1100 s.
267 1067 334 1102 erit
358 1065 543 1101 dividendi
566 1066 700 1110 peritus
722 1069 768 1108 7,
799 1067 864 1109 10,
886 1067 922 1100 6.
954 1065 1081 1100 satis
1113 1067 1218 1110 plena
1247 1067 1308 1100 vet
1339 1066 1527 1101 nimium
1551 1068 1588 1111 9,

102 1111 146 1154 4,
170 1114 254 1148 118.
284 1124 314 1148 s.
342 1113 488 1158 proprio
514 1113 630 1148 verbo
653 1114 697 1153 8,
720 1110 767 1155 4,
792 1114 846 1146 15.
877 1110 981 1146 tibiae
1013 1122 1087 1146 non
1122 1123 1150 1145 s.
1177 1117 1347 1158 purgatae
1370 1113 1435 1155 11,
1458 1115 1502 1156 3,
1527 1115 1588 1147 20.

101 1156 144 1203 β)
168 1171 198 1196 ο,
221 1159 340 1193 Adv..·
368 1165 491 1203 aperte
513 1169 542 1196 s.
566 1159 602 1201 6,
627 1160 659 1198 1,
687 1160 742 1192 55.
766 1169 795 1192 s.
819 1156 1007 1205 diligenter
1030 1161 1097 1199 12,
1118 1159 1162 1200 3,
1186 1159 1220 1194 3.
1242 1170 1274 1193 s.
1300 1157 1415 1202 perite
1435 1158 1472 1201 6,
1494 1161 1531 1202 2,
1554 1160 1591 1194 3.

102 1215 131 1237 s.
158 1205 407 1248 prudenter2,
431 1205 468 1248 6,
497 1206 531 1239 5.
555 1215 586 1238 s.
608 1209 708 1238 recte
729 1204 764 1244 9“,
792 1203 828 1246 4,
855 1204 889 1237 8.
938 1205 979 1248 y)
1008 1216 1036 1237 c.
1065 1205 1208 1238 Verbis.-
1243 1215 1272 1238 s.
1296 1209 1442 1248 apparet
1467 1206 1524 1248 10,
1551 1206 1587 1247 3,

103 1250 160 1291 18.
195 1252 234 1284 11
284 1252 330 1294 3,
358 1249 435 1285 174.
467 1250 625 1284 nondum
649 1249 774 1292 aptatis
798 1261 828 1282 s.
854 1248 1078 1283 armamentis
1105 1251 1168 1292 10,
1191 1253 1234 1292 7,
1260 1251 1318 1283 23.
1350 1261 1532 1294 nunquam
1555 1261 1585 1285 s.

102 1275 400 1330 credentium-est
421 1294 631 1338 (litigatori)
648 1298 705 1338 12,
728 1296 765 1338 8,
788 1295 812 1330 9
827 1296 873 1328 N.
904 1292 940 1328 id
964 1301 1024 1328 aut
1047 1293 1184 1333 satis.
1209 1300 1268 1328 aut
1291 1301 1388 1329 certe
1413 1294 1479 1329 uti
1507 1306 1584 1340 po-

102 1339 300 1384 tuimus,
333 1341 466 1375 dictum
489 1347 542 1376 est
568 1343 632 1383 10,
658 1345 698 1383 1,
722 1339 756 1374 4.
784 1339 829 1382 cs.
857 1342 892 1383 7,
916 1342 973 1375 Pr.
1001 1345 1032 1374 1.
1059 1342 1104 1383 8,
1132 1340 1193 1376 Pr.
1223 1341 1280 1375 24.
1302 1341 1346 1384 8,
1375 1342 1422 1383 5,
1446 1343 1481 1377 9.
1506 1353 1588 1376 cum

101 1386 317 1421 subtractum
341 1387 491 1423 verbum
520 1387 660 1431 aliquod
690 1397 719 1420 s.
748 1398 795 1420 ex
825 1386 952 1421 ceteris
975 1386 1183 1433 intelligitur
1205 1388 1246 1430 9,
1270 1388 1311 1430 3,
1338 1387 1392 1422 58.
1419 1387 1463 1428 rJZ
1489 1389 1524 1440 9,
1550 1387 1587 1430 4,

100 1434 180 1466 120.
205 1443 251 1467 ne
275 1433 336 1467 illa
362 1433 504 1478 quidem
531 1445 560 1466 s.
586 1433 784 1477 profuerint
809 1434 843 1475 5,
868 1436 922 1475 10,
948 1434 1027 1467 121.
1053 1439 1226 1477 quatenus
1252 1433 1491 1476 appellatione
1513 1444 1589 1477 ipsa

101 1488 177 1512 non
199 1489 228 1512 s·
249 1478 441 1526 significari
463 1478 605 1515 videtur
627 1480 662 1521 6,
688 1482 724 1521 2,
749 1482 803 1512 12.
827 1478 872 1519 cs.
897 1481 944 1520 2,
971 1479 1013 1519 4,
1037 1481 1094 1513 37.
1118 1481 1159 1522 5,
1183 1481 1248 1522 10,
1276 1478 1335 1512 43.
1367 1480 1508 1524 quando
1529 1491 1588 1513 res

101 1533 172 1558 nec
193 1524 266 1558 uua
288 1524 366 1559 sine
389 1530 465 1560 arte
488 1537 518 1558 s.
544 1525 662 1558 valeat
682 1526 727 1568 9,
752 1523 799 1567 4,
823 1527 859 1559 7.
893 1523 939 1566 cs.
969 1527 1035 1567 10,
1060 1527 1101 1568 1,
1126 1527 1160 1562 1.
1187 1534 1306 1558 rarum
1331 1530 1409 1567 est,
1432 1531 1471 1559 ut
1493 1536 1523 1559 s.
1547 1536 1588 1559 se

103 1568 251 1612 quisque
273 1567 442 1605 vei-eatur
466 1572 523 1612 10,
545 1573 582 1612 7,
605 1569 663 1603 24.

57 1612 297 1655 SBfiSfaCiO·
342 1623 385 1668 α)
410 1625 616 1659 satisfacere
639 1623 728 1667 (fig.
747 1638 800 1668 up.
819 1623 950 1668 Cels.)
972 1625 1009 1668 9,
1032 1627 1068 1668 2,
1089 1624 1169 1660 104.
1194 1625 1359 1670 quotiens
1382 1626 1402 1658 f
1406 1637 1425 1659 e
1435 1625 1586 1669 rimus,

93 1667 415 1716 ·ignoscimus,
443 1670 789 1713 satisfacimus,
815 1680 1052 1704 monemus
1076 1670 1125 1714 (in
1150 1672 1231 1711 dic.)
1257 1673 1293 1714 6,
1310 1676 1344 1714 2,
1373 1671 1427 1705 14.
1453 1673 1587 1706 satis⁴

0 2206 93 2302 Ρ

11 2400 91 2450 ἕζὸ

104 1715 358 1750 facientes
383 1722 443 1749 aut
471 1716 805 1760 supplicantes
827 1715 1076 1750 summittimus
1100 1717 1257 1760 (manus)
1288 1717 1353 1759 11,
1377 1719 1423 1758 3,
1450 1718 1516 1752 115
1542 1722 1586 1752 Z.

104 1759 347 1795 satisfaciendi
372 1760 536 1805 εἰρωνεία
560 1764 606 1803 6,
629 1765 671 1802 2,
699 1761 743 1795 15
766 1762 814 1795 Ν.
849 1762 1096 1796 summissa
1129 1767 1165 1796 et
1198 1762 1251 1795 ad
1275 1760 1587 1796 satisfacien—

105 1807 203 1839 dum
241 1807 492 1850 composita
522 1806 616 1840 actio
639 1809 674 1849 7,
697 1806 739 1850 4,
763 1809 819 1841 27.
856 1813 930 1840 tum
963 1805 1119 1842 lenior
1151 1812 1256 1852 atque
1290 1806 1589 1842 summissior

107 1850 248 1885 decebit
272 1852 399 1886 oratio.
444 1853 535 1885 Nam
559 1858 595 1886 et
618 1851 975 1887 satisfaciendo
1005 1858 1063 1886 aut
1087 1855 1245 1887 nostram
1272 1855 1470 1888 minuemus
1491 1854 1589 1889 invi-

106 1896 199 1930 diam
225 1905 289 1941 etc.
314 1901 380 1940 11,
406 1900 449 1939 1,
478 1897 536 1931 64.
568 1897 607 1931 in
630 1896 975 1933 satisfaciendo
1002 1897 1126 1932 lenis
1157 1903 1192 1933 et
1215 1900 1462 1934 summissa
1485 1900 1587 1943 (vox)

107 1945 164 1985 11,
183 1944 222 1986 3,
250 1944 313 1986 633
346 1952 411 1976 nos
436 1945 542 1987 plene
569 1950 604 1977 et
629 1943 745 1977 statim
769 1945 821 1977 de
849 1955 893 1978 eo
918 1944 1033 1978 satis
1057 1956 1135 1979 esse
1158 1945 1371 1979 facturos
1393 1945 1435 1987 4,
1459 1946 1501 1989 5,
1530 1948 1585 1981 18.

106 1987 146 2033 β)
170 2001 200 2022 c.
224 1992 328 2029 Dat„-
349 1989 478 2022 lenio
490 2001 560 2023 res
584 1989 728 2037 epilogi,
754 1987 880 2034 quibus
903 1991 1108 2025 adversario
1132 1990 1467 2024 satisfacimus
1493 1992 1529 2034 6,
1552 1995 1586 2034 1,

106 2035 154 2068 50
171 2034 220 2068 Ν.
246 2033 410 2068 omnibus
433 2040 549 2068 autem
574 2035 790 2069 satisfactum
812 2038 914 2079 volo,
941 2047 1014 2070 non
1034 2047 1092 2070 me
1114 2038 1205 2070 haec
1228 2036 1341 2070 serius
1365 2038 1587 2071 demonstra-

105 2091 146 2113 re
174 2079 272 2121 aliis,
308 2090 413 2124 quam
434 2080 519 2114 mihi
542 2081 619 2124 ipse
641 2082 875 2126 persuaserim
901 2084 942 2125 3,
966 2083 1010 2125 6,
1037 2083 1102 2124 65;
1140 2082 1266 2126 quibus
1293 2092 1360 2127 ego
1385 2081 1489 2116 etiam
1519 2093 1586 2127 pro

105 2125 193 2158 boni
219 2125 289 2160 viri
312 2125 434 2159 officio
459 2126 670 2160 satisfaciam
695 2130 749 2170 12,
779 2131 811 2169 1,
837 2127 893 2162 34.
942 2128 1048 2173 Quod
1066 2128 1096 2161 si
1116 2127 1242 2161 tradita
1259 2127 1346 2161 mihi
1361 2128 1461 2172 sequi
1481 2139 1588 2172 prae-

105 2176 209 2214 cepta
241 2170 485 2212 sufficiat,
515 2172 862 2207 satisfeceram
892 2173 975 2208 huic
998 2173 1090 2218 parti
1111 2174 1150 2215 6,
1173 2176 1217 2216 2,
1241 2174 1300 2208 25.
1333 2173 1473 2208 abunde
1496 2173 1589 2209 dixit

105 2217 221 2259 bene,
245 2216 403 2261 quisquis
425 2216 480 2250 rei
505 2218 676 2252 satisfecit
701 2221 758 2261 12,
781 2219 818 2262 9,
845 2221 882 2253 7.

95 2260 319 2302 alisfaclio·
366 2273 478 2316 turpis
501 2285 530 2307 s.
554 2275 590 2317 6,
605 2276 641 2318 3,
656 2273 703 2308 34
721 2274 770 2308 Ν.
803 2285 832 2308 s.
851 2275 977 2318 culpae
1002 2276 1059 2318 11,
1080 2277 1113 2318 1,
1137 2275 1193 2310 76.
1223 2279 1304 2308 sunt
1329 2276 1455 2318 quaed.
1477 2275 1586 2310 actio·

105 2318 246 2398 ssessgn
276 2317 638 2364 satisfactione,
678 2321 1044 2365 deprecatione,
1084 2319 1416 2356 confessione
1449 2320 1585 2365 positae

94 2416 222 2448 alum·
269 2431 360 2464 qnae
393 2422 494 2455 velut
525 2427 599 2455 sata
629 2416 754 2465 quaed.
788 2422 892 2456 coelo
918 2427 1082 2466 terraque
1108 2421 1324 2468 degenerant
1349 2423 1412 2463 12,
1441 2423 1504 2464 10,
1530 2422 1586 2456 19.

105 2465 372 2501 animalium
403 2474 690 2512 satorumque
724 2473 866 2500 naturas
902 2470 965 2510 12,
1000 2471 1067 2509 11,
1101 2470 1159 2501 22.
1197 2466 1236 2500 in
1274 2466 1393 2500 satis
1423 2466 1585 2501 omnibus

35 2525 39 2534 =
105 2509 421 2556 fructibusque
446 2513 608 2546 arborum
645 2512 734 2546 nihil
760 2512 803 2545 ad
834 2514 959 2556 justam
983 2512 1259 2557 magnitudinem
1291 2513 1495 2546 adolescere
1520 2525 1585 2557 pos

20 2558 41 2588 ⁸.
106 2561 197 2600 test,
227 2559 322 2602 quod
345 2559 450 2600 loco,
476 2558 513 2591 in
537 2569 642 2602 quem
665 2563 822 2599 crescat,
852 2563 949 2592 caret
970 2560 1015 2599 8.
1041 2561 1080 2600 5,
1105 2558 1163 2592 26.
1187 2558 1248 2591 illa
1272 2569 1362 2602 quae
1385 2568 1504 2593 curam
1528 2561 1584 2593 fa·-

109 2606 227 2636 tentur
248 2624 295 2629 —
314 2606 415 2639 velut
437 2605 531 2638 laeto
557 2603 716 2651 gramine
739 2609 812 2637 sata
836 2605 1054 2650 strangulant
1075 2605 1117 2645 8,
1146 2605 1205 2637 Pr.
1231 2605 1290 2638 23.

26 2683 28 2685 ·
65 2643 204 2688 samr-
261 2661 455 2695 crudum
479 2665 540 2694 aut
558 2665 768 2694 saturum
790 2661 990 2694 declamare
1014 2659 1193 2694 neminem
1216 2662 1273 2703 11,
1300 2662 1334 2703 3,
1358 2662 1417 2695 27.

65 2708 258 2756 Saucius.
297 2727 375 2772 iam
401 2731 581 2775 vulgatum
604 2727 691 2762 actis
715 2738 855 2773 quoque
878 2730 1060 2763 saucius
1079 2735 1242 2773 ΡΝΡἯΗς
1268 2727 1370 2773 (fig)
1392 2730 1437 2772 9’
1459 2729 1502 2772 3¹
1525 2729 1582 2762 ¹7⁸

44 2777 243 2827 *Sanus-
290 2800 400 2831 sax‘ea
422 2808 573 2833 verruca
596 2798 631 2840 8,
654 2798 690 2841 3,
712 2795 772 2831 48·

157 2863 236 2894 Lex.
265 2865 380 2904 Quint.
1220 2865 1259 2896 51
