1728 3002
161 204 245 244 536
653 201 897 243 Monstrum
928 224 984 231 -—
1014 199 1194 242 Mordeo

164 302 419 346 Monstrum·
474 327 541 349 nec
565 315 601 349 id
627 316 726 350 ferro
750 315 1020 359 speciosum
1044 315 1122 349 fieri
1151 315 1304 359 putabo,
1337 315 1460 359 quod,
1479 314 1512 350 si
1536 325 1704 349 nascere-

214 367 290 404 tur,
322 372 423 396 mou
441 367 586 394 strum
610 367 686 396 erat
711 364 745 403 5,
775 365 831 403 12,
867 362 922 396 19.
953 362 1086 394 deinde
1129 362 1249 405 (quod
1279 360 1325 394 sit
1370 366 1530 396 monstro
1571 361 1728 405 simile)

211 410 327 452 placet
351 407 463 449 actio,
499 419 604 441 causa
630 418 705 442 non
730 407 936 452 intelligitur
958 406 994 450 4,
1019 411 1052 450 2,
1079 410 1133 441 39.
1170 408 1240 441 tale
1263 412 1475 449 monstrum,
1498 408 1602 451 quale
1625 408 1706 442 Ho-

211 453 323 488 ratius
349 470 393 475 —-
417 454 514 499 fingit
539 456 574 497 8,
603 456 637 497 3,
661 457 716 489 60.
767 452 1046 500 prodigiosa
1070 459 1106 487 et
1134 453 1360 488 monstris
1391 451 1590 500 insignia
1621 464 1705 487 cor-

213 512 298 544 pora
327 503 356 541 l,
383 503 416 542 1,
443 502 477 533 2.

167 544 415 587 Montanus·
462 557 563 591 locus
587 563 828 592 montanus
854 569 898 591 an
925 558 1087 601 planus
1114 557 1146 598 5,
1181 558 1234 599 10,
1257 556 1315 590 37.

168 601 509 659 Monumentum.
559 615 600 657 α)
625 613 804 648 annalium
829 620 1057 648 monumenta
1081 617 1116 656 2,
1140 614 1175 654 4,
1213 614 1269 647 18.
1300 612 1338 647 in
1371 610 1527 647 civitatis
1564 616 1709 646 nostrae

213 659 453 693 monumentis
482 661 529 701 (i.
555 673 583 693 e.
612 659 823 704 scriptis)
849 663 905 704 12,
929 663 964 702 2,
988 660 1044 694 29.
1086 658 1314 705 ingeniorum
1344 655 1641 700 monumenta'3,
1670 661 1715 700 7‚·

218 708 271 739 18.
296 716 375 739 cum
402 705 553 739 aliorum
576 717 757 741 monum
772 717 824 740 en
837 705 919 745 tis,
943 711 1018 741 tum
1042 704 1188 739 Catonis
1216 704 1444 739 oratione
1467 699 1631 738 testatum
1655 708 1709 739 est

215 755 250 794 2,
280 752 335 791 15,
359 754 393 785 8.
442 763 560 796 neque
587 752 682 790 aliud
709 751 1000 795 oratio'scripta‚
1037 762 1143 795 quam
1167 761 1264 785 mon.
1305 749 1456 785 actionis
1483 750 1634 784 habitae
1649 752 1708 792 12,

217 799 272 840 10,
298 798 353 832 51.
380 798 481 842 cujus
505 799 732 843 eloquentiae
757 799 856 832 nulla
879 799 923 832 ad
948 808 1014 832 nos
1039 808 1133 830 mon.
1162 803 1342 831 venerunt
1359 799 1416 840 12,
1439 798 1475 838 2,
1500 798 1557 829 22.
1582 806 1712 830 monu-

213 849 332 878 menta
358 855 479 877 rerum
503 845 655 889 posteris
678 846 794 879 tradet
817 847 874 888 12,
900 847 957 886 11,
984 842 1018 877 4.
1065 844 1108 888 β)
1136 845 1273 876 mortui.-
1299 843 1368 884 (cle
1391 845 1515 875 tumulo
1533 844 1571 874 'in
1597 840 1710 885 litore)

213 892 249 933 7,
277 891 311 934 3,
341 889 394 924 34.
422 890 452 924 si
477 890 555 935 quis
579 891 675 925 circa
699 901 796 926 mon.
819 891 966 925 multum
991 889 1065 937 agri
1090 890 1133 923 ab
1159 889 1350 924 heredibus
1377 887 1415 922 in
1438 889 1583 922 tutelam
1610 886 1712 922 cine-

212 946 314 979 rum,
351 940 391 969 ut
414 937 543 980 solent,
568 938 665 984 leget
687 941 722 980 7,
745 938 782 980 9,
810 937 845 972 5·

167 979 308 1023 Mora·
366 991 408 1036 α)
433 992 614 1041 cogitandi
638 1006 686 1028 m.
710 996 744 1036 1,
773 996 807 1036 1,
832 995 890 1028 31.
916 1005 962 1028 m.
987 993 1170 1038 judicandi
1192 990 1228 1036 4,
1251 990 1286 1034 4,
1316 990 1351 1026 4.
1378 989 1558 1025 scribendi
1579 1001 1629 1025 m.
1655 991 1712 1033 10,

216 1039 250 1079 3.
273 1038 297 1074 6
315 1051 349 1072 v.
378 1038 535 1074 Calor.
563 1041 629 1076 vix
650 1039 818 1088 surgendi
837 1051 883 1074 m.
905 1039 967 1083 (Z.
987 1042 1103 1085 quod
1129 1042 1201 1072 vix
1231 1045 1486 1085 expectati-e
1511 1043 1712 1088 possunt,

217 1086 308 1118 dum
335 1086 548 1130 surgant)
575 1090 611 1130 2,
635 1085 670 1128 4,
696 1089 758 1130 153
786 1085 1039 1121 conviviorum
1063 1098 1109 1119 m,
1138 1088 1170 1129 1,
1195 1086 1253 1127 12,
1283 1085 1336 1119 18.
1383 1082 1611 1121 dubitationis
1635 1093 1715 1116 mo-

214 1141 274 1165 ras
298 1132 352 1173 11,
378 1133 413 1175 3,
442 1133 529 1175 1823
554 1138 702 1178 propter
723 1131 934 1166 immodicas
958 1131 1188 1166 laudantium·
1202 1141 1251 1164 m.
1278 1132 1335 1172 11,
1360 1129 1395 1170 3,
1419 1128 1502 1164 126.
1522 1127 1617 1163 iuter
1633 1138 1714 1161 mo-

215 1187 274 1210 ras
301 1177 544 1212 laudationum
568 1182 613 1214 ib.
643 1181 720 1214 131.
747 1190 795 1213 m.
821 1178 893 1212 stili
918 1180 973 1219 10,
997 1182 1033 1221 7,
1060 1176 1127 1220 14;
1152 1177 1266 1212 libera
1289 1177 1334 1209 ad
1357 1175 1564 1209 discendum
1585 1185 1632 1210 ιιι.
1655 1177 1713 1217 12,

216 1223 252 1264 3,
276 1223 310 1255 3.
336 1229 418 1256 sunt
441 1223 632 1269 aliquando
657 1231 693 1259 et
718 1225 795 1259 sine
818 1224 1152 1268 respiratione
1181 1223 1307 1267 quaed.
1343 1231 1504 1255 morae
1535 1219 1642 1255 etiam
1672 1219 1713 1254 in

216 1267 375 1312 periodis
401 1271 456 1311 11,
480 1271 515 1312 3,
537 1271 603 1312 39;
639 1271 802 1314 spiritum
825 1270 987 1314 recipere
1011 1269 1098 1303 sine
1120 1269 1305 1302 intellectu
1341 1277 1464 1301 morae
1495 1268 1551 1309 11,
1584 1269 1619 1310 3,
1653 1266 1714 1301 39.

216 1323 341 1348 morae
363 1314 507 1349 veniam
530 1321 654 1359 petere
677 1317 713 1358 6,
735 1317 792 1349 Pr.
822 1313 878 1349 14.
923 1315 965 1360 β)
997 1319 1149 1348 Accus..·
1195 1314 1256 1347 hic
1287 1323 1405 1347 moras
1441 1311 1622 1346 adhibebit
1658 1314 1714 1354 11,

217 1361 252 1401 3,
282 1360 359 1394 182.
407 1361 559 1395 multum
582 1371 742 1395 morae
764 1360 911 1394 lectioni
938 1358 1263 1394 festinatione
1289 1358 1452 1399 adjicitur
1474 1360 1506 1399 1,
1536 1360 1568 1400 1,
1593 1359 1650 1391 32.
1675 1357 1714 1390 in

150 1404 152 1406 ’
218 1404 301 1439 stilo
331 1406 525 1449 quamlibet
547 1412 741 1452 properato
776 1407 835 1439 dat
867 1406 1020 1450 aliquam
1052 1403 1257 1451 cogitationi
1288 1415 1341 1438 vm.
1377 1413 1450 1437 non
1489 1413 1716 1447 consequens

218 1451 440 1486 celeritatem
468 1453 544 1497 ejus
567 1464 692 1487 manus
717 1454 773 1495 10,
799 1454 832 1495 3,
856 1452 911 1486 19.
934 1452 1117 1496 paululum
1142 1460 1267 1483 morae
1288 1450 1411 1483 damus
1436 1447 1531 1483 inter
1549 1448 1714 1483 ultimum

220 1507 263 1531 ac
286 1498 492 1541 proximum
516 1500 669 1534 verbum
698 1499 734 1542 9,
763 1496 798 1539 4,
824 1499 903 1531 108.
951 1498 1058 1531 rebus
1080 1497 1191 1541 ipsis,
1223 1494 1351 1539 quibus
1376 1500 1592 1529 moras'et
1617 1496 1715 1529 len-

220 1549 308 1578 tum
334 1544 572 1588 profectionis
597 1543 928 1580 ordinem-ducit
952 1542 1064 1587 (Cic.)
1090 1545 1124 1585 4,
1148 1546 1183 1586 2,
1206 1543 1263 1576 58.
1311 1540 1534 1588 effugiendae
1558 1547 1639 1575 sunt
1665 1552 1712 1575 m.

218 1588 255 1632 4,
279 1592 315 1633 2,
342 1593 419 1625 111.
445 1593 543 1636 quod
569 1602 643 1626 non
667 1597 738 1624 tam
772 1600 908 1623 moram
929 1589 1038 1623 faciet
1062 1591 1119 1631 10,
1144 1590 1178 1630 3,
1206 1590 1250 1621 10
1274 1599 1307 1621 v.
1335 1588 1555 1631 Impetus.
1593 1586 1713 1632 Spon-

219 1636 308 1670 deus
335 1647 472 1671 moram
495 1648 637 1682 semper
661 1647 726 1681 per
750 1647 788 1670 se
807 1637 915 1670 habet
934 1637 970 1678 9,
996 1635 1032 1678 4,
1055 1636 1113 1670 97.
1141 1634 1185 1675 cs.
1210 1636 1267 1676 10,
1290 1636 1326 1676 7,
1342 1635 1399 1667 22.
1424 1634 1518 1666 hanc
1546 1643 1713 1667 moram

222 1687 258 1715 et
282 1683 648 1718 solicitudinem
682 1681 794 1716 initiis
821 1682 960 1725 impero
987 1683 1044 1723 10,
1078 1682 1113 1724 3,
1145 1681 1180 1715 9.
1214 1689 1365 1723 prono
1399 1689 1442 1712 ac
1471 1679 1631 1712 nullas
1662 1689 1712 1712 m.

221 1728 488 1772 objiciente
512 1731 618 1765 alveo
644 1730 680 1772 9,
707 1727 744 1769 4,
765 1731 799 1763 7.
826 1739 894 1764 nec
920 1745 966 1752 —-
989 1728 1090 1762 velut
1114 1736 1249 1759 moram
1276 1725 1329 1759 rei
1351 1725 1632 1768 perhorrescant
1653 1726 1714 1766 12,

223 1777 279 1816 11,
304 1775 326 1810 9
351 1777 398 1809 Ν.
427 1787 578 1810 moras
602 1781 637 1810 et
660 1785 911 1809 secessum
935 1779 970 1807 et
993 1771 1235 1807 silentium
1261 1775 1409 1815 quaeret
1445 1772 1501 1813 10,
1534 1772 1570 1813 7,
1604 1771 1645 1804 2.”
1674 1768 1716 1814 y)

222 1823 357 1855 Ablana·
393 1823 472 1856 siue
498 1822 572 1856 ulla
599 1819 780 1868 cogitandi
805 1832 853 1854 m.
881 1822 914 1862 1,
946 1823 979 1862 1,
1004 1821 1061 1853 31.
1086 1825 1246 1864 tempora
1270 1815 1521 1852 conviviorum
1547 1827 1596 1850 m.
1625 1826 1716 1850 con-

221 1871 342 1901 terunt
367 1871 400 1911 1,
423 1871 478 1912 12,
505 1869 560 1903 18.
581 1866 799 1902 intentio
831 1876 956 1899 mora
987 1863 1168 1899 excutitur
1190 1865 1247 1906 10,
1264 1865 1310 1906 ·3,
1335 1865 1391 1897 20.
1427 1863 1628 1896 calorem
1651 1871 1716 1895 oo-

249 1912 403 1947 ’tationis
428 1913 608 1960 extinguit
630 1923 756 1947 mora
780 1917 817 1946 et
841 1911 1119 1945 diffidentia
1143 1911 1179 1952 8,
1202 1911 1260 1943 Pr.
1287 1911 1345 1943 27.
1369 1908 1467 1942 inani
1491 1920 1538 1942 m.
1561 1907 1716 1953 fatigatis

248 1985 257 2000 ,
286 1962 321 2002 3,
345 1961 379 1995 8.
404 1960 576 2007 imagines
599 1971 647 1994 m.
673 1959 743 1993 stili
769 1958 1007 2004 refrigescunt
1034 1959 1090 2000 10,
1114 1957 1149 1999 7,
1185 1955 1239 1989 14.
1275 1954 1320 1997 cs.
1356 1956 1412 1998 10,
1445 1955 1479 1994 3,
1513 1955 1547 1987 6.
1583 1952 1715 1989 divisio

224 2006 565 2045 respiratione
589 2010 625 2040 et
646 2015 771 2039 mora
798 2009 939 2039 constat
965 2006 1001 2046 7,
1028 2003 1063 2046 9,
1090 2004 1146 2036 11.
1397 2004 1401 2007 ’
1707 2020 1720 2030 a

177 2049 372 2093 MOI'RHS·
397 2073 482 2107 pars
505 2062 566 2096 illa
589 2061 839 2106 philosophiae
862 2056 981 2104 ἠθικὴ
1005 2058 1149 2093 moralis
1174 2062 1229 2092 est
1250 2056 1343 2091 dicta
1366 2055 1403 2098 6,
1426 2057 1462 2098 2,
1484 2055 1509 2090 8
1531 2066 1564 2089 v.
1593 2053 1718 2108 Ethi-

225 2119 288 2143 ce.
336 2120 417 2143 cum
441 2109 487 2143 sit
510 2104 548 2142 in
571 2114 644 2142 tres
668 2107 785 2153 divisa
807 2112 926 2151 partes
960 2102 1230 2150 (philosophia),
1261 2101 1541 2144 naturalem,
1573 2107 1718 2136 ratio-

226 2156 404 2198 nalem,
428 2156 645 2189 moralem
660 2156 717 2198 12,
735 2155 844 2196 2,10.
869 2163 950 2197 pars
970 2152 1013 2186 ad
1029 2149 1325 2190 rationalem,
1350 2157 1434 2191 pars
1453 2146 1620 2183 admor.
1640 2152 1715 2181 tra-

223 2207 355 2235 ctatum
379 2202 555 2235 redundat
577 2203 619 2234 ib.
648 2201 703 2235 19.
730 2211 812 2244 pars
844 2198 1084 2232 naturalis
1116 2213 1162 2220 —
1195 2194 1294 2246 illam
1325 2193 1432 2242 etiam
1465 2193 1714 2238 moralem,

224 2247 301 2281 sine
326 2258 395 2291 qua
418 2248 515 2281 nulla
538 2257 617 2281 esse
640 2246 756 2280 oratio
779 2250 921 2290 potest,
962 2250 1070 2278 totam
1096 2241 1342 2285 complectitur
1363 2241 1409 2275 ib.
1436 2241 1497 2285 20.

177 2291 387 2334 Moratus·
433 2305 525 2339 bene
543 2309 698 2338 moratas
713 2303 820 2337 urbes
841 2300 980 2346 (Trop.)
995 2301 1029 2343 8,
1044 2300 1078 2341 6,
1091 2297 1148 2332 24.
1171 2296 1258 2341 (Cic.
1273 2293 1520 2340 expositionem)
1541 2295 1622 2329 vult
1636 2304 1717 2329 esse

225 2350 451 2394 evidentem,
484 2355 658 2384 moratam
673 2375 684 2393 ‚
725 2360 805 2383 cum
829 2347 1010 2391 dignitate.
1057 2344 1128 2379 Sed
1153 2342 1192 2377 in
1217 2343 1379 2378 oratione
1400 2353 1448 2377 m.
1480 2341 1612 2377 debent
1635 2350 1715 2375 esse

223 2397 343 2430 omnia
369 2408 449 2430 cum
479 2395 674 2443 dignitate,
705 2405 796 2439 quae
814 2391 982 2438 poterunt
1006 2390 1040 2434 4,
1064 2393 1099 2432 2,
1124 2389 1182 2423 64.
1375 2419 1377 2423 ,

176 2438 372 2482 Morbus·
419 2452 578 2488 leviores
601 2452 749 2486 morbos
766 2461 889 2484 curare
911 2452 944 2488 2,
961 2451 996 2492 3,
1010 2448 1045 2483 6.
1077 2445 1274 2481 abalienata
1292 2443 1427 2480 morbis
1446 2443 1605 2482 membra
1622 2442 1658 2487 8,
1677 2444 1715 2495 3,

225 2498 282 2532 75.
309 2509 428 2532 mores
451 2500 578 2534 morbo
601 2503 756 2532 mutatos
780 2500 814 2538 7,
843 2495 879 2538 4,
904 2496 962 2530 30.
990 2505 1070 2528 cum
1093 2493 1259 2528 morbum
1282 2490 1322 2526 in
1344 2489 1456 2537 signis
1492 2494 1561 2534 atq.
1585 2488 1715 2523 tabulis

228 2543 346 2586 (Cic.)
374 2545 518 2587 objiciat
541 2543 649 2579 Verri
671 2544 706 2586 9,
733 2545 766 2584 2,
791 2542 848 2577 62.

178 2586 376 2629 ΜΟΝῙὸΧ·
405 2602 504 2635 Belle
531 2600 716 2645 subjicitur
738 2609 804 2644 pro
830 2607 899 2640 e0,
933 2597 1027 2642 quod
1052 2606 1174 2643 neges,
1202 2594 1298 2628 aliud
1321 2590 1519 2628 mordacius
1543 2590 1579 2634 6,
1601 2591 1638 2634 3,
1654 2587 1716 2625 74.

180 2644 375 2687 Mordeo.
424 2658 590 2691 mordere
613 2656 776 2700 (labra),
801 2655 964 2691 deforme
987 2659 1040 2687 est
1067 2655 1121 2695 11,
1148 2654 1184 2696 3,
1207 2653 1269 2694 81,
1304 2648 1440 2683 transl&
1476 2649 1572 2682 hunc
1595 2656 1716 2681 mor-

226 2701 354 2736 debit
377 2702 575 2747 objurgatio
603 2707 635 2745 1,
662 2705 697 2744 3,
723 2706 744 2736 7
768 2714 800 2735 v.
834 2699 1022 2734 Excito.

179 2746 358 2788 hlorior.
402 2757 431 2799 1)
457 2770 536 2792 cum
562 2765 761 2792 moreretur
787 2763 816 2796 1,
845 2759 897 2798 10,
925 2760 980 2792 17.
1009 2756 1261 2801 interrogatus,
1300 2752 1400 2794 cujus
1428 2759 1571 2796 veneno
1593 2758 1723 2802 more-⁴

223 2811 321 2839 retur
346 2807 381 2847 7,
406 2807 440 2846 2,
463 2803 520 2839 49.
569 2806 767 2846 postulare,
804 2809 841 2837 ut
865 2803 932 2837 sibi
957 2802 1048 2836 mori
1075 2801 1182 2835 liceat
1203 2801 1237 2842 9,
1262 2800 1296 2842 2,
1325 2798 1382 2834 85.
1418 2796 1488 2840 qui*
1512 2805 1604 2830 morl
1637 2794 1715 2830 vult
