1728 3002
635 132 823 176 Oll'undo
852 156 908 163 —-
938 130 1078 174 Omen
1531 137 1615 179 595

132 256 191 291 11.
235 250 464 288 &munitatis
487 249 549 286 off.
578 251 635 292 12,
658 250 716 292 11,
745 248 779 284 5.
824 245 937 292 prima
959 244 1079 291 operis
1101 243 1155 279 mi
1187 243 1249 279 off.
1278 247 1314 288 2,
1334 247 1380 298 ’1,
1412 247 1447 282 8.
1494 247 1614 292 philo-

134 298 281 345 sophiae
309 298 369 334 off.
396 301 432 341 2,
455 300 514 340 21,
538 298 594 330 12.
615 294 675 329 off.
696 293 874 339 prooemii
896 292 930 331 4.
953 293 1012 327 Pr.
1041 292 1077 327 6.
1123 289 1160 332 ο)
1191 291 1344 326 docendi
1372 309 1419 316 —
1442 296 1614 330 movendi

135 361 183 370 -—
205 343 406 387 delectandi
426 361 472 373 ·.-
495 340 708 377 conciliandi
733 343 788 382 12,
815 342 872 382 10,
897 339 943 374 59
964 342 1008 373 Z.
1054 337 1243 382 ponendae
1264 349 1285 371 a
1308 348 1367 371 me
1400 349 1531 374 causae
1553 342 1615 377 off.

132 387 171 435 4,
197 393 234 434 2,
261 390 319 426 86.
365 389 424 424 off.
451 386 620 423 suadendi
647 397 689 421 ac
712 383 935 420 dissuadendi
963 385 997 427 3,
1019 384 1054 426 8,
1076 383 1110 417 6.
1144 382 1187 424 cs:
1219 385 1255 426 2,
1282 382 1319 426 4,
1352 382 1410 418 24.
1448 386 1615 422 laudandi

133 448 178 471 ac
199 434 426 480 vituperandi
448 434 508 469 off.
537 436 592 476 12,
616 435 651 475 2,
674 432 731 467 16.
777 432 814 476 y)
839 432 1030 467 Nominat„-
1062 428 1277 472 suscipiendi
1311 429 1404 464 ratio
1426 430 1616 474 justissima

135 488 191 517 est
213 481 275 517 off.
301 483 367 524 12,
401 481 444 524 9,
475 483 510 516 7.
556 488 662 513 omne
698 475 850 512 oratoris
882 476 943 510 off.
975 480 1034 509 aut
1070 474 1115 508 in
1137 474 1277 518 judiciis
1310 481 1363 509 est
1395 482 1455 510 aut
1478 485 1615 514 extra

133 527 268 583 judicia
302 529 345 569 3,
377 525 417 569 4,
453 526 488 560 6.
529 536 610 559 cum
644 523 689 558 sit
713 524 751 558 in
774 522 976 567 eloquendo
1003 520 1156 565 positum
1177 520 1329 555 oratoris
1352 521 1412 556 off.
1439 525 1496 566 10,
1524 528 1556 568 1,
1579 528 1613 560 3.

136 574 277 608 ium-mn
301 572 362 607 off.
387 577 441 606 est
464 572 595 606 docere
617 572 653 614 2,
675 571 710 613 9,
743 571 779 605 3.
804 569 850 603 de
881 569 978 602 bono
1009 574 1070 601 etc.
1088 566 1264 601 disserere
1281 566 1528 612 philosophiae
1552 572 1615 605 off.

123 630 215 654 esse
238 621 275 662 2,
297 621 356 661 21,
386 620 450 660 12;
487 617 548 652 off.
571 621 626 651 est
672 614 809 657 atr-oni,
839 620 889 648 ut
915 614 951 647 id
983 612 1057 647 filio
1088 612 1204 646 invito
1225 630 1271 637 —
1298 613 1421 648 facere
1453 617 1619 652 credatur

138 666 196 706 11,
219 668 253 708 1,
286 665 342 700 65.
368 662 415 705 cs.
439 664 473 706 5,
495 665 533 706 ,7,
560 665 595 697 7.
662 662 682 706 )
711 663 840 696 θοιίιε
875 660 971 704 quod
996 664 1050 693 est
1070 658 1182 693 officii
1204 657 1260 692 sui
1287 661 1322 702 2,
1357 661 1413 702 18,
1436 663 1473 696 2.
1509 662 1556 704 cf.
1578 663 1617 707 4,

134 709 172 755 4,
198 711 232 745 3.
278 709 427 744 scientia
449 725 493 733 —
518 707 670 748 dicendi.
694 707 790 752 quod
817 705 863 740 sit
888 704 998 740 officii
1022 708 1058 747 7,
1085 706 1120 746 3,
1151 707 1208 738 12.
1256 703 1295 746 ii,
1326 716 1477 750 quorum
1504 709 1616 744 officii

137 760 198 799 (a.
222 759 245 789 1.
269 753 404 798 officio)
429 759 517 796 erat,
538 759 583 788 ut
606 753 785 787 traderent
809 763 887 786 eam
900 752 936 794 6,
963 755 997 793 1,
1018 749 1077 784 40.
1103 748 1220 785 videri
1245 750 1315 784 alia
1340 762 1483 796 quoque
1510 755 1617 798 hujus

136 801 282 848 partis
303 806 408 845 atque
435 799 602 834 officii
636 802 692 842 11,
715 801 751 841 3,
776 798 855 833 174.
902 795 1150 844 grammaticos
1172 796 1233 830 off.
1261 796 1316 830 sui
1347 808 1617 835 commoneam,

118 851 183 891 ,1,
218 849 261 890 5,
291 849 327 882 7.
375 847 574 880 declamare
607 844 668 879 off.
700 844 755 878 sui
782 845 915 878 ducunt
944 846 987 886 2,
1021 846 1054 884 1,
1091 845 1125 877 2.
1171 844 1518 880 commendationem
1552 855 1616 882 etc.

138 892 283 938 propria
313 893 419 935 hujus
450 891 510 925 off.
544 895 758 935 putaverunt
788 890 823 932 6,
854 893 890 930 2,
923 892 978 922 11.
1026 887 1087 932 qui
1122 888 1186 921 has
1211 889 1377 923 materias
1413 891 1618 927 officiorum

138 943 312 974 vocarent
335 936 414 980 ’1,4,
427 936 484 970 24.
508 936 546 969 in
570 935 666 970 omni
691 941 791 979 parte
818 935 967 976 huiusce
989 933 1049 967 oss'.
1075 934 1110 976 6,
1121 933 1155 974 4,
1170 935 1204 971 8.
1236 933 1281 974 cs.
1308 936 1448 977 12,7‚3.
1478 937 1540 971 off.
1564 939 1621 973 mi

138 983 388 1019 necessitatem
414 985 471 1024 11,
494 985 528 1024 1,
550 983 608 1016 67.
634 979 680 1022 cs.
707 982 742 1023 6,
766 981 821 1014 Pr.
854 983 887 1014 1.
934 980 1093 1021 leam
1130 979 1294 1013 civilibus
1321 981 1381 1014 off.
1405 983 1623 1019 renuntiabit

141 1032 199 1072 10,
220 1032 258 1072 7‚-
281 1033 314 1064 1.
338 1028 502 1062 sufficere
525 1027 585 1062 off.
611 1026 776 1061 civilibus
802 1028 855 1065 352,
880 1027 915 1067 3,
939 1027 995 1058 11.
1020 1025 1056 1067 ζ)
1078 1027 1261 1058 Accusat..·
1292 1032 1415 1059 nostra
1441 1030 1621 1064 temeritas

142 1075 250 1110 etiam
270 1085 390 1109 mores
414 1073 449 1107 ei
471 1072 645 1117 (perfecto
671 1072 819 1113 oratori)
843 1070 1030 1105 conabitur
1065 1070 1172 1113 dare,
1211 1076 1247 1104 et
1278 1071 1469 1117 assignabit
1500 1075 1622 1111 officia

143 1124 202 1164 12,
225 1121 280 1154 Pr.
303 1118 341 1154 4.
389 1118 517 1164 quibus
541 1117 699 1162 methis)
722 1118 836 1151 solum
868 1122 993 1150 natura
1022 1115 1069 1149 sit
1102 1115 1162 1153 off.
1188 1115 1411 1160 attributum,
1437 1121 1622 1157 servire

142 1166 307 1202 sensibus
330 1168 387 1207 12,
413 1167 470 1206 10,
496 1163 553 1198 40.
602 1163 662 1197 off.
686 1162 757 1196 mei
784 1162 935 1208 delegati
958 1163 993 1204 6,
1016 1162 1073 1196 Pr.
1106 1164 1137 1195 1.
1162 1162 1223 1196 off.
1250 1173 1314 1196 sua
1337 1173 1411 1197 non
1449 1166 1623 1203 detrectet

142 1217 185 1255 2,
210 1215 253 1255 1,
283 1212 317 1247 5.
351 1210 526 1245 'dividere
570 1210 660 1243 haec
686 1209 747 1244 off.
781 1210 823 1251 6,
860 1211 900 1250 1,
935 1208 970 1242 9.
999 1218 1018 1240 a
1051 1217 1110 1240 me
1143 1206 1204 1240 off.
1241 1207 1481 1254 exigebantur
1507 1211 1550 1253 4,
1586 1218 1622 1259 2,

141 1260 199 1294 86.
241 1268 289 1291 ne
312 1261 433 1291 cetera
458 1256 616 1289 membra
648 1254 710 1288 off.
735 1265 837 1287 suum
860 1253 1008 1298 perdant
1030 1253 1065 1295 8,
1094 1254 1129 1295 5,
1157 1252 1213 1286 34.
1260 1259 1440 1297 praestare
1464 1259 1624 1295 officium

145 1307 213 1346 12,
249 1305 318 1345 10,
355 1304 412 1337 59.
459 1312 526 1335 nec
562 1299 785 1334 officium
818 1299 857 1333 in
880 1298 1064 1337 {docendo
1099 1304 1238 1342 spectet
1284 1301 1348 1333 sed
1381 1303 1622 1341 affectum

143 1353 178 1393 1,
199 1347 237 1393 2,
261 1349 316 1383 15.
342 1346 554 1391 suscepisset
575 1347 646 1380 hoc
669 1345 730 1379 off.
757 1349 791 1387 1,
816 1349 849 1387 1,
873 1346 938 1387 23;
972 1354 1046 1378 non
1070 1345 1125 1377 ad
1148 1356 1250 1378 suum
1274 1345 1453 1389 pertinere
1476 1351 1537 1385 off.
1565 1353 1626 1389 Pr.

139 1396 175 1431 4.
200 1394 356 1429 animum
382 1393 428 1427 in
447 1399 519 1427 tam
541 1391 728 1435 multiplex
751 1391 811 1425 off.
838 1390 1007 1424 diducere
1032 1392 1088 1433 10,
1110 1393 1146 1432 7,
1168 1391 1203 1426 9.
1249 1392 1376 1427 venire
1400 1393 1443 1427 in
1463 1396 1524 1434 off,
1544 1408 1628 1432 ora-

143 1440 234 1477 toris
257 1443 293 1484 2,
316 1442 375 1482 21,
399 1439 456 1474 19.
501 1438 650 1472 multum
672 1437 807 1470 infra
829 1436 984 1470 rhetoris
1009 1436 1070 1470 off.
1095 1438 1132 1479 2,
1157 1438 1192 1479 5,
1221 1435 1258 1470 4.
1294 1437 1339 1478 cs.
1372 1442 1405 1482 1,
1435 1444 1470 1483 7,
1506 1445 1540 1477 1.
1587 1444 1628 1488 η)

144 1489 281 1522 Ablata
314 1484 474 1530 pluribus
499 1484 560 1518 off.
584 1488 791 1517 conteratur
812 1485 848 1526 2,
870 1481 906 1525 4,
931 1483 989 1518 29.
1037 1491 1111 1515 non
1135 1487 1205 1515 tam
1228 1482 1370 1518 dicendi
1392 1492 1498 1522 arte
1522 1500 1636 1533 quam*

145 1531 335 1568 officiis
357 1529 492 1577 agentis
517 1529 742 1564 continentur
768 1531 824 1570 12,
851 1530 885 1569 9,
911 1530 943 1563 1.
988 1527 1284 1572 quemadmodum
1307 1530 1427 1570 juncta
1449 1540 1629 1578 natura,

145 1579 198 1613 sic
221 1576 318 1612 orsi
329 1576 401 1612 cio
426 1586 568 1619 quoque
592 1576 754 1618 copulata
777 1575 836 1608 Pr.
863 1575 919 1607 13.
966 1574 1086 1617 aliquo
1113 1574 1241 1607 ductus
1275 1576 1334 1609 off.
1361 1580 1418 1620 12,
1446 1582 1476 1622 1,
1502 1583 1556 1615 12.
1583 1582 1630 1624 cs.

144 1625 181 1668 4,
207 1627 241 1667 1,
267 1625 303 1658 7.
325 1624 383 1664 12,
407 1625 464 1664 11,
491 1623 544 1656 15.
591 1621 650 1654 off.
674 1619 775 1666 fungi
799 1623 835 1663 1,
855 1624 892 1661 2,
918 1621 963 1653 10
990 1632 1022 1653 v.
1047 1618 1240 1666 Fungor.
1270 1621 1362 1655 sicut
1382 1623 1529 1668 justitia,
1554 1628 1631 1661 for.

145 1670 284 1711 titudo,
309 1667 527 1703 continentia
552 1666 704 1710 propriis
731 1664 931 1699 officiis
958 1670 994 1698 et
1018 1675 1084 1698 suo
1109 1665 1208 1699 sine
1243 1666 1489 1713 intelliguntur
1510 1675 1545 1714 2,
1570 1676 1629 1716 21,

146 1718 182 1751 3.
227 1720 281 1748 tot
318 1714 381 1747 off.
413 1718 588 1756 occupato
613 1715 646 1755 1,
673 1714 708 1753 3,
731 1714 787 1745 22.
832 1721 917 1743 usus
941 1710 1093 1744 oratoris
1130 1710 1190 1744 off.
1223 1714 1257 1754 1,
1295 1715 1351 1755 10,
1386 1714 1454 1758 473
1488 1718 1631 1765 longius

148 1773 170 1795 a
194 1759 358 1800 civilibus
386 1758 446 1792 off.
471 1757 621 1792 recessit
646 1761 703 1801 12,
726 1760 762 1800 2,
788 1757 822 1791 6.
871 1762 998 1790 cuncta
1011 1781 1023 1799 ‚
1054 1761 1095 1789 ut
1115 1755 1159 1791 in.
1186 1757 1321 1791 familia
1344 1759 1438 1794 bene
1458 1760 1631 1807 instituta,

148 1805 197 1840 in
221 1804 342 1838 officio
366 1810 470 1837 erunt
493 1806 550 1845 10,
573 1805 608 1844 3,
633 1804 667 1839 9.
697 1801 742 1844 cs.
776 1804 812 1846 8,
845 1803 904 1836 Pr.
938 1803 996 1836 30.
1028 1801 1075 1835 in
1110 1801 1208 1836 omni
1242 1804 1509 1847 deniqueoff.
1545 1810 1632 1846 boni

135 1850 241 1886 civis
269 1852 328 1893 12,
352 1851 409 1891 11,
439 1851 473 1882 1.
504 1848 549 1889 cs.
584 1852 621 1892 7,
654 1850 691 1892 3,
720 1850 776 1881 11.
823 1847 951 1892 quibus
987 1857 1055 1894 ego
1090 1858 1175 1892 pro
1206 1847 1293 1883 boni
1322 1850 1392 1886 viri
1417 1853 1504 1888 off.
1530 1855 1633 1890 ἤιξ’.

146 1896 290 1931 faciam.

106 1951 311 1995 Offilndoo
358 1961 523 1995 tenebras
547 1958 716 1993 offudisse
742 1957 918 2001 judicibus
939 1961 976 2002 2,
999 1962 1057 2004 17,
1081 1962 1140 1997 21.
1167 1962 1294 2006 quaed.
1322 1963 1496 2000 scelerum
1522 1946 1635 2003 (jffijm

119 2048 126 2051 ,
151 2012 212 2055 (α.
236 2013 259 2042 1.
285 2006 421 2048 effusa)
445 2006 562 2052 caligo
586 2006 622 2047 9,
645 2006 681 2048 3,
703 2002 749 2038 47
773 2004 820 2037 N.
844 2016 893 2037 cr.

106 2066 231 2108 Olea·
251 2090 299 2098 -—
323 2075 429 2108 arbor
450 2074 486 2114 8,
508 2074 544 2116 6,
569 2071 626 2108 48.
652 2070 809 2106 sterilem
830 2070 1017 2123 platanum·
1035 2075 1229 2117 tonsasque
1251 2080 1410 2118 myrtos,
1433 2087 1537 2120 quam
1559 2091 1636 2115 ma-

152 2123 256 2158 ritam
276 2121 411 2154 ulmum
438 2126 475 2154 et
496 2120 626 2153 uberes
650 2119 748 2151 oleas
772 2121 1055 2160 praeoptaverun
1078 2119 1114 2161 8,
1138 2120 1173 2161 3,
1196 2120 1231 2154 8.
1266 2121 1444 2167 surgentia
1466 2122 1505 2158 in
1527 2125 1637 2162 altum

153 2166 339 2203 cacumina
359 2167 462 2201 oleae
482 2166 581 2200 ferro
605 2164 781 2199 coercebo
806 2163 849 2195 ib.
876 2163 932 2196 10.
956 2163 1055 2196 oleas
1078 2164 1198 2197 colant
1225 2167 1260 2208 1,
1283 2167 1339 2208 12,
1362 2169 1396 2202 7.

107 2223 235 2267 Olet).
285 2239 323 2269 et
349 2234 462 2269 verba
489 2231 609 2267 omnia
633 2236 669 2265 et
690 2240 769 2265 vox
790 2229 895 2273 hujus
918 2230 1098 2263 alumnum
1119 2229 1218 2264 urbis
1245 2234 1365 2266 oleant
1387 2233 1423 2277 8,
1450 2236 1483 2278 1,
1509 2215 1544 2272 3.

101 2291 280 2345 ,Oleum.
328 2307 469 2336 assueta
491 2297 747 2352 gymnasii-s
776 2302 812 2331 et
834 2298 1128 2350 oleo.corpora
1150 2301 1207 2342 11,
1238 2301 1274 2343 3,
1297 2302 1354 2335 26.
1402 2301 1529 2346 quibus
1553 2317 1636 2351 pa„

155 2348 254 2383 vitae
275 2346 316 2380 in
338 2348 471 2390 oleo,
507 2357 589 2391 pars
616 2355 655 2379 m
677 2354 790 2379 vino
813 2349 1035 2377 consumitur
1062 2347 1095 2387 1,
1118 2346 1176 2387 11,
1202 2346 1258 2380 15.

114 2401 245 2444 Olim.
286 2412 323 2456 1)
354 2415 397 2447 de
433 2414 591 2456 praeced.
618 2419 717 2455 temp.
730 2425 741 2445 .·
770 2410 891 2445 Olim
923 2411 1026 2454 plura
1062 2411 1107 2445 de
1143 2410 1287 2458 figuris,
1331 2425 1436 2458 quam
1487 2427 1637 2455 necesse

159 2464 255 2493 erat:
297 2464 334 2493 et
370 2459 517 2492 adhuc
561 2455 652 2499 erit,
697 2456 758 2500 qui
798 2462 898 2500 putet
932 2467 1012 2490 esse
1055 2456 1224 2503 figuram,
1264 2461 1531 2497 Incredibile
1573 2475 1639 2500 en

161 2513 224 2539 ete.
247 2505 285 2546 9,
310 2507 344 2546 3,
366 2505 412 2539 87
437 2504 483 2538 Ν.
509 2502 621 2536 olim
647 2502 735 2546 jam
759 2503 803 2535 ab
840 2502 901 2535 illa
923 2513 1010 2536 vera
1032 2500 1185 2548 imagine
1210 2505 1332 2538 orandi
1356 2517 1580 2545 recesserunt
1603 2514 1638 2555 5,

163 2554 220 2593 12,
245 2552 302 2584 17.
349 2548 403 2593 11)
429 2550 472 2581 de
495 2560 561 2593 seq.
586 2555 704 2591 τετηρη-
737 2547 798 2591 qui
831 2547 941 2581 olim
975 2548 1234 2591 nominabitur,
1275 2561 1399 2585 nunc
1431 2553 1642 2603 intelligitur

165 2599 219 2635 10,
240 2598 275 2639 1,
303 2594 381 2629 104.
428 2594 519 2628 Sunt
542 2593 630 2628 clari
655 2593 897 2637 hodieque
919 2599 956 2627 et
978 2593 1038 2638 qui
1070 2595 1180 2628 olim
1212 2597 1486 2634 nominabuntur
1509 2605 1554 2636 ih.
1580 2604 1638 2638 94,

117 2639 222 2682 Olli.
261 2664 320 2696 ap.
348 2653 471 2693 P‘irg.
494 2651 529 2693 8,
552 2651 588 2692 3,
609 2650 667 2684 25.

117 2695 272 2740 Omen.
317 2707 474 2743 omimun
498 2707 711 2751 interpretes
732 2707 768 2750 3,
791 2706 827 2750 6,
851 2707 909 2741 30.
954 2716 1047 2750 quae
1083 2705 1205 2743 divina
1234 2708 1436 2747 testimonia
1468 2721 1644 2750 vocantur

1218 2774 1301 2811 38*
