1728 3002
605 128 832 174 Certamen
865 154 920 164 --
950 127 1078 173 Certe
1527 130 1604 170 121

120 249 221 287 cerni
246 250 290 293 8,
314 247 357 293 5,
379 249 439 285 29.
473 245 588 282 simile
611 246 732 292 quidd.
757 257 845 281 aves
868 244 1046 280 cernimus
1073 243 1246 280 facientes
1269 246 1312 289 2,
1339 243 1384 286 6,
1413 245 1447 278 7.
1487 247 1527 278 ut
1551 255 1613 279 eas

119 297 191 342 (res
214 296 377 339 absorta)
403 304 552 329 cernere
578 293 637 338 (a.
662 296 686 328 1.
714 290 881 336 censere)
906 292 1019 327 oculis
1043 290 1230 326 videamur
1252 292 1287 334 6,
1313 291 1346 334 2,
1371 291 1429 324 29.
1463 301 1614 326 cernere

120 341 207 377 mihi
235 341 362 378 videor
390 346 426 376 et
449 341 570 376 vultus
592 345 628 373 et
651 339 777 374 oculos
804 346 865 372 etc.
893 340 936 381 8,
965 339 1006 380 3,
1034 337 1092 372 65.
1131 337 1314 382 proposita
1341 337 1469 381 quaed.
1498 337 1625 383 forma·

119 399 240 423 renim
260 386 309 422 ita
333 397 506 432 expressa
527 385 670 428 verbis,
703 390 744 419 ut
770 384 901 419 cerni
928 383 1047 429 potius
1074 383 1240 418 videatur
1267 394 1373 428 qnam
1397 382 1553 416 audiri
1575 383 1613 425 9,

121 438 156 476 2,
180 433 238 469 40.
268 433 314 475 cs.
339 433 375 476 8,
399 435 435 475 3,
457 433 516 468 62.
553 432 762 476 plerumque
790 430 922 475 optima
946 431 1053 464 rebus
1080 431 1299 471 cohaerent,
1329 435 1365 463 et
1389 439 1455 463 suo
1478 428 1613 463 lumine

120 485 319 516 cernuntur
341 480 383 522 8,
410 480 468 513 Pr.
493 481 550 512 21.
584 489 694 511 unum
721 478 828 512 modo
850 477 888 511 in
910 476 973 511 inu
999 476 1165 511 vastitate
1191 486 1341 510 cernere
1364 475 1533 510 videmur
1558 474 1612 510 M.

122 525 282 565 Tullium
304 528 361 568 12,
385 525 446 560 Pr.
468 523 504 559 4.
542 530 647 559 ceu-sa
673 523 781 558 certis
804 522 984 567 personis,
1010 523 1100 557 locis
1125 530 1186 556 etc.
1217 521 1376 556 cernitur
1404 525 1488 556 Cic.
1513 523 1549 564 3,
1576 522 1611 564 5,

124 573 180 606 18.
224 569 344 616 [clara
367 576 474 616 atque
498 569 662 605 sublimia
694 567 839 613 (verba)
870 570 1078 614 plerumque
1102 568 1273 602 materiae
1296 568 1407 602 modo
1430 568 1614 604 oenenda

125 617 204 661 (ml
226 621 268 653 Ζ.
297 629 340 652 ex
359 619 476 653 Amb.
502 619 535 652 1.
560 614 808 658 discernenda)
835 621 917 650 sunt
939 617 975 660 8,
998 618 1034 658 3,
1059 617 1104 651 18
1132 613 1196 659 Μ]

82 658 322 721 οθζΐδῦθῠ·
366 672 406 716 α)
429 674 603 708 reddebat
622 672 721 708 victo
745 672 948 708 certaminis
969 678 1182 718 potestatem
1198 675 1231 715 1,
1250 674 1285 715 2,
1302 669 1360 705 24.
1385 686 1430 697 -—
1445 671 1616 716 hequens

77 720 82 768 .
123 724 303 764 spectator
327 722 394 763 10,
416 721 460 762 5,
488 721 541 755 19.
587 720 703 754 labori
727 719 959 754 certaminum
985 721 1050 762 10,
1076 721 1118 763 3,
1142 721 1176 753 3.
1213 717 1367 763 repetito
1391 716 1501 751 totins
1526 724 1616 752 cert.

122 763 174 808 (t.
199 778 230 800 e.
255 765 375 810 oleae)
401 766 527 800 ordine
552 769 591 800 11
606 791 618 809 ,
642 768 687 808 2,
711 767 776 807 38“;
814 765 999 799 certamini
1022 765 1180 808 paratior
1204 765 1247 806 8,
1276 766 1318 805 3,
1345 765 1409 805 10;
1447 762 1477 797 si
1501 769 1618 798 totum

122 804 191 846 sibi
214 811 454 847 vindicaverit
477 813 516 846 in
542 813 625 846 foro
653 818 832 846 certamen
862 815 925 853 12,
956 815 994 853 1,
1021 814 1077 845 13.
1109 811 1152 845 ad
1172 808 1372 845 'certamina
1398 820 1619 854 praeparan-

78 888 82 893 .
117 858 189 892 'dita
218 860 279 900 10,
309 862 352 901 1,
375 856 410 892 4.
446 858 585 892 fabulas
613 857 650 891 in
678 864 856 892 certamen
885 858 1026 892 deferre
1051 859 1095 890 ib.
1122 857 1193 898 663
1234 865 1316 890 cum
1342 855 1427 889 satis
1453 855 1492 889 in
1518 856 1619 891 omni

125 903 320 940 certamine
348 903 400 948 (a.
425 908 446 938 1.
477 913 584 938 omne
607 903 807 947 certamen)
835 903 966 938 virium
990 902 1118 937 fecerit
1143 905 1200 945 12,
1225 905 1260 944 7,
1289 905 1337 935 1.ἱ
1360 901 1399 934 in
1424 902 1619 943 certamine

124 955 246 983 erecta
270 949 354 984 totis
376 948 513 984 viribus
539 949 734 983 intenditur
757 949 858 994 (vox)
887 953 944 992 11,
970 951 1006 992 3,
1033 950 1092 984 63.
1128 950 1209 982 eod.
1234 947 1429 982 certamine
1453 948 1620 983 coronari

125 997 161 1037 2,
185 996 221 1036 8,
246 994 300 1030 14.
348 996 392 1040 β)
417 1007 447 1029 c.
471 995 621 1036 Adiecit.
636 1010 646 1029 .-
673 1006 792 1042 pugna
815 993 1014 1030 forensium
1035 999 1180 1029 certam.
1198 996 1233 1036 5,
1259 997 1318 1037 12,
1340 995 1398 1027 22.
1427 999 1620 1038 antequam

126 1040 324 1087 legitimum
350 1047 438 1074 cert.
463 1041 634 1076 inchoent
661 1042 893 1084 (citharoedi)
916 1040 960 1083 4,
987 1043 1026 1083 1,
1050 1044 1085 1074 2.
1117 1050 1209 1075 vero
1232 1039 1390 1084 fictoque
1413 1040 1620 1080 huiusmodi

128 1092 218 1120 cert.
244 1089 280 1130 2,
302 1084 338 1129 4,
362 1087 420 1122 36.
455 1092 543 1121 cert.
568 1097 709 1121 sacrum
732 1091 773 1130 2,
797 1087 842 1129 8,
865 1090 888 1122 7
913 1089 959 1120 Ν.
989 1093 1022 1120 et
1045 1085 1164 1121 Praef.
1192 1086 1275 1120 Vol.
1302 1086 1330 1119 1.
1361 1096 1397 1129 p.
1424 1086 1618 1122 Lxxxn.

127 1133 163 1174 3,
186 1134 223 1176 7,
245 1131 282 1166 4.
307 1134 344 1174 9,
367 1131 403 1175 4,
429 1134 486 1166 11.
541 1132 576 1177 γ)
601 1132 732 1166 circa
756 1134 857 1167 eosd.
882 1144 1008 1167 sensus
1033 1138 1270 1167 certamen
1295 1137 1401 1175 atque
1425 1135 1619 1167 aemula-

127 1177 304 1212 tionem
327 1180 383 1221 10,
408 1178 443 1221 5,
467 1177 502 1212 5.
532 1183 762 1222 patronorum
787 1178 917 1213 inter
943 1190 983 1213 se
1009 1185 1188 1213 certamen
1213 1179 1249 1219 6,
1275 1177 1309 1220 4,
1334 1181 1393 1212 21.
1424 1180 1620 1214 certamina

125 1217 310 1268 proponite
326 1224 385 1258 elo
434 1224 552 1258 entiae
573 1224 700 1259 inter
722 1225 871 1268 juvenes
894 1228 931 1267 2,
958 1228 1013 1267 17,
1038 1226 1063 1260 8
1086 1225 1132 1259 Ν.
1167 1223 1206 1258 in
1226 1223 1420 1258 certamine
1440 1236 1620 1260 armomm

123 1270 160 1312 9,
185 1271 220 1312 1,
242 1272 299 1304 πο.
325 1270 360 1313 9,
407 1296 419 1313 ,
443 1271 478 1304 8.
517 1290 565 1298 -
586 1270 794 1306 hereditatis
822 1274 877 1316 12,
904 1274 959 1315 10,
985 1273 1043 1306 το.
1071 1290 1120 1298 -
1143 1270 1303 1305 luctandi
1328 1273 1383 1314 12,
1407 1273 1443 1315 2,
1474 1274 1531 1307 12.
1576 1290 1623 1299 —

126 1314 276 1350 aliendi
301 1317 358 1359 10,
386 1318 421 1359 3,
445 1316 481 1351 6.

84 1369 303 1414 certatim·
347 1384 419 1419 hoo
447 1382 523 1419 Cic.
553 1389 660 1429 atque
687 1383 835 1419 Asinius
861 1383 1023 1418 certatim
1050 1363 1214 1418 sunt'usi
1239 1383 1276 1427 6,
1305 1386 1340 1427 1,
1367 1386 1425 1419 21.

85 1425 226 1470 Certe·
281 1441 323 1483 1)
353 1440 517 1483 affimat.
566 1440 615 1484 α)
643 1447 683 1476 ut
709 1442 858 1476 afferent
891 1443 1013 1476 lumen
1039 1443 1166 1477 clavus
1200 1447 1236 1475 et
1262 1453 1441 1486 purpurae
1472 1441 1511 1476 in
1538 1443 1623 1478 loco

130 1485 329 1537 insertaek
350 1487 400 1534 ita
431 1494 529 1523 certe
559 1487 739 1522 neminem
766 1489 892 1522 deceat
918 1487 1113 1522 intertexta
1138 1487 1299 1531 pluribus
1326 1488 1423 1522 notis
1450 1489 1562 1523 vestis
1587 1492 1623 1533 8,

132 1532 169 1575 5,
194 1533 250 1567 28.
278 1543 460 1578 nunquam
486 1545 519 1568 c.
542 1533 582 1567 in
606 1533 788 1568 Bucolicis
814 1534 1032 1569 mentionem
1057 1534 1203 1571 fecisset
1231 1536 1286 1576 10,
1311 1537 1345 1576 1,
1373 1535 1431 1569 56.
1468 1547 1560 1579 quae
1578 1536 1626 1570 sit

132 1582 214 1621 apta
236 1578 500 1622 pronuntiatio?
529 1590 619 1624 quae
643 1591 673 1614 c.
700 1591 743 1614 ea
766 1586 833 1623 est,
861 1591 952 1624 quae
976 1580 1038 1623 iis,
1067 1581 1111 1614 de
1133 1579 1261 1624 quibus
1286 1579 1450 1624 dicimus,
1478 1593 1625 1616 accom-

114 1625 296 1658 ·modatm·
321 1627 384 1667 11,
407 1627 451 1667 3,
473 1626 531 1661 61.
571 1637 603 1660 c.
630 1636 704 1659 non
726 1626 786 1660 fiet
811 1638 968 1670 unquam
997 1627 1125 1660 stultus
1151 1632 1276 1660 orator
1300 1629 1356 1669 12,
1382 1629 1415 1670 1,
1438 1625 1473 1661 4.
1511 1627 1626 1663 licen—

130 1669 218 1703 tiam
242 1670 344 1704 malis
371 1671 448 1704 dari
475 1683 507 1705 c.
534 1677 659 1705 contra
693 1672 809 1706 bonos
836 1678 891 1706 eat
922 1675 986 1715 12,
1016 1676 1060 1715 7,
1095 1676 1127 1706 1.
1174 1683 1255 1706 cum
1281 1672 1403 1707 omnia
1436 1673 1628 1720 diligenter

84 1738 89 1739 ν
133 1717 363 1763 cognoverit,
402 1718 447 1750 ad
470 1718 671 1752 docendum
696 1729 729 1752 c.
756 1718 909 1761 judicem
934 1729 1009 1752 non
1036 1717 1192 1753 sufficiat
1220 1721 1276 1761 12,
1299 1719 1335 1761 8,
1362 1722 1395 1753 1.
1431 1718 1478 1760 cs.
1507 1723 1565 1763 12,
1593 1724 1626 1764 1,

133 1763 191 1797 32.
232 1765 295 1806 12,
321 1763 465 1806 10,“64.
499 1771 587 1806 eic.‚·
635 1764 839 1808 Hyperides
870 1764 1039 1799 Atticus?
1069 1763 1187 1806 Certe.
1219 1767 1283 1806 12,
1307 1767 1369 1807 10,
1397 1767 1455 1800 22.
1515 1766 1557 1810 β)
1582 1773 1625 1802 et

134 1813 295 1851 certe,
321 1810 415 1854 quod
439 1810 560 1844 facere
589 1815 776 1853 oporteat,
800 1821 873 1845 non
896 1810 1154 1857 indignandum
1179 1815 1234 1844 est
1260 1810 1399 1845 discere
1425 1814 1462 1854 1,
1484 1814 1542 1855 11,
1567 1816 1625 1847 17.

134 1853 188 1887 Et
211 1860 343 1889 certe
367 1865 441 1889 non
468 1855 639 1890 convenit
665 1855 699 1889 ei
727 1859 794 1899 12,
819 1860 865 1900 7,
887 1859 923 1892 7.
961 1856 1006 1898 cs.
1034 1859 1077 1899 1,
1100 1858 1145 1899 3,
1172 1855 1217 1890 14
1244 1858 1291 1890 Ν.
1343 1857 1462 1891 Nam
1491 1865 1628 1893 certe

135 1899 229 1933 bene
254 1900 486 1943 pronuntiare
513 1912 588 1936 non
621 1902 752 1945 poterit
779 1906 844 1946 11,
872 1904 918 1945 3,
947 1905 1002 1937 12.
1039 1902 1086 1944 qs.
1110 1905 1154 1936 ib.
1183 1904 1228 1945 3,
1255 1903 1314 1935 Pr.
1341 1905 1398 1936 20.
1430 1905 1472 1946 1,
1502 1907 1540 1946 1,
1569 1907 1625 1940 18.

134 1945 172 1984 9,
197 1947 233 1987 2,
259 1947 317 1979 32.
348 1949 412 1988 12,
438 1950 479 1988 1,
504 1950 561 1980 11.
609 1948 722 1981 Nam
748 1954 882 1983 certe
905 1948 936 1982 si
960 1948 1131 1993 physicos
1156 1956 1218 1982 etc.
1245 1947 1361 1982 dicam
1378 1961 1440 1990 —;
1470 1951 1629 1993 profe-

137 1994 212 2023 cto
239 2000 313 2024 nou
339 1997 393 2025 est
419 1994 618 2026 verendum
642 1996 686 2035 2,
718 1993 785 2037 14,
811 1994 845 2028 4.
885 1999 940 2028 est
970 1994 1088 2028 enim
1123 1993 1189 2036 (Z.
1218 1992 1311 2036 om.)
1343 2000 1480 2028 certe
1518 1995 1575 2039 (a.
1601 2001 1625 2031 1.

139 2037 257 2077 certa)
284 2036 437 2070 servitus
459 2040 495 2079 7,
520 2039 555 2078 3,
580 2039 636 2072 16.
683 2039 781 2082 prius
806 2045 861 2074 est
889 2039 987 2073 enim
1010 2045 1108 2073 certe
1131 2050 1258 2083 parare
1285 2040 1400 2081 bella,
1429 2052 1535 2084 qnam
1563 2053 1629 2089 ge-

135 2091 216 2115 rere
243 2083 306 2123 12,
329 2083 375 2124 3,
400 2083 433 2116 5.
506 2083 556 2121 11)
585 2086 759 2125 restrinffl't.
813 2086 855 2124 ιι)
883 2095 950 2131 ego
975 2091 1072 2119 certe
1095 2084 1184 2118 mihi
1207 2095 1358 2118 cernere
1380 2084 1510 2119 videor
1532 2088 1568 2131 8,
1592 2091 1628 2132 3,

134 2127 193 2162 65.
223 2125 271 2168 es.
296 2127 340 2169 9,
363 2125 410 2169 4,
438 2128 493 2162 57.
542 2127 635 2161 Mihi
662 2134 759 2163 certe
786 2129 931 2164 videtur
955 2133 1020 2173 10,
1048 2132 1092 2172 3,
1119 2132 1177 2164 23.
1230 2131 1312 2173 Ipse
1339 2136 1436 2163 certe
1463 2143 1550 2166 usus
1575 2140 1630 2169 est

111 2173 205 2206 ..hac
228 2172 392 2207 libertate
414 2173 458 2215 8,
483 2173 529 2215 6,
554 2175 620 2216 30;
657 2180 788 2208 certe
815 2181 897 2208 sunt
919 2186 994 2208 non
1017 2186 1143 2218 parum
1166 2175 1287 2217 multi,
1317 2175 1378 2219 qui
1401 2177 1487 2211 satis
1514 2179 1629 2222 perite

136 2219 358 2262 reperirent,
390 2235 435 2243 —
467 2218 528 2262 qui
559 2229 670 2254 vero
703 2220 858 2264 judicem
883 2231 1010 2264 rapere
1039 2226 1181 2265 posset,
1226 2232 1329 2254 rarus
1363 2221 1432 2256 fuit
1453 2224 1497 2266 6,
1520 2227 1567 2269 2,
1591 2228 1648 2261 3.,

139 2265 230 2298 Nam
253 2264 331 2299 sive
356 2269 564 2308 propterea,
596 2266 693 2309 quod
725 2267 816 2309 οἴμη
849 2272 975 2300 cantus
1003 2272 1079 2310 est,
1103 2278 1168 2300 —:
1205 2266 1284 2301 nive
1309 2268 1408 2311 quod
1433 2267 1539 2311 οἶμον
1566 2271 1630 2308 iid.

142 2309 272 2343 Graeci
292 2309 391 2345 viam
415 2311 592 2354 appellant
618 2323 685 2345 -ε
722 2318 820 2345 certe
842 2311 1068 2356 prooemium
1090 2317 1166 2355 est,
1205 2313 1302 2357 quod
1336 2313 1430 2358 apud
1460 2315 1628 2362 judicem,

140 2354 347 2399 priusquam
371 2367 513 2390 causam
537 2357 762 2404 cognoverit,
785 2359 933 2402 prodest
951 2357 987 2399 4,
1014 2361 1046 2400 1,
1070 2360 1106 2392 3.
1136 2359 1230 2402 Pyth
1275 2358 1371 2394 oreis
1395 2367 1494 2396 certe
1517 2364 1630 2399 moris

140 2400 209 2434 fuit
230 2401 273 2443 9,
297 2400 340 2444 4,
365 2404 421 2436 12.
457 2402 518 2446 qui
541 2414 586 2436 ne
612 2403 758 2437 minima
783 2403 928 2448 quidem
951 2403 1098 2448 alicujus
1121 2409 1219 2439 certe
1267 2418 1301 2438 a.
1327 2409 1351 2439 1.
1379 2407 1475 2450 -tae)
1503 2408 1632 2445 fiducia

141 2447 252 2490 partis
275 2447 484 2481 memoriam
510 2448 726 2492 posteritatis
751 2449 950 2493 speraverit
976 2451 1041 2492 10,
1066 2453 1099 2494 1,
1121 2449 1178 2485 41.
1219 2457 1261 2485 ut
1283 2457 1381 2486 certe
1409 2453 1463 2494 (α.
1489 2458 1511 2488 1.
1536 2457 1632 2500 -tae)

142 2492 415 2536 conjunctiones
441 2496 502 2537 11,
526 2497 571 2537 2,
594 2495 652 2530 25.
688 2495 817 2529 melius
841 2495 960 2529 dicere
984 2501 1082 2530 certe
1107 2497 1187 2530 data
1208 2497 1374 2544 longiore
1396 2498 1473 2533 vita
1494 2520 1542 2526 —
1564 2513 1634 2546 po·

141 2538 266 2574 tuisset
291 2541 346 2582 12,
373 2541 406 2582 1,
430 2541 488 2573 20.
526 2539 632 2575 Certe
660 2541 841 2575 Fabricius
859 2540 1066 2576 Cornelium
1080 2542 1214 2577 Rufum
1235 2563 1282 2570 —
1305 2545 1423 2587 palam
1447 2544 1635 2583 conisulem

143 2584 310 2630 suffragio
334 2595 400 2618 suo
422 2584 510 2619 fecit
532 2588 577 2619 ib.
601 2585 658 2620 43.
696 2592 736 2620 ut
758 2597 832 2620 non
856 2586 972 2622 dicam
997 2587 1261 2635 pinguioribus,
1294 2589 1506 2625 fortioribus
1535 2600 1639 2629 certe

142 2629 263 2664 verbis
290 2633 345 2673 12,
369 2633 425 2673 10,
450 2631 504 2665 35.
536 2630 580 2673 φ’.
604 2635 670 2675 12,
697 2636 728 2675 1,
755 2634 808 2668 15.
838 2636 895 2667 22.
933 2634 1030 2678 quod
1051 2645 1126 2668 non
1149 2635 1263 2669 ausim
1287 2635 1428 2679 dicere,
1451 2648 1635 2682 nunquam

146 2686 225 2710 ease
248 2675 453 2710 faciendum
476 2696 522 2702 —
546 2683 644 2712 certe
677 2677 737 2722 (α.
764 2683 786 2712 1.
812 2680 996 2722 ceterum)
1022 2680 1210 2714 vitandum
1243 2686 1320 2724 est,
1355 2681 1497 2725 quoties
1530 2685 1635 2720 aliter

146 2720 205 2765 agi
226 2726 343 2765 potent
371 2724 406 2764 7,
431 2722 467 2765 4,
495 2723 541 2757 28
567 2724 612 2757 N.
649 2724 776 2768 quibus
801 2724 1131 2774 (declamitant-ibus)
1159 2731 1311 2774 certe,
1338 2733 1635 2777 quantumcunque
