1728 3002
723 200 821 245 Non
1462 209 1546 252 5⁷3

105 319 116 331 ’
235 322 303 366 11,
324 321 370 362 2,
393 321 452 355 27.
496 327 621 354 manus
643 328 681 354 n.
705 316 894 363 impleatur
914 315 1055 351 annulis
1078 319 1136 361 11,
1159 319 1196 360 3,
1228 317 1318 360 142ς
1356 331 1445 356 non
1477 333 1543 358 an-

57 367 297 420 stantun-ejus
318 365 451 409 tristis,
479 375 572 400 non
596 364 767 399 dissoluta
792 364 838 398 sit
861 363 1007 398 comitas
1030 365 1066 407 2,
1098 366 1134 407 2,
1172 365 1208 400 5.
1254 376 1383 402 vocem
1406 370 1545 405 deliciis

58 414 340 456 amouimus,
372 422 460 446 uec
483 410 660 445 imbuatur
682 421 724 445 ea
747 409 1006 445 consuetudine
1036 426 1083 434 —
1113 420 1200 445 neo
1231 419 1294 446 etc.
1331 416 1386 456 11,
1418 418 1454 458 3,
1486 417 1544 452 24.

57 459 112 494 At
133 469 227 494 non
248 457 399 493 historia
420 457 588 492 cesserim
612 456 771 498 Graecis,
793 467 879 490 nec
902 465 1088 501 opponere
1108 457 1314 501 'l'lmcydidi
1338 460 1543 497 Sallustiiuu

58 505 203 546 videar:
239 515 398 549 neque
418 503 622 548 indignetur
648 502 716 537 sibi
739 503 947 536 Herodotus
992 501 1136 546 aequari
1182 504 1228 537 T.
1262 505 1404 540 Livium
1430 510 1486 551 10,
1511 513 1546 551 1,

4 583 8 590 ,
46 554 124 591 ,101
150 548 197 585 Ν.
225 562 272 584 cr.
297 563 331 584 v.
358 550 532 594 Neque.
577 560 631 584 ne
653 549 833 583 intonsum
856 553 980 593 caput,
1012 558 1107 582 non
1137 547 1174 582 in
1198 552 1327 595 gradus
1350 559 1456 597 atque
1479 567 1547 588 nn-

58 597 163 631 aulos
185 597 337 631 fi-actum
364 598 420 639 12,
449 597 504 637 10,
529 593 574 629 47
597 607 631 629 ν.
657 596 740 636 Ne3
789 594 1065 639 utinamque
1092 605 1129 632 n.
1162 611 1208 620 —
1242 597 1461 642 inquinasset
1488 604 1544 646 10,

61 646 93 686 1,
117 645 196 678 100.
222 643 326 676 dum
346 652 415 676 nos
440 639 659 687 indulgentia
683 640 745 675 illa
766 651 804 675 n.
828 641 929 675 fallat
957 643 1014 684 10,
1041 642 1076 683 3,
1103 643 1125 676 7
1148 653 1181 674 v.
1204 641 1238 675 D
1253 655 1333 687 um,
1359 645 1544 698 Nedum.

148 708 220 755 vl)
254 721 324 755 seq.
364 710 482 752 Nec,
518 709 687 754 Neque,
742 712 843 743 Aut.-
887 707 1011 743 Lectio
1034 718 1176 753 quoque
1201 718 1285 743 non
1310 711 1439 754 omnis,
1466 724 1547 748 nec

58 766 211 800 semper,
234 760 430 800 praeeunte
453 762 515 788 etc.
539 760 620 801 eget
644 757 677 798 1,
704 757 739 798 2,
766 758 824 788 12.
850 753 895 796 cs.
919 757 962 788 ib.
988 755 1044 788 18.
1072 754 1107 797 4,
1135 759 1167 798 1,
1190 758 1247 790 30.
1272 758 1336 791 sed
1364 768 1454 792 non
1484 761 1546 794 hic

58 801 125 836 erit
147 801 331 846 quaestio,
362 812 448 835 nec
477 800 537 834 hic
562 806 672 834 status
699 802 734 843 3,
757 802 792 844 6,
815 800 874 835 74.
899 812 936 835 n.
961 800 1094 844 fluunt,
1122 811 1207 836 nec
1229 803 1437 847 cohaerent,
1462 816 1545 841 nec

7 860 9 863 ·
57 848 170 882 verba
189 847 313 883 verbis
336 848 481 882 trahunt
504 848 540 889 9,
564 846 599 887 4,
631 848 688 882 20.
718 845 763 887 cs.
797 847 832 888 8,
863 848 898 891 6,
932 847 990 881 63.
1024 849 1081 888 11,
1115 848 1151 890 3,
1188 848 1269 883 159.
1307 852 1370 892 12,
1411 855 1444 894 1,
1475 854 1543 895 25,

0 892 5 896 ’
56 901 255 975 ἧος-ὅσαι.-
299 899 349 928 ut
374 903 468 928 non
494 903 637 938 semper
674 892 875 927 necessaria
917 898 994 928 aut
1027 892 1126 926 utilis
1162 893 1301 929 etiam
1324 897 1466 940 partitio
1492 905 1546 933 est

82 965 102 983 ‚²
167 965 178 982 2
201 942 260 976 Q·

147 994 236 1039 Vll)
259 998 293 1029 ὶίι
315 996 549 1038 interrogando
562 1009 573 1029 ε
598 994 641 1038 α)
663 995 876 1040 simpliciter.-
902 993 1056 1041 Ligores
1080 998 1116 1030 et
1138 999 1296 1030 tumores
1318 995 1358 1031 in
1380 1008 1547 1044 corpore,

59 1041 242 1077 cruditatis
265 1053 312 1076 an
334 1042 469 1076 veneni
496 1041 597 1086 signa
618 1041 687 1075 sint
703 1067 715 1084 ,
747 1052 836 1076 non
858 1045 983 1075 tractat
1008 1041 1153 1075 orator?
1187 1045 1222 1085 2,
1259 1045 1319 1086 21,
1354 1045 1409 1079 19.
1458 1057 1547 1080 non

58 1089 138 1133 plus
161 1087 378 1122 contulerint
399 1086 484 1121 lecti
509 1087 636 1122 Cicero
661 1093 739 1121 aut
762 1086 859 1131 (Sp.
886 1087 955 1129 ac)
986 1088 1274 1122 Demosthenes?
1305 1093 1341 1131 2,
1374 1092 1409 1133 5,
1435 1094 1478 1125 16
1501 1097 1546 1127 Ζ,

27 1132 33 1137 '
59 1134 103 1168 Et
125 1145 207 1168 cum
229 1133 283 1167 illi
309 1150 357 1156 -—
379 1133 527 1178 plurima
549 1133 588 1166 in
613 1139 776 1177 posteros
799 1133 1028 1175 tradiderint,
1059 1133 1163 1167 nobis
1186 1145 1271 1167 usus
1305 1135 1452 1170 aliarum
1486 1150 1547 1171 re.

58 1190 138 1213 rum
161 1181 206 1213 ad
228 1179 398 1214 emendas
421 1179 508 1213 alias
530 1190 619 1213 non
640 1177 822 1223 proderit,
844 1181 927 1213 sed
949 1178 1039 1212 nihil
1059 1178 1268 1214 habebimus
1291 1180 1361 1215 nisi
1384 1183 1548 1219 beneficii

58 1225 192 1259 alieni?
225 1227 281 1268 10,
306 1225 411 1267 2,·6·
435 1226 524 1258 Nam
550 1225 611 1270 qui
635 1225 671 1258 id
704 1230 812 1271 neget
834 1240 881 1247 —-
911 1235 1001 1259 non
1031 1225 1104 1259 hoc
1138 1226 1232 1259 dicat
1263 1226 1337 1260 -?
1378 1229 1411 1270 7,
1446 1232 1479 1272 3,
1512 1233 1546 1265 5.

61 1271 139 1315 ipse
163 1270 269 1305 etiam
290 1271 346 1304 Μ.
370 1251 512 1304 'liutius
536 1270 674 1315 quaerit
694 1271 811 1304 adhuc
834 1281 916 1304 eum
939 1282 1005 1303 —:
1031 1281 1100 1317 ego
1126 1282 1218 1306 non
1250 1273 1397 1308 audeam
1429 1273 1550 1321 dicere

2 1307 8 1322 ’
58 1316 146 1352 eim?
181 1319 239 1360 12,
266 1319 299 1358 1,
321 1318 380 1364 21.
424 1317 468 1361 β)
495 1317 648 1350 anteced.
693 1315 731 1362 a)
758 1318 897 1358 Quid:
934 1316 1084 1362 Quid?
1119 1328 1212 1352 non
1245 1329 1323 1352 vox
1358 1326 1394 1354 et
1425 1328 1546 1368 gestus

1 1365 5 1369 “
57 1362 345 1404 acommodatur
365 1367 512 1402 naturae
535 1361 714 1406 ipsarum,
747 1363 791 1396 de
817 1362 944 1406 quibus
973 1362 1126 1406 dicitur,
1161 1365 1306 1399 rerum?
1344 1366 1379 1407 9,
1401 1366 1437 1410 4,
1464 1370 1544 1404 139.

55 1407 102 1450 qi:
127 1409 164 1451 1,
183 1406 222 1451 4,
246 1409 301 1442 17.
331 1409 364 1450 1,
389 1408 425 1451 5,
448 1406 507 1442 44.
531 1411 564 1451 1,
590 1410 645 1448 10,
667 1410 727 1443 37.
750 1411 786 1450 2,
815 1410 874 1452 21,
908 1409 965 1443 16.
990 1409 1024 1451 3,
1057 1412 1112 1452 11,
1138 1411 1195 1444 17.
1243 1411 1367 1455 Quid
1401 1416 1543 1460 ergo?

55 1465 95 1490 n.
122 1459 179 1488 est
204 1453 331 1499 quaed.
354 1453 557 1498 eloquentia
577 1455 713 1497 major,
751 1465 856 1498 quam
878 1459 917 1488 ut
948 1462 1010 1488 etc.
1046 1457 1080 1497 2,
1103 1457 1138 1494 3.
1161 1458 1196 1491 7.
1246 1457 1366 1503 Quid
1400 1461 1547 1506 ergo?

56 1510 132 1534 non
163 1497 262 1544 (Sp.
281 1502 384 1535 inser.
406 1498 489 1543 aut)
524 1499 629 1534 faber
655 1501 700 1534 de
731 1500 869 1534 fabrica
897 1501 1042 1543 melius,
1083 1507 1161 1535 aut
1193 1502 1239 1536 de
1267 1503 1403 1538 musice
1435 1507 1550 1541 musi-

59 1544 150 1580 cus?
178 1548 215 1588 2,
237 1544 298 1587 21,
322 1545 366 1580 16
388 1546 432 1579 Ζ.
458 1544 506 1587 cf.
534 1547 590 1587 10,
612 1549 647 1587 2,
671 1546 729 1581 25.
757 1548 814 1588 11,
839 1547 875 1590 3,
897 1546 955 1581 60.
1003 1546 1125 1593 Quid
1146 1549 1292 1583 vero?
1324 1561 1362 1584 n.
1385 1551 1549 1587 benevo-

57 1591 168 1626 lentia
188 1589 315 1635 judicis
337 1591 490 1635 petenda
512 1602 560 1625 ex
584 1591 662 1625 aliis
679 1592 853 1635 partibus,
878 1592 958 1626 sed
981 1603 1020 1626 n.
1055 1598 1136 1627 ante
1158 1595 1351 1630 conciliato
1366 1599 1443 1640 ejus
1468 1600 1547 1633 ani-

57 1647 118 1671 mo
155 1638 251 1672 nuda
276 1636 523 1682 quaestionum
547 1637 786 1672 committetur
807 1638 1003 1681 asperitas?
1029 1638 1072 1680 4,
1098 1642 1139 1681 1,
1167 1641 1224 1674 25.
1248 1653 1282 1675 v.
1312 1643 1438 1689 Quis.
1462 1646 1492 1688 Ι,
1518 1644 1550 1680 δ.

58 1683 99 1725 b)
126 1681 198 1719 An
221 1693 344 1719 vero
366 1682 436 1727 ipsi
459 1693 553 1716 non
576 1684 627 1724 (a.
653 1687 676 1717 1.
698 1683 778 1726 nos)
804 1683 859 1717 bis
884 1696 926 1718 ac
949 1684 1091 1728 saepius
1115 1686 1159 1719 de
1192 1687 1270 1721 ead.
1298 1699 1339 1722 re
1372 1689 1551 1725 dicimus?

61 1731 119 1772 10,
140 1728 179 1771 5,
197 1730 236 1764 7.
278 1728 377 1774 Age
402 1739 539 1772 vero,
573 1729 798 1770 non(a.'1.
830 1728 971 1772 nonne)
996 1748 1041 1755 —
1076 1731 1287 1766 constituit?
1324 1736 1383 1778 10,
1421 1738 1454 1778 1,
1489 1736 1550 1772 48.

59 1785 94 1807 v.
117 1773 227 1819 Age.
278 1772 327 1818 y)
352 1777 438 1807 aliis*
451 1777 759 1817 interrogationibus
792 1777 986 1819 respondet.-
1034 1776 1138 1820 quid
1178 1777 1240 1811 fiet
1262 1778 1301 1813 in
1323 1779 1368 1813 iis
1392 1783 1551 1825 quaesti-

53 1817 202 1860 onibus,
229 1829 320 1862 quae
346 1822 430 1854 eto-..⁷
462 1829 554 1853 non
577 1819 788 1855 deformiter
809 1827 1007 1865 respectet,
1042 1827 1078 1856 et
1106 1820 1200 1856 inter
1230 1825 1398 1860 subsellia
1432 1829 1552 1863 mino-

59 1875 120 1898 res
145 1864 339 1898 advocatos
359 1864 583 1911 interroget?
628 1870 684 1909 12,
708 1869 743 1909 3,
765 1869 801 1900 2.
845 1866 986 1913 Quid?
1015 1868 1046 1902 si
1073 1870 1201 1912 quaed.
1237 1869 1330 1906 bene
1365 1873 1461 1907 facta
1488 1876 1550 1908 da-

59 1914 244 1945 mnaturus
268 1913 323 1942 est
342 1909 456 1952 judex
480 1922 544 1944 -—:
564 1921 658 1945 vuou
681 1914 745 1947 vel
769 1913 841 1947 hoc
863 1915 973 1946 modo
999 1914 1157 1950 servabit
1184 1922 1306 1950 orator
1331 1930 1411 1952 non
1440 1919 1549 1954 inno-

3 1958 10 1963 '
60 1961 202 1990 centem
233 1955 352 1987 mode
387 1953 530 1988 civem?
578 1956 722 2001 Quid?
765 1958 798 1991 si
834 1960 961 2001 quaed.
991 1960 1083 2002 justa
1114 1965 1240 1995 natura
1279 1970 1341 1999 etc.
1371 1965 1548 2000 sciemus:

62 2011 216 2035 nonne
237 2004 378 2034 utemur
402 2004 477 2033 arte
515 1999 658 2034 dicendi
692 2002 794 2035 malis
825 2003 959 2037 artibus
990 2005 1167 2039 similem?
1209 2010 1265 2048 12,
1303 2012 1345 2051 1,
1374 2010 1433 2043 41.
1479 2011 1547 2046 An

4 2051 10 2056 ”
62 2057 186 2082 vero
210 2044 390 2079 Antonius
416 2045 595 2079 neminem
627 2057 649 2079 a
683 2057 723 2080 se
757 2047 876 2085 visum
909 2050 1138 2092 eloquentem
1172 2054 1357 2094 professus
1383 2067 1444 2088 —:
1480 2068 1548 2104 ego

62 2103 155 2127 non
182 2092 331 2126 audeam
357 2090 477 2124 dicere
503 2088 589 2126 eie-..⁷
636 2093 680 2124 ib.
714 2094 774 2124 21.
821 2103 873 2126 an
902 2094 991 2127 fides
1025 2096 1197 2138 praestari
1234 2099 1361 2133 debeat
1396 2106 1547 2147 tantum,
1578 2142 1590 2146 ᾗ

61 2149 154 2174 non
179 2136 317 2172 etiam
341 2135 527 2170 consilium
551 2142 586 2170 et
609 2138 785 2171 eventus?
819 2141 856 2180 7,
879 2136 915 2180 4,
940 2141 997 2174 35.
1023 2153 1057 2173 v.
1085 2141 1169 2174 An.
1206 2143 1302 2187 Quo
1335 2146 1468 2190 fugerit
1492 2149 1551 2183 in-

14 2204 19 2207 -
61 2183 167 2222 terim
189 2176 295 2216 ‹16101-
315 2181 407 2216 ille?
440 2182 514 2215 ubi
539 2182 704 2217 lacrimae
727 2183 972 2218 substiterint?
1012 2186 1134 2219 unde
1168 2199 1207 2220 se
1232 2189 1269 2222 in
1294 2191 1450 2226 medium
1477 2201 1548 2229 tam

12 2267 14 2270 y
64 2240 191 2264 secura
216 2227 422 2262 observatio
445 2227 572 2261 artium
593 2228 754 2269 miserit?
796 2230 829 2262 N
838 2239 891 2262 on
925 2230 968 2263 ab
1001 2233 1151 2265 exordio
1188 2235 1376 2271 continuus
1406 2239 1548 2283 quidam

65 2274 217 2322 gemitus
241 2281 302 2307 etc.
327 2273 553 2308 servabitur?
578 2276 635 2317 11,
665 2277 698 2317 1,
721 2273 779 2309 54.
825 2274 943 2321 Quid
965 2275 1072 2323 igitur
1095 2288 1143 2310 ex
1164 2278 1312 2315 libidine
1335 2293 1377 2318 ac
1406 2286 1550 2321 luxuria

14 2357 19 2360 λ
65 2321 172 2365 spei?
215 2321 317 2353 Non
352 2319 543 2364 praecipue
572 2319 667 2354 acuit
708 2321 753 2353 ad
787 2320 1015 2364 cupiditatem
1055 2322 1238 2360 literarum
1271 2338 1374 2363 amor
1404 2332 1547 2367 laudis?

16 2367 21 2371 ·
66 2367 174 2401 Num
198 2365 350 2410 igitur
370 2362 472 2398 malis
500 2375 579 2399 esse
603 2366 742 2408 laudem
770 2377 877 2400 curae
903 2369 1096 2411 putamus?
1135 2373 1190 2413 12,
1223 2374 1265 2414 1,
1300 2375 1335 2408 8.
1383 2371 1421 2419 ὃ)
1450 2391 1549 2421 repe-

3 2445 7 2447 ,
65 2414 166 2445 fflurt
210 2411 307 2444 Non
338 2411 544 2445 concitant?
585 2410 772 2446 inhibent?
817 2408 1041 2457 supplicant?
1081 2416 1257 2458 probant?
1304 2421 1548 2459 admirantur?

66 2457 355 2491 verecundantur
388 2455 583 2500 (manus)?
615 2458 717 2491 Non
744 2477 792 2484 —
823 2459 1074 2494 adverbiorum
1109 2462 1271 2497 obtinent
1301 2465 1444 2502 vicem?
1491 2474 1548 2514 11,

64 2505 100 2546 3,
125 2504 182 2537 87.
212 2501 256 2543 cf.
281 2503 316 2544 5,
341 2502 399 2543 14,
422 2504 479 2536 32.
500 2503 536 2546 6,
552 2505 589 2545 2,
606 2504 768 2538 31-33,
792 2505 829 2548 8,
853 2506 889 2547 5,
911 2507 968 2543 32,
1013 2506 1132 2552 Quid
1157 2508 1310 2553 denique
1329 2513 1548 2553 Demosth.?

64 2558 156 2582 non
188 2552 337 2582 cunctos
366 2548 449 2582 illos
472 2548 679 2592 superavit?
708 2561 744 2583 n.
769 2549 920 2597 insurgit
941 2551 1058 2586 locis?
1091 2564 1127 2586 n.
1161 2553 1284 2600 figuris
1315 2560 1471 2604 gaudet?
1507 2575 1547 2598 n,

65 2591 478 2628 translationibusnitet?
501 2601 564 2629 etc.
574 2597 632 2637 12,
642 2597 698 2636 10,
707 2597 763 2630 23.
786 2595 845 2630 24.
860 2608 895 2630 v.
914 2595 982 2630 An
999 2609 1024 2631 n
1038 2608 1095 2632 on
1113 2601 1146 2632 in
1165 2600 1241 2635 An.
1274 2601 1307 2636 N
1318 2614 1341 2637 o
1353 2616 1379 2639 n
1397 2609 1548 2650 perdant

67 2641 159 2674 haec
176 2640 296 2674 omnia
310 2639 550 2674 necessarium
561 2657 604 2663 —
614 2641 784 2683 colorem,
805 2643 1068 2687 petendumque
1091 2642 1339 2684 inffocentibus
1353 2652 1461 2687 etiam
1478 2656 1548 2688 mi-

15 2689 19 2694 *
65 2685 281 2720 sericordiae
295 2686 482 2720 colorem?
503 2685 781 2720 Commoveatm·
799 2698 855 2721 ne
876 2688 1061 2733 quisquam
1086 2691 1162 2734 ejus
1179 2693 1323 2731 fortuna
1342 2699 1414 2733 —2
1447 2701 1482 2734 Ν
1491 2711 1547 2735 on

14 2731 23 2779 ζ
65 2730 196 2766 immo
222 2731 340 2766 oderit
360 2742 462 2766 reum
490 2731 602 2767 verba
625 2733 887 2776 aucupantem?
919 2738 975 2777 11,
1001 2738 1035 2779 1,
1058 2735 1117 2772 49.
1142 2739 1199 2773 50.

8 2852 22 2881 'z

127 2838 130 2839 ⁷
154 2786 262 2834 vm)
282 2790 318 2823 in
338 2790 481 2822 transitu
507 2801 540 2824 c.
564 2790 600 2822 vi
621 2782 722 2833 ‹ffund-
748 2787 791 2832 α)
813 2791 1020 2835 simpliciter.-
1044 2793 1078 2828 N
1088 2803 1148 2831 on
1170 2795 1244 2832 hoc
1266 2809 1422 2843 unquam
1444 2801 1543 2847 di1i3
