1728 3002
137 168 219 206 646
648 166 814 209 Pei-itus
843 192 899 199 —
928 167 1133 209 Permitto

136 280 169 322 I’
172 281 316 321 esitus.
362 291 399 333 α)
425 292 502 326 sine
526 293 673 327 doctore
697 302 732 335 p.
757 293 815 327 Pr.
840 295 899 328 27.
926 302 958 335 p.
984 292 1046 328 ille
1066 299 1281 336 praeceptor
1301 295 1336 339 8,
1362 296 1420 331 Pr.
1443 297 1478 332 3.
1502 297 1672 342 adjiciunt

183 337 326 381 quidam
350 338 565 382 peritorum,
602 336 732 373 πάθος
760 341 957 381 temporale
981 351 1060 374 esse
1084 342 1117 382 6,
1139 343 1175 383 2,
1200 343 1244 375 10
1275 341 1323 376 N.
1349 345 1398 380 cr,
1429 349 1462 376 et
1487 345 1523 378 S.
1573 343 1618 389 β)
1642 358 1670 379 c.

186 386 316 419 Genit.:
352 384 494 418 dicendi
518 394 554 426 p.
579 388 635 428 12,
665 387 698 428 1,
724 388 756 418 1.
802 385 918 419 minus
943 387 1060 421 adhuc
1079 396 1114 428 p.
1141 386 1380 434 distinguendi
1403 388 1478 424 vim
1501 382 1672 435 cuiusque

183 429 285 465 verbi
312 433 367 472 12,
393 432 426 472 5,
451 432 485 465 3.
534 430 617 464 satis
643 430 827 465 dividendi
854 441 890 474 p.
917 436 951 476 7,
980 435 1036 476 10,
1061 434 1094 468 6.
1143 433 1297 468 docendi
1321 443 1356 476 p.
1386 437 1420 477 1,
1445 436 1480 479 3,
1505 438 1539 470 1.
1567 447 1676 471 exer-

184 475 288 509 cendi
312 485 463 517 corpora
487 485 522 518 p.
551 480 586 520 2,
611 478 646 520 8,
673 479 727 512 13.
765 479 924 512 nondum
948 478 1032 513 satis
1057 489 1094 521 p.
1121 479 1296 525 loquendi
1320 483 1377 523 12,
1406 483 1460 524 10,
1491 482 1548 517 16.
1571 494 1676 526 prae-

183 522 337 563 cipiendi
361 532 396 564 p.
424 526 456 566 1,
484 526 516 566 1,
541 525 583 566 83
621 525 854 558 honestorum
879 536 920 559 ac
944 525 1101 567 turpium
1124 535 1160 568 p.
1195 529 1231 570 2,
1260 529 1318 570 20,
1347 528 1382 562 8.
1429 528 1564 569 peritus
1591 528 1676 570 iuris

182 568 243 602 ille
271 572 325 611 12,
350 572 384 612 3,
408 571 443 603 3.
466 568 511 610 cf.
537 570 580 602 ib.
605 571 639 605 9.
688 570 921 612 peritissimus
953 572 1095 618 linguae
1130 573 1208 606 Lat.
1243 579 1280 607 et
1313 572 1428 607 omnis
1460 574 1676 619 antiquitatis

184 617 239 657 10,
267 618 298 657 1,
322 616 380 652 95.
407 615 460 649 M.
488 615 577 650 Cato
604 637 651 642 —
673 617 906 659 peritissimus
931 629 1051 653 rerum
1083 618 1295 653 rusticarum
1327 622 1389 663 12,
1425 623 1489 664 11,
1530 623 1596 665 233
1629 618 1677 655 in

183 663 251 695 hoc
277 663 355 695 solo
383 662 499 696 minus
519 662 672 703 peritum
695 676 799 707 quam
827 664 874 698 in
898 666 1025 700 ceteris
1053 668 1110 709 11,
1137 669 1169 710 1,
1195 668 1252 701 71.
1644 686 1646 689 ·

140 704 362 763 [perlatio.
405 720 471 753 hos
501 719 666 762 (affectus
692 721 897 766 concitatos)
924 724 968 757 ad
993 723 1310 764 perlationem
1327 722 1410 767 (sic.
1436 730 1527 767 oppt.
1557 725 1676 767 Codd,;

182 763 262 804 fort.
289 768 428 808 pertinet
457 767 503 798 ad
540 769 626 809 vim,
672 780 740 812 qua
773 781 932 812 causam,
974 776 1132 814 tanquam
1167 773 1291 812 legem,
1337 768 1554 814 perferimus3
1587 774 1678 812 vulg.

184 812 227 843 ‹Ie
252 812 338 854 conj.
364 814 492 854 Regii
526 814 852 858 perturbationem,
897 828 930 849 α.
967 819 987 849 1.
1018 815 1310 860 probationem),
1343 815 1424 850 illos
1458 814 1599 860 (mites)
1633 816 1678 850 ad

185 856 589 893 benevolentiam
613 862 824 901 praevalere
848 861 884 904 6,
908 864 943 904 2,
967 862 991 897 9
1015 863 1062 896 N.
1091 875 1138 896 cr.
1165 869 1198 895 et
1221 860 1286 906 S.]

138 901 347 996 Ρῖζέθὲἳὸ
361 915 607 996 φιΙοᾱῆὄτίἀθτΘ
626 928 701 952 non
710 923 772 952 est
795 917 890 962 satis,
913 920 1171 967 perlegendum
1189 918 1257 954 erit
1275 921 1332 963 12,
1352 920 1389 963 8,
1419 920 1476 954 12.
1498 919 1680 962 perlectus

200 971 207 992 ι
236 972 276 994 er
349 989 359 1005 ‚
420 987 430 1005 ,
456 983 477 996 2
504 989 513 997 .

137 1007 389 1049 Permaneo.
436 1019 474 1053 in
499 1019 560 1054 illa
587 1025 712 1055 vetere
736 1021 969 1064 persuasione
994 1022 1218 1065 permanenti
1243 1024 1279 1067 3,
1306 1021 1342 1066 4,
1365 1020 1402 1057 4.

137 1064 169 1105 P
173 1077 395 1106 ernnsceo.
442 1079 481 1120 α)
508 1078 686 1120 permixta
711 1084 765 1114 est
785 1085 820 1113 et
841 1079 1002 1115 utilitatis
1025 1080 1118 1115 ratio
1153 1082 1189 1124 3,
1220 1082 1255 1123 8,
1294 1081 1352 1116 56.
1398 1079 1557 1122 ipsorum
1588 1076 1680 1122 (au-

185 1123 367 1166 aientium)
398 1123 503 1158 etiam
529 1126 777 1166 permiscenda
799 1127 876 1161 laus
902 1137 1044 1170 semper
1078 1129 1122 1171 3,
1147 1130 1189 1170 7,
1219 1125 1279 1162 24.
1325 1125 1364 1160 in
1397 1136 1470 1171 (1υο
1506 1125 1679 1168 (genere)

183 1163 291 1200 trium
326 1170 503 1209 permixta
541 1177 596 1205 est
630 1171 742 1218 gratia
772 1173 807 1216 8,
841 1173 877 1215 6,
911 1172 970 1209 49.
1018 1185 1109 1218 quae
1144 1169 1318 1217 (πλοκὴ)
1341 1172 1380 1206 fit
1409 1183 1458 1207 ΘΧ
1491 1170 1679 1223 Ρθῐωίξῖὶῧ

183 1212 305 1259 figuris
332 1216 366 1257 9,
397 1219 431 1259 3,
456 1215 523 1259 41;
551 1218 646 1251 bona
670 1224 791 1252 nostra
815 1219 1000 1260 permixtis
1016 1219 1118 1254 malis
1135 1219 1171 1263 4,
1189 1222 1226 1263 2,
1243 1221 1323 1253 102.
1347 1224 1388 1253 ut
1411 1223 1680 1253 controversiae

184 1259 370 1299 permixtis
394 1262 526 1296 salibus
550 1264 768 1309 fingerentur
790 1265 825 1307 6,
850 1267 884 1308 3,
913 1267 968 1301 15.
994 1266 1037 1311 β)
1057 1280 1086 1300 c.
1103 1269 1210 1300 Dat„-
1237 1275 1369 1307 pueros
1393 1263 1680 1305 adolescentibus

183 1306 309 1341 sedere
333 1307 530 1347 permixtos
553 1312 588 1351 2,
611 1313 646 1352 2,
673 1309 730 1343 14.
776 1321 823 1343 ne
846 1311 910 1353 iis,
955 1312 1083 1356 quibus
1116 1311 1295 1353 permixta
1317 1317 1417 1353 sunt,
1449 1310 1682 1354 inquinentur

182 1353 218 1393 2,
244 1353 276 1391 5,
302 1351 356 1385 24.
406 1355 614 1398 plerumque
640 1354 771 1396 apertis
794 1357 974 1397 permixta
1003 1363 1058 1390 est
1076 1355 1285 1399 (allegoria)
1319 1358 1362 1398 8,
1397 1357 1440 1398 6,
1469 1355 1528 1390 47.
1581 1354 1679 1398 quod

184 1397 427 1432 insectationis
450 1411 562 1446 genus
587 1406 623 1434 et
638 1401 854 1441 permixtum
878 1402 1082 1436 defensioni
1113 1402 1264 1448 legimus
1283 1404 1318 1445 5,
1337 1405 1373 1444 7,
1393 1402 1428 1438 6.
1454 1403 1546 1436 adeo
1566 1401 1679 1435 tribus

185 1443 308 1486 primis
337 1446 495 1488 partibus
525 1457 604 1480 esse
641 1447 859 1491 permixtum
886 1446 1094 1492 (judicium)
1135 1450 1170 1491 3,
1194 1449 1231 1490 3,
1267 1448 1302 1482 6.
1348 1451 1474 1481 natur&
1501 1445 1680 1488 permixta

185 1495 238 1523 est
261 1490 426 1525 omnibus
450 1491 526 1526 istis
550 1492 664 1526 oratio
692 1496 748 1536 12,
772 1496 807 1536 2,
831 1496 898 1537 2Ο;
939 1505 1038 1530 cum
1066 1493 1137 1528 alio
1164 1493 1284 1538 aliquo
1305 1492 1472 1528 nocituro
1502 1492 1681 1535 permixta

182 1541 263 1569 sunt
287 1535 380 1580 (litis
401 1538 635 1582 instrumenta)
664 1541 720 1582 12,
747 1541 782 1583 8,
811 1542 866 1574 12.

141 1592 220 1633 l‘er
267 1595 385 1635 issio.
434 1607 518 1649 (fig.
543 1620 599 1650 ap.
628 1605 734 1650 Ci‘c.)
759 1608 795 1650 9,
831 1611 865 1651 1,
901 1607 958 1644 35.
993 1607 1029 1650 9,
1065 1609 1100 1650 3,
1133 1608 1191 1652 90.
1226 1616 1342 1649 paene
1379 1606 1477 1648 idem
1507 1606 1592 1651 fons
1627 1613 1682 1642 est

182 1650 219 1683 ill
261 1663 289 1692 s,
309 1646 415 1695 quam
437 1652 795 1694 permissionem
813 1660 960 1697 vocant,
979 1653 1039 1698 qui
1056 1652 1510 1688 communicationis
1527 1654 1678 1697 9,2,25.

137 1697 354 1739 Permitto·
403 1707 444 1751 α)
477 1709 612 1744 similes
652 1710 1003 1752 imperantibus
1036 1712 1099 1746 vel
1130 1709 1533 1752 permittentibus
1564 1711 1602 1754 9,
1641 1712 1678 1754 2,

182 1755 241 1789 48.
289 1760 448 1789 ceterum
473 1767 520 1790 ex
544 1767 673 1800 causa,
708 1763 747 1790 ut
773 1769 936 1802 quaeque
961 1757 1159 1800 permittet,
1190 1774 1235 1781 —
1263 1762 1448 1791 succurret
1466 1759 1522 1800 11,
1549 1759 1588 1799 1,
1620 1757 1678 1792 77.

185 1801 445 1844 permittat,
479 1813 524 1835 an
548 1808 706 1846 vetet,
739 1815 784 1837 an
811 1803 1014 1846 imperet
1037 1803 1136 1846 (lex)
1161 1806 1196 1844 7,
1220 1806 1255 1846 7,
1281 1806 1316 1838 7.
1343 1802 1386 1844 cs.
1423 1805 1458 1844 3,
1477 1803 1521 1846 6,
1556 1805 1612 1837 17.
1642 1804 1678 1844 5,

184 1850 239 1889 10,
264 1850 320 1883 33.
369 1847 452 1882 alibi
481 1860 586 1892 quam
613 1860 690 1883 mos
718 1849 919 1891 permiserit
944 1853 998 1893 11,
1026 1852 1058 1891 1,
1082 1848 1140 1884 47.
1188 1860 1270 1882 cum
1294 1859 1354 1883 res
1375 1849 1599 1891 postulat
1622 1853 1683 1882 aut

183 1900 281 1928 certe
308 1894 543 1935 permittit
567 1894 601 1937 4,
628 1897 661 1937 3,
686 1895 719 1928 4.
767 1898 809 1942 β)
835 1910 863 1930 c.
891 1896 989 1939 obj..-
1021 1895 1060 1929 id
1081 1916 1129 1921 —-
1151 1895 1328 1929 rationem
1354 1894 1559 1940 permittere
1583 1896 1618 1937 1,
1644 1894 1679 1936 6,

185 1943 239 1973 10.
287 1941 482 1974 laudare
505 1940 594 1974 illud
622 1952 679 1975 me
704 1943 839 1986 adhuc,
872 1948 1064 1986 venturum
1087 1947 1249 1985 tempus,
1273 1941 1335 1975 ubi
1358 1941 1454 1975 idem
1481 1951 1556 1975 non
1576 1949 1679 1982 per-

182 1986 407 2020 mitterem
434 1990 468 2024 2.
492 1987 527 2030 4,
554 1986 608 2020 14.
658 1988 754 2021 aliud
778 1988 816 2021 in
841 1989 974 2023 scholis
1006 1987 1279 2030 permittendum
1311 1996 1471 2030 semper,
1512 1986 1551 2020 in
1592 1986 1677 2020 foro
1704 2016 1706 2020 ,

182 2043 262 2066 raro
291 2033 325 2075 5,
351 2034 408 2074 13,
431 2031 488 2067 45.
537 2034 609 2067 Sed
637 2034 707 2067 hoc
732 2040 791 2068 aut
816 2034 950 2076 primae
975 2034 1147 2077 actiones,
1176 2040 1235 2068 aut
1263 2040 1323 2068 etc.
1349 2032 1676 2076 permiserint:

184 2084 219 2111 at
246 2090 324 2112 cum
349 2078 509 2119 protinus
532 2081 822 2120 respondendum
846 2086 920 2124 est,
957 2080 1076 2114 omnia
1109 2080 1227 2121 parari
1259 2090 1333 2117 non
1364 2084 1514 2121 possunt
1543 2081 1610 2120 12,
1641 2078 1677 2121 9,

183 2127 236 2158 16.
284 2130 416 2168 quanto
441 2126 521 2166 plus
544 2125 669 2160 nitoris
694 2134 755 2161 etc.
789 2126 1092 2161 demonstrativae
1123 2125 1314 2169 materiae,
1356 2136 1464 2169 qnam
1496 2123 1678 2173 suasoriae

184 2178 243 2204 etc.
270 2171 474 2212 permittant
502 2174 555 2213 11,
587 2175 618 2215 1,
645 2171 702 2206 48.
751 2173 814 2206 ubi
840 2183 915 2206 non
944 2173 1120 2207 dissidens
1148 2184 1168 2206 a
1201 2182 1295 2207 voce
1318 2170 1533 2213 permittitur
1554 2175 1676 2218 gestus

182 2227 326 2261 quoque
352 2220 406 2258 11,
431 2219 464 2256 3.
496 2218 573 2252 165.
621 2218 765 2252 minime
789 2230 879 2254 vero
913 2219 1149 2260 permittenda
1173 2218 1324 2252 licentia·
1353 2220 1396 2261 2,
1429 2220 1465 2260 2,
1502 2219 1536 2252 9.
1575 2215 1620 2268 y)
1643 2227 1675 2248 c·
1707 2221 1710 2227 '

182 2266 287 2296 Dat..·
319 2263 563 2303 permittamus
588 2266 670 2298 vela
699 2266 819 2300 ventis
846 2266 911 2307 Ep.
939 2266 983 2299 ad
1007 2266 1145 2309 Tryph.
1171 2266 1203 2298 3.
1227 2269 1396 2305 expertas
1429 2263 1527 2298 vires
1559 2261 1674 2295 llbero

182 2309 286 2342 coelo
310 2309 517 2350 permittunt
540 2313 574 2352 2,
600 2311 636 2352 6,
661 2313 695 2344 7.
719 2311 836 2352 poetis
859 2310 1185 2352 permittamus
1209 2321 1294 2344 sane
1319 2309 1493 2353 ejusmodi
1510 2308 1676 2348 exempla

179 2370 224 2375 -
248 2365 320 2388 non
343 2356 438 2389 idem
463 2361 641 2389 oratorem
669 2357 866 2392 decebit
888 2359 923 2400 8,
950 2360 985 2400 3,
1009 2357 1066 2391 73.
1092 2356 1137 2398 cf.
1161 2357 1196 2398 8,
1221 2357 1257 2398 6,
1278 2358 1337 2390 71.
1361 2355 1465 2389 nobis
1486 2354 1558 2407 illa,
1584 2362 1676 2405 qnae

179 2399 288 2433 Attici
314 2402 564 2445 mirantur,
601 2402 745 2438 diversa
770 2403 884 2438 Latini
914 2402 1094 2437 sermonis
1119 2403 1213 2436 ratio
1243 2402 1361 2435 minus
1392 2403 1675 2453 permiserit

181 2446 236 2485 10,
262 2449 295 2488 1,
328 2450 404 2481 ¹07·
436 2447 479 2488 cs:
506 2449 540 2490 8,
567 2448 603 2490 6,
627 2450 684 2482 31.
734 2461 825 2494 quae
853 2450 921 2484 sibi
944 2449 1006 2482 ille
1032 2449 1242 2490 permiserat
1278 2451 1334 2491 11,
1358 2449 1401 2490 1,
1415 2446 1473 2481 24.
1519 2457 1588 2490 le,
1612 2444 1674 2478 xlta

179 2490 280 2524 nobis
304 2493 537 2532 permittimus
561 2495 596 2536 8,
636 2495 671 2538 6,
710 2496 766 2530 32.
811 2495 983 2538 permissa
1015 2494 1216 2529 oratoribus
1248 2494 1427 2528 schemata
1462 2494 1506 2535 1,
1540 2491 1584 2534 5,
1614 2489 1672 2524 52·

180 2537 291 2570 verba
316 2549 360 2570 ne
384 2538 643 2574 Alexandrinis
673 2540 816 2584 quidem
840 2541 1075 2583 permittenda
1101 2539 1238 2574 deliciis
1266 2542 1298 2582 1,
1323 2542 1358 2581 2,
1388 2542 1442 2590 7..
1468 2534 1505 2578 ὃ)
1533 2548 1580 2588 ,σῃ
1599 2533 1670 2576 Ins.

178 2581 210 2618 a]
237 2593 316 2614 cum
341 2587 521 2619 consultus
545 2592 688 2627 praetor
712 2587 913 2628 permiserit
936 2586 1056 2621 dicere
1085 2588 1141 2628 11,
1162 2588 1197 2629 3,
1215 2585 1293 2620 157.
1319 2586 1484 2618 materias
1508 2581 1671 2634 dividere

180 2627 355 2668 permittet
382 2632 437 2671 10,
466 2633 500 2673 5,
525 2634 583 2664 22.
619 2632 751 2679 eligere
780 2634 907 2678 quaed.
934 2653 979 2659 -
1004 2631 1295 2674 permiserim
1319 2631 1354 2672 9,
1376 2629 1412 2673 4,
1437 2628 1501 2662 58.
1522 2631 1671 2669 permit-

178 2673 287 2713 tendo
314 2675 476 2716 mutuari,
502 2689 594 2720 quae
621 2689 695 2712 non
720 2680 828 2714 habet
854 2681 889 2723 8,
913 2679 949 2721 6,
975 2679 997 2714 5
1020 2679 1069 2712 Ν.
1097 2690 1166 2720 cr.;
1194 2688 1263 2722 qua
1290 2681 1326 2710 et
1351 2674 1515 2708 breviare
1538 2672 1668 2717 quaed.

177 2724 213 2752 et
235 2729 362 2753 ornare
389 2721 601 2761 permittitur
631 2727 664 2766 1,
687 2725 722 2766 9,
748 2728 782 2760 2.
830 2724 1046 2767 permittitur
1068 2724 1239 2758 adhibere
1275 2722 1352 2764 plus
1387 2720 1502 2754 cultus
1536 2722 1580 2760 2,
1611 2720 1667 2762 10,

179 2766 234 2798 11.
282 2769 317 2798 et
341 2767 596 2801 contumeliose
626 2775 662 2803 et
686 2779 811 2811 aspere
837 2771 957 2806 dicere
993 2770 1204 2813 permissum
1231 2772 1285 2804 est
1306 2767 1342 2809 6,
1365 2767 1401 2809 3,
1428 2767 1476 2801 28
1497 2778 1530 2800 v.
1554 2764 1669 2800 Con-
