1728 3002
151 254 234 297 130
694 244 904 291 Claudico
936 270 992 281 --
1019 243 1159 291 Cludo

140 389 143 391 -
198 364 260 402 23.
299 362 432 399 ducere
455 360 608 397 classem
640 364 684 397 ib.
716 359 775 398 24.
818 363 1042 406 consuetudo
1058 362 1244 399 -classium
1271 351 1380 398 certis
1406 359 1534 398 diebus
1557 359 1707 403 audien-

197 414 328 448 ‘danna
351 412 409 455 10,
438 411 474 453 5,
502 408 545 444 21
573 409 621 444 Ν.
716 408 763 453 11)
788 419 887 444 mare
913 409 1046 444 classes
1070 409 1210 456 (tenet)
1235 421 1394 444 versus
1420 411 1458 454 9,
1481 407 1518 454 4,
1540 409 1600 445 90.

140 458 378 501 (Πεωάἰθο.
425 477 473 501 ne
508 463 662 510 (sermo)
685 464 936 511 inaequalitate
960 467 1091 501 hot-um
1116 466 1296 511 omnium,
1327 466 1431 512 ⁶sicut
1450 466 1583 512 pedum
1605 463 1706 501 clau-

200 517 296 551 dicet
322 517 378 558 11,
402 515 437 557 3,
461 510 518 547 43.
554 512 594 546 in
617 513 805 547 comoedia
829 512 986 547 maxime
1015 513 1257 548 claudicamus
1291 514 1350 558 10,
1373 515 1409 560 1,
1433 513 1491 549 99.

156 560 338 604 ΟῙωιᾶΟ.
386 562 420 615 l)
443 575 572 604 neutra
595 567 695 614 (lit.)
719 570 862 604 claudet
887 580 1019 605 vocem
1034 572 1111 606 Lat.
1140 574 1172 615 1,
1197 572 1232 614 5,
1261 571 1317 605 31.
1351 569 1522 605 bacchius
1545 575 1582 605 et
1603 568 1706 605 olau-

202 619 255 654 dit
281 618 343 663 (a.
370 621 392 651 l.
424 615 546 660 clud.)
571 621 607 650 et
630 616 699 649 sibi
718 616 878 664 jungitur
902 619 943 651 ib.
975 620 1052 653 102.
1085 617 1130 660 cf.
1161 619 1237 652 103.
1270 618 1348 652 105.
1386 628 1420 651 v.
1445 615 1569 656 Ante
1579 617 1704 651 cedo.

200 663 334 701 claudit
361 660 455 708 (Sp.
484 661 606 707 clud.)
637 662 781 696 interim
811 662 945 707 optime
975 664 1089 708 prima
1118 674 1200 708 pars
1227 672 1356 698 versus
1387 665 1430 697 ib.
1456 666 1502 698 72
1527 666 1592 707 Z.,·
1635 667 1706 707 qua

200 709 464 756 compositione
486 708 524 743 in
552 709 624 743 fine
648 710 858 744 claudantur
881 709 1028 755 (verba)
1052 713 1096 745 fb.
1124 712 1180 745 13.
1222 708 1285 744 ubi
1308 708 1496 744 claudatur
1518 718 1645 744 sensus
1669 709 1706 751 1,

200 760 236 802 8,
263 761 296 792 1.
341 755 531 800 disputatio
554 755 605 789 ita
629 755 805 790 clauditur
827 759 868 800 2,
899 756 966 800 15,
990 759 1048 792 27.
1099 767 1171 802 quo
1198 761 1343 792 veteres
1372 755 1582 790 comoediae
1605 755 1708 791 clau-

200 806 351 846 duntur,
386 801 598 836 Plaudite
629 802 673 844 6,
701 804 744 845 1,
773 804 841 845 52;
890 803 1051 837 clausum
1078 801 1135 846 (α.
1164 807 1186 837 1.
1213 803 1330 846 clus.)
1357 802 1562 837 cubiculum
1586 803 1643 845 10,
1668 801 1706 844 3,

199 851 256 886 25.
299 848 480 884 clausis
504 847 740 882 foraminibus
761 859 840 893 opp.
870 849 1047 893 apertis
1074 852 1130 892 11,
1155 851 1191 892 3,
1219 851 1275 884 20.
1309 849 1418 883 olaus.
1443 847 1622 883 thesauris
1646 848 1706 890 10,

200 900 234 940 1,
258 899 292 930 2.
387 895 437 937 11)
463 897 485 928 i.
512 907 544 939 ‹1-
578 896 708 938 cingo
723 909 733 928 .·
771 901 941 940 quantum
967 896 1082 940 campi
1107 896 1250 930 claudat
1275 893 1479 939 (circuitus)
1503 897 1538 938 1,
1563 896 1620 937 10,
1644 889 1704 926 42.

198 949 238 977 ut
272 941 408 985 maiore
436 939 591 975 circuitu.
609 940 729 976 minor
749 941 821 975 loci
846 942 1039 986 amplitudo
1064 943 1250 977 claudatur
1273 944 1315 976 ib.
1341 940 1398 976 45.
1439 941 1581 976 clausae
1599 944 1706 985 quat-

199 994 283 1023 tuor
306 987 411 1022 lineis
435 998 540 1021 areae
555 989 597 1021 ib.
617 985 675 1022 43.
719 989 898 1022 clauserat
913 988 1085 1032 judicium
1099 987 1270 1023 militibus
1292 986 1328 1032 4,
1343 990 1378 1031 2,
1391 987 1448 1023 25.
1473 999 1507 1022 v.
1524 986 1680 1022 Gludo.

154 1031 361 1075 Claudus.
410 1047 443 1078 in
469 1045 608 1077 dicendo
618 1058 629 1078 .·
663 1049 701 1078 st
709 1045 759 1078 ab
769 1045 781 1078 i
791 1047 804 1078 l
814 1045 826 1079 i
835 1057 854 1079 a
875 1046 1048 1090 probant,
1082 1047 1150 1080 cla
1159 1057 1184 1079 u
1195 1047 1218 1079 d
1231 1057 1252 1080 a
1275 1045 1550 1090 deprehendunt
1572 1042 1707 1086 (aures)

145 1126 149 1127 ⁷
199 1093 236 1135 9,
261 1090 297 1135 4,
323 1094 340 1126 1
348 1091 401 1126 16.
437 1091 613 1135 quaedam
637 1091 819 1126 clausulae
847 1097 930 1125 sunt
954 1093 1082 1127 claud
1091 1103 1141 1127 ae
1166 1098 1285 1138 atque‘
1295 1103 1320 1136 p
1330 1102 1383 1126 en
1393 1092 1418 1126 d
1426 1095 1502 1126 ent
1513 1101 1534 1125 e
1542 1101 1560 1124 s
1583 1091 1628 1124 ib.
1644 1091 1704 1124 70.

156 1135 377 1180 Clausula·
426 1153 581 1183 vocatur
607 1153 643 1182 et
671 1148 805 1193 aliquid
829 1150 986 1183 clausula
1010 1151 1046 1193 8,
1071 1149 1106 1192 5,
1133 1151 1187 1184 13.
1222 1148 1360 1183 initia
1383 1145 1706 1192 clausulaeque

199 1195 391 1240 plurimum
415 1193 587 1228 momenti
614 1195 760 1238 habent,
790 1195 956 1239 quotiens
980 1195 1023 1229 in
1037 1195 1152 1239 cipit
1174 1207 1302 1230 sensus
1320 1201 1381 1229 aut
1405 1192 1583 1229 desinit
1606 1194 1644 1237 9,
1668 1191 1706 1236 4,

200 1243 258 1277 67.
293 1240 476 1275 initium
507 1247 568 1274 aut
591 1241 853 1275 clausulam
885 1241 1149 1286 epichirematis
1172 1243 1208 1285 8,
1233 1242 1266 1286 5,
1290 1240 1324 1275 4.
1363 1241 1470 1284 hujus
1495 1238 1704 1274 loci'clans.

202 1290 260 1331 11,
284 1289 319 1330 3,
346 1289 426 1322 181.
464 1286 604 1321 initia
634 1292 671 1322 et
700 1289 841 1322 claus.
875 1287 1135 1322 sententiarum
1168 1288 1203 1331 9,
1229 1290 1271 1330 3,
1298 1285 1355 1322 45.
1395 1284 1576 1320 clausulae
1598 1284 1707 1318 unius

201 1334 359 1379 syllabae
384 1335 427 1377 8,
453 1335 488 1375 3,
513 1335 571 1367 20.
621 1334 692 1367 duo
717 1333 870 1378 spondei
893 1352 937 1360 —
966 1334 1003 1368 in
1029 1345 1141 1369 versu
1163 1332 1331 1367 notabilis
1359 1333 1468 1367 olaus.
1495 1333 1530 1376 9,
1557 1329 1594 1373 4,
1623 1333 1705 1368 101.

201 1387 242 1414 ut
278 1381 388 1414 claus.
414 1378 578 1414 similiter
601 1380 705 1414 cadat
730 1381 774 1422 9,
800 1382 843 1423 3,
869 1383 934 1423 773
982 1391 1051 1414 nec
1085 1381 1266 1414 clausulae
1301 1376 1509 1423 (versuum)
1537 1376 1706 1412 clausulis

203 1426 382 1471 (orationis
397 1424 616 1469 conveniunt)
634 1427 669 1469 9,
686 1424 721 1470 4,
737 1427 794 1461 75.
834 1426 1036 1471 proximam
1062 1425 1291 1460 clausulis
1315 1424 1538 1472 diligentiam
1552 1426 1708 1469 poscunt

200 1472 342 1507 initia
374 1475 416 1506 ib.
450 1473 508 1507 62.
555 1471 719 1507 Creticus
750 1478 786 1506 et
819 1472 974 1507 initiis
1008 1472 1163 1517 optimus
1195 1478 1232 1506 et
1263 1470 1501 1506 clausulis
1536 1472 1583 1504 ib.
1617 1471 1704 1512 1073

202 1517 377 1563 (paeoni)
413 1519 610 1552 clausulam
642 1518 824 1566 assignant
856 1521 899 1552 ib.
926 1519 990 1561 96;
1040 1518 1254 1563 compositio
1276 1517 1397 1552 multis
1421 1518 1531 1552 olaus.
1558 1516 1708 1550 concisa

202 1565 378 1599 subsultet
407 1567 449 1599 ib.
478 1563 536 1599 42.
581 1564 643 1598 ubi
676 1564 845 1599 clausulis
876 1575 953 1599 non
983 1564 1214 1599 intersistitur
1240 1566 1284 1599 ib.
1311 1565 1395 1607 1063
1441 1563 1488 1598 ad
1509 1559 1604 1597 hane
1625 1568 1709 1608 per-

203 1611 345 1645 ducitur
381 1612 490 1646 claus.
513 1612 559 1655 2,
587 1613 652 1655 15,
675 1613 733 1646 28.
779 1612 824 1645 ad
856 1622 999 1646 omnem
1030 1613 1140 1646 olaus.
1174 1622 1248 1645 non
1272 1621 1320 1652 ex
1388 1616 1391 1619 '
1413 1615 1452 1644 nt
1474 1609 1611 1655 modo,
1638 1608 1709 1643 sed

203 1657 312 1692 etiam
336 1663 534 1692 excurrunt
555 1660 591 1700 2,
617 1660 653 1701 2,
682 1660 725 1691 12
754 1659 825 1701 Ν.;
873 1657 912 1692 in
944 1657 1163 1693 clausula
1197 1669 1274 1703 opp.
1303 1656 1343 1691 in
1373 1663 1588 1704 ingressu
1606 1655 1647 1699 9,
1669 1652 1707 1698 4,

201 1706 259 1739 72.
299 1702 343 1745 cs.
372 1707 406 1747 7,
426 1706 462 1747 3,
483 1705 540 1739 18.
576 1703 614 1738 in
642 1704 782 1738 claus.
809 1709 846 1738 et
873 1705 1002 1738 calce
1029 1706 1065 1747 8,
1091 1704 1126 1747 5,
1150 1706 1207 1738 30.
1246 1701 1365 1738 addita
1387 1701 1426 1737 iu
1452 1703 1562 1737 olaus.
1587 1703 1630 1735 fb.
1649 1703 1728 1735 11.-

203 1749 235 1784 si
260 1749 299 1784 in
323 1751 433 1784 claus.
452 1749 658 1794 posuissent
681 1751 796 1784 Esse
819 1750 1044 1786 videatur
1069 1753 1125 1793 10,
1150 1751 1184 1793 2,
1212 1752 1266 1784 18.
1297 1749 1342 1791 cfi
1368 1751 1403 1792 8,
1419 1751 1454 1791 5,
1475 1751 1511 1782 2.
1539 1746 1628 1790 9,4,
1644 1747 1703 1782 29.
1727 1763 1728 1768 ’

202 1795 242 1830 in
265 1796 432 1830 clausulis
455 1798 490 1840 9,
515 1795 551 1839 4,
577 1797 633 1832 97.
670 1798 728 1839 12,
757 1798 814 1839 10,
841 1799 905 1839 31;
952 1796 1118 1840 (metris.)
1146 1802 1267 1830 certae
1294 1795 1403 1830 618118.
1428 1799 1513 1828 sunt
1534 1794 1572 1836 9,
1597 1791 1633 1836 4,
1659 1793 1707 1827 50

201 1843 250 1876 Ν.
282 1842 453 1876 historiae
479 1842 599 1876 minus
627 1842 886 1877 convenissent
908 1832 1114 1877 insistensss
1138 1844 1248 1876 claus.
1275 1844 1318 1876 ib.
1341 1841 1406 1880 ,18.
1444 1840 1572 1885 quaed.
1590 1840 1705 1874 olaus.

202 1893 285 1922 sunt
314 1890 461 1923 claudae
486 1894 593 1933 atque
620 1888 842 1933 pendentes,
869 1887 900 1922 si
923 1888 1191 1934 relinquantur,
1226 1888 1292 1922 sed
1318 1885 1549 1933 sequentibus
1571 1882 1707 1931 suscipi

201 1945 243 1969 ac
269 1934 435 1969 sustineri
462 1935 581 1969 solent
607 1937 652 1969 ib.
676 1937 734 1970 70.

156 1986 330 2032 Clavus·
374 2000 405 2045 1)
435 2007 563 2037 notum
599 2002 708 2046 illud,
751 2003 851 2036 Dum
880 2002 1024 2038 clavum
1053 2006 1193 2037 rectum
1226 1992 1370 2037 teneam
1400 2004 1443 2046 2,
1479 1999 1543 2046 17,
1573 1997 1623 2036 24
1655 1999 1706 2036 Ν.

199 2048 252 2090 ΙΙ)
276 2048 335 2082 cui
361 2049 424 2083 lati
452 2049 550 2084 clavi
575 2049 633 2094 jus
662 2059 738 2082 non
766 2048 835 2083 erit
863 2050 921 2092 11,
945 2050 980 2092 3,
1001 2049 1080 2084 138.
1107 2049 1232 2084 ‘clavus
1259 2047 1353 2094 (Sp.
1379 2046 1440 2094 et)
1465 2057 1645 2095 purpurae
1666 2045 1707 2081 in

199 2094 283 2127 loco
307 2094 462 2130 insertus
488 2095 583 2140 (Sp.
608 2093 714 2140 -tae)
742 2096 777 2138 8,
806 2094 841 2138 5,
865 2096 912 2130 28
938 2099 980 2130 Ζ.
1010 2107 1043 2130 υ.
1070 2096 1286 2139 Purpura.
1576 2116 1583 2126 ·
1706 2122 1710 2124 a

153 2135 370 2182 Clemens·
418 2152 586 2187 clementi
610 2151 673 2197 (a.
703 2156 725 2187 l.
753 2148 845 2196 -tia)
869 2153 1088 2187 servandum
1111 2163 1190 2188 esse
1213 2153 1278 2189 vel
1299 2153 1409 2187 talem
1431 2150 1467 2196 5,
1493 2152 1551 2194 13,
1573 2149 1611 2185 6.

155 2193 409 2259 Clqmesstia·
456 2210 519 2243 ubi
545 2208 662 2253 juris
690 2209 947 2244 clementia
983 2215 1038 2244 est
1067 2213 1102 2254 7,
1125 2209 1162 2254 4,
1192 2211 1237 2246 18
1261 2211 1308 2245 Ν.
1355 2221 1438 2245 cum
1468 2208 1544 2252 jus
1577 2216 1706 2252 aupe-

199 2263 300 2304 rius
321 2254 483 2306 petitur,
522 2255 563 2289 fit
598 2261 721 2290 tamen
749 2267 833 2300 spes
865 2255 984 2301 aliqua
1018 2256 1305 2291 clementiae
1337 2257 1373 2300 9,
1396 2258 1432 2300 2,
1452 2256 1514 2291 90.
1554 2253 1704 2288 lambro

199 2304 349 2332 victoris
375 2301 604 2336 clementiam
627 2303 664 2346 9,
689 2305 726 2346 2,
750 2303 810 2338 28.

157 2339 319 2384 eliens·
369 2357 559 2392 clientibus
589 2360 792 2403 abundans,
826 2358 1015 2393 destitutus
1040 2346 1074 2402 5,
1101 2361 1156 2403 10,
1180 2358 1239 2394 26.

78 2416 88 2419 “
158 2398 344 2442 Clitella·
400 2413 498 2459 Ego,
531 2414 592 2459 qui
614 2415 776 2452 Albanas
800 2417 917 2451 habeo
946 2417 1149 2460 columnas,
1183 2413 1395 2463 clitellis¹
1415 2425 1477 2450 eas
1500 2411 1703 2460 apportavi.

201 2470 279 2502 opp.
307 2459 537 2502 plaustris
565 2464 643 2497 Cic.
674 2464 708 2507 5,
737 2465 793 2507 13,
817 2461 865 2497 40
887 2463 934 2496 Ν.
964 2474 997 2496 v.
1026 2462 1128 2496 Bos.

152 2501 317 2544 Clivus·
343 2521 535 2566 *quantum
556 2519 777 2561 processeris
801 2518 946 2553 mollior
973 2518 1126 2555 clivus
1149 2517 1242 2564 (vei.
1267 2522 1344 2554 leci.
1367 2517 1552 2553 mollietur
1570 2514 1702 2559 dives)

200 2571 242 2594 ac
269 2561 395 2594 laeuus
420 2563 564 2596 solum
591 2567 648 2608 12,
676 2568 732 2609 10,
757 2566 804 2600 78
827 2566 875 2599 Ν.
903 2578 950 2603 cr.

153 2603 309 2669 Cllldo·
333 2662 340 2669 .
358 2618 416 2650 Ut
448 2619 585 2653 adeas
614 2626 791 2655 tantum
821 2620 950 2655 dabis
981 2621 1074 2655 male
1098 2622 1260 2656 cluderet
1282 2622 1317 2664 9,
1342 2619 1378 2664 4,
1402 2622 1459 2656 71.
1495 2619 1598 2664 pejus
1619 2619 1703 2653 clu-

197 2663 249 2697 d1t
281 2662 362 2697 fims
397 2664 597 2715 hexametri
630 2668 687 2708 (a.
716 2672 738 2701 l.
765 2665 904 2710 claud.)
940 2669 983 2701 ib.
1009 2669 1065 2702 75.
1112 2669 1259 2702 cludent
1282 2667 1388 2702 etiam
1412 2667 1544 2702 breves
1566 2667 1612 2699 ib.
1640 2666 1700 2702 91.

195 2720 332 2744 verene
359 2710 467 2754 longa
491 2715 556 2752 stt,
590 2723 681 2755 quae
707 2713 840 2756 cludit,
875 2723 920 2746 an
944 2723 1011 2757 pro
1034 2715 1142 2761 longa
1170 2717 1212 2748 ih.
1238 2715 1296 2749 93.
1335 2723 1464 2756 omne,
1505 2712 1603 2756 quod
1625 2721 1701 2746 non

195 2756 335 2798 cludet,
372 2756 600 2799 hyperbaton
624 2764 677 2790 est
703 2762 744 2791 ib.
774 2760 832 2794 26.
869 2759 914 2800 cs:
945 2761 988 2793 ib.
1018 2762 1096 2794 102.
1130 2759 1209 2794 104.
1236 2761 1326 2802 1053
1375 2761 1417 2793 In
1439 2758 1566 2793 Africa
1585 2758 1701 2792 fuisse

193 2820 241 2828 -
265 2801 417 2853 primum
443 2811 508 2844 pro
536 2802 578 2847 Q.
609 2803 752 2850 Ligario
777 2810 885 2848 caput
909 2804 1021 2839 cludit
1047 2807 1081 2850 9,
1108 2806 1143 2849 4,
1169 2809 1227 2841 73.
1256 2806 1372 2841 verbo
1392 2816 1537 2840 sensum
1552 2805 1700 2847 cludere

190 2848 304 2882 multo
338 2853 510 2892 optimum
544 2854 598 2884 est
626 2851 670 2883 ib.
698 2851 754 2886 26.
796 2853 970 2897 pleraque
1002 2862 1070 2887 nos
1097 2854 1159 2888 illa
1194 2848 1301 2898 quasi
1320 2852 1506 2900 mugiente
1529 2851 1634 2887 litera
1656 2850 1700 2886 M
