1728 3002
172 93 321 131 Lxxx
786 85 1095 143 Prolegomena

231 252 298 304 v.
355 215 458 300 mi
494 248 721 299 vzrms
757 244 1131 299 SERMONIS
1169 245 1210 307 Q
1223 219 1655 320 υιΝειγιιῙΑΝι

277 351 400 403 Jam
430 361 619 409 restat,
651 361 715 395 ut
743 350 809 395 de
838 346 896 394 iis
925 342 1204 407 disseram,
1239 360 1408 411 quae,
1431 360 1505 411 -ut
1537 345 1713 412 Quin-

179 427 352 476 tiliani
384 426 547 493 ipsius
580 425 753 476 verbis
786 417 935 486 utar,
972 441 1088 472 non
1120 438 1235 473 tam
1267 423 1715 494 imitandiquam

181 505 390 557 vitandi
427 522 595 553 causa
626 505 953 563 afferuntur,
988 520 1061 551 ne
1096 519 1161 551 ea
1195 508 1425 570 quoque
1450 520 1569 552 non
1596 520 1714 552 cer-

180 599 408 643 nantur,
454 601 597 649 quae
639 585 828 631 tollere
862 584 1058 643 velles,
1101 599 1358 648 quaeque
1393 581 1717 630 exciderunt

180 662 425 728 scriptori
459 662 661 728 alioqui
695 661 875 711 subtili
919 675 975 709 et
1018 660 1283 729 diligenti,
1331 661 1720 729 expoliendae-

181 758 290 808 que
323 755 378 788 et
405 744 683 788 ornandae
715 740 972 790 orationis
1003 739 1393 791 studiosissime.
1450 740 1720 803 Constant:

178 823 314 866 haee
353 819 485 868 vitia
529 819 721 870 diversi
764 819 972 888 generis
1025 835 1122 868 aut
1167 819 1401 887 periodis
1447 818 1719 886 perplexis

180 914 245 944 ac
282 897 665 960 confusis,'vel
692 899 910 947 mutatis
943 912 997 947 et
1027 897 1376 965 imperfectis,
1414 911 1514 947 aut
1539 895 1720 948 verbis

181 975 365 1023 iisdem
395 978 482 1026 vel
514 975 762 1025 similibus
790 977 941 1027 brevi
979 976 1270 1028 intervallo
1309 974 1576 1043 repetitis,
1625 992 1698 1024 au
1726 1039 1728 1055 1

185 1054 430 1101 oratione
459 1053 796 1122 negligenter
825 1055 1123 1121 composita
1147 1058 1401 1120 maleque
1431 1055 1665 1105 sonanti.
1727 1057 1728 1094 l

321 1149 368 1201 1)
404 1143 639 1191 Primum
673 1144 835 1211 igitur
867 1143 1021 1192 nimis
1055 1142 1432 1209 implicitae
1467 1160 1542 1191 ac
1576 1161 1616 1210 p
1630 1161 1728 1206 er-¹

183 1222 429 1286 plexae
467 1239 504 1287 p
519 1222 654 1271 erio
669 1223 734 1270 di
778 1237 905 1271 sunt
943 1226 1072 1270 hae:
1128 1237 1214 1284 12,
1256 1235 1340 1282 10,
1375 1224 1441 1278 48
1491 1225 1728 1273 Ueterem

185 1299 258 1346 Ιιο
270 1316 322 1358 c,
367 1301 501 1365 quod
542 1301 694 1364 vulgo
738 1319 843 1349 sen
855 1310 955 1350 ten
967 1301 1094 1350 tias
1137 1317 1395 1361 vocamus,
1446 1318 1523 1367 qu
1535 1302 1614 1350 od
1643 1318 1726 1351 ve·

187 1378 378 1427 teribus
399 1380 774 1445 praecipueque
814 1381 1025 1429 Graecis
1049 1381 1104 1428 in
1138 1398 1238 1430 usu
1264 1397 1365 1429 non
1385 1382 1477 1445 fu
1487 1381 1513 1428 i
1519 1389 1546 1430 t
1551 1417 1566 1441 ,
1602 1381 1727 1431 dum

183 1473 294 1504 rem
321 1474 431 1505 con
444 1459 536 1506 tin
549 1476 663 1507 ean
677 1467 722 1518 t,
757 1466 811 1508 et
841 1460 985 1524 copia
1012 1476 1113 1508 non
1145 1459 1347 1507 redun
1359 1459 1476 1507 den
1491 1467 1528 1520 t,
1566 1468 1620 1509 et
1652 1460 1727 1522 ad

185 1535 454 1584 victoriam
499 1554 564 1602 sp
577 1555 603 1584 e
615 1555 642 1585 c
651 1546 709 1586 te
719 1555 752 1585 n
765 1545 790 1586 t
833 1538 854 1603 (
867 1537 895 1587 i.
936 1555 976 1588 e.
1014 1539 1318 1599 sententiae)
1332 1574 1347 1598 ,
1401 1539 1514 1604 quis
1548 1557 1595 1608 μ
1607 1538 1727 1603 tile

185 1622 346 1676 neget.
381 1643 449 1650 —-
487 1630 571 1677 10,
608 1614 662 1677 5,
701 1633 719 1662 1
760 1617 1129 1667 Proximum
1160 1625 1278 1677 est,
1313 1625 1388 1666 ut
1419 1617 1728 1678 dicamus-J

186 1709 348 1756 quae
382 1695 742 1759 praecipue
781 1696 1118 1744 scribenda
1157 1697 1255 1744 sin
1268 1703 1303 1746 t.
1389 1696 1504 1744 Hoc
1544 1695 1725 1744 exube-

186 1772 354 1818 rantis
390 1773 587 1836 quidem
625 1782 701 1822 est
733 1777 897 1839 operis
906 1812 920 1836 ,
966 1783 1030 1826 ut
1069 1775 1376 1840 explicemus
1386 1811 1401 1835 ‚
1452 1791 1581 1840 quae
1621 1775 1728 1825 sint

182 1851 428 1918 materiae
448 1869 465 1897 .·
522 1869 650 1916 quae
689 1854 866 1917 prima
915 1864 1012 1904 aut
1070 1855 1292 1904 secunda
1302 1910 1312 1918 x
1342 1860 1443 1902 aut
1493 1854 1726 1931 ‹If32'1e⁶·‹s²1›.⁴t⁴

184 1930 461 1978 tractanda
504 1931 631 1979 sint:
685 1950 804 1982 nam
856 1934 914 1980 id
950 1936 1167 1998 factum
1219 1942 1298 1982 est
1348 1932 1505 1981 etiam
1550 1933 1723 1998 primo

183 2006 310 2054 libro
320 2043 334 2067 ,
376 2025 472 2072 quo
512 2027 794 2073 puerorum
806 2047 820 2072 ,
871 2019 920 2061 et
954 2014 1170 2062 secundo
1182 2050 1196 2074 ‚
1244 2027 1341 2077 quo
1375 2007 1725 2061 rehustiorum

180 2086 363 2133 studies
397 2088 625 2137 ordinem
665 2091 893 2139 dedimus
904 2109 921 2138 .·
964 2109 988 2140 s
1000 2109 1026 2139 e
1036 2092 1072 2139 d
1081 2128 1094 2153 ‚
1142 2093 1179 2140 d
1188 2109 1214 2140 e
1247 2110 1274 2157 q
1286 2110 1322 2139 u
1335 2108 1364 2139 ο
1395 2109 1430 2138 n
1440 2109 1476 2138 u
1487 2108 1521 2137 n
1533 2109 1560 2138 c
1593 2108 1672 2156 ag
1681 2091 1723 2138 ι’-

186 2171 319 2222 tu'l',
375 2167 539 2213 unde
594 2170 777 2234 copia
829 2187 901 2217 ac
945 2171 1272 2234 facilitas
1316 2167 1583 2216 maxime
1623 2186 1722 2216 ve·-

183 2258 215 2286 n
229 2242 290 2288 z'a
302 2250 333 2289 t.
387 2243 463 2290 Cf.
500 2247 755 2314 Herzogii
789 2247 1234 2295 Trans-lationem
1268 2244 1389 2292 libri
1421 2246 1481 2293 X.
1517 2263 1571 2313 p.
1611 2265 1627 2292 1
1641 2230 1728 2310 75:

181 2318 436 2383 Denique
483 2320 513 2366 6
530 2359 541 2381 ,
579 2328 611 2376 4
623 2361 636 2384 ,
691 2342 706 2370 1
717 2330 750 2379 4
797 2325 1172 2387 Nonnunquam
1216 2330 1383 2371 tuanen
1436 2324 1564 2373 solet
1608 2325 1641 2374 Ῐι
1654 2343 1682 2374 ο
1693 2342 1723 2374 o

182 2413 371 2461 quoque
407 2415 508 2444 esse
543 2402 673 2448 artis
702 2421 740 2465 g
751 2421 775 2450 e
788 2421 821 2451 n
834 2421 870 2450 u
882 2418 929 2461 s,
976 2409 1039 2448 ut
1083 2417 1111 2464 q
1124 2419 1157 2447 u
1169 2418 1202 2448 a
1214 2418 1240 2448 e
1252 2402 1288 2449 d
1296 2420 1329 2450 a
1339 2420 1389 2450 m
1431 2403 1486 2451 in
1521 2405 1723 2467 actione

179 2475 501 2522 dissimulata
535 2478 695 2526 subito
729 2482 783 2528 in
814 2478 1110 2528 altercando
1139 2483 1488 2544 proferantur
1498 2519 1511 2543 ‚
1547 2468 1721 2548 inopi-

178 2552 314 2600 natis
358 2555 705 2615 eruptionibus
748 2567 844 2606 aut
885 2558 1173 2604 incurse'oni
1203 2576 1267 2606 ecc
1306 2561 1508 2610 insidiis
1528 2565 1722 2627 factae

177 2647 201 2678 ε
212 2630 289 2678 im
299 2630 352 2678 il
362 2630 383 2677 l
392 2632 471 2680 im
486 2650 517 2679 u
533 2650 581 2680 m
594 2669 607 2692 ,
644 2638 920 2699 quomodo
958 2635 1304 2687 Gernhardus
1340 2641 1585 2705 proxime
1615 2640 1719 2688 Co*
