1728 3002
150 262 232 301 212
647 229 856 301 Delibero
897 283 953 294 —
992 247 1183 303 Demens

199 374 283 409 2Ν.
315 373 350 412 3,
373 370 410 417 4,
439 371 496 407 16.
531 372 567 415 3,
593 372 630 415 8,
658 373 717 407 53.
752 389 797 398 -
828 383 911 417 pars
938 374 973 418 3,
999 374 1036 418 6,
1059 375 1117 410 56.
1150 377 1186 418 3,
1211 376 1247 419 8,
1269 376 1305 411 6.
1337 392 1382 402 -
1408 387 1492 422 pars
1517 376 1690 413 orationis

199 424 236 464 2,
262 422 321 462 21,
345 421 401 454 23.
428 423 548 463 partes
571 418 768 454 rhetorices
793 430 872 453 esse
896 419 1060 454 dicebant
1082 421 1390 466 laudativam,
1413 423 1691 458 deliberati-

202 479 321 509 vam,
346 465 618 509 judicialem
640 467 675 508 3,
700 467 735 509 3,
763 467 828 509 14;
855 467 986 502 Subsm
1015 468 1268 504 deliberativas
1291 481 1313 504 a
1336 469 1500 515 quibusd.
1521 471 1598 505 sola
1619 470 1691 505 uti-

200 514 299 547 litate
323 512 439 546 finitas
462 514 497 555 3,
520 512 556 555 8,
583 513 614 545 1.

155 558 378 603 Delibero.
421 568 688 604 deliberare
714 578 789 601 non
811 567 1048 604 haesitare
1079 572 1136 613 10,
1161 574 1198 616 7,
1221 574 1280 607 22.
1313 572 1364 607 de
1392 584 1463 618 qua
1489 583 1531 608 re
1554 573 1692 608 delibe-

202 623 301 651 ratur
326 618 369 659 3,
394 617 434 659 8,
463 617 519 651 16.
555 620 755 659 propter
781 614 895 659 ipsam
919 615 1040 660 (rem)
1065 618 1263 653 deliberant
1286 625 1406 663 patres
1430 618 1624 664 conscripti
1647 622 1692 654 ib.

204 665 260 700 18.
290 674 392 697 cum
420 661 596 707 judicibus
622 660 723 706 quasi
750 661 985 697 deliberamus
1008 662 1118 708 (fig.)
1145 666 1178 705 9,
1201 668 1238 708 2,
1261 668 1319 699 21.
1355 677 1438 700 cum
1461 665 1608 700 materia
1633 666 1695 699 de-

202 709 433 744 liberabimus
458 711 492 751 3,
520 712 556 751 7,
583 708 625 742 16
641 709 686 741 Ν.
715 715 746 741 et
772 709 807 742 S.
846 720 927 742 cum
955 709 1070 744 causis
1098 711 1334 746 deliberemus
1361 715 1406 756 7,
1432 714 1500 755 10,
1525 715 1581 747 10.
1614 716 1696 745 tan-

204 767 310 802 quam
334 755 425 789 nihil
448 766 481 789 c.
507 754 618 799 ipsius
644 765 771 788 causae
797 754 947 789 utilitate
971 755 1015 790 sit
1043 757 1311 792 deliberandum
1333 760 1367 800 5,
1395 761 1452 802 13,
1477 759 1534 794 59.
1565 769 1596 793 ο.
1620 758 1698 801 ipsa

204 813 334 838 causae
361 801 578 836 condicione
602 800 871 835 deliberandum
897 807 950 836 est
973 801 1013 845 4,
1037 805 1076 842 2,
1104 806 1183 838 101.
1218 816 1251 838 c.
1280 816 1321 839 re
1352 804 1533 849 praesenti
1560 803 1698 839 delibe-

203 850 353 884 randum
386 850 428 892 9,
457 848 503 892 4,
528 850 616 889 1173
655 847 911 890 deliberamus,
945 850 1124 893 quando
1161 850 1402 895 incipiendum
1430 851 1477 885 sit
1508 853 1571 894 12,
1592 851 1636 892 6,
1660 853 1697 884 3.

203 896 377 931 deliberat
401 907 455 929 an
487 911 532 920 -—
562 893 712 938 recipiat
734 897 776 936 7,
806 897 848 935 1,
872 893 937 936 243
971 894 1009 928 in
1035 896 1267 931 deliberando
1294 898 1334 939 5,
1358 900 1422 940 10,
1450 898 1507 932 33.
1533 897 1602 940 503
1638 895 1700 941 qui

204 942 403 976 deliberant
434 943 479 983 3,
515 941 559 984 8,
595 941 651 975 35.
686 940 744 976 69.
790 940 992 976 deliberans
1023 944 1066 976 ib.
1099 943 1157 979 59.
1203 943 1476 979 deliberantium
1507 941 1618 979 animi
1654 944 1698 976 fb.

156 1033 332 1077 Delibo.
376 1043 495 1079 omnia
519 1042 724 1078 narratione
748 1042 982 1078 delibabimus
1009 1044 1043 1088 4,
1069 1046 1104 1088 2,
1132 1044 1191 1080 55.

156 1090 361 1134 Delibuo.
417 1100 578 1145 plurimis
602 1101 871 1135 medicamentis
896 1101 1075 1136 delibutus
1101 1105 1157 1146 11,
1183 1104 1220 1146 3,
1247 1101 1325 1138 129.

156 1147 396 1191 Delicatus·
445 1169 466 1191 a
475 1169 522 1191 cr
532 1157 545 1191 i
556 1169 575 1191 a
601 1169 759 1201 currere,
788 1160 810 1191 d
821 1160 861 1192 el
873 1159 916 1192 ic
926 1171 946 1193 a
958 1165 972 1192 t
982 1171 1003 1193 a
1026 1160 1137 1193 fluere
1164 1161 1197 1202 9,
1219 1159 1255 1203 4,
1283 1161 1363 1195 139.
1398 1159 1571 1194 delicatae
1597 1169 1701 1193 aures

205 1209 247 1250 3,
273 1209 312 1248 1,
337 1207 372 1239 3.
411 1209 621 1237 teneram
645 1205 667 1237 d
681 1204 903 1238 elicatam
915 1217 984 1249 que
1018 1206 1227 1240 modulandi
1239 1207 1472 1251 ,voluptatem
1494 1207 1538 1249 9,
1562 1205 1606 1249 4,
1630 1208 1699 1247 313

203 1250 372 1287 reclinari
401 1251 446 1284 ad
474 1260 558 1284 suos
590 1256 625 1283 et
647 1250 809 1284 manibus
834 1251 1002 1285 sustineri
1030 1252 1221 1286 delicatum
1245 1255 1286 1286 11
1301 1275 1311 1292 ,
1335 1254 1357 1286 3
1369 1277 1382 1296 ,
1411 1254 1490 1287 132.
1523 1251 1640 1286 sinum
1663 1250 1703 1284 in

204 1299 372 1332 dextrum
407 1298 596 1330 humerum
630 1296 781 1340 rejicere
811 1308 828 1330 s
841 1298 1019 1331 olutum
1045 1309 1087 1332 ac
1108 1298 1362 1332 delicatum
1385 1300 1431 1333 ib.
1463 1296 1551 1339 1463
1587 1307 1703 1342 equo-

203 1356 284 1379 rum
307 1355 451 1378 cursum
473 1342 595 1377 delic
605 1343 671 1377 ati
696 1342 842 1377 minutis
866 1343 1029 1388 passibus
1051 1344 1221 1391 frangunt
1246 1345 1283 1388 9,
1306 1342 1343 1387 4,
1369 1346 1435 1378 113
1452 1345 1502 1378 Ν.
1527 1351 1559 1377 ei
1582 1345 1628 1379 N.
1653 1356 1703 1378 cr.

157 1399 367 1445 Deliciae.
414 1412 449 1454 I)
483 1410 572 1445 alios
598 1422 726 1446 recens
753 1413 845 1446 haec
871 1412 1073 1447 lascivia
1101 1411 1396 1456 deliciaeque
1425 1410 1482 1456 (a.
1503 1392 1532 1445 ¹1.
1557 1410 1705 1445 delicia-

205 1457 288 1503 que)
314 1476 358 1483 —
384 1458 564 1492 delectant
588 1460 652 1501 10,
679 1461 718 1500 1,
741 1457 787 1492 43
802 1459 851 1493 Ν.
890 1458 1048 1493 dictandi
1069 1459 1138 1493 del.
1167 1460 1230 1501 10,
1255 1460 1299 1501 3,
1329 1459 1386 1493 18.
1417 1458 1486 1493 del.
1514 1456 1650 1492 circa
1675 1456 1701 1492 S

203 1505 342 1539 literam
370 1507 403 1548 1,
434 1507 489 1545 11,
512 1504 535 1539 6
553 1505 600 1538 Ν.
632 1515 678 1539 ne
701 1503 781 1538 illas
808 1503 951 1549 quidem
977 1505 1119 1539 tulerim
1141 1504 1288 1539 delicias
1310 1515 1459 1547 eorum,
1491 1503 1550 1548 qui
1579 1501 1705 1537 doceri

204 1551 339 1585 amicos
363 1561 447 1585 suos
470 1551 594 1594 jubent
624 1553 681 1591 12,
705 1552 741 1593 8,
765 1551 799 1585 4.
836 1562 967 1586 vocem
992 1551 1130 1586 deliciis
1155 1561 1230 1585 non
1256 1550 1458 1585 molliamus
1482 1552 1522 1584 11
1537 1576 1548 1593 ,
1574 1551 1618 1592 3,
1642 1547 1702 1583 24.

202 1597 242 1633 in
266 1597 426 1642 epistolis
452 1596 528 1631 Cic.
553 1597 643 1631 haec
666 1597 767 1631 Bruti
790 1598 903 1633 refert
925 1599 1057 1641 verba,
1081 1599 1159 1632 Nae
1182 1596 1236 1631 illi
1259 1602 1341 1638 sunt
1363 1597 1476 1642 pedes
1498 1595 1628 1638 faceti,
1660 1606 1703 1628 ac

205 1643 344 1677 deliciis
366 1643 581 1690 ingredienti
605 1645 733 1677 molles
763 1644 871 1688 (opti.
902 1646 1005 1680 Codd.
1030 1644 1194 1686 mollius3
1231 1657 1294 1689 quo
1321 1651 1453 1687 recepto
1478 1650 1539 1676 aut
1564 1641 1703 1676 deliciis

204 1693 330 1724 Dativo
354 1703 435 1723 casu
461 1692 666 1733 acceperim,
699 1697 756 1723 aui
785 1697 891 1735 atque
914 1691 952 1725 in
978 1691 1048 1724 del.
1079 1692 1269 1732 corrigam.)
1291 1690 1326 1732 6,
1350 1690 1384 1732 3,
1411 1691 1468 1723 20.
1494 1690 1540 1722 Ν.
1568 1700 1614 1721 cr.
1644 1686 1702 1720 in-

203 1735 353 1770 fantiam
377 1736 514 1770 deliciis
541 1736 714 1770 solvimus
738 1740 778 1779 1,
803 1741 838 1781 2,
863 1738 898 1772 6.
933 1737 971 1771 in
1000 1735 1351 1771 omniadeliciarum
1377 1734 1466 1769 vitia
1489 1732 1702 1768 defluximus

207 1786 241 1826 1,
268 1784 304 1825 8,
327 1784 361 1817 9.
416 1784 467 1823 11)
498 1784 541 1816 de
567 1795 670 1825 puero
699 1784 864 1818 delicato.-
896 1785 1010 1818 verba
1037 1794 1084 1817 ne
1107 1780 1365 1816 Alexandrinis
1388 1779 1532 1825 quidem
1554 1778 1702 1824 permit-

204 1830 312 1863 tenda
337 1828 474 1862 deliciis
500 1831 533 1871 1,
558 1831 592 1871 2,
619 1832 641 1863 7
658 1829 705 1862 Ν.

157 1873 392 1916 Delictum.
448 1885 580 1919 delicto
603 1885 794 1932 ignoscere
816 1888 852 1929 7,
876 1884 911 1928 4,
935 1886 995 1919 20.

158 1930 343 1986 Delig0‚
374 1944 461 1971 ere·
515 1943 611 1976 hunc
635 1941 747 1976 exilio
773 1943 954 1994 delegerat
984 1942 1106 1975 loctun
1143 1941 1208 1984 12,
1247 1940 1310 1983 10,
1343 1937 1399 1974 19.
1436 1937 1474 1973 in
1504 1933 1702 1986 deligendis

205 1990 394 2023 custodum
419 1993 455 2022 et
476 1993 750 2032 praeceptorum
772 1989 932 2023 morlbus
957 1990 974 2021 1
989 2014 1001 2031 ,
1025 1989 1070 2030 3,
1097 1990 1153 2021 17.
1191 1997 1296 2031 quam
1322 1984 1572 2019 honestissima
1597 1996 1703 2030 prae-

205 2041 309 2079 cepta
331 2033 636 2078 rectissimamque
659 2033 755 2069 viam
779 2034 912 2082 deliget
937 2037 992 2077 12,
1018 2036 1054 2077 2,
1077 2036 1134 2068 27.
1159 2038 1341 2066 oratorem
1363 2031 1432 2066 sibi
1458 2030 1616 2076 aliquem
1637 2031 1703 2066 de·

203 2081 290 2128 ligat
318 2082 376 2124 10,
402 2082 435 2123 5,
462 2081 518 2116 19.
551 2081 691 2115 delecta
715 2079 852 2125 (verba)
880 2083 964 2119 Cic.
991 2082 1028 2124 8,
1052 2081 1088 2123 3,
1112 2078 1170 2114 43.
1197 2091 1232 2113 υ.
1258 2077 1410 2125 Eligo.

157 2136 343 2193 Deligo,
382 2150 470 2177 a1¹8·
497 2167 544 2174 --
570 2150 703 2183 vulnus
729 2151 764 2190 2,
790 2150 848 2191 17,
872 2149 906 2183 9.
944 2150 979 2191 2,
1004 2151 1061 2189 21,
1087 2151 1142 2182 17.
1176 2145 1212 2188 4,
1237 2149 1272 2190 2,
1299 2145 1356 2181 84.
1393 2149 1540 2191 propter
1562 2145 1704 2198 valetu-

203 2195 327 2284 {lineffi
339 2195 531 2283 'deilaeatus
564 2197 629 2239 11,
661 2197 683 2230 3
698 2220 710 2238 ,
748 2195 828 2230 129.
859 2194 1048 2229 sarmentis
1087 2193 1224 2229 circum
1250 2203 1387 2228 cornua
1409 2193 1518 2241 boum
1541 2191 1704 2239 deligans

157 2294 351 2337 Delinio·
397 2309 584 2352 voluptate
610 2309 762 2354 quadam
786 2319 898 2353 prava
923 2307 1139 2341 deliniantur
1160 2309 1206 2349 2,
1231 2305 1275 2350 5,
1299 2307 1359 2339 22.
1390 2309 1496 2352 gustu
1518 2303 1703 2349 cujusdam

206 2353 397 2400 graminis,
422 2360 458 2388 et
481 2355 648 2389 Sirenum
672 2361 779 2389 cantu
804 2353 943 2388 deliniti
967 2355 1000 2396 5,
1024 2355 1059 2397 8,
1089 2355 1122 2388 1.

158 2407 390 2464 Delinquo.
435 2421 474 2454 in
499 2422 647 2466 quibus,
672 2422 733 2467 qui
757 2421 826 2458 alia
847 2421 981 2466 specie,
1007 2431 1114 2465 quam
1137 2423 1291 2463 oportet,
1315 2423 1447 2462 utetur,
1473 2427 1548 2452 non
1571 2414 1702 2460 minus,
1720 2447 1728 2460 ·.·

207 2478 311 2510 quam
336 2467 415 2510 ipso
439 2478 573 2514 genere
599 2475 824 2513 permutato,
855 2466 1045 2511 deliquerit
1069 2469 1104 2509 1,
1130 2468 1164 2508 5,
1188 2464 1249 2500 49.
1711 2462 1728 2490 -Ᾱ

158 2509 393 2555 DeliteSCO·
442 2523 503 2557 illa
528 2524 615 2569 (Sp.
641 2526 680 2559 in
703 2524 780 2569 illa)
802 2524 991 2569 multiplici
1013 2533 1249 2567 personarum
1274 2529 1336 2556 eic-
1363 2518 1570 2570 diversitate
1590 2516 1721 2555 facile?

204 2569 390 2601 delitescet
424 2569 607 2605 infirmitas
644 2575 707 2615 10,
741 2574 783 2615 5,
820 2573 867 2606 10
902 2574 946 2605 Ζ.
990 2570 1115 2603 umbra
1146 2567 1268 2615 magni
1300 2565 1457 2601 nominis
1490 2564 1703 2598 delitescunt

207 2617 272 2656 12,
299 2616 361 2657 10,
391 2615 446 2648 15.
1327 2626 1331 2629 ·
1726 2646 1728 2650 Α

159 2659 366 2702 Demens·
417 2675 457 2703 ut
482 2682 556 2705 non
587 2673 797 2716 demens,
825 2670 1037 2707 crudelis
1062 2677 1160 2706 certe
1185 2670 1351 2706 videatur
1372 2669 1407 2710 9,
1433 2669 1467 2709 2,
1491 2666 1548 2701 91.
1592 2663 1728 2719 nen-16]

205 2723 278 2751 tam
304 2717 450 2750 demens
474 2716 606 2760 suerit,
631 2724 669 2751 ut
695 2718 750 2761 id,
779 2719 877 2763 quod
898 2717 1137 2752 firmissimum
1166 2715 1308 2751 duxerit
1331 2725 1370 2748 se
1396 2714 1556 2765 habere,
1577 2717 1713 2765 remit-⁰⁴

205 2769 273 2805 tat,
306 2767 342 2796 et
374 2763 417 2796 ad
440 2762 581 2797 leviora
605 2766 832 2798 transcendat
855 2767 900 2807 7,
929 2767 967 2808 1,
991 2767 1050 2798 21.
1093 2769 1221 2809 quotus
1248 2761 1344 2796 enim
1372 2759 1520 2805 qidsque
1547 2766 1703 2810 inveniri

189 2814 276 2843 »tam
305 2809 452 2842 demens
478 2814 617 2853 potest,
654 2809 715 2853 qui
738 2821 785 2843 ne
802 2809 948 2844 minima
972 2809 1116 2854 quidem
1141 2807 1290 2853 alicujus
1313 2811 1412 2842 certe
1439 2803 1569 2839 fiducia
1590 2807 1703 2850 parm

203 2854 413 2890 memoriam
437 2854 654 2900 posteritatis
677 2855 877 2900 speraverit
903 2858 960 2902 10,
991 2858 1025 2901 1,
1047 2853 1106 2892 41.
