1728 3002
157 135 242 175 904
690 126 892 181 Traduco
920 163 976 170 -—
1006 132 1154 183 Traho

174 249 175 254 ’
205 258 339 284 nomen
367 259 442 284 non
466 249 619 294 primum
645 250 688 284 ab
712 253 934 301 Hermagora
955 254 1122 289 traditum
1146 257 1191 299 3,
1214 256 1260 300 6,
1284 259 1320 292 3.
1346 256 1392 300 cf.
1420 258 1457 302 9,
1484 256 1520 303 4,
1544 259 1603 295 79.
1626 265 1701 294 tra-

205 295 299 330 ditus
323 297 414 330 ordo
438 299 481 340 2,
506 298 569 339 13,
594 298 628 332 8.
653 297 814 333 diversas
841 300 1034 344 opiniones
1055 301 1278 336 tradiderunt
1295 304 1341 346 3,
1369 307 1409 348 1,
1435 305 1492 340 18.
1517 305 1700 345 tradita

206 343 340 386 sequi
373 349 566 387 praecepta
587 343 632 386 6,
655 347 699 387 2,
723 346 780 380 25.
817 345 862 387 cs}
884 349 928 390 2,
954 350 1020 390 13,
1047 351 1078 381 1.
1103 360 1135 382 v.
1158 349 1479 395 Praeceptum.
1516 351 1700 386 scientiam

205 389 428 422 declamandi
452 400 494 423 ac
518 389 722 424 facultatem
752 393 894 427 tradere
917 396 963 436 2,
993 396 1034 437 1,
1059 396 1094 428 2.
1131 393 1175 435 ej:
1199 395 1233 430 6.
1265 396 1532 431 translationem
1564 397 1700 442 primus

204 435 363 468 omnium
391 435 535 469 tradidit
561 438 601 477 3,
625 436 667 478 6,
693 438 750 472 60.
789 438 820 472 si
850 445 947 473 certa
973 439 1091 484 aliqua
1119 440 1181 475 via
1206 441 1297 475 tradi
1319 441 1358 475 in
1382 453 1505 478 omnes
1534 444 1700 478 materias

202 482 277 515 ullo
300 483 410 516 modo
434 487 555 525 posset
577 483 611 525 7,
641 483 696 516 Pr.
720 483 755 518 4.
780 485 1006 529 eloquentiae
1032 486 1106 521 vim
1132 488 1264 531 quand.
1289 488 1535 524 incredibilem
1557 491 1701 524 tradunt

204 529 260 569 12,
285 530 320 570 2,
345 531 402 561 22.
430 529 541 563 verba
565 530 675 562 modo
700 535 734 563 et
758 531 903 566 nomina
925 538 961 566 et
984 532 1257 568 convinctiones
1279 534 1501 570 tradiderunt
1522 539 1555 580 1,
1580 535 1618 578 4,
1646 538 1700 571 18.

204 572 249 614 cf.
273 577 314 617 1,
340 575 381 617 6,
409 573 466 608 42.
517 575 553 616 c)
584 576 655 618 adj.
682 579 807 620 Praep.
837 580 910 612 de.-
939 580 1028 612 haec
1054 580 1105 613 de
1136 581 1341 614 accentibus
1367 582 1498 616 tradita
1523 585 1557 625 1,
1583 583 1618 625 5,
1641 581 1700 616 24.

203 630 296 663 quae
319 621 340 653 d
355 632 374 654 e
404 621 608 665 eloquentia
632 623 863 658 tradebantur
887 627 942 667 12,
969 629 1025 668 11,
1040 626 1083 662 ·9.
1131 625 1172 670 d)
1198 627 1268 670 adj.
1294 630 1518 666 Praedicato:
1539 629 1700 667 ,Mortem

203 677 246 699 ac
272 665 410 710 Vitam,
438 679 524 711 quas
549 669 808 704 contendentes
833 670 871 704 in
898 671 1024 705 Satura
1046 672 1153 706 tradit
1180 673 1314 708 Ennius
1338 675 1379 717 9,
1407 677 1448 717 2,
1473 675 1530 709 36.
1556 675 1700 720 quidam

201 711 394 756 scriptores
416 713 557 747 Artium
581 716 652 748 hoc
673 726 817 760 quoque
839 722 1006 762 tanquam
1029 719 1208 752 occultum
1232 725 1268 754 et
1290 730 1311 754 a
1333 731 1373 754 se
1395 721 1590 765 prudenter
1615 733 1702 756 eru-

199 764 274 792 tum
298 761 442 794 tradunt
469 759 504 802 4,
532 764 566 802 2,
591 761 648 795 60.
708 758 750 805 ὃ)
776 776 842 808 seq.
869 763 936 805 Ins.
961 768 1015 798 vel
1038 767 1304 807 interrogatione.
1350 764 1384 807 a)
1411 767 1471 811 qui
1494 766 1614 813 ignem
1638 773 1700 801 aut

199 815 328 849 aquam
353 814 414 840 etc.
450 806 656 840 insecabilia
683 819 762 842 esse
785 810 928 843 tradunt
946 813 981 854 2,
1006 813 1060 855 17,
1085 812 1142 846 38.
1179 811 1223 852 cs:
1247 813 1282 855 9,
1305 810 1340 855 4,
1365 813 1421 847 38.
1447 815 1503 856 10,
1525 813 1560 854 6,
1581 812 1616 848 4.
1642 816 1700 857 10,

137 859 149 876 ’
198 854 233 894 7,
259 855 324 895 273
360 852 499 886 etiamsi
525 854 638 887 verba
668 856 794 898 quaed.
825 856 986 890 omisisse
1013 855 1218 899 traduntur,
1241 864 1362 892 tamen
1387 859 1560 905 loquendi
1582 860 1699 893 facul-

202 903 274 932 tate
297 905 489 933 caruerunt
507 901 561 941 10,
584 902 617 943 1,
640 902 695 934 10.
722 901 780 935 cui
808 903 895 935 duas
920 909 956 936 et
978 902 1106 949 viginti
1130 903 1268 950 linguas
1291 904 1441 938 traditur
1462 911 1566 940 notas
1583 906 1696 940 fuisse

171 968 177 970 -
202 946 266 987 11,
292 947 337 987 2,
365 947 426 980 50.·
446 947 597 979 alterum
623 956 699 980 non
723 948 818 982 feras
842 950 950 983 modo
975 951 1038 984 sed
1063 961 1155 984 saxa
1180 950 1286 984 etiam
1309 950 1456 995 duxisse
1482 951 1706 996 posteritatis.

196 991 391 1026 memoriae
417 992 583 1026 traditum
608 998 662 1027 est
687 996 718 1034 1,
736 997 799 1036 ,10,
825 995 858 1030 9.
896 994 942 1037 cs.
968 998 1012 1029 ib.
1036 994 1090 1030 14.
1124 999 1159 1040 5,
1179 999 1242 1039 ,12,
1265 1001 1301 1031 2.
1328 999 1384 1042 12,
1404 998 1439 1040 6,
1462 999 1495 1031 1.
1543 997 1584 1042 b)
1610 1009 1701 1042 quas

195 1036 327 1080 primas
360 1038 399 1072 in
430 1039 596 1072 docendo
624 1045 742 1083 partes
775 1042 959 1075 rhetorum
991 1048 1133 1086 putem,
1166 1043 1309 1077 tradere
1332 1042 1500 1087 incipiam
1520 1047 1564 1086 2,
1588 1042 1632 1087 4,
1663 1046 1698 1077 1.

196 1082 243 1124 cs.
267 1087 324 1127 12,
348 1086 384 1128 9,
413 1083 467 1119 14.
495 1085 623 1129 quibus
646 1087 728 1122 adv.
757 1087 848 1122 haec
875 1087 991 1123 modis
1014 1089 1059 1123 sit
1081 1090 1318 1134 medendum,
1342 1089 1532 1125 verbosius
1553 1091 1699 1124 tradunt

195 1128 231 1171 4,
260 1133 294 1173 1,
318 1129 377 1170 43,

149 1172 365 1217 Tl'flduco·
401 1200 589 1223 censorem
601 1189 825 1232 Africanum,
849 1191 911 1236 qui
930 1203 1024 1236 eum,
1049 1203 1157 1236 quem
1175 1194 1452 1230 etos-traducere
1468 1204 1598 1239 eqtuun
1614 1204 1698 1238 pas-

195 1244 255 1266 sus
281 1241 376 1268 esset
401 1237 434 1279 5,
463 1239 519 1279 11,
547 1239 600 1271 13.
626 1237 767 1272 ratione
791 1238 931 1272 traduci
958 1240 1002 1272 ad
1026 1239 1176 1274 meliora
1203 1243 1260 1284 12,
1284 1243 1318 1282 7,
1341 1243 1376 1274 2.

149 1286 397 1331 Τῐὲἱᾶὓθῐίο-
439 1302 651 1338 Cornificius
674 1306 767 1339 hanc
796 1307 1059 1342 traductionem
1081 1313 1202 1351 vocat,
1229 1307 1399 1343 videlicet
1422 1306 1567 1342 alterius
1577 1306 1696 1342 ‘intel-

191 1347 307 1380 lectus
333 1349 378 1381 ad
407 1349 557 1383 alterum
585 1351 619 1392 9,
641 1353 674 1393 3,
698 1354 756 1385 71.

146 1400 373 1459 Tragicus.
413 1416 450 1459 a>
472 1417 580 1458 Adfi:
606 1430 713 1461 quem
736 1429 841 1453 senes
869 1418 1011 1464 quidem
1039 1430 1165 1464 pamm
1187 1419 1363 1467 tragicum
1389 1421 1559 1464 putabant
1578 1423 1633 1464 10,
1660 1424 1694 1464 1,

189 1462 246 1496 98.
278 1468 465 1501 autumo
493 1463 667 1510 tragicum
698 1466 780 1508 (Sp.
809 1471 853 1499 tr.
877 1467 1016 1510 prolem
1041 1465 1256 1510 ducendam)
1281 1468 1316 1509 8,
1339 1469 1375 1509 3,
1400 1467 1448 1506 26
1470 1468 1516 1501 Ν.
1535 1480 1582 1515 cr.
1604 1475 1635 1500 et
1654 1469 1692 1502 S.

187 1509 227 1551 β)
253 1509 384 1543 Subs1.:
420 1520 476 1553 ap.
502 1509 657 1555 tragicos
682 1512 721 1551 8,
746 1512 788 1552 6,
815 1512 872 1546 26.
902 1523 959 1556 ap.
986 1517 1129 1546 veteres
1153 1518 1198 1546 tr.
1221 1513 1264 1555 9,
1288 1514 1333 1556 3,
1358 1511 1415 1547 14.
1447 1524 1506 1557 ap.
1530 1519 1693 1548 nostrum

189 1552 295 1587 etiam
318 1560 362 1590 tr.
386 1557 430 1589 ih.
456 1557 511 1590 57.
540 1566 614 1589 non
638 1557 806 1604 ignobilis
835 1563 879 1593 tr.
903 1561 920 1591 1
936 1583 947 1602 ,
975 1560 1039 1601 12,
1069 1559 1114 1592 18
1135 1559 1181 1592 Ν.
1342 1575 1347 1581 ’
1494 1571 1507 1578 ·

143 1596 406 1655 Tragoedia.
449 1613 484 1654 1)
509 1613 615 1647 utiles
638 1614 846 1660 tragoediae
874 1618 913 1657 1,
941 1616 988 1656 8,
1014 1615 1049 1649 6.
1075 1614 1261 1662 tragoedia
1288 1617 1470 1660 Thyestes
1495 1618 1539 1659 1,
1563 1618 1607 1668 ξ»,
1632 1616 1692 1651 52.

187 1667 260 1700 quo
285 1664 428 1693 veteres
452 1665 496 1693 tr.
526 1661 756 1704 clauduntur,
783 1663 995 1694 Plaudite
1018 1661 1062 1703 ὃ,
1092 1664 1125 1702 1,
1150 1663 1206 1696 52.
1233 1673 1300 1696 nec
1324 1667 1368 1697 tr.
1397 1663 1546 1696 soeculo
1569 1673 1693 1708 ingre-

188 1703 283 1736 ditur
308 1707 363 1746 10,
389 1708 423 1748 2,
448 1708 505 1742 22.
534 1707 739 1753 tragoediae
764 1708 957 1751 scriptores
980 1712 1143 1742 veterum
1169 1706 1357 1742 clarissimi
1383 1710 1441 1752 10,
1471 1711 1504 1748 1.
1531 1706 1588 1744 97.
1618 1714 1692 1742 tra-

187 1749 395 1795 goediarum
427 1751 620 1795 scriptores
647 1756 688 1796 1,
714 1755 756 1796 5,
782 1756 839 1786 21.
873 1752 1074 1800 tragoedias
1111 1753 1183 1799 egit
1218 1756 1281 1796 11,
1305 1755 1348 1796 3,
1376 1757 1453 1788 111.
1483 1754 1691 1800 tragoedias

186 1795 320 1839 primus
343 1797 382 1830 in
405 1798 521 1831 lucem
544 1798 746 1843 Aeschylus
771 1800 919 1843 protulit
940 1801 996 1841 10,
1021 1802 1053 1840 1,
1078 1799 1134 1833 66-
1158 1804 1199 1832 ut
1223 1799 1268 1832 sit
1287 1798 1326 1832 in
1344 1800 1527 1846 tragoedia
1545 1800 1692 1847 Aerope

186 1840 296 1875 tristis
324 1846 378 1886 11,
405 1845 445 1886 3,
471 1846 526 1878 37.
551 1856 595 1878 an
621 1847 790 1887 gradus
815 1848 1019 1878 eliminat
1045 1844 1083 1878 in
1106 1849 1151 1878 tr.
1176 1845 1246 1878 dici
1271 1848 1489 1889 oportuisset
1509 1847 1550 1885 8.
1575 1848 1618 1889 3,
1645 1848 1688 1880 31

187 1889 235 1921 Ν.
262 1894 301 1921 ut
318 1888 355 1922 in
369 1890 563 1935 tragoediis
585 1891 621 1933 4,
643 1894 677 1934 2,
697 1893 751 1925 13.
774 1890 986 1935 (verborum)
1010 1891 1049 1924 in
1070 1891 1265 1936 tragoediis
1289 1892 1444 1935 gravitas
1468 1895 1501 1934 1,
1520 1893 1555 1934 8,
1571 1893 1605 1927 8.
1631 1893 1691 1926 fa—

187 1933 291 1977 bula,
321 1946 411 1979 quae
436 1943 601 1970 versatur
624 1937 661 1970 in
688 1937 956 1982 tragoediis
982 1942 1053 1981 atq.
1076 1937 1373 1970 carminibus
1390 1941 1424 1980 2,
1443 1936 1478 1981 4,
1497 1941 1532 1971 2.
1558 1949 1590 1972 v.
1612 1937 1690 1972 Co-

187 1981 394 2015 moedia.
442 1983 493 2024 Il)
519 1988 636 2016 transl.
651 1998 662 2016 :
686 1983 723 2016 in
748 1983 869 2027 parvis
893 1983 1015 2017 litibus
1041 1984 1104 2016 has
1128 1988 1172 2019 tr.
1198 1993 1347 2017 movere
1374 1983 1410 2026 63
1426 1986 1467 2026 21,
1493 1983 1549 2018 36.

143 2019 412 2081 Tragoedus·
466 2049 543 2074 vox
574 2039 717 2084 quidem
745 2051 820 2075 non
845 2060 889 2065 —
912 2051 1029 2086 paene
1053 2040 1305 2086 tragoedorum
1337 2041 1400 2074 sed
1427 2048 1540 2086 vsuper
1564 2051 1691 2076 omnes

187 2087 231 2116 tr.
259 2086 326 2126 12,
354 2085 395 2128 5,
421 2086 457 2119 5.

142 2123 303 2169 Traho·
351 2139 391 2182 Ι)
422 2144 578 2185 proprie.-
613 2143 810 2177 trahere
844 2142 1025 2176 robustius
1057 2154 1162 2187 quam
1186 2143 1362 2178 ducere
1385 2146 1428 2186 2,
1454 2146 1518 2182 12,
1542 2146 1574 2178 1.
1599 2142 1687 2178 alios

193 2185 344 2227 (nervos)
368 2188 471 2222 laeva
500 2189 643 2222 trahunt
668 2188 882 2232 (citharoedi)
909 2192 942 2232 1,
970 2192 1024 2232 12,
1052 2191 1086 2223 3.
1111 2188 1148 2222 in
1175 2189 1268 2222 latus
1292 2201 1333 2223 ac
1361 2199 1478 2234 paene
1501 2187 1555 2223 ats
1571 2200 1692 2223 aurem

187 2230 375 2266 trahuntur
401 2234 531 2278 (labra)
558 2237 614 2276 11,
640 2236 674 2276 3,
702 2236 760 2269 81.
785 2246 853 2269 nec
877 2245 920 2269 eo
946 2246 1059 2279 usque
1082 2236 1244 2268 trahatur
1269 2235 1453 2279 (spiritus),
1481 2236 1597 2270 donec
1624 2236 1690 2269 de—

186 2276 282 2310 ficiat
306 2281 363 2317 11,
385 2281 419 2322 3,
440 2282 508 2320 35;
538 2286 577 2314 ut
603 2286 719 2314 terrae
743 2291 898 2315 succum.
915 2281 1109 2325 aequaliter
1132 2281 1247 2314 trahat
1272 2281 1460 2326 (quincunx)
1486 2283 1520 2320 8.
1540 2283 1576 2324 3,
1595 2282 1686 2324 9Z.;

190 2333 271 2356 cum
297 2325 439 2360 decoris
464 2326 577 2372 gratia
604 2326 756 2360 trahitur
780 2329 824 2369 (S
831 2341 863 2370 p.
889 2326 1125 2368 contrahitur)
1143 2326 1285 2373 longius
1305 2329 1457 2362 verbum
1477 2328 1513 2370 8,
1533 2328 1568 2370 6,
1586 2327 1632 2362 65
1641 2330 1692 2361 Z:

190 2367 238 2410 11)
268 2375 383 2405 transl.
414 2373 460 2410 α)
491 2384 570 2405 cum
597 2372 653 2413 id,
684 2373 778 2416 quod
802 2373 960 2406 medium
985 2378 1049 2415 est,
1076 2372 1244 2416 utrinque
1269 2373 1383 2417 possit
1407 2373 1499 2407 trahi
1522 2375 1557 2415 7,
1585 2375 1620 2415 9,
1640 2375 1685 2416 73

189 2413 361 2449 silvarum
391 2418 587 2451 amoenitas
611 2423 646 2452 et
670 2418 965 2462 praeterlabentia
988 2418 1133 2452 flumina
1158 2427 1218 2452 etc.
1257 2420 1307 2453 ad
1333 2431 1371 2453 se
1395 2420 1539 2452 tralumt
1563 2420 1627 2461 10,
1652 2420 1687 2460 3,

191 2459 248 2493 24.
274 2466 313 2494 ut
337 2469 515 2497 errantem
539 2464 781 2498 adversarium
812 2466 930 2498 trahas
955 2469 991 2498 et
1012 2464 1066 2497 ire
1091 2476 1195 2508 (piam
1221 2465 1428 2511 longissime
1452 2474 1557 2511 cogas
1583 2464 1628 2505 6,
1648 2462 1685 2506 4,

192 2507 247 2539 17.
276 2518 367 2550 quos
392 2508 460 2542 nisi
485 2515 520 2543 et
545 2509 780 2544 delectatione
805 2509 1062 2544 allicimus
1089 2516 1124 2544 et
1147 2510 1284 2545 viribus
1310 2510 1540 2544 trahimus
1566 2510 1600 2550 5,
1626 2507 1683 2551 14,

190 2551 246 2584 29·
281 2552 325 2592 cs.
352 2556 412 2595 12,
438 2557 501 2597 10,
527 2557 586 2589 52.
618 2556 870 2599 superstitione
902 2561 1175 2600 praeceptorum
1207 2562 1331 2590 contra
1361 2555 1539 2607 rationem
1558 2565 1686 2607 causae

191 2596 283 2629 trahi
309 2597 344 2639 4,
369 2603 403 2640 2,
433 2601 500 2642 853
530 2602 723 2634 trahendae
747 2603 895 2636 vocales
921 2604 976 2644 11,
1002 2603 1035 2643 3,
1064 2605 1128 2636 107
1145 2614 1184 2635 α).
1210 2603 1391 2636 Produc
1404 2611 1438 2635 ο.
1462 2600 1685 2648 ubaldionem

193 2640 450 2684 Syracusarum
475 2647 520 2679 in
549 2647 732 2693 longius
757 2648 868 2683 traxit
889 2650 921 2690 1,
949 2650 1003 2689 10,
1027 2646 1093 2690 483
1118 2649 1278 2682 colorem
1302 2649 1444 2681 trahere
1469 2649 1524 2688 12,
1547 2648 1601 2685 10,
1624 2645 1683 2680 44.

188 2697 279 2729 quae
308 2690 426 2723 omnia
455 2691 603 2725 multum
627 2693 774 2736 juvant,
810 2692 999 2727 victoriam
1024 2699 1144 2727 tamen
1169 2704 1242 2728 non
1270 2694 1412 2727 trahunt
1434 2694 1476 2744 7..
1506 2690 1618 2744 1,.44
1636 2692 1683 2744 N·

193 2737 336 2767 tenerae
360 2742 497 2771 mentes
522 2744 771 2783 tracturaeque
797 2739 920 2786 altius,
946 2739 1119 2784 quidquid
1141 2739 1288 2777 rudibus
1312 2743 1348 2774 et
1371 2748 1529 2772 omnium
1551 2747 1683 2784 ignaris
