1728 3002
464 218 734 274 Praesuingo
763 241 820 250 -
849 217 1086 261 framundo
1455 221 1539 263 682

3 351 22 375 ,-
59 331 219 368 officium
243 332 300 378 12,
323 333 382 375 10,
404 331 462 367 59.
507 337 688 373 praestare
713 327 953 367 admirabilem
985 333 1024 366 et
1048 331 1242 375 iucundam
1261 328 1461 367 orationum
1482 329 1540 376 (α.

62 384 87 414 1.
115 379 287 422 perticere
310 380 355 411 cl.
380 377 547 419 efficere)
573 379 608 421 8,
637 379 694 411 Pr.
719 379 775 413 33.
807 389 926 412 rerum
948 377 1181 419 perspicuitas
1208 379 1410 429 quo'modo
1434 387 1541 420 prae-

60 426 187 461 standa
208 424 254 458 sit
275 426 311 466 8,
334 425 370 466 2,
393 426 450 457 22.
494 434 593 465 eam,
624 435 715 468 quae
742 430 823 465 post
845 425 918 458 sata
939 425 1107 466 praestari
1131 425 1242 465 solet,
1266 424 1538 461 venerationem

62 475 119 514 12,
136 473 194 514 11,
212 473 256 513 7;
280 478 353 503 non
376 467 610 510 praestari
635 481 718 504 eum
742 469 861 512 tinem,
883 466 942 516 qui
966 476 989 512 p
1005 470 1276 504 remittatur
1299 473 1346 515 (ἰιι
1362 469 1539 515 rhetorice)

61 521 98 560 2,
123 519 179 558 17,
201 519 257 549 22.
280 514 324 557 cs.
354 518 411 558 12,
439 515 475 557 9,
497 515 540 557 63
576 514 671 551 circa
695 515 780 549 facti
807 515 1089 550 controversiam
1113 522 1319 562 argumenta
1346 521 1538 560 praestant,

62 563 159 597 circa
182 561 268 604 juris
289 561 388 604 lites,
421 560 600 595 materiam
627 562 873 606 quaestionum
894 564 929 605 5,
956 565 1010 605 10,
1036 563 1092 596 40.
1139 573 1198 597 res
1226 568 1381 596 mutuam
1404 561 1539 597 confir-

59 610 250 646 mationem
284 612 502 650 praestantes
536 609 580 640 ίό.
610 609 666 643 78.
712 618 785 641 non
813 619 932 642 rerum
963 610 1072 642 modo
1104 609 1167 642 sed
1203 608 1308 642 etiam
1340 609 1536 643 verborum

62 655 225 690 ordinem
246 658 399 694 praestat
422 653 624 694 (memoria)
649 656 703 696 11,
727 656 762 696 2,
794 655 828 688 8.
877 654 968 688 ratio
999 654 1245 696 probationem
1284 660 1467 696 praestans
1499 656 1535 699 5,

60 703 118 743 10,
149 703 202 733 11.
249 699 476 741 transumtio,
508 709 599 742 quae
621 709 668 733 ex
693 699 763 734 alio
788 699 825 733 in
861 700 955 733 aliud
988 701 1087 734 velut
1118 700 1213 735 viam
1247 706 1402 742 praestat
1429 703 1466 744 8,
1497 701 1536 744 6,

59 747 238 781 37.—bona
259 745 451 785 valetudo,
483 755 644 788 quaeque
674 755 752 778 earu
790 748 946 780 maxime
977 748 1150 789 praestat,
1194 746 1375 793 frugalitas
1410 749 1465 788 10,
1498 748 1535 790 3,

57 793 115 831 26.
142 791 316 829 rationem
340 794 495 832 praestat
522 790 708 832 praecipue
734 792 895 838 analogia
922 795 957 835 1,
980 792 1016 835 6,
1041 794 1074 826 1.
1120 798 1157 826 et
1187 792 1261 826 vim
1288 793 1395 826 rebus
1418 792 1537 835 adji-

59 837 208 880 ciunt,
241 843 277 871 et
302 837 447 883 gratiam
473 841 713 877 praestant
734 837 891 879 (motus)
911 839 947 880 9,
976 841 1008 879 1,
1033 840 1074 879 23
1109 837 1260 874 docilem
1288 844 1323 871 et
1346 840 1434 872 haec
1458 838 1536 880 ipsa

55 889 210 931 praestat
232 882 379 917 attentio
402 880 438 923 4,
464 884 497 923 1,
521 880 576 915 34.
625 882 773 918 similem
796 893 878 916 raro
902 889 1025 916 natura
1048 894 1100 927 pr.
1114 909 1124 925 ,
1155 884 1362 927 frequenter
1383 884 1536 918 imitatio

62 933 118 973 10,
145 933 179 972 2,
204 931 247 971 3;
279 929 483 962 formandos
507 938 546 960 se
571 933 749 970 praestant
773 931 805 970 1,
845 931 908 968 12,
942 931 995 962 10.
1042 929 1086 971 ρ’)
1119 930 1189 972 0111'.
1222 933 1326 963 Dat.
1376 929 1411 969 a)
1441 931 1533 973 juste

58 983 227 1022 petere
251 985 292 1008 ea
315 972 465 1018 quisque
489 984 508 1005 a
532 973 648 1015 judice
680 973 842 1015 videtur,
882 984 979 1018 quac
1005 974 1083 1008 aliis
1112 974 1189 1018 ipse
1221 975 1535 1018 praestiterit

57 1025 95 1065 6,
119 1026 152 1064 1,
177 1023 233 1054 22.
281 1019 405 1054 studiis
427 1018 558 1062 aliquid
583 1019 655 1052 suis
673 1019 888 1062 praestitisse
911 1023 946 1062 2,
972 1022 1027 1062 17,
1054 1023 1077 1053 2
1094 1021 1137 1053 N.
1163 1033 1209 1054 cr.
1234 1026 1414 1064 praestare
1438 1021 1535 1055 hanc

57 1067 288 1110 inferioribus
313 1076 432 1099 curam
455 1067 490 1107 2,
508 1067 544 1107 3,
561 1063 597 1098 4.
624 1076 728 1109 quam
753 1066 981 1107 (intentionem)
997 1066 1201 1100 adversario
1214 1072 1368 1110 praestat
1387 1066 1534 1111 (judex)

12 1137 16 1139 >
55 1113 93 1157 4,
119 1117 152 1156 1,
176 1114 233 1148 38.
262 1111 507 1156 praestandam
535 1110 700 1154 pietatem
724 1111 926 1154 parentibus
953 1113 988 1154 5,
1016 1114 1072 1153 10,
1101 1113 1157 1145 13.
1185 1109 1308 1156 parum
1335 1112 1403 1147 sibi
1429 1124 1534 1157 prae-

55 1160 141 1195 stari
164 1157 388 1194 reverentiae
412 1159 468 1198 11,
491 1158 526 1197 3,
553 1159 630 1190 133.
656 1156 890 1202 litigatoribus
912 1157 1010 1190 illum
1033 1158 1141 1191 modo
1164 1158 1386 1192 ambitiosum
1413 1159 1536 1194 decla·

8 1208 16 1212 “
56 1207 175 1243 mandi
186 1206 350 1239 sudorem
366 1201 581 1247 praestitisse
597 1203 632 1243 6,
652 1201 687 1243 4,
704 1204 739 1236 6.
766 1204 914 1236 alterum
939 1203 1096 1244 (librum)
1121 1210 1286 1238 sermone
1303 1215 1367 1248 per
1385 1204 1532 1239 biduum

55 1253 177 1288 habito
191 1278 202 1294 ‚
225 1249 346 1295 pueri,
372 1248 498 1293 quibus
521 1247 557 1281 id
580 1248 833 1291 praestabatur,
861 1254 1079 1292 exceperant
1103 1249 1159 1282 Pr.
1183 1253 1218 1285 7.
1264 1250 1303 1292 b)
1336 1252 1414 1284 ead.
1439 1251 1531 1286 ratio

51 1298 149 1335 idem
172 1302 350 1342 praestare
373 1292 505 1328 oratori
528 1299 644 1337 potest
668 1297 700 1335 2,
729 1295 785 1336 17,
808 1295 864 1328 38.
898 1305 956 1328 res
982 1312 1023 1318 —
1051 1305 1192 1338 semper
1214 1295 1340 1329 animis
1363 1303 1530 1341 praestat,

50 1345 91 1380 in
115 1345 211 1389 qnod
232 1353 272 1376 se
293 1342 393 1376 velut
413 1349 547 1374 novum
570 1338 755 1372 intendant
782 1341 817 1382 9,
840 1343 874 1382 2,
900 1341 957 1374 63.
1004 1351 1107 1374 casus
1134 1347 1287 1384 praestat
1316 1343 1531 1388 argumentis

0 1407 1 1410 =
49 1391 171 1433 locum
188 1389 223 1432 5,
249 1390 304 1431 10,
327 1386 384 1422 48.
430 1396 521 1430 quae
546 1393 605 1418 res
627 1385 824 1424 faciliorem
854 1385 1023 1421 divisioni
1051 1387 1148 1421 viam
1172 1393 1324 1431 praestat
1348 1391 1383 1431 7,
1413 1392 1444 1432 1,
1469 1388 1529 1425 34.

11 1430 31 1451 '¹
53 1432 95 1485 γ)
117 1450 183 1482 seq.
209 1443 251 1469 ut
275 1437 327 1468 vel
348 1445 408 1466 ne.-
433 1436 590 1476 praestet
614 1431 717 1465 alicui
740 1433 802 1465 vel
828 1432 958 1477 gratia,
994 1433 1057 1467 vel
1084 1432 1255 1477 amicitia,
1279 1435 1340 1468 vel
1363 1436 1528 1478 pecunia,

52 1489 102 1518 ut
123 1480 364 1518 doctissimum
385 1477 591 1523 magistrum
614 1477 711 1511 domi
735 1478 861 1511 habeat
886 1481 917 1514 1.
945 1481 980 1521 2,
1011 1480 1064 1512 11.
1091 1480 1236 1513 fortuita
1262 1480 1332 1514 hoc
1359 1481 1528 1525 cogitatio

6 1528 17 1545 ‘¹
52 1540 125 1575 pr.,
158 1534 205 1562 ut
228 1534 288 1561 etc.
315 1527 373 1568 10,
393 1527 429 1567 3,
453 1526 510 1558 29.
555 1529 606 1556 ut
631 1521 831 1567 possimus,-
854 1532 927 1558 non
958 1524 1170 1558 exercitatio
1191 1523 1299 1559 modo
1323 1526 1527 1571 praestabit,
1584 1530 1596 1537 “

53 1577 117 1610 sed
141 1574 246 1608 etiam
266 1571 359 1606 ratio
382 1572 425 1603 ib.
454 1569 509 1603 15.
533 1569 619 1602 illud
642 1570 785 1603 fortuna
807 1569 947 1603 interim
963 1582 1032 1613 pr.,
1056 1576 1108 1604 ut
1132 1578 1192 1605 etc.
1212 1572 1247 1614 5,
1265 1574 1300 1615 7,
1315 1574 1372 1607 29.
1398 1574 1526 1607 modus

1 1634 4 1639 ’
53 1621 90 1656 ei
122 1619 306 1664 (periodo)
343 1628 364 1649 a
402 1613 576 1649 Cicerone
610 1628 659 1637 ⁴-
690 1614 896 1649 terminatus
918 1622 1106 1659 praestare
1139 1618 1267 1658 debet,
1304 1623 1350 1650 ut
1382 1630 1527 1654 sensum

30 1666 242 1702 ,concludat
263 1665 308 1705 9,
333 1662 380 1705 4,
403 1663 481 1695 125.
528 1660 755 1704 probationes
791 1660 1025 1695 efficiant
1060 1673 1164 1704 sane,
1210 1669 1259 1696 ut
1287 1675 1353 1696 --—:
1398 1675 1525 1698 sensus

48 1715 313 1759 praestant,
348 1713 396 1740 ut
426 1715 486 1745 etc.
509 1706 545 1748 6,
572 1709 607 1748 2,
637 1707 668 1740 5.
729 1716 808 1738 cum
833 1706 947 1739 studia
973 1713 1152 1750 praestent
1179 1714 1228 1740 ut
1250 1727 1298 1735 -—
1340 1709 1527 1744 videamur

53 1761 111 1802 12,
133 1757 169 1799 4,
194 1759 227 1789 2.
273 1759 470 1798 praestatur
492 1754 562 1785 hoc
587 1750 776 1795 aliquando
805 1752 908 1784 etiam
941 1752 1184 1797 dignitatibus,
1222 1759 1268 1787 ut
1300 1761 1360 1788 etc.
1397 1757 1453 1799 11,
1490 1759 1524 1800 1,

51 1806 116 1847 673
150 1801 321 1836 fortitudo
345 1810 413 1843 pr.,
439 1809 493 1831 ne
516 1803 665 1830 mortem
686 1797 870 1832 timeamus
896 1799 931 1840 5,
960 1801 1014 1840 10,
1038 1799 1095 1832 82.

2 1861 293 1912 Praestringo.
339 1872 533 1900 ceterarum
556 1865 697 1911 fulgore
720 1865 890 1899 virtutum
912 1865 990 1899 laus
1026 1865 1092 1899 ista
1115 1864 1383 1910 praestringitur
1408 1869 1464 1911 10,
1490 1870 1526 1913 1,

37 1923 105 1957 «92,
131 1927 202 1962 quo
226 1923 325 1947 mens
348 1912 452 1946 simul
475 1910 643 1954 visusque
664 1911 933 1957 praestringitur
957 1913 1016 1951 (a.
1042 1915 1065 1945 l.
1092 1911 1243 1955 perstr.)
1267 1914 1309 1946 ib.
1342 1914 1386 1946 30
1407 1914 1453 1948 N.
1474 1927 1523 1950 cr.

0 1967 219 2010 Praesum·
266 1980 346 2004 cum
376 1967 483 2001 Asiae
519 1973 697 2010 praeesset
732 1968 921 2008 (Crassus)
959 1970 1014 2010 11,
1053 1970 1087 2009 2,
1120 1969 1186 2010 503
1230 1968 1286 2001 cui
1321 1969 1523 2015 diligentiae

48 2029 215 2069 praeesse
239 2028 292 2059 ap.
317 2025 383 2048 nos
408 2013 630 2056 iuriconsulti
654 2013 900 2047 existimantur
923 2015 957 2056 3,
981 2015 1018 2056 6,
1037 2015 1094 2048 58.
1126 2015 1205 2058 quis
1229 2014 1263 2048 ei
1287 2013 1520 2059 (quaestioni)

43 2064 238 2114 praefuerit
260 2063 295 2104 5,
319 2059 354 2102 4,
378 2062 413 2093 2·

0 2126 244 2179 Rraesumo.
291 2126 573 2161 differenda
616 2126 741 2170 quaed.
775 2122 927 2169 (verba)
958 2130 993 2160 et
1026 2128 1376 2170 praesumenda
1413 2129 1448 2171 8,
1481 2130 1518 2173 6,

48 2183 106 2217 63.
130 2179 243 2213 verba
266 2174 405 2219 poetica
427 2172 587 2205 libertate
625 2170 813 2205 audaciora
850 2181 924 2205 non
956 2177 1183 2215 praesumunt
1214 2173 1336 2206 eadem
1374 2175 1519 2218 proprie

9 2220 13 2226 ’
47 2224 188 2260 dicendi
212 2222 413 2255 facultatem
443 2219 496 2254 10.
523 2220 555 2259 5,
580 2216 604 2250 4
627 2218 673 2251 Ν.
721 2223 865 2259 natura,
899 2217 936 2249 in
960 2229 1027 2260 qua
1050 2217 1228 2263 ingenium
1254 2219 1384 2260 judicio
1415 2231 1519 2263 prae-

45 2271 194 2307 sumitur
216 2270 252 2310 2,
274 2265 311 2309 4,
335 2268 370 2300 7.
415 2263 519 2298 inviti
542 2262 675 2306 judices
710 2262 854 2297 audiunt
882 2269 1165 2305 praesumentem
1200 2270 1317 2308 partes
1348 2277 1429 2299 suas
1460 2269 1517 2310 11,

45 2322 80 2360 1,
103 2318 159 2350 27.
188 2313 231 2355 cs.
258 2315 290 2355 1,
315 2313 370 2351 10,
398 2313 456 2344 27.
484 2310 577 2352 quod
601 2309 809 2343 facientibus
832 2308 938 2341 etiam
961 2310 1051 2342 male
1075 2309 1239 2343 audiendi
1263 2313 1519 2353 praesumenda

0 2372 3 2373 ’
41 2360 208 2408 patientia
233 2364 286 2392 est
312 2359 365 2398 12,
389 2357 424 2396 9,
443 2357 478 2390 9.
503 2361 670 2398 quantum
692 2355 729 2388 in
747 2354 895 2387 infantia
918 2361 1219 2396 praesumtum
1243 2361 1310 2389 est
1333 2357 1520 2403 temporis,

45 2404 305 2442 adolescentiae
330 2400 594 2444 acquiritur
618 2403 650 2443 1,
676 2404 708 2442 1,
735 2401 797 2441 19;
829 2398 951 2443 opinio
974 2405 1173 2442 praesumta
1196 2404 1229 2441 2,
1256 2404 1312 2444 17,
1336 2403 1392 2436 28,
1416 2404 1517 2438 Idem

45 2452 105 2498 qui
129 2449 369 2496 οἱπρόληπιον
393 2453 427 2479 et
450 2443 698 2488 προληπτικόν
715 2445 849 2485 dic-unt,
871 2444 911 2478 id
933 2452 987 2479 est
1011 2446 1204 2479 dubium
1228 2452 1264 2480 et
1285 2458 1517 2491 praesum..

43 2505 155 2540 tum,
185 2505 257 2541 quo
284 2493 515 2540 significatur,
542 2493 587 2525 de
610 2502 680 2536 quo
710 2491 820 2535 liquet
841 2492 876 2533 3,
902 2491 938 2532 6,
964 2491 1020 2525 35.

0 2541 273 2591 Praesumtio-
319 2550 407 2583 mire
431 2549 469 2581 in
493 2549 606 2583 causis
628 2549 723 2582 valet
748 2559 816 2591 pr.,
843 2560 934 2592 quae
958 2544 1141 2591 πρόληψις
1165 2547 1292 2582 dicitur
1325 2549 1359 2591 9,
1387 2552 1423 2593 2,
1456 2551 1516 2588 16.

6 2607 13 2624 ·⁴
40 2601 236 2637 verborum
264 2606 404 2641 quoque
426 2595 482 2629 vis
506 2605 546 2627 ac
574 2595 768 2638 proprietas
796 2595 1022 2628 confirmatur
1054 2594 1116 2628 vel
1148 2596 1512 2637 praesumtione

3 2636 87 2684 2»,—
113 2651 173 2679 aut
194 2640 577 2687 reprehensione
614 2642 655 2673 ib.
682 2641 738 2674 18.
1286 2664 1292 2665 ⁷

0 2698 245 2745 Fmetendo.
283 2708 481 2757 ignorantia
497 2707 678 2753 praetendi
707 2717 780 2741 non
803 2712 919 2751 potest
933 2709 967 2750 7,
990 2709 1021 2749 1,
1038 2707 1094 2743 35.
1119 2708 1254 2741 vultum
1278 2714 1314 2742 et
1335 2708 1513 2742 tristitiam

10 2758 14 2763 '
44 2763 81 2791 et
107 2757 370 2790 dissentientem
397 2768 418 2789 a
441 2755 568 2789 ceteris
591 2754 747 2787 habitum
771 2753 933 2797 pessimis
964 2753 1120 2787 moribus
1151 2755 1429 2798 praetendebant
1453 2755 1511 2790 Pr.

47 2802 105 2839 15.
132 2803 192 2846 qui
219 2802 494 2846 praetendebat,
526 2800 562 2834 id
585 2811 623 2835 se
646 2805 743 2834 metu
764 2801 883 2834 facere
908 2800 944 2843 8,
968 2799 1001 2843 5,
1027 2799 1082 2834 15.
