1728 3002
135 218 219 261 386
383 231 387 236 ’
833 212 987 260 Honor
1011 276 1018 285 l

180 331 427 376 honestiores,
471 341 575 375 quam
598 330 669 370 sint
691 329 781 375 ipsi,
812 331 947 366 liberos
977 331 1131 365 habeant
1166 331 1206 364 11
1221 356 1233 375 ,
1260 333 1277 365 1
1294 356 1307 375 ,
1329 332 1410 376 823·
1444 332 1533 374 hon.
1568 343 1676 367 causa

182 381 230 423 5,
257 381 323 422 10,
348 378 405 413 35.
439 375 652 421 compositio
679 377 785 412 debet
811 389 891 412 esse
920 378 1133 420 honesta,
1162 377 1382 421 jucunda,
1412 376 1546 414 varia
1577 379 1613 421 9,
1637 377 1674 422 4,

183 425 263 460 146.
285 426 480 458 honesta
503 434 545 457 ac
566 422 873 467 pulcherrima
896 435 1016 458 rerum
1040 423 1246 467 eloquentia
1264 425 1364 467 1,12,
1377 422 1434 458 16.
1461 430 1563 459 error
1584 425 1672 467 hon.

183 474 216 515 1,
238 471 273 514 6,
298 474 332 504 2.
361 471 496 504 factum
520 470 604 503 hon.
633 470 668 512 6,
685 472 719 513 1,
737 473 793 504 22.
818 474 854 512 7,
868 469 902 512 4,
914 469 949 504 4.
975 471 1061 504 hon.
1082 481 1194 517 genus
1217 479 1410 504 causarum·
1423 467 1460 515 4,
1483 471 1517 514 1,
1539 468 1598 506 40.
1612 469 1672 505 41.

180 515 434 551 honestissimo
457 516 579 549 labore
609 518 665 558 12,
690 519 724 558 7,
752 518 806 550 10.
840 518 990 551 honesta
1015 518 1077 550 lex
1101 519 1134 555 2,
1159 515 1195 556 4,
1218 518 1275 551 37.
1309 516 1500 551 honestiss.
1525 512 1675 550 liberta-

182 563 227 597 tis
254 566 309 605 11,
339 565 371 604 1,
396 564 452 596 37.
483 573 588 606 quam
610 561 802 596 honestius.
821 569 1012 607 praecepta
1037 565 1094 604 12,
1107 565 1142 604 2,
1155 565 1213 596 27.
1241 560 1286 603 cf.
1309 564 1345 604 2,
1372 562 1426 603 16,
1446 565 1502 596 10.
1531 562 1673 596 ratione

182 610 336 643 honesta
361 611 424 650 12,
453 610 490 650 1,
516 609 573 643 39.
608 609 695 642 hon.
722 619 839 643 sermo
867 611 910 647 ib,
935 611 992 643 30.
1031 608 1221 642 honestiss.
1237 608 1445 642 ‘testimonia
1467 607 1590 652 5,>11,
1612 611 1673 643 37.

182 657 384 689 honesta
408 653 556 697 (verba)
584 654 806 698 turpibus
836 654 976 699 potiora
1006 655 1050 698 8,
1078 657 1203 696 3,v17.
1226 652 1285 689 45.
1319 654 1405 687 hon.
1428 652 1505 688 vita
1529 655 1589 688 Pr.
1614 656 1672 689 10.

183 704 239 744 12,
262 704 295 744 2,
320 703 376 735 31.
405 703 461 743 12,
487 703 543 742 11,
569 702 626 734 12.
653 702 740 736 hon.
764 702 952 736 voluntate
981 703 1038 744 12,
1066 703 1098 743 1,
1122 699 1179 735 45.
1226 700 1264 745 β)
1293 713 1321 733 c.
1351 702 1464 734 Verbo
1487 702 1690 742 substant..-v

182 748 278 791 quod
302 748 494 780 honestum
517 746 581 789 sit,
606 747 842 790 efficere‘ss,
868 750 906 789 1,
937 747 994 782 35.
1032 758 1078 781 ne
1112 745 1233 780 utile
1269 745 1432 790 quidem,
1476 745 1547 780 nisi
1575 746 1674 790 quod
1703 756 1713 766 ⁴

181 796 431 827 honestum
464 795 498 834 3,
518 793 552 834 8,
580 795 611 826 1.
635 795 669 827 3.
711 805 845 833 ¹versus
869 795 1069 834 honestum,
1086 792 1217 837 aliquid
1249 797 1436 826 monentes
1470 794 1513 836 1,
1545 794 1588 834 1,
1612 792 1673 833 35.

180 840 265 874 idne
298 840 343 872 sit
374 841 586 881 honestum,
621 840 718 883 quod
742 841 852 886 vulgo
879 841 1043 873 laudatur
1062 841 1101 881 3,
1130 839 1176 881 6,
1207 837 1265 872 41.
1308 838 1339 872 si
1365 839 1494 876 falsum
1517 837 1695 871 tuebitur-

181 885 297 929 (bonu‘s
316 883 465 928 orator),
492 884 560 918 erit
583 890 700 919 tamen
718 883 920 928 honestum,
945 886 1042 930 quod
1056 885 1132 929 ipse
1145 884 1254 919 faciet
1277 886 1335 927 12,
1348 887 1436 926 7,7;
1461 894 1534 918 non
1548 885 1672 927 modO,

183 943 274 976 quae
298 932 494 974 diserta,
531 932 595 964 sed
619 933 684 966 vel
702 933 833 980 magis,
866 943 955 976 quae
979 930 1174 966 honesta
1203 935 1307 973 sunt,
1340 930 1478 964 discant
1501 932 1544 973 1,
1562 930 1611 972 ὃ,
1634 928 1670 963 4.

179 980 350 1022 pleraque
375 988 452 1011 esse
469 1003 477 1019 ,
518 988 610 1021 quae
635 988 709 1011 non
732 981 804 1012 tain
825 978 930 1011 factis
955 989 1059 1022 quam
1083 977 1197 1012 causis
1222 986 1362 1010 eorum*
1380 976 1444 1010 vel
1467 974 1674 1010 honesta

179 1025 270 1057 fiant
296 1026 357 1058 vel
383 1023 537 1067 turpia
562 1026 630 1066 12,
657 1027 698 1063 1,
721 1026 787 1065 363
817 1024 846 1058 si
871 1024 1070 1068 portorium
1091 1022 1239 1057 Rhodiis
1262 1024 1382 1056 locare
1405 1022 1596 1056 honestum
1617 1026 1672 1055 est

179 1072 225 1113 5,
252 1072 318 1112 10,
347 1071 403 1104 78.
444 1070 635 1103 honestum
661 1070 824 1114 quibusd.
855 1076 958 1114 rapto
989 1070 1117 1104 vivere
1145 1071 1187 1111 3,
1213 1072 1252 1111 7,
1278 1067 1343 1110 24;
1383 1073 1466 1102 sunt
1496 1066 1574 1102 aliis
1601 1067 1671 1101 alia

179 1116 480 1158 honestiora,
505 1116 806 1159 sublimiora,
831 1115 1084 1158 nitidiora,
1116 1112 1409 1157 iucundiora,
1434 1112 1671 1149 vocatiora

176 1163 259 1204 8‚3,
276 1163 329 1196 16.
354 1162 383 1195 si
407 1173 480 1195 non
507 1163 551 1194 ad
574 1163 754 1195 luxuriam
778 1174 820 1196 ac
842 1156 1026 1196 libidinem
1050 1162 1199 1204 referas,
1225 1161 1349 1195 eadem
1372 1157 1678 1204 speciosiora<

179 1218 322 1252 quoque
347 1207 440 1251 sint,
469 1219 559 1251 quae
585 1208 862 1243 honestiora
887 1212 943 1252 12,
972 1211 1027 1251 10,
1052 1206 1110 1243 47.
1146 1207 1241 1253 Quid
1265 1212 1320 1241 est
1342 1205 1539 1248 honestius,
1563 1215 1672 1250 quam
1722 1208 1728 1213 ”

177 1255 333 1295 docere,
369 1254 464 1296 quod
490 1253 623 1297 optime
646 1254 737 1288 scias
766 1258 830 1297 12,
863 1257 928 1297 11,
960 1255 1005 1296 63
1052 1255 1162 1300 longe
1192 1251 1593 1287 honestissimum
1627 1261 1671 1285 ac
1719 1264 1728 1286 ι

176 1299 486 1333 liberalibus
521 1299 790 1343 disciplinis
819 1299 1150 1346 dignissimum
1177 1318 1223 1325 -
1246 1304 1320 1333 n'on
1342 1298 1502 1334 vendere
1525 1307 1724 1342 operam„=

181 1348 247 1388 12,
271 1348 311 1387 7,
338 1346 373 1380 8.
427 1347 463 1390 γ)
488 1346 690 1387 simpliciter.
738 1345 775 1388 a)
801 1347 915 1388 Sing..·
944 1351 1064 1390 partes
1092 1345 1263 1380 suadendi
1287 1343 1432 1389 quidam
1455 1347 1673 1389 putaverunt
1724 1357 1728 1390 ς

178 1392 445 1433 honestum,
472 1390 620 1434 utile,
643 1391 967 1424 necessarium
994 1393 1029 1434 3,
1053 1393 1088 1434 8,
1111 1394 1170 1425 22.
1210 1401 1278 1424 nos
1303 1391 1492 1434 justum,
1510 1388 1670 1433 pium,
1716 1395 1728 1438 ξ

178 1437 464 1484 religiosum
504 1438 707 1479 honesto
745 1437 1015 1480 complectimur
1050 1439 1097 1478 2,
1131 1435 1178 1478 4,
1211 1438 1269 1470 38.
1315 1435 1460 1470 honesti
1490 1434 1670 1469 studiosus
1716 1438 1728 1447 ’·

181 1485 237 1524 10,
264 1486 297 1526 1,
325 1484 382 1518 79.
422 1483 537 1516 omnis
566 1482 774 1517 honesti
805 1482 993 1527 justique
1021 1481 1209 1526 disciplina
1235 1484 1292 1523 12,
1317 1484 1352 1524 2,
1379 1483 1411 1515 1.
1447 1480 1610 1525 pietas
1627 1480 1671 1514 'et
1705 1500 1712 1510 .

177 1528 443 1562 fortitudo
472 1534 508 1562 et
530 1528 740 1563 honesti
762 1539 932 1572 praesens
955 1529 1074 1574 imago
1104 1530 1159 1568 12,
1185 1531 1219 1570 1,
1241 1528 1300 1562 28.
1335 1525 1478 1561 honesti
1506 1525 1670 1570 quaestio

177 1576 212 1618 3,
239 1578 273 1618 7,
301 1576 356 1610 28
398 1575 443 1608 de
466 1575 676 1609 honesto
701 1586 742 1608 ac
770 1576 971 1617 bono-2,
995 1577 1038 1616 2,
1067 1573 1099 1609 5.
1146 1572 1191 1616 b)
1217 1576 1337 1607 Pher..-
1374 1571 1494 1607 omnia
1517 1572 1705 1607 honesta-⁴

179 1623 240 1661 11,
269 1623 309 1664 1,
333 1620 394 1657 42.
427 1621 525 1654 dedit
548 1622 618 1654 hoc
646 1621 874 1665 providentia
896 1619 1101 1655 hominibus
1127 1630 1280 1660 munus,
1318 1623 1358 1652 ut
1379 1619 1532 1653 honesta
1557 1617 1670 1664 magis
1705 1636 1714 1652 ,ι

143 1704 150 1707 ,
175 1667 342 1710 juvarent
364 1670 396 1709 1,
424 1670 478 1709 12,
509 1668 561 1702 19.
610 1667 807 1701 honesta
831 1666 1056 1700 honestis
1083 1667 1236 1700 suadere
1257 1663 1466 1699 facillimum
1490 1662 1589 1710 &fij
1608 1665 1671 1698 38.
1727 1691 1728 1695 ,

176 1714 329 1746 honesta
353 1718 540 1746 suaserunt
557 1712 690 1756 (Stoici)
719 1715 773 1756 10,
800 1716 833 1756 1,
853 1713 912 1747 84.
939 1714 1170 1747 honestorum
1195 1710 1356 1756 quaestio
1375 1711 1409 1752 3,
1420 1708 1526 1761 4,.16.
1549 1707 1668 1742 honum
1716 1732 1728 1757 ⁴-

175 1758 270 1792 dicet
297 1758 437 1802 saepius
459 1770 574 1793 vera
599 1765 669 1803 atq.
694 1760 900 1793 honesta
925 1761 988 1801 12,
1019 1761 1058 1801 1,
1088 1761 1144 1794 11.
1192 1757 1306 1800 Saepe
1334 1761 1371 1789 et
1391 1755 1669 1801 utilitatem

175 1804 442 1848 despiciendam
467 1816 546 1839 esse
571 1805 734 1848 dicimus,
760 1811 800 1839 ut
822 1806 1021 1839 honesta
1046 1803 1219 1838 faciamus
1241 1804 1263 1837 3
1288 1803 1323 1844 8,
1336 1803 1393 1836 30.
1419 1801 1566 1835 laudare
1590 1801 1669 1833 ho-

176 1856 305 1884 nesta
331 1856 367 1884 et
386 1850 604 1895 vituperare,
630 1862 722 1895 quae
741 1862 790 1885 ex
815 1851 984 1885 confesso
1011 1849 1083 1883 sint
1104 1848 1222 1893 turpia
1231 1850 1268 1891 3,
1281 1847 1357 1891 5‚3.
1384 1847 1430 1881 de
1447 1845 1674 1888 honestis,

176 1896 340 1939 iustis,
363 1897 554 1931 utilibus
579 1897 806 1940 quaestiones
831 1898 865 1939 3,
879 1896 915 1939 6,
930 1895 988 1930 41.
1014 1895 1060 1937 cs.
1082 1897 1118 1938 3,
1138 1894 1174 1931 4.
1195 1895 1250 1930 16.
1279 1894 1316 1936 6,
1337 1896 1374 1936 2,
1398 1895 1453 1927 11.
1485 1894 1587 1944 19,1.
1605 1891 1665 1926 35.
1688 1904 1694 1913 ⁸

178 1955 211 1975 v.
236 1942 392 1977 Utilis.
427 1942 466 1976 in
490 1944 619 1977 eodem
643 1948 790 1987 pectore
818 1943 954 1975 nullum
975 1947 1029 1976 est
1065 1942 1362 1975 honestorum
1395 1941 1682 1982 turpiumque,

175 1989 392 2023 consortium
420 1992 477 2031 12,
503 1992 535 2032 1,
559 1988 594 2022 4.
625 1988 669 2030 cs.
685 1991 728 2024 ib.
743 1991 776 2023 3.
806 1991 841 2031 2,
856 1990 915 2031 20,
927 1989 962 2023 8.
987 1990 1022 2030 3,
1046 1988 1080 2030 5,
1105 1989 1139 2022 3.
1172 1989 1207 2030 3,
1231 1988 1267 2030 8,
1285 1984 1346 2023 40.
1686 2000 1690 2003 ’

129 2032 283 2075 Honor
322 2057 350 2080 s.
389 2047 496 2079 Hon
513 2056 579 2084 os,
638 2043 677 2088 Ι)
718 2047 811 2087 Sing.
858 2044 901 2088 α)
935 2056 1017 2078 cum
1042 2045 1220 2079 honore
1262 2054 1340 2086 opp.
1385 2050 1453 2085 per
1483 2043 1694 2074 'contu-'

174 2091 356 2125 meliam
386 2090 427 2133 4,
463 2094 494 2135 1,
523 2094 578 2126 11.
625 2091 656 2125 si
680 2091 717 2124 in
739 2097 815 2126 tota
836 2091 977 2126 actione
1001 2095 1171 2135 appareat
1193 2099 1268 2124 non
1292 2089 1442 2136 honor
1467 2085 1577 2119 modo
1599 2086 1682 2121 sed*

174 2137 281 2171 etiam
318 2137 496 2171 caritas
531 2140 596 2181 11,
625 2140 666 2179 1,
691 2140 751 2171 72.
802 2137 866 2171 Est
888 2138 964 2171 laus
989 2143 1025 2171 et
1049 2136 1216 2180 operum,
1248 2133 1288 2168 in
1317 2132 1445 2176 quibus
1479 2132 1681 2184 htonors

173 2183 372 2227 utilitas,
399 2183 705 2227 pulchritudo,
730 2189 892 2217 auctor
915 2182 1067 2226 spectari
1089 2183 1193 2216 solet.
1238 2180 1413 2223 Honor,
1442 2183 1483 2211 ut
1509 2188 1550 2213 m
1567 2182 1666 2214 *Om-

171 2229 242 2272 plis
269 2231 303 2272 3,
331 2233 366 2272 7,
394 2233 456 2272 273
492 2232 637 2263 honos
666 2234 725 2263 aut
748 2229 1017 2275 ignominia,
1041 2238 1164 2263 veram
1187 2218 1664 2276 esse1a11dem·‚.velvi-,

172 2276 510 2318 tuperationem
533 2277 661 2319 probat
691 2277 732 2318 3,
760 2278 796 2317 7,
820 2278 879 2308 22.
927 2275 1024 2308 hunc
1045 2271 1222 2307 mordebit
1243 2267 1663 2322 objurgat105„hfm·c

172 2320 331 2355 honor
359 2321 531 2356 excitabit
555 2325 588 2363 1,
613 2323 648 2363 3,
676 2324 711 2356 7.
747 2321 791 2354 de
819 2321 999 2355 honore
1028 2331 1073 2352 an
1101 2320 1146 2352 de
1175 2327 1338 2360 poena
1370 2316 1433 2350 lex
1459 2318 1592 2359 scripta
1615 2319 1663 2362 stt

171 2368 206 2406 7,
231 2369 265 2409 7,
290 2370 323 2401 7.
357 2366 401 2408 cs.
426 2371 461 2411 7,
486 2366 522 2410 4,
546 2368 601 2402 16.
635 2366 682 2400 in
708 2372 817 2400 sexus
840 2368 1058 2400 honorem
1078 2365 1205 2406 1,1,6.
1230 2362 1275 2395 in
1296 2359 1678 2401 honoremsvi'etp-v

173 2410 247 2444 riae
273 2415 328 2454 11,
342 2416 377 2456 2,
392 2415 448 2446 12.
496 2414 536 2456 β)
562 2427 590 2447 ο.
608 2411 738 2447 Genft..·
764 2413 881 2446 honor
902 2412 1065 2444 Deorum
1089 2411 1124 2451 3,
1138 2410 1172 2451 8,
1189 2411 1246 2443 29.
1278 2418 1353 2441 non
1376 2406 1462 2442 satis
1484 2406 1660 2458 honorem

171 2455 381 2497 judiciorum
411 2458 619 2493 coelestium
646 2457 842 2503 intelligam
865 2456 912 2500 4,
937 2457 995 2490 Pr.
1021 2458 1054 2488 2.
1106 2456 1255 2488 alterum
1282 2454 1446 2498 (librum)
1468 2452 1661 2502 temerario
1725 2493 1728 2500 Α

171 2501 335 2537 editionis
360 2506 499 2539 honore
522 2506 758 2550 vulgaverant
785 2504 843 2536 Pr.
867 2506 902 2537 7.
935 2507 972 2536 et
994 2500 1292 2545 pulchritudinem
1314 2498 1458 2535 interim
1477 2499 1663 2545 roburque

170 2546 310 2581 honore
336 2551 530 2584 verborum
555 2549 806 2595 prosequimur
830 2550 865 2591 3,
890 2550 927 2591 7,
951 2549 1011 2590 123
1043 2558 1081 2581 se
1105 2545 1281 2580 studuisse
1305 2542 1550 2589 petitioni
1577 2543 1660 2578 sut-

169 2591 254 2634 picii
280 2600 403 2628 contra
428 2598 643 2630 honorem
669 2596 843 2628 Murenae
868 2595 931 2636 11,
956 2596 999 2635 1,
1026 2594 1082 2628 69.
1130 2591 1177 2637 γ)
1205 2594 1352 2639 Ace-usa
1391 2590 1524 2623 addunt
1550 2588 1664 2636 etiam>

169 2637 236 2671 diis
258 2638 432 2673 honorem
457 2649 622 2684 parentes
646 2643 681 2684 3,
692 2639 774 2684 7‚‘8.
799 2638 1090 2683 supplicationes,
1115 2639 1176 2682 qui
1198 2636 1376 2670 maximus
1397 2636 1516 2669 honor
1536 2634 1614 2670 vict

165 2682 263 2716 ribus
291 2685 387 2718 bello
416 2687 564 2720 ducibus
595 2689 698 2721 datur
719 2690 754 2728 2,
771 2687 828 2728 16,
853 2689 888 2720 7.
925 2684 970 2726 cs.
996 2687 1031 2728 3,
1057 2687 1090 2726 8,
1114 2686 1149 2719 9.
1181 2685 1261 2727 ptus
1283 2679 1568 2716 honor-istitaris
1589 2686 1602 2714 t
1624 2679 1634 2688 ”
1724 2713 1728 2729 ,Δ

164 2729 320 2763 buerunt
351 2733 394 2773 2,
425 2734 492 2774 12,
521 2736 576 2766 11.
619 2733 738 2766 minus
762 2731 912 2766 honoris
936 2731 1167 2765 merebuntur
1192 2730 1238 2771 3,
1262 2725 1388 2771 7,’24.
1429 2728 1496 2768 11,
1522 2728 1567 2770 2¹,
1594 2725 1655 2762 3⁹.
1724 2752 1726 2756 .

164 2773 218 2818 ΙΙ)
243 2778 361 2810 Phar..-
400 2775 514 2812 divini
549 2779 774 2812 honores
806 2783 843 2812 et
873 2777 1064 2811 decreta
1091 2777 1134 2819 3,
1158 2778 1202 2818 7,
1227 2777 1284 2808 17.
1331 2773 1455 2819 leges,
1489 2769 1654 2821 quaess'·

165 2820 444 2856 honoribus
467 2827 527 2856 aut
548 2822 783 2866 imperiis
806 2828 979 2870 rogentur
1000 2825 1036 2866 2,
1058 2821 1100 2866 4,
1123 2819 1182 2856 40.
1215 2819 1312 2864 quod
1338 2819 1497 2854 honores
1523 2818 1697 2862 contrf'J‘
