1728 3002
530 186 744 230 Subnecto
774 212 830 220 —
858 184 1043 229 Subsum
1388 167 1390 169 ¹
1466 187 1547 227 865

19 293 248 342 subnecto.
286 308 327 338 ut
347 301 548 339 inventioni
572 301 741 346 judicium
764 290 1014 336 subnecterent
1037 302 1072 343 3,
1098 301 1131 343 3,
1160 299 1182 334 5
1201 300 1247 334 Ν.
1271 298 1400 335 deinde
1423 300 1548 344 proxi-

63 363 122 387 ma
144 352 358 386 subnectens
383 349 578 384 orationem
601 348 770 383 struxerit
792 351 827 391 7,
852 350 908 392 10,
933 350 968 382 7.

18 397 233 439 Suborno.
279 407 507 442 subornatum
532 411 658 441 testem
681 405 715 447 5,
738 408 773 448 7,
797 406 855 440 32.

19 464 203 508 Submo-
246 487 280 510 v.
306 475 580 510 Labefacto.

20 531 267 575 Sssbsscribo-
306 544 402 589 quod
427 553 594 578 censores
618 542 662 576 de
687 539 815 576 ceteris
838 538 1124 584 subscripserunt
1146 539 1190 582 5,
1220 540 1276 583 13,
1300 540 1368 582 333
1394 539 1551 575 subscri-

64 590 151 624 bere
179 589 299 624 audita
321 593 377 633 12,
404 590 439 632 8,
467 590 502 624 8.

19 633 317 690 [subsecivus.
365 657 400 680 υ.
425 645 450 680 S
460 656 483 678 ιι
495 645 517 679 b
527 643 564 679 si
575 643 651 680 civ
660 655 683 677 u
692 642 740 688 s.]

19 701 249 765 subsellia·
290 717 325 748 in
343 702 501 758 judiciis}
526 724 556 748 s.
580 711 775 748 adversarii
795 712 837 754 5,
865 712 907 752 7,
933 713 990 746 32.
1016 721 1097 746 cnm
1119 710 1223 744 turba
1244 709 1465 745 laudantium
1488 712 1552 745 de-

62 760 215 801 ntituunt
241 759 407 795 subsellia
430 760 474 802 6,
497 758 540 800 4,
561 759 596 794 6.
628 759 725 793 subs.
754 758 792 791 in
823 757 1004 792 basilicam
1034 757 1313 791 transferrentur
1339 760 1401 798 10,
1429 758 1472 800 5,
1499 759 1555 792 18.

56 805 159 847 ,inter
180 805 257 850 ipsa
280 818 308 841 s.
331 804 497 839 didicisse
521 807 582 847 12,
605 806 650 848 8,
672 808 706 839 2.
731 803 881 838 transire
912 804 949 837 in
973 803 1115 839 diversa
1139 814 1168 836 s.
1195 806 1259 845 11,
1283 805 1328 846 3,
1356 805 1433 838 133.
1460 804 1555 837 inter

61 862 93 887 s.
114 851 273 886 minores
303 852 496 887 advocatos
521 851 715 897 interroget
739 853 802 893 12,
830 852 875 891 3,
900 853 933 884 2.
967 849 1085 884 subito
1121 860 1168 883 ex
1192 860 1222 883 s.
1243 849 1334 896 sugit
1358 851 1401 893 6,
1428 853 1468 894 1,
1497 849 1554 885 48.

63 898 243 933 advocato
271 897 430 934 adversis
457 909 487 932 s.
511 897 648 931 sedenti
671 900 727 939 11,
753 898 789 939 3,
814 897 893 930 132.
931 895 976 937 cs.
1002 899 1037 939 6,
1069 899 1101 938 l,
1125 896 1183 931 39.

20 952 279 1010 SUbSOquol'·
325 963 385 1008 1).
402 967 562 1008 proprie.-
604 963 665 998 hic
705 964 1007 998 subsecutus
1051 963 1232 1008 quomodo
1282 961 1553 1006 transierit,

65 1017 184 1046 utrum
226 1016 303 1046 rate
341 1022 388 1045 an
428 1009 618 1055 piscatorio
661 1009 826 1056 navigio,
874 1020 981 1044 nemo
1021 1009 1156 1043 sciebat
1194 1011 1246 1042 Co
1257 1013 1307 1042 el.
1338 1010 1379 1050 6,
1418 1010 1461 1051 3,
1496 1008 1553 1042 41.

66 1057 131 1102 11)
154 1061 291 1099 ήκω..-
326 1067 402 1091 non
429 1058 537 1103 longe
560 1057 685 1090 Latina
709 1055 936 1099 subsequi
965 1055 1095 1088 debent
1125 1060 1160 1088 et
1184 1054 1255 1088 cito
1280 1054 1458 1098 pariter
1483 1054 1555 1089 ire

67 1106 102 1142 1,
123 1106 157 1146 1.
176 1102 233 1137 14.
255 1107 296 1136 ut
321 1102 598 1146 transeundi
622 1112 704 1147 spes
727 1111 803 1135 non
825 1100 892 1144 sit,
914 1112 1042 1147 magna
1063 1106 1182 1135 tamen
1205 1105 1260 1135 est
1282 1099 1435 1147 dignitas
1458 1102 1556 1135 sub·

7 1150 11 1154 '
66 1149 299 1194 sequendi
322 1151 379 1192 12,
404 1151 461 1192 11,
486 1149 545 1183 28.

20 1193 286 1236 SubsicivuS·
330 1206 422 1241 haec
454 1211 655 1250 temporum
686 1205 787 1241 velut
809 1202 988 1238 subsiciva
1018 1203 1111 1248 (Sp.
1135 1199 1305 1246 subsec.)
1329 1214 1364 1237 a.
1388 1205 1412 1236 1.
1437 1202 1556 1237 succi-

67 1252 147 1287 siva
171 1254 205 1295 1,
230 1253 290 1295 12,
315 1253 359 1287 13
374 1252 424 1286 N.
443 1258 475 1285 et
493 1253 531 1286 S.

21 1296 249 1346 Subsideo·
290 1306 331 1343 in
350 1309 478 1343 schola
500 1307 640 1342 minore
662 1306 843 1341 subsideat
864 1309 900 1350 2,
926 1309 959 1349 1,
983 1308 1019 1341 3.

19 1364 222 1423 subsisto·
269 1387 376 1420 saepe
400 1375 583 1410 subsidere
609 1374 780 1418 impetum
807 1373 949 1408 dicendi
971 1372 1181 1419 prooemio,
1211 1372 1426 1418 narratione,
1451 1385 1558 1422 argu-

63 1422 194 1456 mentis
221 1424 264 1466 3,
289 1423 334 1466 8,
359 1422 470 1457 6ΟΝ.
495 1422 537 1456 ὐ.
559 1421 731 1455 Firmo.

19 1465 285 1511 Subsidium·
332 1479 429 1513 subs.
457 1477 545 1513 mihi
566 1477 748 1525 diligentia
773 1476 977 1521 comparavi
1004 1478 1088 1511 Cic.
1116 1479 1172 1518 11,
1199 1478 1232 1518 1,
1258 1476 1314 1511 19.

11 1526 236 1579 SUbSiSto·
270 1546 331 1591 qui
355 1548 401 1580 ad
423 1557 560 1581 summa
581 1546 809 1588 nitentur,
831 1565 873 1570 —
893 1543 1180 1589 qui—protinus
1209 1543 1341 1577 circa
1363 1542 1435 1576 ima
1463 1544 1560 1578 sub-

69 1590 293 1631 stiterint
328 1593 386 1624 Pr.
407 1594 473 1633 2ος
497 1591 560 1624 ubi
584 1591 752 1624 lacrimae
777 1589 1025 1623 substiterint?
1060 1592 1127 1630 11,
1153 1592 1192 1630 1,
1218 1588 1273 1623 54.
1306 1599 1561 1633 nonnunquam

69 1636 262 1678 subsistere
289 1635 350 1679 (in
375 1637 540 1678 dicendo)
566 1635 611 1678 4,
638 1637 681 1678 5,
705 1638 761 1668 20.
791 1635 947 1669 subsistit
976 1634 1092 1668 omnis
1118 1634 1293 1667 sententia
1315 1635 1355 1676 8,
1382 1637 1423 1677 5,
1446 1638 1502 1670 27.
1530 1637 1561 1670 si

37 1702 43 1718 2
67 1682 162 1720 attii!
181 1682 315 1724 refert,
345 1681 466 1715 brevis
498 1693 543 1714 an
574 1682 682 1715 lonoa
713 1681 758 1714 sit
779 1680 926 1723 ultima,
958 1680 1054 1714 idem
1076 1691 1140 1723 pes
1164 1679 1254 1722 erit;
1284 1690 1411 1714 ventm
1435 1681 1560 1716 nescio

24 1721 33 1734 “
71 1739 145 1774 quo
167 1728 278 1762 modo
301 1726 490 1761 sedebit
511 1728 603 1767 hoc,
627 1709 716 1760 iliud
739 1726 979 1760 subsistet
1002 1729 1046 1768 9,
1072 1727 1117 1766 4,
1142 1725 1188 1760 94
1205 1726 1254 1758 N.

26 1775 289 1821 Substantia.
327 1786 437 1818 subst.
467 1784 543 1825 ejus
563 1782 736 1825 (hominis)
753 1783 818 1816 sub
843 1784 967 1817 oculos
991 1782 1103 1824 venit,
1128 1788 1167 1816 ut
1190 1792 1263 1816 non
1285 1782 1399 1826 possit
1425 1784 1560 1828 quaeri,

71 1844 118 1868 sn
141 1831 210 1866 sit?
245 1834 285 1873 7,
310 1833 355 1873 2,
384 1831 417 1864 5.
441 1835 500 1862 aut
525 1830 569 1863 de
594 1829 732 1862 subst.
758 1828 1039 1864 controversiam
1068 1839 1149 1862 esse
1170 1834 1230 1861 aut
1255 1829 1300 1862 de
1329 1829 1560 1872 qualitate

72 1881 108 1922 3,
132 1877 178 1921 6,
201 1877 258 1912 39.
284 1876 405 1911 verb
421 1887 441 1908 a
464 1875 540 1919 ipsa
560 1892 604 1899 —
622 1874 700 1908 sine
723 1886 841 1908 rerum
871 1876 1018 1908 subst.
1046 1877 1091 1916 2,
1114 1877 1171 1916 21,
1200 1877 1218 1907 1
1240 1875 1286 1907 Ν.
1313 1885 1403 1918 quos
1427 1876 1562 1921 ingenii

70 1925 86 1960 i
126 1919 340 1964 uiculos,
368 1932 472 1965 quam
499 1921 645 1956 subst.
670 1920 829 1965 placidae
855 1926 892 1954 et
914 1922 1005 1954 altae
1027 1920 1156 1954 mentis
1180 1921 1375 1954 ostenderit
1399 1922 1434 1963 6,
1459 1923 1517 1955 Pr.
1538 1924 1562 1954 7

113 1994 121 2001 .
146 1967 325 2011 (figuras)
354 1967 432 2000 sine
463 1967 573 2000 subst.
600 1967 657 2008 (a.
682 1971 705 2000 1.
730 1965 933 2009 sententia)
957 1966 1084 2000 sectari
1107 1967 1153 2008 9,
1177 1968 1219 2008 3,
1248 1968 1335 2008 100,
1373 1967 1457 2001 huic
1484 1969 1561 2011 ejus

28 2038 32 2044 -
73 2012 285 2059 (rhetorices)
309 2012 526 2046 substantiae
549 2012 704 2046 maxime
729 2013 943 2055 conveniet,
967 2012 1174 2046 rhetoricen
1198 2023 1277 2045 esse
1304 2012 1396 2046 bene
1421 2012 1563 2048 dicendi

72 2059 259 2096 scientiam
280 2061 315 2101 2,
343 2060 400 2100 15,
424 2057 480 2092 34.
507 2057 553 2099 cf.
577 2059 635 2092 Pr.
659 2061 717 2092 21.
740 2058 852 2102 ipsam
875 2058 1074 2105 significare
1101 2057 1331 2091 substantiam
1353 2061 1389 2100 2,
1415 2058 1472 2102 14,
1504 2061 1538 2102 3.

64 2117 266 2159 ubstituo.
307 2125 512 2160 substitutus
534 2126 640 2159 heres
665 2131 740 2159 erat
763 2129 797 2168 7,
825 2126 860 2169 6,
883 2128 915 2160 9.
944 2136 1196 2169 personarum,
1225 2136 1312 2169 quas
1339 2125 1408 2169 ipsi
1431 2127 1563 2161 substi-

74 2174 203 2209 tuimus
232 2174 276 2214 3,
300 2173 344 2214 8,
372 2170 428 2206 54.
461 2171 684 2205 substituitur
717 2177 837 2205 mutua
876 2171 1053 2206 accusatio
1076 2175 1120 2213 7,
1143 2174 1186 2213 2,
1210 2171 1245 2206 9.
1278 2172 1438 2206 fortuna·
1455 2184 1562 2218 saepe

75 2217 297 2255 substituitur
323 2217 449 2261 culpae
471 2220 507 2260 7,
530 2215 566 2260 4,
591 2219 656 2259 153
684 2216 760 2251 Cic.
784 2217 840 2251 his
866 2218 972 2258 (libris
996 2218 1178 2259 rhetoricis)
1200 2217 1459 2260 pulcherrimos
1479 2218 1564 2254 illos

60 2267 123 2300 'de
149 2264 300 2299 Oratore
327 2262 507 2296 substituit
529 2265 563 2305 3,
585 2263 621 2305 6,
649 2263 706 2297 60.
1483 2283 1486 2285 -

64 2310 301 2364 abstringo·
337 2318 468 2353 omissa
490 2319 725 2363 supplere,
751 2318 862 2353 effusa
886 2318 1218 2366 substringere
1244 2322 1298 2363 10,
1324 2321 1359 2363 5,
1383 2318 1418 2354 4.

64 2375 251 2431 ubsulto.
299 2386 510 2430 compositio
540 2386 659 2423 multis
694 2387 859 2420 clausulis
892 2387 1036 2421 concisa
1071 2388 1245 2422 subsultet
1277 2389 1323 2431 9,
1346 2385 1391 2430 4,
1423 2386 1480 2421 42.
1517 2398 1566 2422 ne

78 2443 197 2468 sermo
222 2433 395 2467 subsultet
418 2431 608 2476 imparibus
631 2432 751 2476 spatiis
775 2444 818 2467 ac
839 2433 937 2467 sonis
966 2436 1021 2476 11,
1048 2435 1083 2476 3,
1106 2432 1164 2467 43.

67 2478 233 2520 nbssum·
273 2490 418 2523 subesse
436 2488 592 2533 aliquid,
617 2490 662 2523 de
683 2500 755 2534 quo
778 2489 966 2535 ambigitur
983 2491 1017 2532 3,
1042 2490 1077 2531 6,
1105 2490 1164 2524 80.
1190 2489 1337 2523 subesse
1364 2495 1474 2524 artem
1502 2489 1564 2523 ali-

67 2536 85 2558 .·
129 2546 186 2569 am
210 2537 275 2578 11,
298 2538 340 2577 2,
367 2536 402 2569 9.
434 2534 563 2568 fiducia
587 2534 696 2581 igitur
718 2541 886 2579 appareat
910 2543 994 2578 eia,
1025 2535 1148 2579 utique
1176 2535 1206 2568 si
1230 2535 1420 2570 auctoritas
1444 2537 1564 2570 subest

59 2547 137 2627 Ἢ,
159 2583 193 2623 3,
217 2581 295 2616 155.
321 2580 381 2614 hic
410 2581 532 2614 subest
551 2582 654 2615 velut
673 2581 786 2614 latens
809 2591 982 2624 persona,
1006 2580 1174 2624 temporis
1201 2587 1236 2614 et
1260 2581 1434 2626 qualitatis
1458 2582 1564 2616 tacita

59 2627 138 2673 '⁹55⁸
161 2629 196 2670 3,
221 2628 256 2670 5,
280 2627 314 2664 9,
343 2627 462 2660 subest
485 2625 576 2660 ratio
601 2627 646 2671 9,
669 2628 711 2669 3,
735 2627 769 2661 6.
803 2626 939 2660 etiamsi
964 2627 1061 2660 nulla
1084 2627 1195 2660 subsit
1223 2627 1365 2661 alterius
1386 2629 1491 2664 verbi
1514 2628 1565 2662 si-

78 2672 241 2707 'militudo
263 2673 308 2715 6,
332 2674 374 2714 3,
399 2671 466 2715 543
491 2677 594 2706 tenso
618 2671 732 2716 (collo)
757 2673 878 2705 subest
900 2673 1002 2706 labor
1026 2675 1083 2715 11,
1107 2673 1142 2716 3,
1165 2673 1222 2706 82.
1250 2673 1302 2706 eis
1327 2673 1565 2718 (orationibus)

81 2717 203 2753 subest
225 2723 350 2751 natura
374 2723 409 2752 et
435 2729 523 2753 vera
542 2717 599 2752 vis
624 2720 688 2760 10,
713 2721 758 2760 2,
786 2721 841 2752 11.
874 2717 917 2759 cs.
943 2721 1008 2762 11,
1032 2720 1071 2760 3,
1097 2719 1142 2762 53
1180 2719 1326 2755 subesse
1351 2721 1484 2766 aliquid
1509 2732 1564 2755 ex

78 2762 149 2798 hac
172 2763 428 2798 exercitatione
451 2764 581 2808 puerili
605 2765 638 2808 1,
667 2765 724 2808 11,
748 2765 803 2799 19.

122 2834 207 2868 Lex.
233 2835 348 2876 Quint.
1177 2833 1223 2867 55
