<?xml version="1.0" encoding="UTF-8"?>
<!DOCTYPE html PUBLIC "-//W3C//DTD XHTML 1.0 Transitional//EN"
    "http://www.w3.org/TR/xhtml1/DTD/xhtml1-transitional.dtd">
<html xmlns="http://www.w3.org/1999/xhtml" xml:lang="en" lang="en">
 <head>
  <title>
</title>
<meta http-equiv="Content-Type" content="text/html;charset=utf-8" />
  <meta name='ocr-system' content='tesseract 3.04.00' />
  <meta name='ocr-capabilities' content='ocr_page ocr_carea ocr_par ocr_line ocrx_word'/>
</head>
<body>
  <div class='ocr_page' id='page_1' title='image "./lexiconquintilia06bonnuoft/lexiconquintilia06bonnuoft_0438.png"; bbox 0 0 1728 3002; ppageno 0'>
   <div class='ocr_carea' id='block_1_1' title="bbox 139 192 1142 241">
    <p class='ocr_par' dir='ltr' id='par_1_1' title="bbox 139 192 1142 241">
     <span class='ocr_line' id='line_1_1' title="bbox 139 192 1142 241; baseline 0.001 -1"><span class='ocrx_word' id='word_1_1' title='bbox 139 192 224 240; x_wconf 79' lang='grc'><strong>346</strong></span> <span class='ocrx_word' id='word_1_2' title='bbox 684 194 848 238; x_wconf 78' lang='lat' dir='ltr'><strong>Fistula</strong></span> <span class='ocrx_word' id='word_1_3' title='bbox 890 219 943 229; x_wconf 91' lang='lat'><em>—</em></span> <span class='ocrx_word' id='word_1_4' title='bbox 981 196 1142 241; x_wconf 81' lang='lat' dir='ltr'>Flexus</span> 
     </span>
    </p>
   </div>
   <div class='ocr_carea' id='block_1_2' title="bbox 135 298 1667 402">
    <p class='ocr_par' dir='ltr' id='par_1_2' title="bbox 135 298 1667 402">
     <span class='ocr_line' id='line_1_2' title="bbox 135 298 1667 360; baseline 0.004 -16"><span class='ocrx_word' id='word_1_5' title='bbox 135 298 312 344; x_wconf 83' lang='lat' dir='ltr'><strong>Fistula.</strong></span> <span class='ocrx_word' id='word_1_6' title='bbox 351 310 405 345; x_wconf 82' lang='lat' dir='ltr'>uti</span> <span class='ocrx_word' id='word_1_7' title='bbox 431 310 550 344; x_wconf 87' lang='lat' dir='ltr'>fontes</span> <span class='ocrx_word' id='word_1_8' title='bbox 575 311 733 358; x_wconf 83' lang='lat' dir='ltr'>angustis</span> <span class='ocrx_word' id='word_1_9' title='bbox 759 311 886 346; x_wconf 76' lang='lat' dir='ltr'>fistulis</span> <span class='ocrx_word' id='word_1_10' title='bbox 910 310 1126 358; x_wconf 85' lang='lat' dir='ltr'>colliguntur</span> <span class='ocrx_word' id='word_1_11' title='bbox 1150 313 1191 355; x_wconf 85' lang='lat'>5,</span> <span class='ocrx_word' id='word_1_12' title='bbox 1217 311 1283 357; x_wconf 82' lang='lat'><strong>14,</strong></span> <span class='ocrx_word' id='word_1_13' title='bbox 1308 315 1366 349; x_wconf 84' lang='lat'>31.</span> <span class='ocrx_word' id='word_1_14' title='bbox 1397 314 1540 359; x_wconf 76' lang='lat' dir='ltr'>fistula,</span> <span class='ocrx_word' id='word_1_15' title='bbox 1566 326 1667 360; x_wconf 84' lang='lat' dir='ltr'>quam</span> 
     </span>
     <span class='ocr_line' id='line_1_3' title="bbox 180 354 1073 402; baseline -0.002 -8"><span class='ocrx_word' id='word_1_16' title='bbox 180 354 356 400; x_wconf 77' lang='grc' dir='ltr'><strong><em>τονάριον</em></strong></span> <span class='ocrx_word' id='word_1_17' title='bbox 379 361 526 400; x_wconf 82' lang='lat' dir='ltr'>vocant,</span> <span class='ocrx_word' id='word_1_18' title='bbox 556 355 608 400; x_wconf 88' lang='lat' dir='ltr'>(C.</span> <span class='ocrx_word' id='word_1_19' title='bbox 635 358 799 401; x_wconf 81' lang='lat' dir='ltr'><strong><em>Gracchi)</em></strong></span> <span class='ocrx_word' id='word_1_20' title='bbox 826 361 859 402; x_wconf 90' lang='lat'>1,</span> <span class='ocrx_word' id='word_1_21' title='bbox 885 360 942 402; x_wconf 91' lang='lat'><strong>10,</strong></span> <span class='ocrx_word' id='word_1_22' title='bbox 966 361 1010 394; x_wconf 85' lang='lat'>27</span> <span class='ocrx_word' id='word_1_23' title='bbox 1036 359 1073 392; x_wconf 88' lang='lat' dir='ltr'>S.</span> 
     </span>
    </p>
   </div>
   <div class='ocr_carea' id='block_1_3' title="bbox 132 403 1669 464">
    <p class='ocr_par' dir='ltr' id='par_1_3' title="bbox 132 403 1669 464">
     <span class='ocr_line' id='line_1_4' title="bbox 132 403 1669 464; baseline 0.003 -17"><span class='ocrx_word' id='word_1_24' title='bbox 132 404 168 448; x_wconf 86' lang='lat' dir='ltr'><strong>F</strong></span> <span class='ocrx_word' id='word_1_25' title='bbox 169 403 386 461; x_wconf 80' lang='lat' dir='ltr'>lagellum-</span> <span class='ocrx_word' id='word_1_26' title='bbox 422 414 537 458; x_wconf 77' lang='lat' dir='ltr'>dives,</span> <span class='ocrx_word' id='word_1_27' title='bbox 560 413 622 459; x_wconf 85' lang='lat' dir='ltr'>qui</span> <span class='ocrx_word' id='word_1_28' title='bbox 645 420 796 456; x_wconf 72' lang='lat' dir='ltr'>statuam</span> <span class='ocrx_word' id='word_1_29' title='bbox 813 414 980 460; x_wconf 80' lang='lat' dir='ltr'>pauperis</span> <span class='ocrx_word' id='word_1_30' title='bbox 1003 414 1139 450; x_wconf 89' lang='lat' dir='ltr'>inimici</span> <span class='ocrx_word' id='word_1_31' title='bbox 1162 415 1310 464; x_wconf 85' lang='lat' dir='ltr'>flagellis</span> <span class='ocrx_word' id='word_1_32' title='bbox 1336 415 1467 452; x_wconf 85' lang='lat' dir='ltr'>cecidit</span> <span class='ocrx_word' id='word_1_33' title='bbox 1484 416 1522 462; x_wconf 86' lang='lat'><strong>4,</strong></span> <span class='ocrx_word' id='word_1_34' title='bbox 1532 420 1568 461; x_wconf 86' lang='lat'>2,</span> <span class='ocrx_word' id='word_1_35' title='bbox 1589 419 1669 452; x_wconf 91' lang='lat'><strong>100.</strong></span> 
     </span>
    </p>
   </div>
   <div class='ocr_carea' id='block_1_4' title="bbox 131 471 1668 575">
    <p class='ocr_par' dir='ltr' id='par_1_4' title="bbox 131 471 1668 575">
     <span class='ocr_line' id='line_1_5' title="bbox 131 471 1668 537; baseline 0.003 -22"><span class='ocrx_word' id='word_1_36' title='bbox 131 471 340 537; x_wconf 77' lang='lat' dir='ltr'>Flagello.</span> <span class='ocrx_word' id='word_1_37' title='bbox 379 483 533 527; x_wconf 86' lang='lat' dir='ltr'>repetito</span> <span class='ocrx_word' id='word_1_38' title='bbox 553 483 647 517; x_wconf 86' lang='lat' dir='ltr'>ultra</span> <span class='ocrx_word' id='word_1_39' title='bbox 661 484 806 519; x_wconf 77' lang='lat' dir='ltr'>laevum</span> <span class='ocrx_word' id='word_1_40' title='bbox 827 484 1016 537; x_wconf 70' lang='lat' dir='ltr'>humerum</span> <span class='ocrx_word' id='word_1_41' title='bbox 1035 490 1139 532; x_wconf 85' lang='lat' dir='ltr'>gestu</span> <span class='ocrx_word' id='word_1_42' title='bbox 1161 484 1212 519; x_wconf 80' lang='lat' dir='ltr'>ita</span> <span class='ocrx_word' id='word_1_43' title='bbox 1233 484 1271 520; x_wconf 81' lang='lat' dir='ltr'>in</span> <span class='ocrx_word' id='word_1_44' title='bbox 1289 491 1431 533; x_wconf 88' lang='lat' dir='ltr'>tergum</span> <span class='ocrx_word' id='word_1_45' title='bbox 1445 485 1610 534; x_wconf 82' lang='lat' dir='ltr'>flagellet,</span> <span class='ocrx_word' id='word_1_46' title='bbox 1630 491 1668 519; x_wconf 92' lang='lat' dir='ltr'>ut</span> 
     </span>
     <span class='ocr_line' id='line_1_6' title="bbox 177 532 1209 575; baseline 0 -9"><span class='ocrx_word' id='word_1_47' title='bbox 177 536 374 566; x_wconf 79' lang='lat' dir='ltr'>consistere</span> <span class='ocrx_word' id='word_1_48' title='bbox 403 535 486 574; x_wconf 83' lang='lat' dir='ltr'>post</span> <span class='ocrx_word' id='word_1_49' title='bbox 516 540 598 563; x_wconf 91' lang='lat' dir='ltr'>eum</span> <span class='ocrx_word' id='word_1_50' title='bbox 624 540 751 574; x_wconf 87' lang='lat' dir='ltr'>parum</span> <span class='ocrx_word' id='word_1_51' title='bbox 773 535 887 564; x_wconf 86' lang='lat' dir='ltr'>tutum</span> <span class='ocrx_word' id='word_1_52' title='bbox 913 537 960 565; x_wconf 84' lang='lat' dir='ltr'>slt</span> <span class='ocrx_word' id='word_1_53' title='bbox 985 534 1041 575; x_wconf 87' lang='lat'><strong>11,</strong></span> <span class='ocrx_word' id='word_1_54' title='bbox 1066 533 1101 575; x_wconf 91' lang='lat'>3,</span> <span class='ocrx_word' id='word_1_55' title='bbox 1131 532 1209 566; x_wconf 87' lang='grc'><strong>118.</strong></span> 
     </span>
    </p>
   </div>
   <div class='ocr_carea' id='block_1_5' title="bbox 129 576 1439 634">
    <p class='ocr_par' dir='ltr' id='par_1_5' title="bbox 129 576 1439 634">
     <span class='ocr_line' id='line_1_7' title="bbox 129 576 1439 634; baseline 0.002 -14"><span class='ocrx_word' id='word_1_56' title='bbox 129 576 405 633; x_wconf 68' lang='lat' dir='ltr'>FlagitiosuS.</span> <span class='ocrx_word' id='word_1_57' title='bbox 448 605 496 611; x_wconf 95' lang='lat'><strong>—</strong></span> <span class='ocrx_word' id='word_1_58' title='bbox 521 586 621 621; x_wconf 90' lang='lat' dir='ltr'>omni</span> <span class='ocrx_word' id='word_1_59' title='bbox 649 599 782 634; x_wconf 84' lang='lat' dir='ltr'>genere</span> <span class='ocrx_word' id='word_1_60' title='bbox 807 589 1032 633; x_wconf 81' lang='lat' dir='ltr'>voluptatum</span> <span class='ocrx_word' id='word_1_61' title='bbox 1054 588 1192 623; x_wconf 80' lang='lat' dir='ltr'>animus</span> <span class='ocrx_word' id='word_1_62' title='bbox 1220 590 1276 632; x_wconf 84' lang='lat'><strong>12,</strong></span> <span class='ocrx_word' id='word_1_63' title='bbox 1299 590 1356 632; x_wconf 87' lang='lat'><strong>11,</strong></span> <span class='ocrx_word' id='word_1_64' title='bbox 1382 589 1439 624; x_wconf 88' lang='grc'>18.</span> 
     </span>
    </p>
   </div>
   <div class='ocr_carea' id='block_1_6' title="bbox 128 634 1669 830">
    <p class='ocr_par' dir='ltr' id='par_1_6' title="bbox 128 634 1667 692">
     <span class='ocr_line' id='line_1_8' title="bbox 128 634 1667 692; baseline 0.001 -15"><span class='ocrx_word' id='word_1_65' title='bbox 128 636 162 678; x_wconf 86' lang='lat' dir='ltr'>F</span> <span class='ocrx_word' id='word_1_66' title='bbox 164 634 373 691; x_wconf 82' lang='lat' dir='ltr'>lagltlum·</span> <span class='ocrx_word' id='word_1_67' title='bbox 419 646 531 679; x_wconf 87' lang='lat' dir='ltr'>multa</span> <span class='ocrx_word' id='word_1_68' title='bbox 561 644 695 692; x_wconf 82' lang='lat' dir='ltr'>flagitia</span> <span class='ocrx_word' id='word_1_69' title='bbox 725 651 907 680; x_wconf 80' lang='lat' dir='ltr'>anteactae</span> <span class='ocrx_word' id='word_1_70' title='bbox 941 646 1037 681; x_wconf 80' lang='lat' dir='ltr'>vitae</span> <span class='ocrx_word' id='word_1_71' title='bbox 1066 652 1103 681; x_wconf 91' lang='lat' dir='ltr'>et</span> <span class='ocrx_word' id='word_1_72' title='bbox 1132 646 1275 692; x_wconf 74' lang='lat' dir='ltr'>gravia,</span> <span class='ocrx_word' id='word_1_73' title='bbox 1324 657 1416 690; x_wconf 86' lang='lat' dir='ltr'>quae</span> <span class='ocrx_word' id='word_1_74' title='bbox 1447 644 1545 689; x_wconf 81' lang='lat' dir='ltr'>prius</span> <span class='ocrx_word' id='word_1_75' title='bbox 1569 655 1667 679; x_wconf 84' lang='lat' dir='ltr'>amo-</span> 
     </span>
    </p>

    <p class='ocr_par' dir='ltr' id='par_1_7' title="bbox 128 690 1669 830">
     <span class='ocr_line' id='line_1_9' title="bbox 128 690 1669 739; baseline -0.002 -12"><span class='ocrx_word' id='word_1_76' title='bbox 128 733 129 738; x_wconf 16' lang='lat'><em>*</em></span> <span class='ocrx_word' id='word_1_77' title='bbox 174 693 294 727; x_wconf 83' lang='lat' dir='ltr'>venda</span> <span class='ocrx_word' id='word_1_78' title='bbox 318 695 400 726; x_wconf 88' lang='lat' dir='ltr'>sunt</span> <span class='ocrx_word' id='word_1_79' title='bbox 424 690 467 734; x_wconf 84' lang='grc'>4,</span> <span class='ocrx_word' id='word_1_80' title='bbox 492 694 535 735; x_wconf 87' lang='grc'>2,</span> <span class='ocrx_word' id='word_1_81' title='bbox 564 692 609 726; x_wconf 91' lang='grc'>26</span> <span class='ocrx_word' id='word_1_82' title='bbox 643 695 686 726; x_wconf 94' lang='grc' dir='ltr'>Ζ.</span> <span class='ocrx_word' id='word_1_83' title='bbox 727 692 762 726; x_wconf 89' lang='lat' dir='ltr'>fl.</span> <span class='ocrx_word' id='word_1_84' title='bbox 788 692 978 726; x_wconf 85' lang='lat' dir='ltr'>manifesta</span> <span class='ocrx_word' id='word_1_85' title='bbox 999 696 1039 736; x_wconf 87' lang='lat'>2,</span> <span class='ocrx_word' id='word_1_86' title='bbox 1065 696 1100 737; x_wconf 84' lang='lat'>2,</span> <span class='ocrx_word' id='word_1_87' title='bbox 1129 693 1185 728; x_wconf 85' lang='lat'>15.</span> <span class='ocrx_word' id='word_1_88' title='bbox 1219 691 1325 726; x_wconf 87' lang='lat' dir='ltr'>iniis</span> <span class='ocrx_word' id='word_1_89' title='bbox 1350 692 1559 739; x_wconf 79' lang='lat' dir='ltr'>gravissima</span> <span class='ocrx_word' id='word_1_90' title='bbox 1585 691 1669 737; x_wconf 81' lang='lat' dir='ltr'>flag.</span> 
     </span>
     <span class='ocr_line' id='line_1_10' title="bbox 175 738 1668 788; baseline -0.001 -15"><span class='ocrx_word' id='word_1_91' title='bbox 175 739 399 783; x_wconf 86' lang='lat' dir='ltr'>deprehensa</span> <span class='ocrx_word' id='word_1_92' title='bbox 430 743 513 771; x_wconf 85' lang='lat' dir='ltr'>sunt</span> <span class='ocrx_word' id='word_1_93' title='bbox 543 740 588 782; x_wconf 89' lang='grc'>2,</span> <span class='ocrx_word' id='word_1_94' title='bbox 618 738 684 782; x_wconf 91' lang='grc'>16,</span> <span class='ocrx_word' id='word_1_95' title='bbox 715 738 751 774; x_wconf 84' lang='grc'>5.</span> <span class='ocrx_word' id='word_1_96' title='bbox 792 749 867 773; x_wconf 88' lang='lat' dir='ltr'>non</span> <span class='ocrx_word' id='word_1_97' title='bbox 897 738 1072 774; x_wconf 88' lang='lat' dir='ltr'>minorem</span> <span class='ocrx_word' id='word_1_98' title='bbox 1105 738 1247 788; x_wconf 80' lang='lat' dir='ltr'>flagitiis</span> <span class='ocrx_word' id='word_1_99' title='bbox 1275 738 1503 774; x_wconf 84' lang='lat' dir='ltr'>occasionem</span> <span class='ocrx_word' id='word_1_100' title='bbox 1529 743 1668 774; x_wconf 80' lang='lat' dir='ltr'>secreta</span> 
     </span>
     <span class='ocr_line' id='line_1_11' title="bbox 173 783 577 830; baseline -0.002 -11"><span class='ocrx_word' id='word_1_101' title='bbox 173 785 403 830; x_wconf 84' lang='lat' dir='ltr'>praebuerint</span> <span class='ocrx_word' id='word_1_102' title='bbox 427 786 463 828; x_wconf 90' lang='lat'>1,</span> <span class='ocrx_word' id='word_1_103' title='bbox 484 787 519 827; x_wconf 82' lang='lat'>2,</span> <span class='ocrx_word' id='word_1_104' title='bbox 544 783 577 818; x_wconf 85' lang='lat'>4.</span> 
     </span>
    </p>
   </div>
   <div class='ocr_carea' id='block_1_7' title="bbox 125 831 1250 948">
    <p class='ocr_par' dir='ltr' id='par_1_8' title="bbox 125 831 1250 948">
     <span class='ocr_line' id='line_1_12' title="bbox 127 831 894 890; baseline 0.007 -18"><span class='ocrx_word' id='word_1_105' title='bbox 127 831 346 887; x_wconf 83' lang='lat' dir='ltr'>Flagrum.</span> <span class='ocrx_word' id='word_1_106' title='bbox 394 843 515 890; x_wconf 86' lang='lat' dir='ltr'>flagris</span> <span class='ocrx_word' id='word_1_107' title='bbox 550 853 675 876; x_wconf 87' lang='lat' dir='ltr'>caesus</span> <span class='ocrx_word' id='word_1_108' title='bbox 709 841 751 886; x_wconf 87' lang='lat'>6,</span> <span class='ocrx_word' id='word_1_109' title='bbox 775 844 810 886; x_wconf 89' lang='grc'>3,</span> <span class='ocrx_word' id='word_1_110' title='bbox 837 843 894 878; x_wconf 89' lang='grc'>25.</span> 
     </span>
     <span class='ocr_line' id='line_1_13' title="bbox 125 885 1250 948; baseline 0.004 -17"><span class='ocrx_word' id='word_1_111' title='bbox 125 885 160 931; x_wconf 84' lang='lat' dir='ltr'><strong>F</strong></span> <span class='ocrx_word' id='word_1_112' title='bbox 162 889 300 945; x_wconf 81' lang='lat' dir='ltr'>lagro.</span> <span class='ocrx_word' id='word_1_113' title='bbox 347 899 482 934; x_wconf 78' lang='lat' dir='ltr'>eximio</span> <span class='ocrx_word' id='word_1_114' title='bbox 515 898 698 934; x_wconf 84' lang='lat' dir='ltr'>literarum</span> <span class='ocrx_word' id='word_1_115' title='bbox 729 910 851 935; x_wconf 89' lang='lat' dir='ltr'>amore</span> <span class='ocrx_word' id='word_1_116' title='bbox 884 900 1090 948; x_wconf 88' lang='lat' dir='ltr'>flagrantem</span> <span class='ocrx_word' id='word_1_117' title='bbox 1130 901 1188 934; x_wconf 88' lang='lat' dir='ltr'>Pr.</span> <span class='ocrx_word' id='word_1_118' title='bbox 1213 900 1250 935; x_wconf 85' lang='lat'>6.</span> 
     </span>
    </p>
   </div>
   <div class='ocr_carea' id='block_1_8' title="bbox 125 955 1681 1152">
    <p class='ocr_par' dir='ltr' id='par_1_9' title="bbox 125 955 1681 1152">
     <span class='ocr_line' id='line_1_14' title="bbox 125 955 1667 1015; baseline 0 -17"><span class='ocrx_word' id='word_1_119' title='bbox 125 955 334 999; x_wconf 82' lang='lat' dir='ltr'>Flamma.</span> <span class='ocrx_word' id='word_1_120' title='bbox 382 989 429 994; x_wconf 90' lang='lat'><strong>—</strong></span> <span class='ocrx_word' id='word_1_121' title='bbox 462 967 546 1011; x_wconf 88' lang='lat' dir='ltr'>illa,</span> <span class='ocrx_word' id='word_1_122' title='bbox 584 979 675 1013; x_wconf 85' lang='lat' dir='ltr'>quae</span> <span class='ocrx_word' id='word_1_123' title='bbox 703 979 832 1015; x_wconf 87' lang='lat' dir='ltr'>magna</span> <span class='ocrx_word' id='word_1_124' title='bbox 864 967 1033 1015; x_wconf 88' lang='lat' dir='ltr'>congerie</span> <span class='ocrx_word' id='word_1_125' title='bbox 1067 969 1320 1011; x_wconf 80' lang='lat' dir='ltr'>convaluerat,</span> <span class='ocrx_word' id='word_1_126' title='bbox 1359 965 1511 1002; x_wconf 80' lang='lat' dir='ltr'>diductis</span> <span class='ocrx_word' id='word_1_127' title='bbox 1538 964 1667 1010; x_wconf 84' lang='lat' dir='ltr'>quibus</span> 
     </span>
     <span class='ocr_line' id='line_1_15' title="bbox 172 1012 1667 1060; baseline -0.003 -11"><span class='ocrx_word' id='word_1_128' title='bbox 172 1016 346 1058; x_wconf 78' lang='lat' dir='ltr'>alebatur,</span> <span class='ocrx_word' id='word_1_129' title='bbox 371 1015 539 1049; x_wconf 89' lang='lat' dir='ltr'>concidet</span> <span class='ocrx_word' id='word_1_130' title='bbox 565 1015 607 1058; x_wconf 89' lang='lat'>5,</span> <span class='ocrx_word' id='word_1_131' title='bbox 637 1016 703 1055; x_wconf 85' lang='lat'>13,</span> <span class='ocrx_word' id='word_1_132' title='bbox 736 1018 793 1049; x_wconf 84' lang='grc'>13.</span> <span class='ocrx_word' id='word_1_133' title='bbox 831 1016 1051 1060; x_wconf 87' lang='lat' dir='ltr'>apparebunt</span> <span class='ocrx_word' id='word_1_134' title='bbox 1073 1015 1204 1050; x_wconf 86' lang='lat' dir='ltr'>effusae</span> <span class='ocrx_word' id='word_1_135' title='bbox 1228 1025 1294 1058; x_wconf 87' lang='lat' dir='ltr'>per</span> <span class='ocrx_word' id='word_1_136' title='bbox 1319 1014 1445 1048; x_wconf 86' lang='lat' dir='ltr'>domus</span> <span class='ocrx_word' id='word_1_137' title='bbox 1469 1023 1511 1046; x_wconf 82' lang='lat' dir='ltr'>ac</span> <span class='ocrx_word' id='word_1_138' title='bbox 1534 1012 1667 1056; x_wconf 84' lang='lat' dir='ltr'>templa</span> 
     </span>
     <span class='ocr_line' id='line_1_16' title="bbox 169 1057 1667 1104; baseline -0.002 -10"><span class='ocrx_word' id='word_1_139' title='bbox 169 1063 332 1096; x_wconf 84' lang='lat' dir='ltr'>flammae</span> <span class='ocrx_word' id='word_1_140' title='bbox 360 1063 395 1103; x_wconf 90' lang='grc'>8,</span> <span class='ocrx_word' id='word_1_141' title='bbox 420 1063 455 1104; x_wconf 88' lang='grc'>3,</span> <span class='ocrx_word' id='word_1_142' title='bbox 479 1062 526 1096; x_wconf 88' lang='grc'><strong>68</strong></span> <span class='ocrx_word' id='word_1_143' title='bbox 547 1065 591 1096; x_wconf 92' lang='grc' dir='ltr'>Ζ.</span> <span class='ocrx_word' id='word_1_144' title='bbox 622 1061 756 1094; x_wconf 91' lang='lat' dir='ltr'>lumina</span> <span class='ocrx_word' id='word_1_145' title='bbox 778 1061 840 1095; x_wconf 90' lang='lat' dir='ltr'>illa</span> <span class='ocrx_word' id='word_1_146' title='bbox 862 1072 937 1095; x_wconf 90' lang='lat' dir='ltr'>non</span> <span class='ocrx_word' id='word_1_147' title='bbox 960 1060 1195 1103; x_wconf 76' lang='lat' dir='ltr'>flammae,</span> <span class='ocrx_word' id='word_1_148' title='bbox 1225 1061 1289 1095; x_wconf 81' lang='lat' dir='ltr'>sed</span> <span class='ocrx_word' id='word_1_149' title='bbox 1314 1057 1549 1094; x_wconf 81' lang='lat' dir='ltr'>scintillis</span> <span class='ocrx_word' id='word_1_150' title='bbox 1571 1058 1667 1092; x_wconf 89' lang='lat' dir='ltr'>inter</span> 
     </span>
     <span class='ocr_line' id='line_1_17' title="bbox 168 1103 1681 1152; baseline -0.002 -12"><span class='ocrx_word' id='word_1_151' title='bbox 168 1109 307 1141; x_wconf 82' lang='lat' dir='ltr'>fumum</span> <span class='ocrx_word' id='word_1_152' title='bbox 331 1107 564 1143; x_wconf 84' lang='lat' dir='ltr'>emicantibus</span> <span class='ocrx_word' id='word_1_153' title='bbox 591 1106 722 1142; x_wconf 82' lang='lat' dir='ltr'>similia</span> <span class='ocrx_word' id='word_1_154' title='bbox 745 1109 790 1152; x_wconf 94' lang='grc'>8,</span> <span class='ocrx_word' id='word_1_155' title='bbox 816 1107 859 1152; x_wconf 83' lang='grc'>5,</span> <span class='ocrx_word' id='word_1_156' title='bbox 885 1109 944 1144; x_wconf 87' lang='grc'>29.</span> <span class='ocrx_word' id='word_1_157' title='bbox 981 1107 1219 1142; x_wconf 85' lang='lat' dir='ltr'>consumturis</span> <span class='ocrx_word' id='word_1_158' title='bbox 1240 1106 1382 1143; x_wconf 78' lang='lat' dir='ltr'>viscera</span> <span class='ocrx_word' id='word_1_159' title='bbox 1413 1116 1493 1140; x_wconf 84' lang='lat' dir='ltr'>mea</span> <span class='ocrx_word' id='word_1_160' title='bbox 1515 1103 1681 1139; x_wconf 69' lang='lat' dir='ltr'>flammis.</span> 
     </span>
    </p>
   </div>
   <div class='ocr_carea' id='block_1_9' title="bbox 121 1155 1666 1460">
    <p class='ocr_par' dir='ltr' id='par_1_10' title="bbox 167 1155 374 1189">
     <span class='ocr_line' id='line_1_18' title="bbox 167 1155 374 1189; baseline -0.005 -1"><span class='ocrx_word' id='word_1_161' title='bbox 167 1155 191 1188; x_wconf 87' lang='grc'><strong>6</strong></span> <span class='ocrx_word' id='word_1_162' title='bbox 249 1155 307 1187; x_wconf 80' lang='lat' dir='ltr'>Pr.</span> <span class='ocrx_word' id='word_1_163' title='bbox 339 1157 374 1189; x_wconf 89' lang='lat'>3.</span> 
     </span>
    </p>

    <p class='ocr_par' dir='ltr' id='par_1_11' title="bbox 123 1180 1666 1291">
     <span class='ocr_line' id='line_1_19' title="bbox 123 1180 1666 1291; baseline 0.001 -50"><span class='ocrx_word' id='word_1_164' title='bbox 123 1199 158 1241; x_wconf 87' lang='lat' dir='ltr'><strong>F</strong></span> <span class='ocrx_word' id='word_1_165' title='bbox 161 1180 548 1291; x_wconf 46' lang='lat' dir='ltr'>la’vessci).3irgitatae</span> <span class='ocrx_word' id='word_1_166' title='bbox 582 1210 698 1255; x_wconf 88' lang='lat' dir='ltr'>spicas</span> <span class='ocrx_word' id='word_1_167' title='bbox 723 1211 894 1246; x_wconf 86' lang='lat' dir='ltr'>herbulae</span> <span class='ocrx_word' id='word_1_168' title='bbox 917 1210 1082 1245; x_wconf 86' lang='lat' dir='ltr'>inanibus</span> <span class='ocrx_word' id='word_1_169' title='bbox 1106 1209 1223 1245; x_wconf 84' lang='lat' dir='ltr'>aristis</span> <span class='ocrx_word' id='word_1_170' title='bbox 1254 1215 1336 1245; x_wconf 84' lang='lat' dir='ltr'>ante</span> <span class='ocrx_word' id='word_1_171' title='bbox 1368 1219 1522 1259; x_wconf 77' lang='lat' dir='ltr'>messem</span> <span class='ocrx_word' id='word_1_172' title='bbox 1550 1207 1666 1244; x_wconf 78' lang='lat' dir='ltr'>flave-</span> 
     </span>
     <span class='ocr_line' id='line_1_20' title="bbox 169 1269 452 1291; baseline -0.004 0"><span class='ocrx_word' id='word_1_173' title='bbox 169 1269 259 1291; x_wconf 72' lang='lat' dir='ltr'>SCUD</span> <span class='ocrx_word' id='word_1_174' title='bbox 443 1281 452 1290; x_wconf 73' lang='grc' dir='ltr'><strong><em>ο</em></strong></span> 
     </span>
    </p>

    <p class='ocr_par' dir='ltr' id='par_1_12' title="bbox 122 1282 1662 1404">
     <span class='ocr_line' id='line_1_21' title="bbox 122 1282 1662 1358; baseline -0.002 -11"><span class='ocrx_word' id='word_1_175' title='bbox 122 1302 285 1344; x_wconf 78' lang='lat' dir='ltr'>FlatUS·</span> <span class='ocrx_word' id='word_1_176' title='bbox 323 1283 365 1348; x_wconf 63' lang='lat' dir='ltr'>‚si</span> <span class='ocrx_word' id='word_1_177' title='bbox 382 1282 487 1347; x_wconf 64' lang='lat' dir='ltr'>&#39;seret</span> <span class='ocrx_word' id='word_1_178' title='bbox 515 1311 566 1355; x_wconf 86' lang='lat' dir='ltr'>(a.</span> <span class='ocrx_word' id='word_1_179' title='bbox 594 1317 617 1346; x_wconf 84' lang='lat' dir='ltr'>l.</span> <span class='ocrx_word' id='word_1_180' title='bbox 642 1311 761 1357; x_wconf 89' lang='lat' dir='ltr'>fieret)</span> <span class='ocrx_word' id='word_1_181' title='bbox 795 1313 900 1347; x_wconf 87' lang='lat' dir='ltr'>flatus</span> <span class='ocrx_word' id='word_1_182' title='bbox 927 1316 1006 1358; x_wconf 91' lang='lat'><strong>.10,</strong></span> <span class='ocrx_word' id='word_1_183' title='bbox 1037 1316 1081 1353; x_wconf 87' lang='grc'><strong>3,</strong></span> <span class='ocrx_word' id='word_1_184' title='bbox 1113 1317 1148 1349; x_wconf 94' lang='grc'>7.</span> <span class='ocrx_word' id='word_1_185' title='bbox 1192 1313 1279 1358; x_wconf 84' lang='lat' dir='ltr'>quid</span> <span class='ocrx_word' id='word_1_186' title='bbox 1311 1311 1479 1348; x_wconf 76' lang='lat' dir='ltr'>sectmdis</span> <span class='ocrx_word' id='word_1_187' title='bbox 1507 1309 1662 1354; x_wconf 79' lang='lat' dir='ltr'>flatibus,</span> 
     </span>
     <span class='ocr_line' id='line_1_22' title="bbox 169 1357 1568 1404; baseline -0.001 -11"><span class='ocrx_word' id='word_1_188' title='bbox 169 1360 254 1404; x_wconf 84' lang='lat' dir='ltr'>quid</span> <span class='ocrx_word' id='word_1_189' title='bbox 278 1359 438 1395; x_wconf 83' lang='lat' dir='ltr'>adversis</span> <span class='ocrx_word' id='word_1_190' title='bbox 462 1359 554 1392; x_wconf 83' lang='lat' dir='ltr'>ratio</span> <span class='ocrx_word' id='word_1_191' title='bbox 579 1357 639 1402; x_wconf 84' lang='lat' dir='ltr'>(de</span> <span class='ocrx_word' id='word_1_192' title='bbox 663 1360 749 1403; x_wconf 75' lang='lat' dir='ltr'><strong>conj.</strong></span> <span class='ocrx_word' id='word_1_193' title='bbox 778 1361 804 1392; x_wconf 89' lang='lat' dir='ltr'><strong><em>S</em></strong></span> <span class='ocrx_word' id='word_1_194' title='bbox 809 1373 865 1402; x_wconf 72' lang='lat' dir='ltr'><strong>p.,·</strong></span> <span class='ocrx_word' id='word_1_195' title='bbox 899 1361 1004 1394; x_wconf 80' lang='lat' dir='ltr'>Codd.</span> <span class='ocrx_word' id='word_1_196' title='bbox 1029 1360 1130 1403; x_wconf 85' lang='lat' dir='ltr'>ratis)</span> <span class='ocrx_word' id='word_1_197' title='bbox 1154 1365 1280 1404; x_wconf 84' lang='lat' dir='ltr'>poscat</span> <span class='ocrx_word' id='word_1_198' title='bbox 1307 1362 1372 1404; x_wconf 69' lang='grc'>12,1</span> <span class='ocrx_word' id='word_1_199' title='bbox 1390 1361 1447 1402; x_wconf 90' lang='grc'>11,</span> <span class='ocrx_word' id='word_1_200' title='bbox 1474 1357 1496 1394; x_wconf 87' lang='grc'><strong>5</strong></span> <span class='ocrx_word' id='word_1_201' title='bbox 1521 1358 1568 1392; x_wconf 88' lang='lat' dir='ltr'>N.</span> 
     </span>
    </p>

    <p class='ocr_par' dir='ltr' id='par_1_13' title="bbox 121 1405 939 1460">
     <span class='ocr_line' id='line_1_23' title="bbox 121 1405 939 1460; baseline 0.001 -12"><span class='ocrx_word' id='word_1_202' title='bbox 121 1405 295 1448; x_wconf 71' lang='lat' dir='ltr'>Flavus.</span> <span class='ocrx_word' id='word_1_203' title='bbox 336 1434 382 1441; x_wconf 92' lang='lat'>—</span> <span class='ocrx_word' id='word_1_204' title='bbox 408 1415 528 1460; x_wconf 77' lang='lat' dir='ltr'>liquor</span> <span class='ocrx_word' id='word_1_205' title='bbox 554 1419 733 1450; x_wconf 73' lang='lat' dir='ltr'>Lucret.</span> <span class='ocrx_word' id='word_1_206' title='bbox 771 1417 812 1458; x_wconf 85' lang='lat'>3,</span> <span class='ocrx_word' id='word_1_207' title='bbox 838 1418 881 1459; x_wconf 91' lang='lat'>1,</span> <span class='ocrx_word' id='word_1_208' title='bbox 905 1415 939 1449; x_wconf 82' lang='grc'>4.</span> 
     </span>
    </p>
   </div>
   <div class='ocr_carea' id='block_1_10' title="bbox 120 1462 1664 1566">
    <p class='ocr_par' dir='ltr' id='par_1_14' title="bbox 120 1462 1664 1566">
     <span class='ocr_line' id='line_1_24' title="bbox 120 1462 1664 1516; baseline 0 -10"><span class='ocrx_word' id='word_1_209' title='bbox 120 1462 316 1506; x_wconf 84' lang='lat' dir='ltr'>Flebilis.</span> <span class='ocrx_word' id='word_1_210' title='bbox 364 1473 510 1507; x_wconf 81' lang='lat' dir='ltr'>affectus</span> <span class='ocrx_word' id='word_1_211' title='bbox 542 1464 605 1507; x_wconf 55' lang='lat' dir='ltr'>⁷{sel</span> <span class='ocrx_word' id='word_1_212' title='bbox 639 1471 903 1516; x_wconf 87' lang='lat' dir='ltr'>concitati,</span> <span class='ocrx_word' id='word_1_213' title='bbox 938 1474 1001 1507; x_wconf 80' lang='lat' dir='ltr'>vel</span> <span class='ocrx_word' id='word_1_214' title='bbox 1030 1472 1232 1507; x_wconf 77' lang='lat' dir='ltr'>flebiles</span> <span class='ocrx_word' id='word_1_215' title='bbox 1266 1475 1324 1515; x_wconf 88' lang='lat'>11,</span> <span class='ocrx_word' id='word_1_216' title='bbox 1342 1474 1379 1515; x_wconf 85' lang='lat'>3,</span> <span class='ocrx_word' id='word_1_217' title='bbox 1404 1472 1484 1507; x_wconf 87' lang='grc'><strong>162.</strong></span> <span class='ocrx_word' id='word_1_218' title='bbox 1507 1470 1605 1506; x_wconf 77' lang='lat' dir='ltr'>flexa</span> <span class='ocrx_word' id='word_1_219' title='bbox 1627 1475 1664 1506; x_wconf 81' lang='lat' dir='ltr'>et</span> 
     </span>
     <span class='ocr_line' id='line_1_25' title="bbox 164 1517 1418 1566; baseline -0.002 -11"><span class='ocrx_word' id='word_1_220' title='bbox 164 1520 294 1555; x_wconf 85' lang='lat' dir='ltr'>flebilis</span> <span class='ocrx_word' id='word_1_221' title='bbox 320 1519 373 1564; x_wconf 71' lang='lat' dir='ltr'>(a,</span> <span class='ocrx_word' id='word_1_222' title='bbox 401 1524 423 1553; x_wconf 82' lang='lat' dir='ltr'>l.</span> <span class='ocrx_word' id='word_1_223' title='bbox 448 1518 618 1566; x_wconf 76' lang='lat' dir='ltr'>flexibilis</span> <span class='ocrx_word' id='word_1_224' title='bbox 648 1520 728 1562; x_wconf 89' lang='lat' dir='ltr'>vox)</span> <span class='ocrx_word' id='word_1_225' title='bbox 757 1521 800 1552; x_wconf 89' lang='lat' dir='ltr'>ib.</span> <span class='ocrx_word' id='word_1_226' title='bbox 824 1517 882 1553; x_wconf 90' lang='grc'>64.</span> <span class='ocrx_word' id='word_1_227' title='bbox 917 1518 1000 1552; x_wconf 87' lang='lat' dir='ltr'>fleb.</span> <span class='ocrx_word' id='word_1_228' title='bbox 1024 1519 1239 1553; x_wconf 81' lang='lat' dir='ltr'>suavitatem</span> <span class='ocrx_word' id='word_1_229' title='bbox 1266 1520 1311 1552; x_wconf 49' lang='lat' dir='ltr'>ib.</span> <span class='ocrx_word' id='word_1_230' title='bbox 1339 1519 1418 1552; x_wconf 85' lang='lat'><strong>170.</strong></span> 
     </span>
    </p>
   </div>
   <div class='ocr_carea' id='block_1_11' title="bbox 117 1576 1661 1724">
    <p class='ocr_par' dir='ltr' id='par_1_15' title="bbox 117 1576 1661 1724">
     <span class='ocr_line' id='line_1_26' title="bbox 117 1576 1661 1631; baseline -0.002 -9"><span class='ocrx_word' id='word_1_231' title='bbox 117 1576 280 1620; x_wconf 75' lang='lat' dir='ltr'>Flecto·</span> <span class='ocrx_word' id='word_1_232' title='bbox 318 1588 352 1631; x_wconf 94' lang='lat'>1)</span> <span class='ocrx_word' id='word_1_233' title='bbox 380 1590 422 1621; x_wconf 82' lang='lat' dir='ltr'>de</span> <span class='ocrx_word' id='word_1_234' title='bbox 446 1590 613 1621; x_wconf 77' lang='lat' dir='ltr'>oratione:</span> <span class='ocrx_word' id='word_1_235' title='bbox 646 1591 686 1620; x_wconf 91' lang='lat' dir='ltr'>ut</span> <span class='ocrx_word' id='word_1_236' title='bbox 706 1598 764 1621; x_wconf 90' lang='lat' dir='ltr'>res</span> <span class='ocrx_word' id='word_1_237' title='bbox 789 1587 895 1629; x_wconf 86' lang='lat' dir='ltr'>feret,</span> <span class='ocrx_word' id='word_1_238' title='bbox 918 1586 1083 1621; x_wconf 88' lang='lat' dir='ltr'>flectetur</span> <span class='ocrx_word' id='word_1_239' title='bbox 1104 1586 1220 1621; x_wconf 87' lang='lat' dir='ltr'>oratio</span> <span class='ocrx_word' id='word_1_240' title='bbox 1247 1589 1304 1627; x_wconf 81' lang='lat'><strong>12,</strong></span> <span class='ocrx_word' id='word_1_241' title='bbox 1329 1587 1363 1629; x_wconf 93' lang='lat'>1,</span> <span class='ocrx_word' id='word_1_242' title='bbox 1386 1583 1444 1620; x_wconf 83' lang='lat'>45.</span> <span class='ocrx_word' id='word_1_243' title='bbox 1470 1583 1533 1618; x_wconf 89' lang='lat' dir='ltr'>ille</span> <span class='ocrx_word' id='word_1_244' title='bbox 1554 1594 1661 1628; x_wconf 82' lang='lat' dir='ltr'>prae-</span> 
     </span>
     <span class='ocr_line' id='line_1_27' title="bbox 164 1630 1661 1680; baseline -0.003 -11"><span class='ocrx_word' id='word_1_245' title='bbox 164 1635 280 1670; x_wconf 87' lang='lat' dir='ltr'>tenuis</span> <span class='ocrx_word' id='word_1_246' title='bbox 305 1633 439 1680; x_wconf 83' lang='lat' dir='ltr'>(sonus)</span> <span class='ocrx_word' id='word_1_247' title='bbox 481 1650 527 1656; x_wconf 91' lang='lat'>—-</span> <span class='ocrx_word' id='word_1_248' title='bbox 552 1644 670 1678; x_wconf 81' lang='lat' dir='ltr'>neque</span> <span class='ocrx_word' id='word_1_249' title='bbox 697 1631 987 1677; x_wconf 84' lang='lat' dir='ltr'>pronuntiatione</span> <span class='ocrx_word' id='word_1_250' title='bbox 1015 1632 1134 1676; x_wconf 87' lang='lat' dir='ltr'>flecti,</span> <span class='ocrx_word' id='word_1_251' title='bbox 1168 1643 1286 1677; x_wconf 86' lang='lat' dir='ltr'>neque</span> <span class='ocrx_word' id='word_1_252' title='bbox 1316 1631 1447 1669; x_wconf 82' lang='lat' dir='ltr'>diutius</span> <span class='ocrx_word' id='word_1_253' title='bbox 1477 1631 1575 1665; x_wconf 85' lang='lat' dir='ltr'>ferre</span> <span class='ocrx_word' id='word_1_254' title='bbox 1601 1630 1661 1664; x_wconf 83' lang='lat' dir='ltr'>in-</span> 
     </span>
     <span class='ocr_line' id='line_1_28' title="bbox 165 1677 1658 1724; baseline -0.003 -7"><span class='ocrx_word' id='word_1_255' title='bbox 165 1681 364 1717; x_wconf 86' lang='lat' dir='ltr'>tentionem</span> <span class='ocrx_word' id='word_1_256' title='bbox 389 1686 506 1724; x_wconf 87' lang='lat' dir='ltr'>potest</span> <span class='ocrx_word' id='word_1_257' title='bbox 530 1682 586 1722; x_wconf 90' lang='lat'><strong>11,</strong></span> <span class='ocrx_word' id='word_1_258' title='bbox 606 1682 641 1723; x_wconf 83' lang='lat'>3,</span> <span class='ocrx_word' id='word_1_259' title='bbox 665 1677 724 1713; x_wconf 90' lang='grc'>41.</span> <span class='ocrx_word' id='word_1_260' title='bbox 752 1691 885 1714; x_wconf 81' lang='lat' dir='ltr'>vocem</span> <span class='ocrx_word' id='word_1_261' title='bbox 907 1679 1055 1713; x_wconf 87' lang='lat' dir='ltr'>flectunt</span> <span class='ocrx_word' id='word_1_262' title='bbox 1080 1677 1116 1722; x_wconf 89' lang='grc'>4,</span> <span class='ocrx_word' id='word_1_263' title='bbox 1139 1681 1176 1722; x_wconf 92' lang='grc'>2,</span> <span class='ocrx_word' id='word_1_264' title='bbox 1202 1680 1269 1721; x_wconf 80' lang='grc'><strong>39;</strong></span> <span class='ocrx_word' id='word_1_265' title='bbox 1301 1691 1399 1712; x_wconf 79' lang='lat' dir='ltr'>sensu</span> <span class='ocrx_word' id='word_1_266' title='bbox 1420 1679 1658 1720; x_wconf 71' lang='lat' dir='ltr'>grammatico:</span> 
     </span>
    </p>
   </div>
   <div class='ocr_carea' id='block_1_12' title="bbox 166 1723 1728 1772">
    <p class='ocr_par' dir='ltr' id='par_1_16' title="bbox 166 1723 1728 1772">
     <span class='ocr_line' id='line_1_29' title="bbox 166 1723 1728 1772; baseline -0.003 -9"><span class='ocrx_word' id='word_1_267' title='bbox 166 1728 346 1771; x_wconf 83' lang='lat' dir='ltr'>derivare,</span> <span class='ocrx_word' id='word_1_268' title='bbox 370 1727 528 1770; x_wconf 90' lang='lat' dir='ltr'>flectere,</span> <span class='ocrx_word' id='word_1_269' title='bbox 553 1726 773 1772; x_wconf 87' lang='lat' dir='ltr'>conjungere</span> <span class='ocrx_word' id='word_1_270' title='bbox 797 1726 932 1770; x_wconf 77' lang='lat' dir='ltr'>(verba)</span> <span class='ocrx_word' id='word_1_271' title='bbox 959 1727 994 1768; x_wconf 88' lang='lat'>8,</span> <span class='ocrx_word' id='word_1_272' title='bbox 1010 1727 1044 1768; x_wconf 89' lang='lat'>3,</span> <span class='ocrx_word' id='word_1_273' title='bbox 1063 1726 1120 1760; x_wconf 89' lang='grc'>36.</span> <span class='ocrx_word' id='word_1_274' title='bbox 1149 1725 1290 1760; x_wconf 83' lang='lat' dir='ltr'>infinito</span> <span class='ocrx_word' id='word_1_275' title='bbox 1312 1723 1426 1771; x_wconf 87' lang='lat' dir='ltr'>magis</span> <span class='ocrx_word' id='word_1_276' title='bbox 1446 1723 1508 1757; x_wconf 86' lang='lat' dir='ltr'>illa</span> <span class='ocrx_word' id='word_1_277' title='bbox 1529 1723 1661 1757; x_wconf 84' lang='lat' dir='ltr'>flexa</span> <span class='ocrx_word' id='word_1_278' title='bbox 1692 1763 1696 1770; x_wconf 70' lang='lat'>‚</span> <span class='ocrx_word' id='word_1_279' title='bbox 1725 1754 1728 1759; x_wconf 91' lang='lat'><em>.</em></span> 
     </span>
    </p>
   </div>
   <div class='ocr_carea' id='block_1_13' title="bbox 164 1769 1662 1957">
    <p class='ocr_par' dir='ltr' id='par_1_17' title="bbox 164 1769 1662 1957">
     <span class='ocr_line' id='line_1_30' title="bbox 167 1769 1661 1817; baseline -0.005 -8"><span class='ocrx_word' id='word_1_280' title='bbox 167 1781 204 1810; x_wconf 88' lang='lat' dir='ltr'>et</span> <span class='ocrx_word' id='word_1_281' title='bbox 232 1774 549 1809; x_wconf 84' lang='lat' dir='ltr'>circumducta</span> <span class='ocrx_word' id='word_1_282' title='bbox 575 1778 658 1806; x_wconf 87' lang='lat' dir='ltr'>sunt</span> <span class='ocrx_word' id='word_1_283' title='bbox 684 1775 738 1814; x_wconf 88' lang='lat'><strong>11,</strong></span> <span class='ocrx_word' id='word_1_284' title='bbox 752 1775 787 1817; x_wconf 85' lang='lat'>3,</span> <span class='ocrx_word' id='word_1_285' title='bbox 806 1775 885 1807; x_wconf 89' lang='grc'><strong>172.</strong></span> <span class='ocrx_word' id='word_1_286' title='bbox 912 1784 945 1805; x_wconf 82' lang='grc' dir='ltr'>υ.</span> <span class='ocrx_word' id='word_1_287' title='bbox 973 1771 1292 1806; x_wconf 78' lang='lat' dir='ltr'>circumduco.</span> <span class='ocrx_word' id='word_1_288' title='bbox 1321 1781 1428 1815; x_wconf 77' lang='lat' dir='ltr'>quam</span> <span class='ocrx_word' id='word_1_289' title='bbox 1453 1780 1502 1804; x_wconf 83' lang='lat' dir='ltr'>ex</span> <span class='ocrx_word' id='word_1_290' title='bbox 1525 1769 1661 1803; x_wconf 81' lang='lat' dir='ltr'>duabus</span> 
     </span>
     <span class='ocr_line' id='line_1_31' title="bbox 166 1815 1659 1866; baseline -0.003 -11"><span class='ocrx_word' id='word_1_291' title='bbox 166 1821 315 1866; x_wconf 85' lang='lat' dir='ltr'>syllabis</span> <span class='ocrx_word' id='word_1_292' title='bbox 341 1822 381 1854; x_wconf 90' lang='lat' dir='ltr'>in</span> <span class='ocrx_word' id='word_1_293' title='bbox 407 1831 516 1854; x_wconf 87' lang='lat' dir='ltr'>unam</span> <span class='ocrx_word' id='word_1_294' title='bbox 538 1824 708 1866; x_wconf 80' lang='lat' dir='ltr'>cogentes</span> <span class='ocrx_word' id='word_1_295' title='bbox 735 1825 770 1853; x_wconf 87' lang='lat' dir='ltr'>et</span> <span class='ocrx_word' id='word_1_296' title='bbox 795 1818 925 1852; x_wconf 88' lang='lat' dir='ltr'>deinde</span> <span class='ocrx_word' id='word_1_297' title='bbox 947 1818 1132 1852; x_wconf 87' lang='lat' dir='ltr'>flectentes</span> <span class='ocrx_word' id='word_1_298' title='bbox 1164 1817 1355 1862; x_wconf 88' lang='lat' dir='ltr'>dupliciter</span> <span class='ocrx_word' id='word_1_299' title='bbox 1383 1820 1536 1862; x_wconf 83' lang='lat' dir='ltr'>peccant</span> <span class='ocrx_word' id='word_1_300' title='bbox 1566 1815 1659 1858; x_wconf 65' lang='grc'><strong>1,,5,</strong></span> 
     </span>
     <span class='ocr_line' id='line_1_32' title="bbox 166 1859 1658 1912; baseline -0.005 -10"><span class='ocrx_word' id='word_1_301' title='bbox 166 1870 225 1902; x_wconf 85' lang='grc'>23.</span> <span class='ocrx_word' id='word_1_302' title='bbox 251 1874 440 1910; x_wconf 85' lang='lat' dir='ltr'>acutae,</span> <span class='ocrx_word' id='word_1_303' title='bbox 465 1867 646 1912; x_wconf 81' lang='lat' dir='ltr'>graviS‚</span> <span class='ocrx_word' id='word_1_304' title='bbox 671 1866 834 1900; x_wconf 83' lang='lat' dir='ltr'>flexae</span> <span class='ocrx_word' id='word_1_305' title='bbox 862 1865 1064 1909; x_wconf 80' lang='lat' dir='ltr'>(vocis)11‚</span> <span class='ocrx_word' id='word_1_306' title='bbox 1090 1866 1125 1907; x_wconf 89' lang='grc'>3,</span> <span class='ocrx_word' id='word_1_307' title='bbox 1153 1867 1208 1898; x_wconf 87' lang='grc'>17.</span> <span class='ocrx_word' id='word_1_308' title='bbox 1233 1875 1273 1899; x_wconf 81' lang='lat' dir='ltr'>v.</span> <span class='ocrx_word' id='word_1_309' title='bbox 1299 1863 1439 1897; x_wconf 89' lang='lat' dir='ltr'>Acuo.</span> <span class='ocrx_word' id='word_1_310' title='bbox 1477 1859 1658 1898; x_wconf 81' lang='lat' dir='ltr'>Gravis.</span> 
     </span>
     <span class='ocr_line' id='line_1_33' title="bbox 164 1906 1662 1957; baseline -0.005 -9"><span class='ocrx_word' id='word_1_311' title='bbox 164 1915 215 1956; x_wconf 91' lang='lat' dir='ltr'>Il)</span> <span class='ocrx_word' id='word_1_312' title='bbox 243 1917 286 1948; x_wconf 83' lang='lat' dir='ltr'>de</span> <span class='ocrx_word' id='word_1_313' title='bbox 308 1916 438 1947; x_wconf 84' lang='lat' dir='ltr'>animo.-</span> <span class='ocrx_word' id='word_1_314' title='bbox 474 1919 551 1947; x_wconf 86' lang='lat' dir='ltr'>tum</span> <span class='ocrx_word' id='word_1_315' title='bbox 577 1906 745 1955; x_wconf 82' lang='lat' dir='ltr'>flectere,</span> <span class='ocrx_word' id='word_1_316' title='bbox 775 1917 853 1945; x_wconf 88' lang='lat' dir='ltr'>tum</span> <span class='ocrx_word' id='word_1_317' title='bbox 877 1911 921 1944; x_wconf 90' lang='lat' dir='ltr'>ad</span> <span class='ocrx_word' id='word_1_318' title='bbox 949 1910 1168 1957; x_wconf 85' lang='lat' dir='ltr'>diligentiam</span> <span class='ocrx_word' id='word_1_319' title='bbox 1193 1908 1331 1944; x_wconf 89' lang='lat' dir='ltr'>hortari</span> <span class='ocrx_word' id='word_1_320' title='bbox 1357 1910 1392 1950; x_wconf 90' lang='grc'>9,</span> <span class='ocrx_word' id='word_1_321' title='bbox 1416 1907 1452 1951; x_wconf 87' lang='grc'>4,</span> <span class='ocrx_word' id='word_1_322' title='bbox 1478 1909 1555 1942; x_wconf 89' lang='grc'><strong>133.</strong></span> <span class='ocrx_word' id='word_1_323' title='bbox 1582 1907 1662 1941; x_wconf 89' lang='lat' dir='ltr'>ani-</span> 
     </span>
    </p>
   </div>
   <div class='ocr_carea' id='block_1_14' title="bbox 163 1953 1661 2142">
    <p class='ocr_par' dir='ltr' id='par_1_18' title="bbox 163 1953 1661 2142">
     <span class='ocr_line' id='line_1_34' title="bbox 163 1953 1661 2004; baseline -0.005 -10"><span class='ocrx_word' id='word_1_324' title='bbox 163 1972 243 1995; x_wconf 89' lang='lat' dir='ltr'>mus</span> <span class='ocrx_word' id='word_1_325' title='bbox 271 1961 314 1994; x_wconf 87' lang='lat' dir='ltr'>ab</span> <span class='ocrx_word' id='word_1_326' title='bbox 341 1959 459 2004; x_wconf 80' lang='lat' dir='ltr'>aliqua</span> <span class='ocrx_word' id='word_1_327' title='bbox 483 1958 655 2003; x_wconf 90' lang='lat' dir='ltr'>opinione</span> <span class='ocrx_word' id='word_1_328' title='bbox 678 1959 874 1993; x_wconf 86' lang='lat' dir='ltr'>flectendus</span> <span class='ocrx_word' id='word_1_329' title='bbox 897 1956 933 1999; x_wconf 84' lang='lat'>4,</span> <span class='ocrx_word' id='word_1_330' title='bbox 956 1960 998 2000; x_wconf 92' lang='grc'>2,</span> <span class='ocrx_word' id='word_1_331' title='bbox 1023 1959 1081 1992; x_wconf 90' lang='grc'>80.</span> <span class='ocrx_word' id='word_1_332' title='bbox 1118 1956 1204 1991; x_wconf 85' lang='lat' dir='ltr'>huic</span> <span class='ocrx_word' id='word_1_333' title='bbox 1232 1955 1481 1990; x_wconf 78' lang='lat' dir='ltr'>concitare</span> <span class='ocrx_word' id='word_1_334' title='bbox 1508 1953 1661 1997; x_wconf 84' lang='lat' dir='ltr'>judices,</span> 
     </span>
     <span class='ocr_line' id='line_1_35' title="bbox 164 1999 1659 2048; baseline -0.006 -7"><span class='ocrx_word' id='word_1_335' title='bbox 164 2007 219 2041; x_wconf 89' lang='lat' dir='ltr'>illi</span> <span class='ocrx_word' id='word_1_336' title='bbox 240 2009 438 2043; x_wconf 82' lang='lat' dir='ltr'>flectere</span> <span class='ocrx_word' id='word_1_337' title='bbox 467 2004 639 2040; x_wconf 87' lang='lat' dir='ltr'>convenit</span> <span class='ocrx_word' id='word_1_338' title='bbox 662 2005 697 2044; x_wconf 90' lang='grc'>6,</span> <span class='ocrx_word' id='word_1_339' title='bbox 723 2008 757 2048; x_wconf 92' lang='grc'>1,</span> <span class='ocrx_word' id='word_1_340' title='bbox 774 2005 809 2040; x_wconf 87' lang='grc'>9.</span> <span class='ocrx_word' id='word_1_341' title='bbox 832 2003 1026 2048; x_wconf 88' lang='lat' dir='ltr'>plurimum</span> <span class='ocrx_word' id='word_1_342' title='bbox 1046 2003 1147 2038; x_wconf 81' lang='lat' dir='ltr'>valet</span> <span class='ocrx_word' id='word_1_343' title='bbox 1168 2002 1363 2045; x_wconf 80' lang='lat' dir='ltr'>miseratio,</span> <span class='ocrx_word' id='word_1_344' title='bbox 1391 2011 1482 2046; x_wconf 81' lang='lat' dir='ltr'>quae</span> <span class='ocrx_word' id='word_1_345' title='bbox 1504 1999 1659 2043; x_wconf 82' lang='lat' dir='ltr'>judicem</span> 
     </span>
     <span class='ocr_line' id='line_1_36' title="bbox 163 2045 1658 2099; baseline -0.006 -12"><span class='ocrx_word' id='word_1_346' title='bbox 163 2053 305 2089; x_wconf 80' lang='lat' dir='ltr'>flecti</span> <span class='ocrx_word' id='word_1_347' title='bbox 340 2063 415 2087; x_wconf 92' lang='lat' dir='ltr'>non</span> <span class='ocrx_word' id='word_1_348' title='bbox 440 2057 578 2086; x_wconf 83' lang='lat' dir='ltr'>tantum</span> <span class='ocrx_word' id='word_1_349' title='bbox 601 2050 722 2099; x_wconf 86' lang='lat' dir='ltr'>cogit,</span> <span class='ocrx_word' id='word_1_350' title='bbox 761 2052 827 2085; x_wconf 91' lang='lat' dir='ltr'>sed</span> <span class='ocrx_word' id='word_1_351' title='bbox 859 2055 1025 2084; x_wconf 88' lang='lat' dir='ltr'>motum</span> <span class='ocrx_word' id='word_1_352' title='bbox 1059 2059 1204 2094; x_wconf 75' lang='lat' dir='ltr'>quoque</span> <span class='ocrx_word' id='word_1_353' title='bbox 1237 2047 1380 2083; x_wconf 86' lang='lat' dir='ltr'>animi</span> <span class='ocrx_word' id='word_1_354' title='bbox 1412 2045 1468 2081; x_wconf 81' lang='lat' dir='ltr'>sui</span> <span class='ocrx_word' id='word_1_355' title='bbox 1501 2045 1658 2079; x_wconf 79' lang='lat' dir='ltr'>lacrimis</span> 
     </span>
     <span class='ocr_line' id='line_1_37' title="bbox 165 2099 536 2142; baseline -0.005 -8"><span class='ocrx_word' id='word_1_356' title='bbox 165 2099 328 2134; x_wconf 87' lang='lat' dir='ltr'>confiteri</span> <span class='ocrx_word' id='word_1_357' title='bbox 354 2100 390 2142; x_wconf 93' lang='grc'>6,</span> <span class='ocrx_word' id='word_1_358' title='bbox 419 2101 453 2141; x_wconf 92' lang='grc'>1,</span> <span class='ocrx_word' id='word_1_359' title='bbox 477 2100 536 2133; x_wconf 87' lang='lat'>23.</span> 
     </span>
    </p>
   </div>
   <div class='ocr_carea' id='block_1_15' title="bbox 116 2136 1659 2245">
    <p class='ocr_par' dir='ltr' id='par_1_19' title="bbox 116 2136 1659 2245">
     <span class='ocr_line' id='line_1_38' title="bbox 116 2136 1659 2200; baseline -0.003 -14"><span class='ocrx_word' id='word_1_360' title='bbox 116 2145 237 2189; x_wconf 74' lang='lat' dir='ltr'>Flet).</span> <span class='ocrx_word' id='word_1_361' title='bbox 285 2156 403 2191; x_wconf 87' lang='lat' dir='ltr'>minus</span> <span class='ocrx_word' id='word_1_362' title='bbox 431 2161 505 2199; x_wconf 92' lang='lat' dir='ltr'>est,</span> <span class='ocrx_word' id='word_1_363' title='bbox 535 2155 633 2200; x_wconf 85' lang='lat' dir='ltr'>quod</span> <span class='ocrx_word' id='word_1_364' title='bbox 657 2155 868 2189; x_wconf 85' lang='lat' dir='ltr'>flendum</span> <span class='ocrx_word' id='word_1_365' title='bbox 897 2163 980 2188; x_wconf 91' lang='lat' dir='ltr'>meo</span> <span class='ocrx_word' id='word_1_366' title='bbox 1004 2151 1163 2194; x_wconf 77' lang='lat' dir='ltr'>nomine,</span> <span class='ocrx_word' id='word_1_367' title='bbox 1196 2162 1307 2195; x_wconf 80' lang='lat' dir='ltr'>quam,</span> <span class='ocrx_word' id='word_1_368' title='bbox 1328 2150 1426 2196; x_wconf 80' lang='lat' dir='ltr'>quod</span> <span class='ocrx_word' id='word_1_369' title='bbox 1450 2136 1659 2195; x_wconf 63' lang='lat' dir='ltr'>gaudelu-</span> 
     </span>
     <span class='ocr_line' id='line_1_39' title="bbox 163 2196 1658 2245; baseline -0.006 -8"><span class='ocrx_word' id='word_1_370' title='bbox 163 2206 265 2238; x_wconf 89' lang='lat' dir='ltr'>dum</span> <span class='ocrx_word' id='word_1_371' title='bbox 298 2203 394 2237; x_wconf 88' lang='lat' dir='ltr'>illius</span> <span class='ocrx_word' id='word_1_372' title='bbox 423 2208 477 2236; x_wconf 87' lang='lat' dir='ltr'>est</span> <span class='ocrx_word' id='word_1_373' title='bbox 503 2202 548 2245; x_wconf 90' lang='grc'>6,</span> <span class='ocrx_word' id='word_1_374' title='bbox 580 2202 641 2237; x_wconf 84' lang='lat' dir='ltr'>Pr.</span> <span class='ocrx_word' id='word_1_375' title='bbox 667 2204 701 2236; x_wconf 88' lang='lat'>8.</span> <span class='ocrx_word' id='word_1_376' title='bbox 734 2211 806 2245; x_wconf 85' lang='lat' dir='ltr'>quo</span> <span class='ocrx_word' id='word_1_377' title='bbox 830 2199 925 2234; x_wconf 87' lang='lat' dir='ltr'>dicto</span> <span class='ocrx_word' id='word_1_378' title='bbox 951 2200 1164 2233; x_wconf 84' lang='lat' dir='ltr'>flendum</span> <span class='ocrx_word' id='word_1_379' title='bbox 1187 2204 1224 2232; x_wconf 89' lang='lat' dir='ltr'>et</span> <span class='ocrx_word' id='word_1_380' title='bbox 1246 2196 1537 2232; x_wconf 86' lang='lat' dir='ltr'>irascendum</span> <span class='ocrx_word' id='word_1_381' title='bbox 1563 2199 1658 2228; x_wconf 79' lang='lat' dir='ltr'>esset</span> 
     </span>
    </p>
   </div>
   <div class='ocr_carea' id='block_1_16' title="bbox 116 2239 1656 2488">
    <p class='ocr_par' dir='ltr' id='par_1_20' title="bbox 162 2239 1656 2339">
     <span class='ocr_line' id='line_1_40' title="bbox 162 2239 1656 2293; baseline -0.007 -9"><span class='ocrx_word' id='word_1_382' title='bbox 162 2251 203 2293; x_wconf 90' lang='grc'>6,</span> <span class='ocrx_word' id='word_1_383' title='bbox 228 2254 272 2293; x_wconf 89' lang='grc'>2,</span> <span class='ocrx_word' id='word_1_384' title='bbox 298 2251 333 2284; x_wconf 92' lang='grc'>3.</span> <span class='ocrx_word' id='word_1_385' title='bbox 370 2248 641 2283; x_wconf 84' lang='lat' dir='ltr'>sententiolisne</span> <span class='ocrx_word' id='word_1_386' title='bbox 668 2247 828 2281; x_wconf 85' lang='lat' dir='ltr'>flendum</span> <span class='ocrx_word' id='word_1_387' title='bbox 852 2245 944 2280; x_wconf 75' lang='lat' dir='ltr'>erit?</span> <span class='ocrx_word' id='word_1_388' title='bbox 978 2248 1042 2289; x_wconf 91' lang='lat'><strong>11,</strong></span> <span class='ocrx_word' id='word_1_389' title='bbox 1068 2247 1109 2288; x_wconf 95' lang='lat'>1,</span> <span class='ocrx_word' id='word_1_390' title='bbox 1134 2244 1192 2279; x_wconf 91' lang='grc'>52.</span> <span class='ocrx_word' id='word_1_391' title='bbox 1231 2239 1478 2287; x_wconf 84' lang='lat' dir='ltr'>contrapositis</span> <span class='ocrx_word' id='word_1_392' title='bbox 1511 2240 1656 2274; x_wconf 77' lang='lat' dir='ltr'>flentem</span> 
     </span>
     <span class='ocr_line' id='line_1_41' title="bbox 162 2292 1010 2339; baseline -0.007 -8"><span class='ocrx_word' id='word_1_393' title='bbox 162 2298 198 2339; x_wconf 83' lang='lat'>9,</span> <span class='ocrx_word' id='word_1_394' title='bbox 222 2298 258 2339; x_wconf 88' lang='grc'>3,</span> <span class='ocrx_word' id='word_1_395' title='bbox 283 2298 375 2338; x_wconf 76' lang='lat'>1023</span> <span class='ocrx_word' id='word_1_396' title='bbox 408 2294 452 2336; x_wconf 85' lang='lat' dir='ltr'>cs.</span> <span class='ocrx_word' id='word_1_397' title='bbox 479 2299 542 2328; x_wconf 87' lang='lat' dir='ltr'>loc.</span> <span class='ocrx_word' id='word_1_398' title='bbox 568 2301 714 2337; x_wconf 82' lang='lat' dir='ltr'>corrupt.</span> <span class='ocrx_word' id='word_1_399' title='bbox 740 2296 797 2337; x_wconf 83' lang='lat'><strong>12,</strong></span> <span class='ocrx_word' id='word_1_400' title='bbox 823 2295 880 2336; x_wconf 93' lang='grc'>10,</span> <span class='ocrx_word' id='word_1_401' title='bbox 903 2292 950 2327; x_wconf 85' lang='grc'>62</span> <span class='ocrx_word' id='word_1_402' title='bbox 974 2293 1010 2326; x_wconf 87' lang='lat' dir='ltr'>S.</span> 
     </span>
    </p>

    <p class='ocr_par' dir='ltr' id='par_1_21' title="bbox 116 2334 1656 2488">
     <span class='ocr_line' id='line_1_42' title="bbox 116 2334 1655 2399; baseline -0.006 -12"><span class='ocrx_word' id='word_1_403' title='bbox 116 2340 277 2382; x_wconf 74' lang='lat' dir='ltr'>Fletus·</span> <span class='ocrx_word' id='word_1_404' title='bbox 326 2351 524 2399; x_wconf 86' lang='lat' dir='ltr'>gemitus</span> <span class='ocrx_word' id='word_1_405' title='bbox 558 2363 600 2386; x_wconf 89' lang='lat' dir='ltr'>ac</span> <span class='ocrx_word' id='word_1_406' title='bbox 633 2351 786 2384; x_wconf 87' lang='lat' dir='ltr'>fletus</span> <span class='ocrx_word' id='word_1_407' title='bbox 819 2352 884 2392; x_wconf 94' lang='lat'><strong>11,</strong></span> <span class='ocrx_word' id='word_1_408' title='bbox 908 2352 950 2392; x_wconf 93' lang='lat'>1,</span> <span class='ocrx_word' id='word_1_409' title='bbox 979 2347 1036 2384; x_wconf 80' lang='lat'>84.</span> <span class='ocrx_word' id='word_1_410' title='bbox 1075 2345 1256 2389; x_wconf 88' lang='lat' dir='ltr'>cumille,</span> <span class='ocrx_word' id='word_1_411' title='bbox 1286 2344 1348 2390; x_wconf 84' lang='lat' dir='ltr'>qui</span> <span class='ocrx_word' id='word_1_412' title='bbox 1369 2334 1551 2397; x_wconf 69' lang='lat' dir='ltr'>plerisque</span> <span class='ocrx_word' id='word_1_413' title='bbox 1572 2353 1655 2388; x_wconf 81' lang='lat' dir='ltr'>per-</span> 
     </span>
     <span class='ocr_line' id='line_1_43' title="bbox 164 2395 1656 2442; baseline -0.007 -10"><span class='ocrx_word' id='word_1_414' title='bbox 164 2399 386 2432; x_wconf 84' lang='lat' dir='ltr'>orationibus</span> <span class='ocrx_word' id='word_1_415' title='bbox 412 2398 564 2442; x_wconf 83' lang='lat' dir='ltr'>petitur,</span> <span class='ocrx_word' id='word_1_416' title='bbox 601 2396 753 2440; x_wconf 83' lang='lat' dir='ltr'>erumpit</span> <span class='ocrx_word' id='word_1_417' title='bbox 775 2396 879 2429; x_wconf 86' lang='lat' dir='ltr'>fletus</span> <span class='ocrx_word' id='word_1_418' title='bbox 904 2396 940 2437; x_wconf 88' lang='grc'>6,</span> <span class='ocrx_word' id='word_1_419' title='bbox 965 2397 1000 2437; x_wconf 89' lang='grc'>2,</span> <span class='ocrx_word' id='word_1_420' title='bbox 1029 2397 1064 2432; x_wconf 91' lang='grc'><strong>7.</strong></span> <span class='ocrx_word' id='word_1_421' title='bbox 1104 2404 1226 2427; x_wconf 86' lang='lat' dir='ltr'>earum</span> <span class='ocrx_word' id='word_1_422' title='bbox 1252 2400 1436 2436; x_wconf 76' lang='lat' dir='ltr'>persuasio</span> <span class='ocrx_word' id='word_1_423' title='bbox 1459 2395 1656 2432; x_wconf 77' lang='lat' dir='ltr'>nationum,</span> 
     </span>
     <span class='ocr_line' id='line_1_44' title="bbox 166 2437 1586 2488; baseline -0.005 -12"><span class='ocrx_word' id='word_1_424' title='bbox 166 2455 256 2488; x_wconf 86' lang='lat' dir='ltr'>quae</span> <span class='ocrx_word' id='word_1_425' title='bbox 282 2444 487 2479; x_wconf 77' lang='lat' dir='ltr'>fletibus</span> <span class='ocrx_word' id='word_1_426' title='bbox 513 2450 637 2487; x_wconf 88' lang='lat' dir='ltr'>natas,</span> <span class='ocrx_word' id='word_1_427' title='bbox 671 2441 862 2477; x_wconf 87' lang='lat' dir='ltr'>laetitia</span> <span class='ocrx_word' id='word_1_428' title='bbox 886 2442 1077 2475; x_wconf 83' lang='lat' dir='ltr'>defunctos</span> <span class='ocrx_word' id='word_1_429' title='bbox 1099 2443 1365 2484; x_wconf 76' lang='lat' dir='ltr'>prosequuntur</span> <span class='ocrx_word' id='word_1_430' title='bbox 1386 2438 1422 2480; x_wconf 86' lang='lat'>5,</span> <span class='ocrx_word' id='word_1_431' title='bbox 1446 2438 1503 2480; x_wconf 86' lang='lat'><strong>11,</strong></span> <span class='ocrx_word' id='word_1_432' title='bbox 1526 2437 1586 2470; x_wconf 84' lang='lat'>38.</span> 
     </span>
    </p>
   </div>
   <div class='ocr_carea' id='block_1_17' title="bbox 117 2498 1654 2657">
    <p class='ocr_par' dir='ltr' id='par_1_22' title="bbox 117 2498 1654 2657">
     <span class='ocr_line' id='line_1_45' title="bbox 117 2498 1654 2590; baseline -0.007 -43"><span class='ocrx_word' id='word_1_433' title='bbox 117 2498 375 2590; x_wconf 60' lang='lat' dir='ltr'>Flquibilis3b</span> <span class='ocrx_word' id='word_1_434' title='bbox 410 2512 525 2590; x_wconf 52' lang='lat' dir='ltr'>{gra</span> <span class='ocrx_word' id='word_1_435' title='bbox 563 2517 600 2546; x_wconf 76' lang='lat' dir='ltr'>et</span> <span class='ocrx_word' id='word_1_436' title='bbox 633 2510 805 2546; x_wconf 85' lang='lat' dir='ltr'>flexib.</span> <span class='ocrx_word' id='word_1_437' title='bbox 840 2508 941 2555; x_wconf 73' lang='lat' dir='ltr'><em>(vox)</em></span> <span class='ocrx_word' id='word_1_438' title='bbox 980 2511 1036 2552; x_wconf 86' lang='lat'><strong>11,</strong></span> <span class='ocrx_word' id='word_1_439' title='bbox 1061 2510 1097 2552; x_wconf 82' lang='lat'>3,</span> <span class='ocrx_word' id='word_1_440' title='bbox 1123 2510 1180 2543; x_wconf 86' lang='lat'>15.</span> <span class='ocrx_word' id='word_1_441' title='bbox 1215 2516 1293 2543; x_wconf 80' lang='lat' dir='ltr'>vox</span> <span class='ocrx_word' id='word_1_442' title='bbox 1318 2524 1363 2532; x_wconf 80' lang='lat'>.-</span> <span class='ocrx_word' id='word_1_443' title='bbox 1392 2501 1654 2546; x_wconf 71' lang='lat' dir='ltr'>flexibilis,</span> 
     </span>
     <span class='ocr_line' id='line_1_46' title="bbox 188 2567 472 2590; baseline 0 0"><span class='ocrx_word' id='word_1_444' title='bbox 188 2567 306 2590; x_wconf 71' lang='lat' dir='ltr'>lrma</span> <span class='ocrx_word' id='word_1_445' title='bbox 345 2570 354 2588; x_wconf 77' lang='grc' dir='ltr'>ἰ</span> <span class='ocrx_word' id='word_1_446' title='bbox 379 2582 387 2589; x_wconf 96' lang='grc'>.</span> <span class='ocrx_word' id='word_1_447' title='bbox 464 2581 472 2590; x_wconf 83' lang='grc'>.</span> 
     </span>
     <span class='ocr_line' id='line_1_47' title="bbox 117 2601 1653 2657; baseline -0.006 -11"><span class='ocrx_word' id='word_1_448' title='bbox 117 2601 294 2644; x_wconf 79' lang='lat' dir='ltr'>Flexus·</span> <span class='ocrx_word' id='word_1_449' title='bbox 337 2610 372 2654; x_wconf 90' lang='grc' dir='ltr'>Ι)</span> <span class='ocrx_word' id='word_1_450' title='bbox 405 2616 560 2656; x_wconf 81' lang='lat' dir='ltr'>proprie:</span> <span class='ocrx_word' id='word_1_451' title='bbox 600 2618 749 2657; x_wconf 86' lang='lat' dir='ltr'>propter</span> <span class='ocrx_word' id='word_1_452' title='bbox 771 2613 907 2646; x_wconf 80' lang='lat' dir='ltr'>flexum</span> <span class='ocrx_word' id='word_1_453' title='bbox 931 2611 1141 2655; x_wconf 82' lang='lat' dir='ltr'>capillorum</span> <span class='ocrx_word' id='word_1_454' title='bbox 1163 2611 1206 2651; x_wconf 87' lang='grc'>8,</span> <span class='ocrx_word' id='word_1_455' title='bbox 1231 2612 1274 2651; x_wconf 81' lang='lat'>2,</span> <span class='ocrx_word' id='word_1_456' title='bbox 1298 2611 1333 2642; x_wconf 89' lang='lat'>7.</span> <span class='ocrx_word' id='word_1_457' title='bbox 1362 2606 1535 2640; x_wconf 85' lang='lat' dir='ltr'>redeunte</span> <span class='ocrx_word' id='word_1_458' title='bbox 1556 2604 1653 2639; x_wconf 84' lang='lat' dir='ltr'>flexu</span> 
     </span>
    </p>
   </div>
   <div class='ocr_carea' id='block_1_18' title="bbox 164 2650 1722 2709">
    <p class='ocr_par' dir='ltr' id='par_1_23' title="bbox 164 2650 1722 2709">
     <span class='ocr_line' id='line_1_48' title="bbox 164 2650 1722 2709; baseline -0.006 -16"><span class='ocrx_word' id='word_1_459' title='bbox 164 2659 272 2693; x_wconf 85' lang='lat' dir='ltr'>simul</span> <span class='ocrx_word' id='word_1_460' title='bbox 294 2658 497 2701; x_wconf 79' lang='lat' dir='ltr'>explicatur</span> <span class='ocrx_word' id='word_1_461' title='bbox 522 2666 627 2703; x_wconf 84' lang='lat' dir='ltr'>atque</span> <span class='ocrx_word' id='word_1_462' title='bbox 651 2659 874 2693; x_wconf 76' lang='lat' dir='ltr'>convertitur</span> <span class='ocrx_word' id='word_1_463' title='bbox 902 2657 1049 2702; x_wconf 85' lang='lat' dir='ltr'>(manus)</span> <span class='ocrx_word' id='word_1_464' title='bbox 1075 2659 1132 2700; x_wconf 88' lang='lat'><strong>11,</strong></span> <span class='ocrx_word' id='word_1_465' title='bbox 1149 2658 1184 2697; x_wconf 89' lang='grc'>3,</span> <span class='ocrx_word' id='word_1_466' title='bbox 1202 2656 1268 2688; x_wconf 91' lang='grc'>100</span> <span class='ocrx_word' id='word_1_467' title='bbox 1291 2654 1338 2686; x_wconf 88' lang='lat' dir='ltr'>N.</span> <span class='ocrx_word' id='word_1_468' title='bbox 1373 2650 1487 2688; x_wconf 71' lang='lat' dir='ltr'>recti</span> <span class='ocrx_word' id='word_1_469' title='bbox 1510 2650 1654 2695; x_wconf 73' lang='lat' dir='ltr'>quidem</span> <span class='ocrx_word' id='word_1_470' title='bbox 1715 2703 1722 2709; x_wconf 18' lang='grc' dir='ltr'>ἢ</span> 
     </span>
    </p>
   </div>
   <div class='ocr_carea' id='block_1_19' title="bbox 144 2696 1656 2840">
    <p class='ocr_par' dir='ltr' id='par_1_24' title="bbox 144 2696 1656 2840">
     <span class='ocr_line' id='line_1_49' title="bbox 166 2696 1654 2751; baseline -0.008 -11"><span class='ocrx_word' id='word_1_471' title='bbox 166 2715 218 2740; x_wconf 88' lang='lat' dir='ltr'>co</span> <span class='ocrx_word' id='word_1_472' title='bbox 229 2715 307 2748; x_wconf 89' lang='lat' dir='ltr'>rpo</span> <span class='ocrx_word' id='word_1_473' title='bbox 318 2704 382 2738; x_wconf 91' lang='lat' dir='ltr'>ris</span> <span class='ocrx_word' id='word_1_474' title='bbox 414 2705 476 2738; x_wconf 87' lang='lat' dir='ltr'>vel</span> <span class='ocrx_word' id='word_1_475' title='bbox 496 2705 641 2737; x_wconf 86' lang='lat' dir='ltr'>minima</span> <span class='ocrx_word' id='word_1_476' title='bbox 664 2704 775 2751; x_wconf 87' lang='lat' dir='ltr'>gratia</span> <span class='ocrx_word' id='word_1_477' title='bbox 799 2710 866 2738; x_wconf 80' lang='lat' dir='ltr'>est.</span> <span class='ocrx_word' id='word_1_478' title='bbox 892 2720 939 2726; x_wconf 91' lang='lat'>—</span> <span class='ocrx_word' id='word_1_479' title='bbox 972 2704 1135 2736; x_wconf 86' lang='lat' dir='ltr'>flexus</span> <span class='ocrx_word' id='word_1_480' title='bbox 1169 2700 1231 2733; x_wconf 90' lang='lat' dir='ltr'>ille</span> <span class='ocrx_word' id='word_1_481' title='bbox 1257 2702 1310 2739; x_wconf 90' lang='lat' dir='ltr'>et,</span> <span class='ocrx_word' id='word_1_482' title='bbox 1346 2702 1387 2730; x_wconf 86' lang='lat' dir='ltr'>ut</span> <span class='ocrx_word' id='word_1_483' title='bbox 1409 2696 1462 2730; x_wconf 75' lang='lat' dir='ltr'>sic</span> <span class='ocrx_word' id='word_1_484' title='bbox 1485 2696 1654 2739; x_wconf 83' lang='lat' dir='ltr'>dixerim,</span> 
     </span>
     <span class='ocr_line' id='line_1_50' title="bbox 166 2743 1654 2793; baseline -0.005 -9"><span class='ocrx_word' id='word_1_485' title='bbox 166 2757 312 2786; x_wconf 87' lang='lat' dir='ltr'>motus</span> <span class='ocrx_word' id='word_1_486' title='bbox 336 2751 395 2783; x_wconf 85' lang='lat' dir='ltr'>dat</span> <span class='ocrx_word' id='word_1_487' title='bbox 423 2755 542 2783; x_wconf 83' lang='lat' dir='ltr'>actum</span> <span class='ocrx_word' id='word_1_488' title='bbox 566 2752 743 2793; x_wconf 84' lang='lat' dir='ltr'>quendam</span> <span class='ocrx_word' id='word_1_489' title='bbox 769 2756 805 2783; x_wconf 88' lang='lat' dir='ltr'>et</span> <span class='ocrx_word' id='word_1_490' title='bbox 828 2750 992 2782; x_wconf 77' lang='lat' dir='ltr'>affectum</span> <span class='ocrx_word' id='word_1_491' title='bbox 1013 2749 1100 2790; x_wconf 87' lang='lat' dir='ltr'>(Sp.</span> <span class='ocrx_word' id='word_1_492' title='bbox 1120 2743 1263 2786; x_wconf 73' lang='lat' dir='ltr'>affictis)</span> <span class='ocrx_word' id='word_1_493' title='bbox 1281 2743 1318 2786; x_wconf 88' lang='grc'>6,</span> <span class='ocrx_word' id='word_1_494' title='bbox 1345 2744 1400 2785; x_wconf 87' lang='grc'>13,</span> <span class='ocrx_word' id='word_1_495' title='bbox 1421 2743 1445 2778; x_wconf 88' lang='grc'><strong>9</strong></span> <span class='ocrx_word' id='word_1_496' title='bbox 1460 2747 1505 2776; x_wconf 83' lang='grc' dir='ltr'>Ζ.</span> <span class='ocrx_word' id='word_1_497' title='bbox 1529 2748 1654 2777; x_wconf 83' lang='lat' dir='ltr'>recta</span> 
     </span>
     <span class='ocr_line' id='line_1_51' title="bbox 144 2789 1656 2840; baseline -0.007 -8"><span class='ocrx_word' id='word_1_498' title='bbox 144 2798 242 2832; x_wconf 84' lang='lat' dir='ltr'>·via</span> <span class='ocrx_word' id='word_1_499' title='bbox 270 2797 437 2840; x_wconf 83' lang='lat' dir='ltr'>depulsus</span> <span class='ocrx_word' id='word_1_500' title='bbox 461 2796 584 2830; x_wconf 83' lang='lat' dir='ltr'>reduci</span> <span class='ocrx_word' id='word_1_501' title='bbox 615 2795 658 2828; x_wconf 91' lang='lat' dir='ltr'>ad</span> <span class='ocrx_word' id='word_1_502' title='bbox 685 2806 761 2829; x_wconf 87' lang='lat' dir='ltr'>eam</span> <span class='ocrx_word' id='word_1_503' title='bbox 787 2794 855 2829; x_wconf 84' lang='lat' dir='ltr'>nisi</span> <span class='ocrx_word' id='word_1_504' title='bbox 879 2793 950 2828; x_wconf 86' lang='lat' dir='ltr'>alio</span> <span class='ocrx_word' id='word_1_505' title='bbox 974 2794 1107 2827; x_wconf 83' lang='lat' dir='ltr'>flexu</span> <span class='ocrx_word' id='word_1_506' title='bbox 1129 2802 1204 2825; x_wconf 90' lang='lat' dir='ltr'>non</span> <span class='ocrx_word' id='word_1_507' title='bbox 1232 2795 1351 2834; x_wconf 84' lang='lat' dir='ltr'>potest</span> <span class='ocrx_word' id='word_1_508' title='bbox 1373 2792 1407 2831; x_wconf 85' lang='grc'>2,</span> <span class='ocrx_word' id='word_1_509' title='bbox 1435 2792 1488 2832; x_wconf 83' lang='grc'>17,</span> <span class='ocrx_word' id='word_1_510' title='bbox 1516 2789 1585 2825; x_wconf 88' lang='grc'><strong>29..</strong></span> <span class='ocrx_word' id='word_1_511' title='bbox 1603 2793 1656 2832; x_wconf 86' lang='lat' dir='ltr'>ut,</span> 
     </span>
    </p>
   </div>
  </div>
 </body>
</html>
