1728 3002
166 246 247 286 732
392 233 400 237 “
621 244 867 296 Quamlibet
897 270 952 279 -
983 245 1190 297 Quamvis

211 361 364 407 optim03
395 374 426 406 q.
453 359 621 393 facillime
650 361 705 401 10,
732 363 762 398 1.
791 361 824 396 4.
853 374 886 406 q.
917 362 1120 409 longissime
1144 364 1178 406 6,
1204 363 1240 406 4,
1264 368 1318 400 17.
1361 378 1395 411 q.
1421 365 1576 400 maxime
1597 366 1698 403 varie

208 413 245 450 7,
269 409 312 452 4,
339 411 394 441 12.
420 420 454 451 q.
479 405 624 440 minime
650 407 839 453 peregrina
861 409 896 450 8,
925 411 957 451 1,
980 412 1014 443 2.
1039 422 1073 454 q.
1098 410 1306 446 mollissime
1331 411 1366 455 6,
1397 410 1432 455 4,
1463 412 1518 454 19,
1561 411 1602 455 b)
1625 413 1695 455 adj.

211 468 260 542 pf)
273 468 376 534 s4se23
397 452 750 533 qpaugdffigsigeigrsie
774 465 796 498 p
811 455 1068 536 018381ρίζίῑί
1093 462 1140 536 ett
1153 458 1310 492 humano
1334 458 1498 504 ingressu
1523 460 1557 500 3.
1573 459 1696 538 ιῗκέἱξ).

208 515 563 598 tcaiion’em’vei-itagis
590 546 630 584 5.
665 524 741 589 12„
756 512 814 581 23.
837 512 899 581 niit
915 512 1007 591 1ιζιίιῖῃ
1013 513 1117 594 quiid)
1134 510 1405 594 οῖῗεζέῑῗζηέυὲ
1400 515 1452 585 1υέ
1452 509 1506 584 iis
1507 515 1581 596 epa)
1591 515 1698 594 teudi,

211 606 244 638 q.
268 591 461 627 maxime
482 591 683 626 miserabile
706 603 785 627 esse
809 592 975 628 videatur
996 595 1030 637 6,
1060 598 1093 639 1,
1121 597 1177 631 15.
1225 596 1454 631 continuabat
1477 608 1510 642 q.
1527 602 1703 641 posset

206 639 440 685 plurimos
468 649 596 674 versus
625 642 691 681 11,
727 640 772 682 3,
808 639 864 675 54.
911 646 951 674 ut
975 653 1010 686 q.
1034 653 1217 686 possem
1240 642 1551 687 apertissime
1576 648 1699 677 osten-

208 687 331 721 derem
355 687 396 729 5,
422 688 483 728 12,
512 685 566 720 15.
615 697 650 729 q.
679 685 973 722 brevissime
998 688 1134 732 potui
1165 692 1204 733 1,
1233 691 1360 733 10,1.
1396 691 1443 732 5,
1473 692 1520 733 7,
1558 690 1614 724 37.
1661 691 1698 734 q.

207 731 367 778 potuit
400 730 700 767 truculentissime
731 743 812 766 eum
837 732 975 778 aspexit
999 735 1040 778 6,
1067 737 1084 768 1
1100 761 1110 777 ,
1147 734 1212 776 43;
1246 735 1365 769 omnia
1389 734 1641 780 compositiora
1663 740 1700 769 et

208 792 243 824 q.
278 789 364 813 nos
395 778 657 823 poterimus
688 779 931 814 elaborata
963 781 1019 814 Pr.
1049 782 1072 816 8
1097 782 1142 823 S;
1191 781 1286 816 dicet
1310 781 1441 826 scripta
1466 793 1598 826 quam
1620 791 1698 815 res

120 825 156 842 *¹
206 825 418 870 patietur
440 823 643 869 plurima
681 828 746 868 12,
782 827 828 869 9,
871 826 924 861 16.
970 828 1018 868 ΙΙ)
1044 829 1076 860 in
1102 830 1356 870 interrogatione
1386 841 1415 863 c.
1441 829 1588 871 emphasi
1612 839 1699 872 qua-

208 874 298 914 daga.
328 870 382 914 jz)
408 872 524 917 Quam
547 872 722 906 multum?
761 874 796 914 3,
824 873 859 915 6,
882 874 938 908 90.
968 885 1001 907 υ.
1027 873 1197 907 Multus
1221 875 1250 917 Ι,
1275 877 1312 917 β,
1340 874 1374 908 b.
1422 885 1458 918 q.
1482 873 1571 908 nihil
1594 884 1700 917 prae-

206 923 331 963 parato
355 918 484 952 secisse
501 917 644 953 videtur
667 918 703 961 4,
726 921 761 961 2,
786 919 842 953 58.
870 932 904 963 q.
931 917 1049 953 omnia
1067 920 1112 953 ad
1130 919 1319 955 victoriam
1336 925 1497 964 spectent
1518 922 1573 963 10,
1588 922 1623 962 2,
1639 922 1698 955 27.

209 975 337 1009 quam
372 965 542 998 decenter
574 970 724 999 tamen
760 964 918 1009 Sulpicio
947 965 1132 1000 scientiam
1163 964 1308 1011 petendi
1342 967 1550 1001 consulatus.
1569 964 1701 1000 ademit

208 1014 273 1054 11,
313 1010 444 1054 1,‘69.
493 1021 548 1056 qu
560 1022 624 1045 am
655 1010 754 1053 molli
787 1017 940 1046 autem
973 1012 1123 1046 articulo
1157 1011 1325 1048 tractavit
1361 1011 1532 1047 Catonem
1568 1012 1611 1046 ib.
1641 1013 1699 1046 70.

208 1070 243 1102 q.
274 1057 314 1090 in
344 1059 454 1091 altum
481 1057 590 1091 simus
623 1056 730 1091 ablati
765 1059 830 1100 12,
859 1059 917 1091 Pr.
944 1059 976 1093 3.
1025 1070 1059 1103 q.
1092 1058 1130 1092 id
1157 1069 1231 1092 non
1260 1064 1442 1103 oporteret
1465 1058 1598 1103 modo„
1636 1058 1700 1091 sed

207 1103 316 1138 etiam
338 1114 487 1138 necesse
515 1109 610 1138 esset
632 1107 697 1147 11,
724 1106 741 1137 1
755 1129 767 1146 ,
791 1104 847 1138 62.
897 1116 931 1148 q.
961 1104 997 1138 id
1021 1104 1114 1139 scire
1137 1104 1244 1150 facile
1267 1111 1320 1139 est
1345 1104 1479 1140 oratori
1493 1107 1569 1148 -12,
1596 1105 1641 1146 3,
1663 1104 1698 1138 9.

208 1150 360 1191 scireut,
397 1161 528 1194 quam
561 1149 734 1193 ejusmodi
764 1150 943 1184 actionem
969 1151 1075 1184 laturi
1108 1162 1203 1193 non
1227 1151 1380 1185 fuissent
1415 1152 1470 1194 9,
1497 1153 1543 1194 2,
1578 1150 1624 1186 80
1649 1150 1700 1186 N.

206 1198 251 1243 β)
275 1206 366 1240 quae
393 1195 484 1230 ratio
510 1202 553 1231 et
579 1209 712 1241 quam
732 1196 832 1231 varia
858 1197 1021 1230 narrandi
1047 1199 1103 1240 10,
1128 1200 1162 1240 2,
1187 1200 1244 1232 27.
1292 1202 1510 1242 quantam
1534 1207 1612 1242 rem
1633 1206 1702 1240 pe·-

207 1247 294 1285 tant,
323 1254 549 1286 quamque
573 1244 691 1276 nullus
708 1242 754 1277 sit
773 1244 843 1277 hoc
860 1243 1045 1287 proposito
1070 1243 1228 1287 praemio
1250 1243 1469 1279 recusandus
1490 1245 1624 1286 12,.11,
1639 1243 1700 1275 10.

207 1300 340 1333 quam
372 1288 606 1331 multiplicem
642 1300 875 1334 quamque
913 1290 1155 1333 scrupulosam
1187 1289 1463 1335 disputationem
1495 1291 1547 1332 9,
1577 1292 1623 1332 1,
1662 1290 1715 1322 7.·

206 1339 317 1386 quo-t
351 1344 506 1414 ganea,
543 1346 676 1379 quae,
713 1345 937 1380 quamque
967 1337 1099 1370 multae
1130 1336 1221 1380 (Sp.
1247 1347 1352 1390 quam
1377 1333 1604 1380 multaeque)
1629 1333 1701 1368 sint

205 1391 344 1425 species
371 1393 382 1412 ι
407 1405 415 1414 .
489 1405 498 1413 .

162 1458 422 1512 Quamlibet·
472 1468 513 1513 α)
537 1483 604 1514 seq.
641 1470 773 1504 Verbo}
817 1471 1084 1515 quamlibet
1108 1471 1217 1505 multa
1249 1470 1509 1518 egerimus,
1544 1469 1701 1514 quodam

208 1524 363 1552 tamen
386 1517 494 1550 modo
518 1521 681 1550 recentes
715 1527 836 1550 sumus
860 1518 902 1550 ad
927 1516 985 1560 id,
1016 1521 1048 1560 1,
1084 1519 1140 1560 12,
1170 1519 1203 1551 5.
1252 1518 1414 1562 quaml.
1438 1527 1518 1562 per
1542 1515 1640 1550 alia
1662 1516 1701 1550 in

206 1563 340 1599 scholis
368 1562 554 1597 exercitati
581 1574 672 1596 sum
685 1573 732 1596 us
764 1565 808 1611 2,
847 1565 913 1606 10,
947 1564 988 1606 9;
1005 1563 1061 1597 -si
1085 1574 1227 1597 omnem
1249 1563 1361 1598 vitam
1384 1574 1504 1606 suam,
1528 1575 1563 1607 q.
1592 1563 1703 1608 longa

205 1610 375 1652 fuerit,
412 1613 686 1643 consumserunt
721 1610 782 1651 12,
815 1611 878 1651 11,
915 1611 972 1643 20.
1019 1622 1055 1654 q.
1081 1620 1232 1653 parvum
1260 1610 1344 1653 sit,
1383 1609 1480 1654 quod
1509 1609 1702 1642 contulerit

207 1663 304 1692 aetas
321 1656 431 1700 prior,
456 1655 588 1698 majora
619 1660 766 1688 tamen
791 1654 906 1699 aliqua
928 1655 1041 1689 discet
1063 1666 1153 1699 puer
1167 1663 1228 1689 eic-
1242 1658 1288 1698 >1,
1315 1659 1348 1698 1,
1364 1657 1419 1690 18.
1444 1653 1489 1694 cs.
1515 1657 1550 1697 5,
1568 1656 1623 1697 13,
1642 1655 1700 1690 56.

206 1702 326 1749 prodit
346 1714 397 1745 se,
424 1701 618 1746 quamlibet
636 1699 865 1743 custodiatur,
893 1700 1070 1736 simulatio
1094 1704 1150 1745 12,
1176 1704 1210 1744 1,
1233 1702 1300 1744 29;
1331 1706 1371 1736 ut
1393 1705 1534 1736 assueta
1551 1706 1703 1747 gymna-

209 1750 270 1784 siis
299 1759 470 1792 corpora‚
497 1760 531 1792 q.
557 1747 651 1781 sint
675 1746 713 1780 in
737 1746 809 1781 suis
834 1747 1082 1781 certaminibus
1108 1747 1283 1792 speciosa,
1309 1747 1340 1782 si
1364 1755 1426 1782 etc.
1451 1745 1616 1781 deficiant
1641 1748 1700 1790 11,

208 1799 250 1836 3,
276 1796 335 1830 26.
365 1794 411 1837 cs.
438 1797 504 1837 11,
532 1796 572 1836 2,
598 1796 655 1827 20.
703 1793 804 1827 caedi
830 1793 1043 1838 discipulos,
1074 1794 1273 1838 quamlibet
1300 1794 1391 1838 (Sp.
1415 1790 1640 1838 quanquam)
1664 1797 1703 1827 et

207 1847 392 1886 receptum
415 1839 461 1875 sit
488 1847 548 1873 ete.
576 1839 722 1873 minime
745 1839 856 1875 velim
893 1843 934 1882 1,
967 1843 1013 1883 3,
1053 1839 1098 1873 14
1119 1844 1162 1874 Ζ.
1209 1839 1248 1885 β)
1273 1853 1302 1874 c.
1326 1839 1411 1883 Adj.
1434 1843 1490 1873 vel
1509 1840 1623 1874 Adv.:
1664 1837 1695 1846 ‘¹

208 1889 361 1924 dicendo
397 1898 433 1932 q.
459 1887 642 1920 abundans
677 1897 797 1920 rerum
824 1885 928 1930 copia
961 1887 1140 1920 cumulum
1175 1891 1312 1920 tantum
1334 1886 1464 1920 habeat
1484 1891 1590 1930 atque
1613 1894 1685 1918 con
1719 1906 1721 1908 -

206 1941 345 1983 gestum
367 1937 402 1976 7,
425 1933 487 1968 Pr.
515 1934 548 1967 1.
573 1945 607 1977 q.
633 1933 728 1966 enim
753 1938 912 1976 aperttun
939 1933 980 1975 9,
1009 1935 1056 1975 2,
1079 1933 1138 1967 67.
1166 1932 1330 1967 oratione
1357 1945 1391 1977 q.
1417 1932 1512 1966 clara
1537 1932 1572 1975 8,
1603 1931 1640 1974 6,
1663 1930 1697 1966 4.

207 1995 241 2027 q.
268 1980 391 2027 gravia
425 1982 490 2021 11,
529 1981 569 2022 1,
606 1979 662 2014 58.
711 1978 772 2023 qui
801 1978 948 2013 horride
978 1984 1084 2023 atque
1107 1978 1362 2022 incomposite,
1397 1977 1564 2023 quaml.
1593 1976 1650 2019 (a.
1675 1980 1689 2011 1
1722 2007 1725 2013 ,.

206 2026 398 2072 quidlibet)
425 2025 546 2059 illud
580 2024 749 2070 frigidum
777 2030 813 2059 et
845 2025 952 2059 inane
975 2025 1181 2059 extulerunt
1214 2027 1278 2067 10,
1310 2027 1352 2067 2,
1389 2026 1434 2058 17
1455 2023 1503 2058 N.
1526 2029 1557 2056 el
1581 2023 1619 2058 S.
1650 2033 1689 2068 «q
1711 2021 1721 2033 ⁹

205 2073 385 2108 imbecilla
407 2073 509 2106 frons
534 2074 601 2113 12,
627 2073 667 2114 5,
690 2069 724 2104 4.
768 2083 801 2115 q.
826 2071 935 2118 longo
958 2070 1096 2108 itinere,
1112 2073 1177 2114 11,
1199 2073 1246 2114 2,
1269 2071 1306 2105 6.
1342 2082 1385 2114 q.¹
1402 2079 1550 2118 magnus
1572 2073 1657 2103 auct

205 2122 248 2163 9,
272 2120 315 2163 4,
349 2119 404 2154 16.
453 2130 486 2163 q.
511 2118 630 2151 multis
655 2117 831 2161 exemplis
867 2118 911 2160 6,
953 2119 998 2159 5,
1037 2119 1070 2152 9.
1109 2116 1154 2158 cf.
1180 2119 1243 2160 11,
1266 2119 1309 2159 2,
1338 2118 1396 2151 51.
1442 2115 1688 2160 expugnanda·

207 2166 383 2208 civitates,
412 2177 447 2209 q.
471 2164 642 2208 praecisis
664 2163 852 2207 impositae
877 2164 1024 2207 rupibus
1049 2165 1105 2206 12,
1132 2164 1168 2206 9,
1191 2165 1225 2196 2.
1271 2161 1311 2196 in
1336 2161 1419 2196 stilo
1445 2174 1480 2206 q.
1507 2165 1685 2206 properat«
1706 2200 1711 2215 4

209 2215 276 2254 10,
313 2214 355 2255 3,
393 2212 448 2246 19.
497 2223 532 2254 q.
559 2211 708 2254 pulchra
739 2209 874 2244 locutio
908 2212 949 2252 2,
986 2207 1031 2252 4,
1069 2211 1126 2243 32.
1174 2208 1395 2255 singulorum
1417 2206 1579 2254 fatigatio
1601 2219 1636 2251 q.
1661 2215 1711 2250 s'g

206 2258 286 2292 rudi
319 2255 562 2291 modulatione
596 2257 731 2291 solatur
767 2259 810 2300 1,
848 2258 915 2300 10,
949 2256 1013 2298 163
1051 2260 1090 2288 ut
1117 2254 1238 2306 omnia
1272 2267 1307 2300 q.
1338 2255 1494 2290 verbose
1517 2262 1679 2297 exponar

207 2308 274 2347 12,
302 2305 343 2348 8,
375 2307 397 2339 7
421 2304 467 2337 Ν.

164 2382 384 2433 Quamvis.
433 2407 467 2439 q.
496 2399 573 2428 est
598 2393 722 2428 enim
755 2392 807 2437 (α.
836 2397 859 2428 Ζ.
889 2393 984 2427 enim
1008 2395 1078 2436 est)
1105 2392 1219 2427 omnis
1246 2391 1444 2436 hyperbole
1466 2391 1558 2424 ultra
1581 2389 1671 2423 flden

207 2451 281 2474 non
314 2447 470 2474 tamen
504 2452 584 2475 esse
617 2441 723 2474 debet
744 2442 837 2474 ultra
862 2440 1007 2473 modum
1032 2441 1078 2482 8,
1102 2440 1144 2482 6,
1167 2441 1233 2480 73;
1260 2451 1294 2483 q.
1322 2436 1438 2472 enim
1459 2447 1542 2481 pars
1567 2435 1667 2469 bell

206 2486 385 2530 posterior
410 2486 599 2531 participio
623 2486 780 2530 insistat,
813 2485 954 2529 utrique
987 2486 1159 2520 convenit
1193 2485 1282 2518 illud
1315 2483 1456 2518 edico
1489 2483 1532 2525 9,
1567 2483 1610 2524 3,
1632 2480 1664 2515 »6

207 2544 242 2574 q.
267 2532 382 2565 neutri
410 2533 554 2566 dubium
580 2532 642 2574 sit,
673 2534 762 2566 haec
788 2543 866 2566 esse
890 2531 1033 2566 diversa
1057 2533 1100 2573 8,
1133 2533 1177 2574 6,
1209 2531 1267 2565 36.
1313 2530 1523 2575 q.·multum
1546 2530 1642 2561 aocet
1686 2543 1688 2547 >
1718 2549 1722 2560 i

207 2577 279 2610 hoc
304 2588 446 2621 quoque
469 2578 641 2613 momenti
665 2598 709 2604 —
734 2584 895 2612 tamen
924 2581 988 2621 11,
1016 2581 1055 2620 1,
1083 2580 1139 2611 20.
1173 2589 1207 2621 q.
1235 2576 1268 2610 ei
1291 2576 1466 2610 secundas
1491 2574 1570 2607 fere
1597 2571 1683 2614 def,
1719 2592 1721 2594 -

205 2628 260 2654 rat
288 2625 352 2664 10,
385 2627 399 2656 1
416 2650 426 2665 ,
451 2627 508 2658 53.
555 2623 807 2668 compositioni
829 2623 976 2658 Latinos
1002 2623 1113 2670 magis
1137 2622 1327 2656 indulsisse
1355 2631 1458 2666 quam
1481 2617 1631 2659 Atticos,
1683 2654 1689 2663 Δ·

210 2667 256 2710 (α.
282 2671 304 2700 1.
330 2668 419 2711 quo)
443 2670 559 2704 minus
586 2670 623 2704 in
647 2670 769 2705 verbis
791 2671 946 2704 habeant
970 2669 1154 2704 varietatis
1178 2674 1214 2702 et
1237 2667 1371 2714 gratiae
1394 2666 1467 2717 9,ο
1482 2663 1535 2716 ’ξφ
1557 2662 1626 2716 14;5
1651 2694 1653 2696 .

209 2725 243 2756 q.
270 2712 473 2747 indifferens
498 2717 667 2750 habeatur
689 2717 811 2750 ultima
837 2719 881 2750 ib.
904 2718 961 2751 93.
987 2729 1022 2761 q.
1040 2715 1166 2759 Lysias
1185 2711 1429 2747 defensionem
1456 2710 1514 2742 1111*
1533 2720 1627 2752 scrip

209 2757 414 2801 obtulisset,
449 2761 501 2793 uti
535 2772 577 2794 ea
608 2762 724 2795 noluit
760 2765 827 2804 11,
865 2766 906 2803 1,
947 2765 1000 2799 11.
1052 2774 1089 2805 q.
1114 2762 1235 2806 fulgor
1260 2758 1322 2791 ille
1345 2755 1504 2790 sinistras
1526 2755 1651 2802 imagin

208 2805 332 2838 reddat
358 2807 413 2845 11,
441 2807 475 2846 3,
500 2806 564 2848 683
590 2809 738 2840 multum
764 2812 800 2840 et
816 2818 926 2842 verae
946 2806 1081 2852 gloriae
1106 2819 1141 2850 q.
1158 2815 1232 2838 uno
1256 2803 1349 2837 libro
1366 2801 1493 2837 meruit
1513 2804 1569 2845 10,
1591 2803 1648 2844 1,!

212 2863 246 2894 q.
275 2851 373 2884 nullo
397 2850 551 2885 instante
580 2854 619 2894 1,
650 2856 715 2894 12,
743 2853 778 2887 9.
