1728 3002
148 212 230 256 1⁵8
350 215 361 220 “
646 212 851 258 Confusio
879 239 936 248 ·—-
964 215 1193 275 Congrego

189 333 244 366 tot
269 327 462 375 disciplinis
487 328 526 365 in
549 327 730 365 diversum
753 329 980 366 tendentibus
1002 333 1036 375 1,
1061 334 1118 377 12,
1142 334 1177 368 1.
1214 331 1400 378 timentes,
1426 345 1475 371 ne
1496 335 1680 381 sequentia

188 377 363 422 perdant,
397 377 518 420 priora
544 377 767 411 confundant
790 378 856 419 10,
879 377 924 420 5,
949 379 995 412 23
1014 378 1067 415 Ν.
1101 379 1244 413 interim
1268 379 1445 427 pigritiam
1466 382 1680 417 emendandi

190 422 576 512 ἓὲξὲῗέἓῃῗῗέωᾰ.
594 428 675 513 {32
682 427 985 512 “53311'815'3'3‘5
1005 422 1287 506 ἮΘἛΞἚΜΞ.
1305 428 1390 480 ‘⁸³²‘
1411 429 1680 509 ’ἒθῗὲῃξῗῖἰὲἓ

191 517 355 559 dactylos
383 515 583 549 confundas
613 516 660 557 9,
692 513 737 557 4,
768 513 826 550 49.
872 495 1032 558 subiecta
1059 496 1130 551 sibi
1165 484 1519 553 vocalisqiliimilunum
1549 531 1679 556 sonum

192 563 466 596 coalescere
499 567 535 595 et
569 560 796 595 confundi
822 561 945 605 nequit
973 565 1007 605 1,
1036 566 1071 606 7,
1098 564 1155 598 26.
1193 574 1264 608 quo
1288 564 1437 609 (ordine)
1465 567 1617 600 contuso
1640 570 1678 610 7,

190 609 250 642 Pr.
277 609 315 650 33
356 607 387 641 si
413 607 599 641 Atticis
626 607 764 640 Dorica
791 614 852 640 etc.
881 607 975 643 dicta
1000 610 1198 647 confundas
1222 611 1265 654 8,
1292 612 1334 654 3,
1359 611 1417 646 59.
1457 613 1679 647 confundent

191 665 252 688 ex
279 653 430 688 diversis
457 654 655 688 orationem
683 655 743 695 10,
769 656 805 695 7,
830 653 874 695 63
910 660 951 688 ut
970 655 1090 689 omnia
1111 657 1264 690 tumultu
1288 655 1339 700 (a.
1364 661 1386 692 l.
1415 657 1454 692 in
1477 658 1680 702 tumultum)

189 700 413 734 confundant
434 700 469 742 6,
493 699 529 743 4,
556 703 613 733 11.
638 710 705 733 nec
729 699 952 735 volubilitate
974 700 1101 743 nimia,
1129 713 1221 746 quae
1237 701 1400 741 dicimus,
1426 704 1680 740 confundenda

191 749 248 789 11,
273 748 308 789 3,
332 747 396 788 52;
445 748 568 779 Partic.
585 760 595 779 .·
627 746 798 779 confusus
822 745 923 780 stilus
948 749 982 790 1,
1006 750 1040 790 1,
1063 748 1122 783 28.
1151 748 1322 784 connisus
1346 755 1445 783 metu
1471 753 1506 792 1,
1535 753 1592 793 10,
1618 749 1678 786 46.

187 792 305 840 longis
330 792 535 836 hyperbatis
559 798 595 825 et
619 791 779 825 confusis
805 790 871 835 (sic
891 796 936 828 Z.
962 807 1005 828 ex
1025 796 1123 828 Amb.
1142 796 1186 838 13
1215 796 1289 840 Sp.
1312 812 1357 821 —
1375 796 1463 842 hyp.
1488 797 1547 832 Ex
1568 789 1682 842 conf.)
1708 809 1713 815 ·

191 850 282 883 quae
306 838 396 874 vitia
420 838 586 872 accidunt
609 839 645 882 8,
670 838 707 881 6,
730 838 776 873 67
800 839 838 872 S.

145 884 366 929 ConfUSiO·
409 900 598 940 utrocunq.
623 896 732 930 modo
761 900 930 939 sequetur
951 905 1088 930 summa
1111 897 1209 931 conf.
1233 898 1278 938 3,
1302 897 1347 941 6,
1373 898 1432 934 29.
1474 910 1542 933 nec
1564 898 1681 934 virtus

188 948 338 986 utraque
361 948 486 986 pereat
510 941 587 985 ipsa
614 941 828 975 confusione
853 943 910 984 12,
934 943 991 984 10,
1015 944 1073 978 35.
1104 942 1153 977 ita
1176 948 1302 978 natura
1326 954 1371 978 co
1396 946 1513 988 ulata,
1538 950 1579 979 ut
1599 956 1681 979 mu·-

188 987 257 1022 tari
285 993 347 1022 aut
372 987 552 1022 intervelli
579 987 656 1022 sine
680 988 777 1022 conf.
802 998 879 1021 non
904 988 1042 1033 possint
1067 990 1136 1034 10,
1159 992 1203 1034 7,
1229 990 1271 1034 5;
1311 1001 1362 1024 un
1386 1002 1408 1025 e
1431 991 1618 1036 confusio,
1645 996 1683 1026 et

190 1034 310 1078 coepti
337 1034 556 1078 poenitentia
579 1042 642 1068 etc.
672 1037 728 1077 12,
753 1033 788 1077 5,
814 1036 849 1068 3.
1279 1054 1283 1055 ⁷

145 1079 394 1135 Congeries·
435 1091 596 1134 flamma,
626 1101 718 1135 quae
743 1101 873 1138 magna
897 1089 1066 1138 congerie
1090 1092 1323 1127 convaluerat
1345 1093 1380 1136 5,
1403 1094 1462 1138 13,
1489 1095 1554 1137 133
1592 1103 1683 1128 con-

189 1142 284 1171 stare
308 1136 620 1181 amplificationem
642 1136 940 1170 incremento
968 1155 1012 1161 —
1038 1137 1269 1184 congerie
1294 1140 1330 1183 8,
1356 1137 1400 1182 4,
1424 1136 1681 1188 3.ὀοιιὲει·ἰθε

188 1184 386 1218 verborum
412 1194 453 1217 ac
475 1181 732 1217 sententiarum
758 1181 854 1216 idem
878 1181 1154 1229 significantium
1182 1185 1226 1217 ib.
1252 1185 1310 1220 26.
1339 1184 1422 1220 illic
1446 1185 1602 1231 plurium
1620 1197 1682 1221 re-

188 1241 269 1263 rum
296 1235 350 1263 est
378 1239 533 1277 cong.‚
559 1228 619 1262 hic
642 1228 748 1262 unius
773 1227 1181 1272 multiplicatioib.
1205 1231 1263 1264 27.
1595 1252 1601 1253 ⁷

141 1274 355 1330 congero.
411 1284 445 1329 1)
473 1288 627 1329 proprie.-
659 1291 779 1320 cetera
802 1284 1004 1319 aedificanti
1028 1285 1130 1319 utilia
1157 1292 1353 1333 congerere
1380 1290 1424 1331 7,
1448 1287 1508 1321 Pr.
1532 1288 1566 1321 1.
1600 1289 1682 1332 plus

188 1332 312 1376 judicii
334 1332 373 1365 in
397 1331 710 1378 congerendis
738 1343 844 1376 quam
866 1331 905 1364 in
927 1330 1168 1377 eligendis
1196 1331 1326 1376 (dictis)
1354 1332 1515 1367 adhibuit
1536 1334 1572 1376 6,
1597 1336 1632 1378 3,
1646 1335 1684 1370 5.

186 1380 240 1420 11)
266 1381 300 1411 in
324 1379 484 1411 dicendo.-
513 1378 575 1411 illa
599 1378 719 1417 (citam
742 1378 1024 1421 pronuntiatione)
1048 1377 1275 1424 congerimus
1299 1386 1361 1412 etc.
1387 1381 1443 1423 11,
1463 1381 1501 1422 3,
1523 1382 1588 1413 111
1613 1382 1680 1424 Ν.;

188 1435 281 1469 quae
305 1436 371 1468 per
395 1435 434 1458 se
460 1423 556 1458 levia
581 1429 664 1457 sunt
695 1429 731 1457 et
755 1423 914 1466 infirma,
949 1424 1053 1457 turba
1077 1426 1212 1458 valent.
1269 1425 1429 1470 Ideoque
1455 1427 1683 1472 congerenda

188 1475 273 1504 sunt
296 1470 435 1514 potius,
462 1476 498 1508 et
522 1471 624 1504 velut
645 1470 749 1503 turba
772 1470 997 1516 pugnandum
1019 1468 1055 1513 4,
1080 1470 1115 1512 5,
1138 1473 1173 1505 7.
1200 1470 1402 1514 accusatori
1425 1479 1681 1519 congerere

187 1522 418 1563 argumenta,
445 1526 510 1549 reo
535 1515 803 1551 dissolvere
828 1516 997 1560 expediet
1018 1517 1053 1559 5,
1078 1517 1136 1559 13,
1151 1515 1215 1551 15.
1241 1528 1337 1551 vana
1361 1516 1569 1562 (maledicta)
1593 1528 1682 1553 con-

189 1562 281 1610 gerit
304 1564 348 1606 7,
373 1565 416 1604 2,
442 1561 500 1596 34.
535 1561 692 1606 undique
719 1567 956 1608 congerentes
980 1561 1128 1595 nomina
1152 1562 1387 1606 plurimorum
1410 1566 1597 1608 poetarum
1624 1565 1682 1608 10,

188 1614 222 1652 1,
251 1609 309 1644 56.
358 1610 436 1643 Nec
459 1608 573 1643 verba
596 1609 706 1641 modo
734 1610 799 1642 sed
822 1619 948 1642 sensus
972 1618 1116 1652 quoque
1141 1608 1238 1642 idem
1260 1608 1436 1643 facientes
1462 1620 1683 1646 acervan-

188 1661 275 1690 tur.
304 1673 350 1682 —-
378 1654 730 1701 *Congerantur
762 1659 798 1688 et
818 1652 972 1690 ‘diversa
996 1655 1040 1697 9,
1067 1656 1113 1697 3,
1140 1652 1198 1689 48.
1231 1654 1269 1688 in
1293 1656 1401 1689 rebus
1426 1660 1563 1691 temere
1590 1667 1683 1691 con-

187 1701 299 1748 gestis
323 1701 371 1742 (α.
391 1706 414 1735 l.
436 1700 627 1739 contextis)
654 1702 710 1743 10,
733 1702 768 1743 3,
791 1703 835 1735 17
847 1713 857 1744 3
887 1711 1084 1748 congerere
1102 1700 1255 1745 plurima
1271 1701 1499 1745 expositione
1513 1701 1550 1745 4,
1569 1701 1608 1745 2‚‘
1623 1704 1682 1738 82.

186 1749 384 1783 laboratam
407 1753 683 1794 congestamque
707 1746 845 1780 dierum
872 1758 915 1780 ac
937 1747 1098 1781 noctium
1123 1747 1241 1781 studio
1266 1747 1464 1782 orationem
1493 1750 1550 1791 12,
1576 1748 1611 1790 6,
1636 1748 1680 1792 5;

189 1805 248 1829 ex
277 1793 429 1828 diversis
461 1799 631 1840 congesta
659 1793 774 1828 oratio
802 1796 844 1836 2,
879 1795 940 1834 11,
970 1795 1005 1828 7.
1052 1792 1345 1836 conquisitas
1373 1798 1409 1826 et
1435 1804 1492 1827 ex
1518 1794 1683 1828 omnibus

187 1840 333 1875 latebris
363 1841 593 1874 detractas
626 1833 959 1886 congestasque
983 1838 1150 1881 (figuras)
1178 1839 1222 1881 9,
1249 1840 1292 1881 3,
1318 1839 1359 1880 53
1399 1838 1590 1882 juvenibus
1613 1840 1684 1874 flo-

188 1888 309 1921 sculos
333 1886 494 1920 omnium
521 1886 674 1929 partium
702 1885 752 1918 in
781 1897 847 1927 ea,
886 1896 977 1929 quae
1002 1890 1084 1918 sunt
1111 1883 1263 1926 dicturi,
1291 1885 1535 1931 congerentib.
1563 1888 1619 1928 10,
1647 1886 1683 1929 5,

188 1935 247 1967 23.
277 1932 396 1966 omnia
419 1932 591 1966 orationis
614 1931 747 1965 lumina
771 1931 820 1965 in
843 1931 940 1964 hunc
955 1931 1077 1964 locum
1097 1930 1259 1976 congerit
1272 1931 1306 1973 9,
1329 1933 1363 1973 1,
1386 1931 1444 1965 25.
1472 1930 1518 1972 cs,
1535 1930 1572 1974 4,
1594 1934 1629 1975 3,
1648 1934 1683 1966 3.

188 1985 229 2013 ut
253 1980 343 2013 haec
370 1979 415 2012 in
450 1989 560 2011 unum
594 1982 938 2025 congeruntur,
974 1976 1023 2009 ita
1056 1982 1181 2010 contra
1207 1975 1267 2010 ina
1295 1975 1513 2021 dispersa
1539 1982 1623 2012 sunt
1644 1979 1668 2014 9

188 2027 223 2066 3,
249 2026 307 2060 39.
340 2035 429 2070 quae
456 2024 502 2058 in
529 2036 611 2058 eum
635 2025 678 2058 ab
705 2023 858 2058 inimicis
882 2028 1053 2070 congesta
1078 2027 1159 2055 sunt
1186 2026 1243 2066 12,
1268 2025 1301 2065 1,
1329 2023 1382 2057 15.
1668 2035 1678 2042 ‘

145 2070 398 2126 congestus·
455 2082 639 2116 abundans
673 2081 777 2125 copia
814 2092 936 2115 rerum
970 2080 1207 2114 cumulum
1242 2084 1379 2122 tantum
1413 2080 1542 2114 habeat
1576 2085 1682 2125 atque
1712 2083 1719 2087 “

191 2135 469 2175 congestum
492 2132 535 2170 7,
564 2129 621 2161 Pr.
651 2130 682 2161 1.
719 2126 846 2172 [miles
871 2132 1044 2173 congestu
1081 2125 1148 2170 (Z.
1176 2138 1218 2159 ex
1241 2133 1322 2170 opu.
1352 2127 1455 2160 Codd.
1485 2126 1683 2171 concentu)

190 2175 374 2220 signorum
399 2173 578 2209 excitatur
602 2176 658 2217 10,
682 2176 718 2217 7,
743 2174 787 2208 16
813 2173 859 2206 N.
882 2186 929 2206 cr.
957 2180 988 2206 et
1013 2169 1073 2216 S.]

143 2220 433 2283 Congiarium·
469 2248 512 2256 -
538 2242 726 2266 commune
748 2229 970 2265 liberalitatis
995 2234 1065 2274 atq.
1093 2210 1282 2263 mensurae
1303 2228 1346 2271 6,
1371 2229 1414 2271 3,
1442 2223 1511 2262 52.’
1538 2239 1573 2262 v.
1597 2212 1685 2264 He-

189 2288 225 2309 m
237 2288 247 2309 1
260 2289 284 2310 n
298 2289 317 2309 a
328 2289 346 2309 r
358 2288 368 2309 1
378 2289 402 2309 u
411 2289 460 2311 m.

144 2322 421 2376 Congredior.
467 2333 625 2380 pugilum
652 2332 961 2380 congredientium
986 2328 1029 2375 8,
1058 2334 1101 2375 3,
1129 2331 1195 2373 63;
1239 2328 1356 2364 oratio
1382 2346 1428 2354 —
1453 2339 1570 2375 aequo
1595 2340 1686 2365 con-

191 2389 313 2424 gressa
329 2389 453 2432 campo
471 2383 527 2422 12,
542 2383 576 2421 9,
593 2383 626 2413 2.
658 2379 759 2424 quasi
777 2381 821 2412 ad
839 2379 1109 2426 repugnandum
1126 2386 1318 2422 congressa
1336 2375 1500 2410 defensio
1515 2378 1550 2420 3,
1566 2377 1603 2420 6,
1625 2378 1683 2412 13.

148 2423 451 2478 congregatlo·
487 2441 526 2468 ut
551 2435 587 2468 in
612 2436 774 2470 oratione
800 2446 923 2479 sparsa
946 2434 1216 2479 colligimus
1241 2438 1460 2479 argumenta,
1489 2444 1581 2478 quae
1602 2444 1686 2478 per

193 2491 243 2514 se
274 2479 364 2512 nihil
394 2491 495 2513 reum
527 2492 723 2526 aggravare
751 2481 959 2523 videantur,
1003 2478 1363 2526 congregatione
1399 2478 1529 2513 deinde
1558 2488 1684 2513 eorum

192 2527 326 2559 factum
350 2526 596 2559 convincimus
621 2528 655 2570 5,
680 2531 714 2569 7,
741 2529 795 2561 18.
824 2526 861 2560 in
880 2532 994 2560 totum
1018 2535 1223 2571 congreg.
1252 2524 1439 2558 criminum
1456 2529 1684 2559 accusantem

192 2572 350 2615 adjuvat,
380 2571 621 2614 separatio
649 2573 903 2606 defendentem
927 2575 962 2614 7,
988 2574 1021 2614 1,
1045 2573 1101 2606 31.
1129 2581 1249 2604 rerum
1273 2569 1498 2614 repetitio
1522 2575 1558 2604 et
1582 2581 1685 2604 con-

227 2627 341 2662 reg„
380 2628 471 2660 quae
496 2615 624 2649 dicitur
651 2618 788 2652 Graece
815 2614 1132 2662 ἀνακοφαλαίωσιε
1155 2617 1200 2660 6,
1226 2619 1243 2649 1
1259 2641 1270 2660 ,
1297 2619 1330 2650 1.
1369 2634 1414 2642 -
1438 2625 1684 2661 personarum,

208 2673 377 2705 cccrum,
401 2668 602 2705 temporum
626 2670 686 2695 etc.
714 2666 749 2706 3,
774 2666 808 2707 5,
835 2667 891 2698 17.

151 2708 391 2763 congrego·
433 2718 629 2752 infirmiora
654 2717 886 2763 (argumenta)
913 2729 982 2753 con
1047 2717 1160 2765 ganda
1186 2723 1269 2752 sunt
1291 2717 1336 2760 5,
1364 2718 1431 2759 12,
1455 2715 1492 2751 4.
1531 2727 1686 2765 congre-

194 2771 322 2813 gantur
345 2765 457 2800 verba
483 2764 578 2799 idem
600 2764 833 2812 significantia
854 2767 899 2809 9,
924 2766 966 2810 3,
1013 2765 1048 2800 5.
1078 2764 1216 2798 turbam
1240 2761 1439 2809 (verborum)
1468 2769 1687 2812 congregant

197 2813 254 2857 ιο,
280 2813 314 2856 1,
337 2814 374 2847 7.
1044 2832 1050 2837 -
