<?xml version="1.0" encoding="UTF-8"?>
<!DOCTYPE html PUBLIC "-//W3C//DTD XHTML 1.0 Transitional//EN"
    "http://www.w3.org/TR/xhtml1/DTD/xhtml1-transitional.dtd">
<html xmlns="http://www.w3.org/1999/xhtml" xml:lang="en" lang="en">
 <head>
  <title>
</title>
<meta http-equiv="Content-Type" content="text/html;charset=utf-8" />
  <meta name='ocr-system' content='tesseract 3.04.00' />
  <meta name='ocr-capabilities' content='ocr_page ocr_carea ocr_par ocr_line ocrx_word'/>
</head>
<body>
  <div class='ocr_page' id='page_1' title='image "./lexiconquintilia06bonnuoft_0030.png"; bbox 0 0 1702 3054; ppageno 0'>
   <div class='ocr_carea' id='block_1_1' title="bbox 91 203 1012 263">
    <p class='ocr_par' dir='ltr' id='par_1_1' title="bbox 91 203 1012 263">
     <span class='ocr_line' id='line_1_1' title="bbox 91 203 1012 263; baseline -0.001 -14"><span class='ocrx_word' id='word_1_1' title='bbox 91 213 210 250; x_wconf 79' lang='lat' dir='ltr'><em>xxu</em></span> <span class='ocrx_word' id='word_1_2' title='bbox 702 203 1012 263; x_wconf 73' lang='lat' dir='ltr'><em>prolegomena</em></span> 
     </span>
    </p>
   </div>
   <div class='ocr_carea' id='block_1_2' title="bbox 74 318 1702 2809">
    <p class='ocr_par' dir='ltr' id='par_1_2' title="bbox 74 318 1702 2809">
     <span class='ocr_line' id='line_1_2' title="bbox 89 318 1632 391; baseline -0.005 -18"><span class='ocrx_word' id='word_1_3' title='bbox 89 325 286 373; x_wconf 78' lang='lat' dir='ltr'><em>lecte&#39;ces</em></span> <span class='ocrx_word' id='word_1_4' title='bbox 305 337 352 384; x_wconf 85' lang='lat'><em>2,</em></span> <span class='ocrx_word' id='word_1_5' title='bbox 383 339 457 383; x_wconf 87' lang='lat'><em>17,</em></span> <span class='ocrx_word' id='word_1_6' title='bbox 485 326 557 376; x_wconf 82' lang='grc'><em>14.</em></span> <span class='ocrx_word' id='word_1_7' title='bbox 582 337 626 381; x_wconf 88' lang='grc'><em>2,</em></span> <span class='ocrx_word' id='word_1_8' title='bbox 649 337 730 382; x_wconf 86' lang='grc'><em>21,</em></span> <span class='ocrx_word' id='word_1_9' title='bbox 755 319 828 370; x_wconf 81' lang='grc'><em>15.</em></span> <span class='ocrx_word' id='word_1_10' title='bbox 846 321 1207 386; x_wconf 70' lang='lat' dir='ltr'><em>grammatices</em></span> <span class='ocrx_word' id='word_1_11' title='bbox 1231 337 1275 383; x_wconf 88' lang='lat'><em>1,</em></span> <span class='ocrx_word' id='word_1_12' title='bbox 1291 324 1337 380; x_wconf 89' lang='grc'><em>8,</em></span> <span class='ocrx_word' id='word_1_13' title='bbox 1360 333 1435 366; x_wconf 87' lang='grc'><em>12.</em></span> <span class='ocrx_word' id='word_1_14' title='bbox 1457 332 1568 391; x_wconf 25' lang='grc'>2,·1,</span> <span class='ocrx_word' id='word_1_15' title='bbox 1584 318 1632 365; x_wconf 89' lang='lat'><em>8.</em></span> 
     </span>
     <span class='ocr_line' id='line_1_3' title="bbox 87 397 1633 464; baseline -0.005 -12"><span class='ocrx_word' id='word_1_16' title='bbox 87 403 300 452; x_wconf 76' lang='lat' dir='ltr'><em>musices</em></span> <span class='ocrx_word' id='word_1_17' title='bbox 326 418 367 463; x_wconf 87' lang='lat'><em>1,</em></span> <span class='ocrx_word' id='word_1_18' title='bbox 394 418 469 464; x_wconf 83' lang='lat'><em>10,</em></span> <span class='ocrx_word' id='word_1_19' title='bbox 500 399 574 451; x_wconf 79' lang='lat'><em>15.</em></span> <span class='ocrx_word' id='word_1_20' title='bbox 599 401 680 455; x_wconf 84' lang='grc'><em>55.</em></span> <span class='ocrx_word' id='word_1_21' title='bbox 712 401 988 452; x_wconf 71' lang='lat' dir='ltr'><em>rhetorices</em></span> <span class='ocrx_word' id='word_1_22' title='bbox 1009 404 1092 450; x_wconf 92' lang='lat' dir='ltr'><em>Pr.</em></span> <span class='ocrx_word' id='word_1_23' title='bbox 1117 401 1193 449; x_wconf 80' lang='lat'><em>23.</em></span> <span class='ocrx_word' id='word_1_24' title='bbox 1219 417 1266 462; x_wconf 87' lang='grc'><em>2,</em></span> <span class='ocrx_word' id='word_1_25' title='bbox 1293 419 1335 460; x_wconf 94' lang='grc'><em>1,</em></span> <span class='ocrx_word' id='word_1_26' title='bbox 1358 415 1404 463; x_wconf 86' lang='grc'><strong>9.</strong></span> <span class='ocrx_word' id='word_1_27' title='bbox 1429 413 1483 447; x_wconf 86' lang='lat' dir='ltr'><em>et</em></span> <span class='ocrx_word' id='word_1_28' title='bbox 1505 397 1633 446; x_wconf 86' lang='lat' dir='ltr'>alibi</span> 
     </span>
     <span class='ocr_line' id='line_1_4' title="bbox 85 479 1632 544; baseline -0.005 -11"><span class='ocrx_word' id='word_1_29' title='bbox 85 502 136 534; x_wconf 84' lang='lat' dir='ltr'><em>v.</em></span> <span class='ocrx_word' id='word_1_30' title='bbox 157 486 292 532; x_wconf 82' lang='lat' dir='ltr'><em>Lex.</em></span> <span class='ocrx_word' id='word_1_31' title='bbox 366 484 572 532; x_wconf 79' lang='lat' dir='ltr'>Contra</span> <span class='ocrx_word' id='word_1_32' title='bbox 590 482 818 531; x_wconf 78' lang='lat' dir='ltr'><em>Latinas</em></span> <span class='ocrx_word' id='word_1_33' title='bbox 838 485 1032 532; x_wconf 81' lang='lat' dir='ltr'><em>formas</em></span> <span class='ocrx_word' id='word_1_34' title='bbox 1053 484 1240 532; x_wconf 85' lang='lat' dir='ltr'><em>habes:</em></span> <span class='ocrx_word' id='word_1_35' title='bbox 1274 481 1323 544; x_wconf 90' lang='grc'><em>5,</em></span> <span class='ocrx_word' id='word_1_36' title='bbox 1343 486 1390 539; x_wconf 93' lang='grc'><em>4,</em></span> <span class='ocrx_word' id='word_1_37' title='bbox 1416 495 1492 528; x_wconf 87' lang='grc'><strong>10.</strong></span> <span class='ocrx_word' id='word_1_38' title='bbox 1521 479 1632 527; x_wconf 89' lang='lat' dir='ltr'><em>dia-</em></span> 
     </span>
     <span class='ocr_line' id='line_1_5' title="bbox 83 560 1653 626; baseline -0.003 -14"><span class='ocrx_word' id='word_1_39' title='bbox 83 564 307 614; x_wconf 84' lang='lat' dir='ltr'><em>lecticae.</em></span> <span class='ocrx_word' id='word_1_40' title='bbox 353 562 409 626; x_wconf 88' lang='lat'><em>6,</em></span> <span class='ocrx_word' id='word_1_41' title='bbox 442 581 496 625; x_wconf 86' lang='lat'><em>2,</em></span> <span class='ocrx_word' id='word_1_42' title='bbox 523 579 602 613; x_wconf 88' lang='lat'><em>22.</em></span> <span class='ocrx_word' id='word_1_43' title='bbox 645 564 1046 613; x_wconf 73' lang='lat' dir='ltr'><strong><em>Andromachae.</em></strong></span> <span class='ocrx_word' id='word_1_44' title='bbox 1100 569 1158 625; x_wconf 91' lang='grc'><em>8,</em></span> <span class='ocrx_word' id='word_1_45' title='bbox 1187 573 1243 622; x_wconf 88' lang='grc'><em>4,</em></span> <span class='ocrx_word' id='word_1_46' title='bbox 1278 579 1358 611; x_wconf 85' lang='grc'><em>21.</em></span> <span class='ocrx_word' id='word_1_47' title='bbox 1393 560 1653 610; x_wconf 71' lang='lat' dir='ltr'><em>Helenae-</em></span> 
     </span>
     <span class='ocr_line' id='line_1_6' title="bbox 85 643 1632 708; baseline -0.004 -14"><span class='ocrx_word' id='word_1_48' title='bbox 85 648 138 708; x_wconf 82' lang='lat' dir='ltr'><em>c)</em></span> <span class='ocrx_word' id='word_1_49' title='bbox 172 644 487 693; x_wconf 83' lang='lat' dir='ltr'><em>Accusati</em></span> <span class='ocrx_word' id='word_1_50' title='bbox 502 662 619 694; x_wconf 86' lang='lat' dir='ltr'><em>vus</em></span> <span class='ocrx_word' id='word_1_51' title='bbox 643 662 676 692; x_wconf 81' lang='lat' dir='ltr'><em>a</em></span> <span class='ocrx_word' id='word_1_52' title='bbox 696 645 1047 696; x_wconf 80' lang='lat' dir='ltr'><em>Nominativo</em></span> <span class='ocrx_word' id='word_1_53' title='bbox 1069 663 1103 692; x_wconf 88' lang='lat' dir='ltr'><em>a</em></span> <span class='ocrx_word' id='word_1_54' title='bbox 1125 646 1367 692; x_wconf 82' lang='lat' dir='ltr'><em>deflexus</em></span> <span class='ocrx_word' id='word_1_55' title='bbox 1382 679 1395 704; x_wconf 85' lang='lat'><strong><em>,</em></strong></span> <span class='ocrx_word' id='word_1_56' title='bbox 1418 659 1450 690; x_wconf 87' lang='lat' dir='ltr'><em>a</em></span> <span class='ocrx_word' id='word_1_57' title='bbox 1466 643 1632 689; x_wconf 88' lang='lat' dir='ltr'><em>Zum-</em></span> 
     </span>
     <span class='ocr_line' id='line_1_7' title="bbox 81 708 1633 793; baseline -0.004 -19"><span class='ocrx_word' id='word_1_58' title='bbox 81 725 201 793; x_wconf 85' lang='lat' dir='ltr'><em>ptio</em></span> <span class='ocrx_word' id='word_1_59' title='bbox 244 724 315 773; x_wconf 66' lang='lat' dir='ltr'><em>ex&#39;</em></span> <span class='ocrx_word' id='word_1_60' title='bbox 350 724 707 773; x_wconf 81' lang='lat' dir='ltr'><em>Ambrosiano</em></span> <span class='ocrx_word' id='word_1_61' title='bbox 741 727 780 774; x_wconf 92' lang='lat' dir='ltr'><em>I.</em></span> <span class='ocrx_word' id='word_1_62' title='bbox 821 739 1105 791; x_wconf 83' lang='lat' dir='ltr'><em>receptus,</em></span> <span class='ocrx_word' id='word_1_63' title='bbox 1143 743 1267 774; x_wconf 84' lang='lat' dir='ltr'><em>raro</em></span> <span class='ocrx_word' id='word_1_64' title='bbox 1314 737 1411 772; x_wconf 86' lang='lat' dir='ltr'><em>aut</em></span> <span class='ocrx_word' id='word_1_65' title='bbox 1449 708 1633 788; x_wconf 63' lang='lat' dir='ltr'><em>pofius</em></span> 
     </span>
     <span class='ocr_line' id='line_1_8' title="bbox 81 800 1633 872; baseline -0.002 -19"><span class='ocrx_word' id='word_1_66' title='bbox 81 809 237 854; x_wconf 87' lang='lat' dir='ltr'><em>nullo</em></span> <span class='ocrx_word' id='word_1_67' title='bbox 258 806 313 853; x_wconf 86' lang='lat' dir='ltr'><em>in</em></span> <span class='ocrx_word' id='word_1_68' title='bbox 337 824 498 872; x_wconf 84' lang='lat' dir='ltr'><em>prosa</em></span> <span class='ocrx_word' id='word_1_69' title='bbox 519 808 767 872; x_wconf 68' lang='lat' dir='ltr'><em>exemplo</em></span> <span class='ocrx_word' id='word_1_70' title='bbox 790 806 1059 872; x_wconf 82' lang='lat' dir='ltr'><em>reperitur</em></span> <span class='ocrx_word' id='word_1_71' title='bbox 1080 807 1368 871; x_wconf 82' lang='lat' dir='ltr'><em>allegorian</em></span> <span class='ocrx_word' id='word_1_72' title='bbox 1390 800 1437 865; x_wconf 84' lang='lat'><em>5,</em></span> <span class='ocrx_word' id='word_1_73' title='bbox 1459 821 1479 850; x_wconf 80' lang='grc'><em>1</em></span> <span class='ocrx_word' id='word_1_74' title='bbox 1494 819 1536 863; x_wconf 86' lang='grc'><em>1,</em></span> <span class='ocrx_word' id='word_1_75' title='bbox 1551 817 1633 862; x_wconf 85' lang='lat'><em>21,</em></span> 
     </span>
     <span class='ocr_line' id='line_1_9' title="bbox 81 882 1632 955; baseline -0.004 -20"><span class='ocrx_word' id='word_1_76' title='bbox 81 887 183 935; x_wconf 86' lang='lat' dir='ltr'><em>nisi</em></span> <span class='ocrx_word' id='word_1_77' title='bbox 218 890 370 952; x_wconf 89' lang='lat' dir='ltr'><em>quod</em></span> <span class='ocrx_word' id='word_1_78' title='bbox 399 904 577 953; x_wconf 84' lang='lat' dir='ltr'><strong>nuper</strong></span> <span class='ocrx_word' id='word_1_79' title='bbox 605 888 840 955; x_wconf 78' lang='lat' dir='ltr'>Spengel</span> <span class='ocrx_word' id='word_1_80' title='bbox 875 889 1077 949; x_wconf 83' lang='lat' dir='ltr'><em>(Praef.</em></span> <span class='ocrx_word' id='word_1_81' title='bbox 1110 906 1163 954; x_wconf 90' lang='lat' dir='ltr'><em>p.</em></span> <span class='ocrx_word' id='word_1_82' title='bbox 1187 886 1351 951; x_wconf 81' lang='lat' dir='ltr'><em>an)</em></span> <span class='ocrx_word' id='word_1_83' title='bbox 1386 898 1441 934; x_wconf 85' lang='lat' dir='ltr'><em>et</em></span> <span class='ocrx_word' id='word_1_84' title='bbox 1472 882 1632 932; x_wconf 89' lang='lat' dir='ltr'><em>Ottfr.</em></span> 
     </span>
     <span class='ocr_line' id='line_1_10' title="bbox 82 963 1633 1032; baseline -0.004 -16"><span class='ocrx_word' id='word_1_85' title='bbox 82 970 284 1016; x_wconf 69' lang='lat' dir='ltr'><em>Muller</em></span> <span class='ocrx_word' id='word_1_86' title='bbox 302 969 489 1032; x_wconf 76' lang='lat' dir='ltr'><em>(praef.</em></span> <span class='ocrx_word' id='word_1_87' title='bbox 511 985 563 1032; x_wconf 89' lang='lat' dir='ltr'><em>p.</em></span> <span class='ocrx_word' id='word_1_88' title='bbox 588 972 827 1031; x_wconf 77' lang='lat' dir='ltr'>XXXIX),</span> <span class='ocrx_word' id='word_1_89' title='bbox 867 967 969 1017; x_wconf 85' lang='lat' dir='ltr'><em>viri</em></span> <span class='ocrx_word' id='word_1_90' title='bbox 996 969 1168 1032; x_wconf 88' lang='lat' dir='ltr'><em>docti,</em></span> <span class='ocrx_word' id='word_1_91' title='bbox 1202 968 1262 1017; x_wconf 87' lang='lat' dir='ltr'><em>in</em></span> <span class='ocrx_word' id='word_1_92' title='bbox 1279 963 1539 1019; x_wconf 81' lang='lat' dir='ltr'>Varronis</span> <span class='ocrx_word' id='word_1_93' title='bbox 1564 966 1633 1010; x_wconf 85' lang='lat' dir='ltr'><em>de</em></span> 
     </span>
     <span class='ocr_line' id='line_1_11' title="bbox 79 1043 1634 1115; baseline -0.003 -21"><span class='ocrx_word' id='word_1_94' title='bbox 79 1047 270 1115; x_wconf 80' lang='lat' dir='ltr'><em>lingua</em></span> <span class='ocrx_word' id='word_1_95' title='bbox 291 1047 496 1095; x_wconf 81' lang='lat' dir='ltr'><em>Latina</em></span> <span class='ocrx_word' id='word_1_96' title='bbox 514 1046 656 1095; x_wconf 87' lang='lat' dir='ltr'><em>libris</em></span> <span class='ocrx_word' id='word_1_97' title='bbox 678 1047 966 1095; x_wconf 82' lang='lat' dir='ltr'><em>ediderunt</em></span> <span class='ocrx_word' id='word_1_98' title='bbox 987 1050 1279 1115; x_wconf 73' lang='lat' dir='ltr'><em>analogian.</em></span> <span class='ocrx_word' id='word_1_99' title='bbox 1342 1047 1550 1096; x_wconf 82' lang='lat' dir='ltr'>Contra</span> <span class='ocrx_word' id='word_1_100' title='bbox 1574 1043 1634 1090; x_wconf 89' lang='lat' dir='ltr'><em>in</em></span> 
     </span>
     <span class='ocr_line' id='line_1_12' title="bbox 80 1127 1645 1192; baseline -0.004 -16"><span class='ocrx_word' id='word_1_101' title='bbox 80 1127 394 1176; x_wconf 82' lang='lat' dir='ltr'><em>Masculinis</em></span> <span class='ocrx_word' id='word_1_102' title='bbox 417 1127 474 1175; x_wconf 83' lang='lat' dir='ltr'><em>in</em></span> <span class='ocrx_word' id='word_1_103' title='bbox 495 1146 554 1176; x_wconf 85' lang='lat' dir='ltr'><em>as</em></span> <span class='ocrx_word' id='word_1_104' title='bbox 581 1127 1064 1192; x_wconf 82' lang='lat' dir='ltr'><em>frequentissimum</em></span> <span class='ocrx_word' id='word_1_105' title='bbox 1090 1145 1167 1178; x_wconf 87' lang='lat' dir='ltr'><em>est</em></span> <span class='ocrx_word' id='word_1_106' title='bbox 1192 1148 1286 1190; x_wconf 84' lang='lat' dir='ltr'><em>an,</em></span> <span class='ocrx_word' id='word_1_107' title='bbox 1316 1141 1381 1176; x_wconf 91' lang='lat' dir='ltr'><em>ut</em></span> <span class='ocrx_word' id='word_1_108' title='bbox 1403 1128 1645 1176; x_wconf 78' lang='lat' dir='ltr'><em>Demean.</em></span> 
     </span>
     <span class='ocr_line' id='line_1_13' title="bbox 80 1205 1631 1273; baseline -0.001 -19"><span class='ocrx_word' id='word_1_109' title='bbox 80 1226 131 1273; x_wconf 86' lang='lat'><em>7,</em></span> <span class='ocrx_word' id='word_1_110' title='bbox 154 1224 200 1271; x_wconf 84' lang='lat'><em>9,</em></span> <span class='ocrx_word' id='word_1_111' title='bbox 226 1224 300 1257; x_wconf 90' lang='lat'><em>10.</em></span> <span class='ocrx_word' id='word_1_112' title='bbox 334 1209 381 1269; x_wconf 84' lang='lat'><em>8,</em></span> <span class='ocrx_word' id='word_1_113' title='bbox 404 1224 450 1270; x_wconf 85' lang='lat'><em>2,</em></span> <span class='ocrx_word' id='word_1_114' title='bbox 482 1207 556 1255; x_wconf 83' lang='lat'><em>16.</em></span> <span class='ocrx_word' id='word_1_115' title='bbox 596 1209 826 1272; x_wconf 79' lang='lat' dir='ltr'><em>Gorgian</em></span> <span class='ocrx_word' id='word_1_116' title='bbox 846 1224 892 1268; x_wconf 86' lang='lat'><em>2,</em></span> <span class='ocrx_word' id='word_1_117' title='bbox 922 1205 998 1270; x_wconf 88' lang='lat'><em>15,</em></span> <span class='ocrx_word' id='word_1_118' title='bbox 1021 1225 1101 1273; x_wconf 89' lang='lat'><em>27.</em></span> <span class='ocrx_word' id='word_1_119' title='bbox 1132 1209 1494 1272; x_wconf 77' lang='lat' dir='ltr'><em>Hermagoran</em></span> <span class='ocrx_word' id='word_1_120' title='bbox 1513 1205 1562 1266; x_wconf 87' lang='grc'><em>5,</em></span> <span class='ocrx_word' id='word_1_121' title='bbox 1589 1222 1631 1262; x_wconf 91' lang='grc'><em>1,</em></span> 
     </span>
     <span class='ocr_line' id='line_1_14' title="bbox 85 1280 1646 1356; baseline -0.002 -21"><span class='ocrx_word' id='word_1_122' title='bbox 85 1291 148 1336; x_wconf 87' lang='grc'><em>18</em></span> <span class='ocrx_word' id='word_1_123' title='bbox 170 1296 301 1353; x_wconf 88' lang='lat' dir='ltr'><em>(quo</em></span> <span class='ocrx_word' id='word_1_124' title='bbox 322 1291 445 1336; x_wconf 80' lang='lat' dir='ltr'><em>loco</em></span> <span class='ocrx_word' id='word_1_125' title='bbox 459 1290 516 1338; x_wconf 92' lang='lat' dir='ltr'><em>Z.</em></span> <span class='ocrx_word' id='word_1_126' title='bbox 537 1288 594 1336; x_wconf 89' lang='lat' dir='ltr'><em>in</em></span> <span class='ocrx_word' id='word_1_127' title='bbox 614 1290 798 1356; x_wconf 89' lang='lat' dir='ltr'><em>Suppl.</em></span> <span class='ocrx_word' id='word_1_128' title='bbox 822 1292 890 1338; x_wconf 88' lang='lat' dir='ltr'><em>de</em></span> <span class='ocrx_word' id='word_1_129' title='bbox 908 1293 1010 1339; x_wconf 73' lang='lat' dir='ltr'><em>hae</em></span> <span class='ocrx_word' id='word_1_130' title='bbox 1032 1289 1090 1336; x_wconf 86' lang='lat' dir='ltr'><em>in</em></span> <span class='ocrx_word' id='word_1_131' title='bbox 1101 1288 1459 1338; x_wconf 83' lang='lat' dir='ltr'><em>Ambrosiano</em></span> <span class='ocrx_word' id='word_1_132' title='bbox 1471 1280 1646 1335; x_wconf 69' lang='lat' dir='ltr'><em>Lusi-⁸</em></span> 
     </span>
     <span class='ocr_line' id='line_1_15' title="bbox 80 1369 1629 1436; baseline -0.001 -20"><span class='ocrx_word' id='word_1_133' title='bbox 80 1383 199 1417; x_wconf 79' lang='lat' dir='ltr'><em>tata</em></span> <span class='ocrx_word' id='word_1_134' title='bbox 216 1371 389 1417; x_wconf 82' lang='lat' dir='ltr'><em>forma</em></span> <span class='ocrx_word' id='word_1_135' title='bbox 409 1369 687 1436; x_wconf 83' lang='lat' dir='ltr'><em>disputat).</em></span> <span class='ocrx_word' id='word_1_136' title='bbox 719 1370 776 1432; x_wconf 88' lang='grc'><em>5,</em></span> <span class='ocrx_word' id='word_1_137' title='bbox 801 1369 856 1430; x_wconf 94' lang='grc'><em>6,</em></span> <span class='ocrx_word' id='word_1_138' title='bbox 878 1369 954 1420; x_wconf 87' lang='grc'>61.</span> <span class='ocrx_word' id='word_1_139' title='bbox 986 1370 1032 1429; x_wconf 82' lang='grc'><em>5,</em></span> <span class='ocrx_word' id='word_1_140' title='bbox 1059 1387 1135 1432; x_wconf 89' lang='grc'><em>11,</em></span> <span class='ocrx_word' id='word_1_141' title='bbox 1166 1371 1240 1420; x_wconf 88' lang='lat'><em>18.</em></span> <span class='ocrx_word' id='word_1_142' title='bbox 1287 1369 1483 1434; x_wconf 71' lang='lat' dir='ltr'><em>Lysian</em></span> <span class='ocrx_word' id='word_1_143' title='bbox 1514 1382 1562 1431; x_wconf 88' lang='lat'><em>9,</em></span> <span class='ocrx_word' id='word_1_144' title='bbox 1579 1370 1629 1428; x_wconf 88' lang='grc'><em>4,</em></span> 
     </span>
     <span class='ocr_line' id='line_1_16' title="bbox 85 1446 1628 1516; baseline -0.001 -20"><span class='ocrx_word' id='word_1_145' title='bbox 85 1448 162 1496; x_wconf 87' lang='grc'>16.</span> <span class='ocrx_word' id='word_1_146' title='bbox 201 1450 528 1513; x_wconf 78' lang='lat' dir='ltr'><em>Protagoran</em></span> <span class='ocrx_word' id='word_1_147' title='bbox 550 1450 605 1512; x_wconf 84' lang='grc'><em>5,</em></span> <span class='ocrx_word' id='word_1_148' title='bbox 628 1456 676 1512; x_wconf 90' lang='grc'><em>4,</em></span> <span class='ocrx_word' id='word_1_149' title='bbox 708 1466 780 1501; x_wconf 91' lang='lat'><em>10.</em></span> <span class='ocrx_word' id='word_1_150' title='bbox 823 1452 995 1500; x_wconf 82' lang='lat' dir='ltr'><em>Tisian</em></span> <span class='ocrx_word' id='word_1_151' title='bbox 1016 1465 1062 1511; x_wconf 89' lang='grc'><em>2,</em></span> <span class='ocrx_word' id='word_1_152' title='bbox 1089 1467 1164 1516; x_wconf 88' lang='lat'><em>17,</em></span> <span class='ocrx_word' id='word_1_153' title='bbox 1188 1467 1232 1513; x_wconf 91' lang='lat'><em>7.</em></span> <span class='ocrx_word' id='word_1_154' title='bbox 1299 1452 1381 1500; x_wconf 87' lang='lat' dir='ltr'><em>En</em></span> <span class='ocrx_word' id='word_1_155' title='bbox 1412 1463 1492 1498; x_wconf 83' lang='lat' dir='ltr'><em>est</em></span> <span class='ocrx_word' id='word_1_156' title='bbox 1521 1446 1628 1496; x_wconf 91' lang='lat' dir='ltr'><em>usi-</em></span> 
     </span>
     <span class='ocr_line' id='line_1_17' title="bbox 79 1520 1627 1599; baseline -0.001 -21"><span class='ocrx_word' id='word_1_157' title='bbox 79 1544 199 1578; x_wconf 82' lang='lat' dir='ltr'><em>tata</em></span> <span class='ocrx_word' id='word_1_158' title='bbox 226 1531 399 1578; x_wconf 83' lang='lat' dir='ltr'><em>forma</em></span> <span class='ocrx_word' id='word_1_159' title='bbox 430 1546 483 1579; x_wconf 87' lang='lat' dir='ltr'><em>et</em></span> <span class='ocrx_word' id='word_1_160' title='bbox 511 1531 568 1579; x_wconf 90' lang='lat' dir='ltr'><em>in</em></span> <span class='ocrx_word' id='word_1_161' title='bbox 599 1530 912 1593; x_wconf 81' lang='lat' dir='ltr'><em>Femininis,</em></span> <span class='ocrx_word' id='word_1_162' title='bbox 950 1546 1013 1580; x_wconf 88' lang='lat' dir='ltr'><em>ut</em></span> <span class='ocrx_word' id='word_1_163' title='bbox 1045 1530 1381 1599; x_wconf 75' lang='lat' dir='ltr'><em>apostrophen</em></span> <span class='ocrx_word' id='word_1_164' title='bbox 1407 1534 1455 1592; x_wconf 91' lang='grc'><em>4,</em></span> <span class='ocrx_word' id='word_1_165' title='bbox 1481 1546 1524 1592; x_wconf 90' lang='grc'><em>1,</em></span> <span class='ocrx_word' id='word_1_166' title='bbox 1544 1520 1627 1592; x_wconf 90' lang='grc'><em>69.</em></span> 
     </span>
     <span class='ocr_line' id='line_1_18' title="bbox 74 1610 1629 1676; baseline -0.001 -17"><span class='ocrx_word' id='word_1_167' title='bbox 74 1611 451 1674; x_wconf 72' lang='lat' dir='ltr'><em>grammaticen</em></span> <span class='ocrx_word' id='word_1_168' title='bbox 481 1628 537 1672; x_wconf 89' lang='lat'><em>2,</em></span> <span class='ocrx_word' id='word_1_169' title='bbox 567 1629 586 1661; x_wconf 86' lang='lat'><em>1</em></span> <span class='ocrx_word' id='word_1_170' title='bbox 604 1647 615 1665; x_wconf 92' lang='lat'>‚</span> <span class='ocrx_word' id='word_1_171' title='bbox 637 1610 682 1662; x_wconf 88' lang='lat'><em>6.</em></span> <span class='ocrx_word' id='word_1_172' title='bbox 720 1613 942 1661; x_wconf 78' lang='lat' dir='ltr'><em>musicen</em></span> <span class='ocrx_word' id='word_1_173' title='bbox 972 1630 991 1659; x_wconf 94' lang='lat'>1</span> <span class='ocrx_word' id='word_1_174' title='bbox 1009 1650 1023 1675; x_wconf 94' lang='lat'><strong><em>,</em></strong></span> <span class='ocrx_word' id='word_1_175' title='bbox 1050 1629 1135 1674; x_wconf 75' lang='grc' dir='ltr'><em>ιο,</em></span> <span class='ocrx_word' id='word_1_176' title='bbox 1160 1630 1206 1676; x_wconf 88' lang='lat'><em>9.</em></span> <span class='ocrx_word' id='word_1_177' title='bbox 1235 1628 1308 1662; x_wconf 92' lang='lat'><em>10.</em></span> <span class='ocrx_word' id='word_1_178' title='bbox 1341 1610 1629 1663; x_wconf 74' lang='lat' dir='ltr'><em>rhetoricen</em></span> 
     </span>
     <span class='ocr_line' id='line_1_19' title="bbox 80 1690 1627 1760; baseline 0.001 -22"><span class='ocrx_word' id='word_1_179' title='bbox 80 1708 138 1753; x_wconf 85' lang='lat'><em>2,</em></span> <span class='ocrx_word' id='word_1_180' title='bbox 177 1695 261 1750; x_wconf 89' lang='grc'><em>14,</em></span> <span class='ocrx_word' id='word_1_181' title='bbox 301 1708 368 1752; x_wconf 89' lang='grc'><em>1.,</em></span> <span class='ocrx_word' id='word_1_182' title='bbox 413 1694 565 1757; x_wconf 78' lang='lat' dir='ltr'><em>cujus</em></span> <span class='ocrx_word' id='word_1_183' title='bbox 604 1693 810 1760; x_wconf 81' lang='lat' dir='ltr'><em>generis</em></span> <span class='ocrx_word' id='word_1_184' title='bbox 845 1697 1006 1759; x_wconf 82' lang='lat' dir='ltr'><em>plura</em></span> <span class='ocrx_word' id='word_1_185' title='bbox 1039 1692 1324 1759; x_wconf 87' lang='lat' dir='ltr'><em>praebebit</em></span> <span class='ocrx_word' id='word_1_186' title='bbox 1355 1690 1627 1750; x_wconf 79' lang='lat' dir='ltr'><em>Lexicon,</em></span> 
     </span>
     <span class='ocr_line' id='line_1_20' title="bbox 78 1770 1628 1834; baseline -0.001 -14"><span class='ocrx_word' id='word_1_187' title='bbox 78 1790 210 1820; x_wconf 80' lang='lat' dir='ltr'><em>nam</em></span> <span class='ocrx_word' id='word_1_188' title='bbox 229 1773 475 1821; x_wconf 84' lang='lat' dir='ltr'><em>masicam</em></span> <span class='ocrx_word' id='word_1_189' title='bbox 497 1774 552 1834; x_wconf 89' lang='grc'><em>8,</em></span> <span class='ocrx_word' id='word_1_190' title='bbox 579 1773 633 1834; x_wconf 81' lang='grc'><em>5,</em></span> <span class='ocrx_word' id='word_1_191' title='bbox 657 1773 735 1822; x_wconf 85' lang='grc'><strong>50.</strong></span> <span class='ocrx_word' id='word_1_192' title='bbox 770 1775 1052 1825; x_wconf 82' lang='lat' dir='ltr'><em>universae</em></span> <span class='ocrx_word' id='word_1_193' title='bbox 1074 1772 1375 1822; x_wconf 81' lang='lat' dir='ltr'><em>sententiae</em></span> <span class='ocrx_word' id='word_1_194' title='bbox 1399 1770 1628 1821; x_wconf 64' lang='lat' dir='ltr'><em>necessi.-</em></span> 
     </span>
     <span class='ocr_line' id='line_1_21' title="bbox 77 1854 1626 1918; baseline 0.003 -18"><span class='ocrx_word' id='word_1_195' title='bbox 77 1868 160 1901; x_wconf 80' lang='lat' dir='ltr'><em>tas</em></span> <span class='ocrx_word' id='word_1_196' title='bbox 190 1854 446 1918; x_wconf 84' lang='lat' dir='ltr'><em>protulit:</em></span> <span class='ocrx_word' id='word_1_197' title='bbox 484 1870 538 1902; x_wconf 83' lang='lat' dir='ltr'><em>et</em></span> <span class='ocrx_word' id='word_1_198' title='bbox 571 1855 628 1902; x_wconf 85' lang='lat' dir='ltr'><em>in</em></span> <span class='ocrx_word' id='word_1_199' title='bbox 658 1855 993 1904; x_wconf 81' lang='lat' dir='ltr'><em>Masculinis:</em></span> <span class='ocrx_word' id='word_1_200' title='bbox 1030 1855 1308 1904; x_wconf 74' lang='lat' dir='ltr'><em>Aeschinen</em></span> <span class='ocrx_word' id='word_1_201' title='bbox 1336 1869 1392 1912; x_wconf 72' lang='lat'><em>2,</em></span> <span class='ocrx_word' id='word_1_202' title='bbox 1429 1870 1516 1916; x_wconf 86' lang='lat'><em>17,</em></span> <span class='ocrx_word' id='word_1_203' title='bbox 1550 1866 1626 1899; x_wconf 86' lang='lat'><em>12·</em></span> 
     </span>
     <span class='ocr_line' id='line_1_22' title="bbox 78 1926 1674 2000; baseline 0 -21"><span class='ocrx_word' id='word_1_204' title='bbox 78 1938 134 1993; x_wconf 75' lang='grc'><em>4,</em></span> <span class='ocrx_word' id='word_1_205' title='bbox 163 1952 180 1979; x_wconf 87' lang='grc'><em>1</em></span> <span class='ocrx_word' id='word_1_206' title='bbox 198 1972 211 1992; x_wconf 91' lang='grc'><em>,</em></span> <span class='ocrx_word' id='word_1_207' title='bbox 236 1932 318 1982; x_wconf 89' lang='grc'><em>66.</em></span> <span class='ocrx_word' id='word_1_208' title='bbox 351 1929 408 1994; x_wconf 80' lang='grc'><em>5,</em></span> <span class='ocrx_word' id='word_1_209' title='bbox 437 1952 454 1980; x_wconf 90' lang='grc'><em>1</em></span> <span class='ocrx_word' id='word_1_210' title='bbox 472 1953 490 1985; x_wconf 80' lang='grc' dir='ltr'>ι</span> <span class='ocrx_word' id='word_1_211' title='bbox 506 1976 521 1998; x_wconf 93' lang='grc'><em>,</em></span> <span class='ocrx_word' id='word_1_212' title='bbox 548 1952 627 2000; x_wconf 84' lang='grc'><em>27.</em></span> <span class='ocrx_word' id='word_1_213' title='bbox 661 1937 955 1986; x_wconf 81' lang='lat' dir='ltr'><em>Alcibiaden</em></span> <span class='ocrx_word' id='word_1_214' title='bbox 979 1939 1033 1998; x_wconf 89' lang='grc'><em>8,</em></span> <span class='ocrx_word' id='word_1_215' title='bbox 1056 1941 1113 1998; x_wconf 90' lang='grc'><em>4,</em></span> <span class='ocrx_word' id='word_1_216' title='bbox 1138 1936 1218 1984; x_wconf 84' lang='grc'><strong>25.</strong></span> <span class='ocrx_word' id='word_1_217' title='bbox 1253 1933 1627 2000; x_wconf 70' lang='lat' dir='ltr'><em>Aristophanen</em></span> <span class='ocrx_word' id='word_1_218' title='bbox 1672 1926 1674 1928; x_wconf 51' lang='grc'>’</span> 
     </span>
     <span class='ocr_line' id='line_1_23' title="bbox 83 2010 1625 2080; baseline 0 -18"><span class='ocrx_word' id='word_1_219' title='bbox 83 2033 137 2074; x_wconf 86' lang='grc'><em>1,</em></span> <span class='ocrx_word' id='word_1_220' title='bbox 173 2031 225 2075; x_wconf 86' lang='grc'><em>1,</em></span> <span class='ocrx_word' id='word_1_221' title='bbox 263 2010 336 2063; x_wconf 88' lang='lat'><em>15.</em></span> <span class='ocrx_word' id='word_1_222' title='bbox 371 2016 739 2066; x_wconf 85' lang='lat' dir='ltr'><em>Demosthenen</em></span> <span class='ocrx_word' id='word_1_223' title='bbox 771 2016 826 2080; x_wconf 78' lang='lat'><em>5,</em></span> <span class='ocrx_word' id='word_1_224' title='bbox 858 2017 939 2077; x_wconf 79' lang='lat'><em>13,</em></span> <span class='ocrx_word' id='word_1_225' title='bbox 968 2024 1046 2073; x_wconf 88' lang='grc'>42.</span> <span class='ocrx_word' id='word_1_226' title='bbox 1080 2015 1135 2078; x_wconf 82' lang='lat'><em>5,</em></span> <span class='ocrx_word' id='word_1_227' title='bbox 1167 2021 1251 2079; x_wconf 84' lang='grc'><em>14,</em></span> <span class='ocrx_word' id='word_1_228' title='bbox 1273 2015 1354 2063; x_wconf 85' lang='grc'><strong>52.</strong></span> <span class='ocrx_word' id='word_1_229' title='bbox 1383 2013 1438 2076; x_wconf 91' lang='grc'><em>6,</em></span> <span class='ocrx_word' id='word_1_230' title='bbox 1466 2012 1522 2075; x_wconf 86' lang='grc'><em>5,</em></span> <span class='ocrx_word' id='word_1_231' title='bbox 1545 2029 1625 2063; x_wconf 87' lang='lat'><em>21.</em></span> 
     </span>
     <span class='ocr_line' id='line_1_24' title="bbox 78 2093 1623 2163; baseline -0.001 -22"><span class='ocrx_word' id='word_1_232' title='bbox 78 2094 374 2160; x_wconf 73' lang='lat' dir='ltr'><em>hypocriten</em></span> <span class='ocrx_word' id='word_1_233' title='bbox 405 2116 480 2159; x_wconf 84' lang='grc'><em>11,</em></span> <span class='ocrx_word' id='word_1_234' title='bbox 505 2098 550 2159; x_wconf 86' lang='grc'><em>5,</em></span> <span class='ocrx_word' id='word_1_235' title='bbox 573 2115 617 2163; x_wconf 91' lang='lat'><em>7.</em></span> <span class='ocrx_word' id='word_1_236' title='bbox 658 2100 964 2156; x_wconf 82' lang='lat' dir='ltr'><em>Palameden</em></span> <span class='ocrx_word' id='word_1_237' title='bbox 985 2098 1040 2158; x_wconf 85' lang='grc'><em>5,</em></span> <span class='ocrx_word' id='word_1_238' title='bbox 1069 2115 1086 2144; x_wconf 88' lang='grc'><em>1</em></span> <span class='ocrx_word' id='word_1_239' title='bbox 1108 2136 1120 2157; x_wconf 91' lang='grc'><em>,</em></span> <span class='ocrx_word' id='word_1_240' title='bbox 1156 2113 1229 2147; x_wconf 89' lang='lat'><em>10.</em></span> <span class='ocrx_word' id='word_1_241' title='bbox 1270 2097 1479 2145; x_wconf 75' lang='lat' dir='ltr'><em>Peliden</em></span> <span class='ocrx_word' id='word_1_242' title='bbox 1498 2095 1554 2155; x_wconf 88' lang='lat'><em>8,</em></span> <span class='ocrx_word' id='word_1_243' title='bbox 1576 2093 1623 2154; x_wconf 91' lang='grc'><em>6,</em></span> 
     </span>
     <span class='ocr_line' id='line_1_25' title="bbox 76 2173 1624 2247; baseline 0.006 -27"><span class='ocrx_word' id='word_1_244' title='bbox 76 2173 158 2224; x_wconf 83' lang='grc' dir='ltr'><strong>5ο.</strong></span> <span class='ocrx_word' id='word_1_245' title='bbox 205 2177 492 2227; x_wconf 84' lang='lat' dir='ltr'><em>Plisthenen</em></span> <span class='ocrx_word' id='word_1_246' title='bbox 527 2180 633 2247; x_wconf 78' lang='lat' dir='ltr'><em>(sic</em></span> <span class='ocrx_word' id='word_1_247' title='bbox 666 2182 806 2228; x_wconf 83' lang='lat' dir='ltr'><em>enim</em></span> <span class='ocrx_word' id='word_1_248' title='bbox 836 2181 990 2229; x_wconf 84' lang='lat' dir='ltr'><em>Amb.</em></span> <span class='ocrx_word' id='word_1_249' title='bbox 1031 2199 1068 2229; x_wconf 90' lang='lat'><em>1.</em></span> <span class='ocrx_word' id='word_1_250' title='bbox 1102 2178 1326 2244; x_wconf 82' lang='lat' dir='ltr'><em>Lassb.)</em></span> <span class='ocrx_word' id='word_1_251' title='bbox 1368 2175 1424 2236; x_wconf 70' lang='grc' dir='ltr'><em>ὅ,</em></span> <span class='ocrx_word' id='word_1_252' title='bbox 1454 2192 1512 2239; x_wconf 84' lang='grc'><em>7,</em></span> <span class='ocrx_word' id='word_1_253' title='bbox 1548 2189 1624 2237; x_wconf 79' lang='lat'><em>19·</em></span> 
     </span>
     <span class='ocr_line' id='line_1_26' title="bbox 85 2251 1626 2323; baseline 0.009 -21"><span class='ocrx_word' id='word_1_254' title='bbox 85 2256 409 2320; x_wconf 69' lang='lat' dir='ltr'><em>Thucydiden</em></span> <span class='ocrx_word' id='word_1_255' title='bbox 429 2275 484 2322; x_wconf 86' lang='lat'><em>9,</em></span> <span class='ocrx_word' id='word_1_256' title='bbox 510 2266 556 2321; x_wconf 92' lang='grc'><em>4,</em></span> <span class='ocrx_word' id='word_1_257' title='bbox 583 2265 666 2323; x_wconf 86' lang='grc'><em>16;</em></span> <span class='ocrx_word' id='word_1_258' title='bbox 700 2266 866 2309; x_wconf 84' lang='lat' dir='ltr'><em>adde:</em></span> <span class='ocrx_word' id='word_1_259' title='bbox 900 2262 1236 2319; x_wconf 64' lang='lat' dir='ltr'><em>Isocratenl,</em></span> <span class='ocrx_word' id='word_1_260' title='bbox 1258 2264 1306 2319; x_wconf 72' lang='lat'><em>4,</em></span> <span class='ocrx_word' id='word_1_261' title='bbox 1334 2256 1392 2305; x_wconf 81' lang='grc'><em>16</em></span> <span class='ocrx_word' id='word_1_262' title='bbox 1419 2257 1470 2304; x_wconf 77' lang='lat' dir='ltr'><em>S·</em></span> <span class='ocrx_word' id='word_1_263' title='bbox 1502 2251 1548 2317; x_wconf 65' lang='grc' dir='ltr'>ὅ,</span> <span class='ocrx_word' id='word_1_264' title='bbox 1581 2272 1626 2316; x_wconf 87' lang='lat'><em>1,</em></span> 
     </span>
     <span class='ocr_line' id='line_1_27' title="bbox 81 2335 1625 2403; baseline -0.003 -18"><span class='ocrx_word' id='word_1_265' title='bbox 81 2341 155 2391; x_wconf 85' lang='grc'><em>14.</em></span> <span class='ocrx_word' id='word_1_266' title='bbox 169 2352 214 2400; x_wconf 91' lang='grc'><em>9,</em></span> <span class='ocrx_word' id='word_1_267' title='bbox 229 2336 384 2397; x_wconf 77' lang='grc' dir='ltr'>4,5ἒ&gt;.,</span> <span class='ocrx_word' id='word_1_268' title='bbox 401 2341 593 2403; x_wconf 84' lang='lat' dir='ltr'>quibus</span> <span class='ocrx_word' id='word_1_269' title='bbox 616 2343 745 2390; x_wconf 82' lang='lat' dir='ltr'><em>locis</em></span> <span class='ocrx_word' id='word_1_270' title='bbox 764 2346 915 2390; x_wconf 79' lang='lat' dir='ltr'><em>haud</em></span> <span class='ocrx_word' id='word_1_271' title='bbox 937 2343 1045 2391; x_wconf 84' lang='lat' dir='ltr'><em>scio</em></span> <span class='ocrx_word' id='word_1_272' title='bbox 1066 2359 1141 2390; x_wconf 83' lang='lat' dir='ltr'><em>an</em></span> <span class='ocrx_word' id='word_1_273' title='bbox 1160 2335 1522 2394; x_wconf 48' lang='lat' dir='ltr'><em>m&#39;ovearigut</em></span> <span class='ocrx_word' id='word_1_274' title='bbox 1547 2349 1625 2395; x_wconf 87' lang='lat'><em>12,</em></span> 
     </span>
     <span class='ocr_line' id='line_1_28' title="bbox 82 2417 1624 2491; baseline -0.008 -17"><span class='ocrx_word' id='word_1_275' title='bbox 82 2433 170 2478; x_wconf 86' lang='grc'><em>10,</em></span> <span class='ocrx_word' id='word_1_276' title='bbox 192 2423 273 2481; x_wconf 75' lang='grc'><em>49.</em></span> <span class='ocrx_word' id='word_1_277' title='bbox 308 2436 532 2485; x_wconf 84' lang='lat' dir='ltr'><em>quoque</em></span> <span class='ocrx_word' id='word_1_278' title='bbox 555 2422 837 2470; x_wconf 82' lang='lat' dir='ltr'><em>Isocratem</em></span> <span class='ocrx_word' id='word_1_279' title='bbox 867 2423 1116 2491; x_wconf 82' lang='lat' dir='ltr'><em>corrigas.</em></span> <span class='ocrx_word' id='word_1_280' title='bbox 1184 2422 1355 2468; x_wconf 90' lang='lat' dir='ltr'><em>Porro</em></span> <span class='ocrx_word' id='word_1_281' title='bbox 1380 2417 1624 2480; x_wconf 73' lang='lat' dir='ltr'><em>Polycra-</em></span> 
     </span>
     <span class='ocr_line' id='line_1_29' title="bbox 77 2496 1702 2567; baseline 0.007 -21"><span class='ocrx_word' id='word_1_282' title='bbox 77 2507 162 2546; x_wconf 87' lang='lat' dir='ltr'><em>ten</em></span> <span class='ocrx_word' id='word_1_283' title='bbox 194 2514 251 2559; x_wconf 86' lang='lat'><em>2,</em></span> <span class='ocrx_word' id='word_1_284' title='bbox 281 2517 363 2561; x_wconf 93' lang='lat'><em>17,</em></span> <span class='ocrx_word' id='word_1_285' title='bbox 386 2504 432 2553; x_wconf 92' lang='grc'><strong>4.</strong></span> <span class='ocrx_word' id='word_1_286' title='bbox 473 2503 717 2550; x_wconf 81' lang='lat' dir='ltr'><em>Socraten</em></span> <span class='ocrx_word' id='word_1_287' title='bbox 748 2504 842 2567; x_wconf 79' lang='lat' dir='ltr'><em>(ex</em></span> <span class='ocrx_word' id='word_1_288' title='bbox 870 2503 1026 2552; x_wconf 84' lang='lat' dir='ltr'><em>Amb.</em></span> <span class='ocrx_word' id='word_1_289' title='bbox 1061 2506 1118 2563; x_wconf 85' lang='grc' dir='ltr'><strong>ι.)</strong></span> <span class='ocrx_word' id='word_1_290' title='bbox 1139 2517 1195 2563; x_wconf 82' lang='grc'><em>2,</em></span> <span class='ocrx_word' id='word_1_291' title='bbox 1227 2517 1310 2564; x_wconf 89' lang='grc'><em>17,</em></span> <span class='ocrx_word' id='word_1_292' title='bbox 1334 2503 1379 2552; x_wconf 69' lang='lat'><em>4·</em></span> <span class='ocrx_word' id='word_1_293' title='bbox 1408 2496 1466 2558; x_wconf 71' lang='lat'><em>3,</em></span> <span class='ocrx_word' id='word_1_294' title='bbox 1493 2513 1534 2556; x_wconf 71' lang='lat'><em>1,</em></span> <span class='ocrx_word' id='word_1_295' title='bbox 1559 2510 1625 2558; x_wconf 72' lang='lat'><em>902</em></span> <span class='ocrx_word' id='word_1_296' title='bbox 1694 2512 1702 2519; x_wconf 81' lang='grc'><em>“</em></span> 
     </span>
     <span class='ocr_line' id='line_1_30' title="bbox 77 2567 1624 2646; baseline -0.001 -20"><span class='ocrx_word' id='word_1_297' title='bbox 77 2592 247 2643; x_wconf 82' lang='lat' dir='ltr'><em>atque</em></span> <span class='ocrx_word' id='word_1_298' title='bbox 274 2579 433 2627; x_wconf 79' lang='lat' dir='ltr'><em>etiam</em></span> <span class='ocrx_word' id='word_1_299' title='bbox 458 2581 722 2629; x_wconf 82' lang='lat' dir='ltr'><em>Latinum</em></span> <span class='ocrx_word' id='word_1_300' title='bbox 754 2585 937 2632; x_wconf 73' lang='lat' dir='ltr'><em>Ulixen</em></span> <span class='ocrx_word' id='word_1_301' title='bbox 964 2603 981 2631; x_wconf 91' lang='lat'>1</span> <span class='ocrx_word' id='word_1_302' title='bbox 1002 2622 1015 2646; x_wconf 80' lang='grc'><em>,</em></span> <span class='ocrx_word' id='word_1_303' title='bbox 1037 2589 1093 2643; x_wconf 91' lang='grc'><em>4,</em></span> <span class='ocrx_word' id='word_1_304' title='bbox 1121 2581 1180 2630; x_wconf 89' lang='lat'><em>16</em></span> <span class='ocrx_word' id='word_1_305' title='bbox 1206 2582 1255 2629; x_wconf 82' lang='lat' dir='ltr'><em>S.</em></span> <span class='ocrx_word' id='word_1_306' title='bbox 1290 2595 1337 2639; x_wconf 90' lang='grc'><em>2,</em></span> <span class='ocrx_word' id='word_1_307' title='bbox 1365 2576 1442 2639; x_wconf 88' lang='grc'><em>15,</em></span> <span class='ocrx_word' id='word_1_308' title='bbox 1468 2567 1544 2624; x_wconf 83' lang='grc'>15.</span> <span class='ocrx_word' id='word_1_309' title='bbox 1573 2580 1624 2637; x_wconf 83' lang='grc'><em>4,</em></span> 
     </span>
     <span class='ocr_line' id='line_1_31' title="bbox 77 2654 1625 2723; baseline -0.001 -17"><span class='ocrx_word' id='word_1_310' title='bbox 77 2674 127 2719; x_wconf 91' lang='grc'><em>2,</em></span> <span class='ocrx_word' id='word_1_311' title='bbox 169 2658 266 2719; x_wconf 86' lang='grc' dir='ltr'>ι5.,</span> <span class='ocrx_word' id='word_1_312' title='bbox 302 2676 473 2723; x_wconf 85' lang='lat' dir='ltr'><em>quum</em></span> <span class='ocrx_word' id='word_1_313' title='bbox 501 2675 684 2709; x_wconf 83' lang='lat' dir='ltr'><em>tamen</em></span> <span class='ocrx_word' id='word_1_314' title='bbox 717 2663 1000 2715; x_wconf 82' lang='lat' dir='ltr'><em>Genitivus</em></span> <span class='ocrx_word' id='word_1_315' title='bbox 1034 2661 1235 2712; x_wconf 80' lang='lat' dir='ltr'><em>efficiat</em></span> <span class='ocrx_word' id='word_1_316' title='bbox 1269 2659 1434 2708; x_wconf 72' lang='lat' dir='ltr'><em>Ulixis</em></span> <span class='ocrx_word' id='word_1_317' title='bbox 1454 2658 1554 2718; x_wconf 49' lang='lat'><em>¹11,</em></span> <span class='ocrx_word' id='word_1_318' title='bbox 1575 2654 1625 2714; x_wconf 72' lang='grc' dir='ltr'><em>ὅ,</em></span> 
     </span>
     <span class='ocr_line' id='line_1_32' title="bbox 84 2735 1681 2809; baseline -0.002 -22"><span class='ocrx_word' id='word_1_319' title='bbox 84 2735 201 2801; x_wconf 71' lang='grc'>158,</span> <span class='ocrx_word' id='word_1_320' title='bbox 250 2739 486 2806; x_wconf 83' lang='lat' dir='ltr'><em>itemque</em></span> <span class='ocrx_word' id='word_1_321' title='bbox 522 2743 854 2809; x_wconf 79' lang='lat' dir='ltr'><em>Empedoclen</em></span> <span class='ocrx_word' id='word_1_322' title='bbox 894 2763 942 2806; x_wconf 85' lang='lat'><em>1,</em></span> <span class='ocrx_word' id='word_1_323' title='bbox 978 2750 1035 2808; x_wconf 92' lang='grc'><em>4,</em></span> <span class='ocrx_word' id='word_1_324' title='bbox 1067 2750 1126 2804; x_wconf 87' lang='grc'><em>4,</em></span> <span class='ocrx_word' id='word_1_325' title='bbox 1171 2739 1418 2809; x_wconf 83' lang='lat' dir='ltr'><em>quamvis</em></span> <span class='ocrx_word' id='word_1_326' title='bbox 1450 2735 1626 2806; x_wconf 83' lang='lat' dir='ltr'><em>prima</em></span> <span class='ocrx_word' id='word_1_327' title='bbox 1678 2752 1681 2755; x_wconf 54' lang='lat'><em>⁴</em></span> 
     </span>
    </p>
   </div>
  </div>
 </body>
</html>
