1728 3002
1549 24 1587 60 -ῖ

1491 56 1582 145 ὢ.

220 261 377 310 preces),
407 267 480 295 tum
500 259 607 294 etiam
633 258 873 293 adolescentia
897 269 961 293 sua
987 264 1138 294 excusat
1163 262 1220 303 11,
1249 261 1283 303 1,
1302 258 1361 298 74.
1386 259 1552 303 precibus
1567 266 1715 298 utuntur

223 317 281 355 (a.
305 314 328 345 l.
351 305 539 350 nituntur)
563 308 598 350 5,
627 307 684 349 13,
709 305 744 340 5.
1650 330 1655 334 ⁴

174 357 346 400 Precor·
391 363 529 410 precari
557 363 640 408 (fig.
666 375 722 405 ap.
754 359 889 405 Cels.)
911 361 947 405 9,
973 363 1008 404 2,
1035 359 1113 395 104.
1156 359 1380 410 ,Ρωῐαςοηῖι
1402 368 1557 405 mu,
1582 364 1641 409 qui
1665 371 1713 389 ⁴-

221 413 415 459 precandi,
448 411 544 455 quod
569 404 725 452 εὐχωλὴν
749 407 870 451 dixit,
898 413 1015 452 partes
1039 409 1133 441 solas
1157 408 1255 452 putat
1287 411 1491 454 (orationis)
1518 412 1574 455 ,3,
1592 410 1628 454 4,
1656 413 1712 446 10,

222 462 411 503 Nunquam
436 458 517 491 fore
539 454 694 497 credidi,
718 454 876 499 judices,
901 460 952 497 ut,
975 464 1040 487 reo
1065 455 1214 499 Scauro,
1236 466 1284 488 ne
1307 455 1393 501 quid
1415 456 1459 493 in.
1477 456 1712 503 ejmvjudicio

221 506 333 553 gratia
356 505 516 547 valeret,
547 512 715 546 precarer
737 503 862 536 Asin.
886 502 995 534 Poll.
1023 501 1058 544 9,
1083 502 1118 544 2,
1145 499 1205 538 24.
1247 511 1349 536 oram
1375 494 1598 551 solventibus
1618 502 1712 538 bene

219 562 409 597 precemur
435 551 499 594 Ep.
522 549 566 582 ad
594 548 732 591 Tryph.
756 549 790 582 3.
1617 567 1625 572 ,

175 596 370 641 precula.
417 620 450 642 υ,
472 609 498 641 P
513 617 558 640 er
571 607 689 652 gula.

175 667 344 709 Premo.
393 674 424 720 1)
447 678 606 720 proprie:
641 683 722 707 cum
744 671 958 719 geminatum
982 683 1073 707 onus
1096 674 1328 708 succedentes
1357 678 1494 717 premat
1514 675 1569 718 22,
1595 670 1644 716 3',
1675 675 1712 708 2.

222 729 357 770 quanto
383 722 527 766 (onere)
550 731 607 754 me
631 718 744 764 premi
779 719 901 752 ferens
930 718 1045 753 sentio
1085 722 1142 763 12,
1177 719 1241 754 Pr.
1269 723 1302 753 1.
1349 720 1434 754 licet
1465 720 1580 764 major
1609 730 1719 764 quam

219 780 376 814 unquam
403 769 515 802 moles
539 771 678 808 premat
696 767 744 807 (a.
764 768 787 798 1.
808 764 936 804 maiori
954 784 1000 791 —-
1023 767 1119 800 mole
1142 763 1300 808 premar)
1324 767 1368 799 1⁸12.
1392 768 1427 800 2.
1453 767 1567 800 chero
1588 773 1718 808 supen-

223 817 308 851 cilio
334 815 506 858 premitur
530 823 644 855 paene
670 812 795 845 oculus
817 811 893 852 ipse
924 814 956 854 1,
986 813 1043 854 11,
1071 814 1125 846 10.
1150 811 1415 848 tres-contracti
1434 811 1564 856 (digiti)
1582 812 1715 855 pollice

220 867 431 906 premuntur
459 863 515 902 11,
541 862 574 900 3,
601 858 658 894 94.
683 857 824 891 interim
846 858 998 892 extremi
1015 859 1168 901 palmam
1189 857 1369 893 circaima
1391 857 1534 901 pollicis
1573 863 1716 892 remum

222 913 267 943 ib.
294 910 360 951 993
398 908 461 940 sub
487 917 577 950 aqua
601 904 660 938 diu
685 904 797 948 pressi
823 906 878 946 11,
903 905 937 946 3,
966 903 1020 938 53.
1047 913 1172 947 presso
1195 909 1337 952 gutture
1361 903 1404 941 ila.
1428 905 1502 940 82.«
1521 904 1554 940 11
1595 907 1714 938 transl.

222 955 265 1000 α)
289 957 331 988 cle
356 955 520 998 personis.-
554 953 618 985 illo
645 951 754 985 modo
781 950 943 992 (Cicero)
967 950 1143 994 pressit
1169 955 1275 995 atque
1301 949 1518 995 institit,
1537 951 1612 985 hoc
1635 944 1717 985 tan&

218 1008 296 1036 tum
321 999 452 1034 indic
464 1010 507 1032 as
519 1003 587 1032 set
602 995 638 1040 4,
656 1000 688 1040 1,
710 997 768 1031 68.
794 995 980 1030 interro
994 997 1169 1043 gandus
1183 1005 1287 1041 quam
1303 994 1534 1040 infesfissime
1550 1007 1592 1031 ac
1615 1007 1718 1040 pre-

220 1048 413 1083 mendus
439 1048 495 1087 152,
520 1046 638 1087 8,10,
685 1053 905 1086 premere
934 1053 975 1076 ac
999 1042 1252 1086 despicere
1281 1045 1336 1083 11,
1363 1044 1396 1085 1,
1425 1042 1480 1078 16.
1537 1041 1715 1096 precipue

219 1097 427 1139 presserunt
451 1102 533 1125 eum
561 1086 760 1133 (Tullium),
791 1088 851 1132 qui
873 1088 991 1123 videri
1013 1089 1216 1123 Atticorum
1240 1088 1436 1124 imitatores
1457 1088 1716 1132 concupierant

222 1144 280 1183 12,
307 1142 362 1182 10,
389 1137 444 1172 14.
469 1147 618 1178 everso,
657 1146 728 1179 quo
759 1134 1084 1177 defendimur,
1126 1135 1305 1179 retianum
1339 1139 1517 1180 est,-‹1uo
1544 1134 1728 1179 premi·r

219 1197 319 1221 mur
353 1189 388 1228 7,
412 1187 447 1227 2,
473 1187 529 1218 12.
576 1181 713 1216 invidia
735 1191 898 1225 premere
922 1181 958 1224 6,
983 1183 1016 1223 1,
1049 1180 1105 1215 14.
1142 1180 1292 1217 crimine
1321 1180 1514 1220 manifesto
1537 1186 1717 1226 puniatur

220 1234 295 1266 dux
318 1232 435 1265 bonus
464 1232 521 1273 12,
546 1231 579 1272 1,
603 1227 661 1262 43.
689 1238 839 1272 quorum
861 1238 942 1271 pars
968 1226 1080 1271 prima
1095 1225 1280 1272 (invidia)
1303 1226 1526 1271 superiores„
1548 1226 1724 1271 proxima.

218 1277 376 1322 (adium)
409 1287 536 1320 pareS,
568 1275 673 1308 tertia
705 1273 935 1317 (contemtus)
971 1271 1178 1307 humiliores
1211 1272 1340 1318 premit
1371 1275 1428 1315 12,
1461 1272 1497 1317 8,
1524 1264 1587 1307 14.
1631 1270 1714 1317 iptio

218 1334 321 1358 reum
344 1326 482 1366 premat
508 1323 542 1363 5,
567 1324 601 1362 7,
626 1323 683 1354 23.
731 1319 905 1352 innocens
928 1330 1012 1352 reus
1036 1319 1155 1352 multis
1182 1319 1435 1359 verisimilibus
1461 1317 1633 1364 premitur
1655 1321 1712 1362 12,

219 1373 254 1412 1,
281 1367 338 1404 45.
387 1366 510 1408 matri,
549 1367 649 1408 cujus
675 1364 785 1397 filium
812 1365 995 1407 premebat
1017 1364 1209 1398 auctoritas
1231 1365 1266 1404 6,
1293 1366 1327 1408 5,
1350 1365 1384 1400 9.
1430 1369 1608 1408 presserat
1636 1367 1728 1402 tur-T

217 1413 373 1450 bulentis
402 1411 629 1447 contionibus
654 1409 856 1444 Cluentium
881 1409 1047 1455 Quintius
1085 1412 1120 1452 5,
1151 1411 1209 1451 13,
1244 1410 1302 1444 39.
1347 1411 1414 1453 pro
1450 1406 1614 1454 Vareno,
1651 1409 1728 1454 quii

217 1461 305 1505 (Sp.
330 1463 426 1493 inser.
444 1459 483 1492 in
522 1458 600 1491 aliis
624 1464 674 1499 (a.
700 1459 722 1492 Ι,
741 1454 868 1496 malis)
891 1455 1118 1499 premebatur
1141 1458 1176 1498 7,
1193 1457 1230 1497 2,
1249 1455 1295 1489 36
1314 1456 1356 1488 Ν.
1382 1467 1431 1492 ον.
1450 1462 1482 1488 et
1503 1456 1563 1498 S.,-
1586 1452 1728 1513 Neque}

218 1508 314 1542 enim
338 1511 397 1539 aut
422 1510 492 1538 tam
515 1504 702 1548 perplexa,
728 1507 788 1535 aut
809 1506 882 1534 tam
900 1511 1092 1535 numerosa
1111 1505 1223 1543 sunt‘,
1252 1511 1344 1545 quae
1365 1507 1532 1546 premunt
1554 1500 1719 1544 (Turio-²

214 1558 446 1598 premuntur,
484 1550 567 1591 sort.
605 1549 774 1591 legendum
797 1552 1027 1591 promuntur3
1061 1551 1102 1581 Z.
1137 1549 1258 1591 probat
1294 1549 1463 1582 Buttm.
1496 1547 1583 1590 coni.
1613 1513 1728 1592 prae-i

216 1597 443 1643 cipiuntur),
479 1602 518 1630 ut
549 1606 622 1629 non
647 1603 841 1638 paucorum
868 1593 1060 1626 admodum
1096 1602 1272 1626 annorum
1306 1590 1505 1637 intentione
1519 1592 1692 1629 uincantu

217 1649 275 1688 12,
307 1647 363 1687 11,
392 1647 431 1678 12
457 1645 505 1677 N.
552 1641 596 1687 β)
621 1642 663 1674 de
686 1642 802 1673 rebus.-
825 1646 1035 1683 ‘premere
1063 1638 1267 1682 tumentia,
1290 1637 1442 1673 humilis
1463 1634 1710 1677 extollere

216 1689 408 1736 (dicendo)
435 1692 491 1732 10,
516 1687 551 1731 4,
577 1691 622 1730 1·r
642 1696 708 1731 pro
733 1684 927 1718 diffidentia
953 1684 1131 1729 premitur.
1149 1683 1310 1719 absentia
1336 1684 1371 1728 5,
1393 1687 1429 1726 7,
1458 1687 1490 1719 1.
1511 1684 1606 1719 liaeo
1622 1683 1728 1733 pro-

215 1738 349 1782 positio
375 1735 640 1770 confessionem
669 1731 863 1766 adversarii
887 1731 1015 1775 premit
1043 1730 1078 1773 4,
1105 1729 1149 1774 4,.
1166 1730 1203 1766 4.
1250 1741 1320 1765 nec
1341 1730 1463 1765 solum*
1492 1735 1728 1776 premeret

217 1783 505 1824 confessionem,
550 1781 615 1814 sed
648 1778 832 1824 partiendo
866 1777 1189 1822 multiplicare
1221 1779 1257 1820 7,
1294 1779 1345 1822 1„
1370 1777 1429 1812 29.
1470 1776 1562 1812 hbeo
1597 1782 1638 1811 ut
1672 1778 1712 1812 iu

217 1829 387 1874 qualitate
414 1829 551 1863 crimen
578 1827 805 1868 elevant,
834 1823 883 1857 ita
906 1823 945 1857 in
969 1824 1175 1867 conjectura
1207 1827 1428 1867 premunt
1450 1822 1487 1867 7,
1503 1825 1557 1867 ,2,
1584 1822 1644 1865 40.
1681 1829 1713 1859 ιι

213 1877 308 1910 facie
334 1886 479 1920 quoque
505 1875 583 1917 ipsa
605 1871 779 1917 premitur
801 1869 902 1913 (res),
925 1871 987 1905 vel
1017 1869 1196 1905 invidiosa
1231 1867 1456 1907 consistentis
1486 1879 1535 1903 ex
1565 1869 1630 1904 div

214 1922 379 1967 patroni,
403 1923 465 1956 vel
492 1917 685 1954 miserabili
709 1916 806 1951 senis
835 1923 896 1950 etc.
919 1914 954 1958 4,
983 1918 1016 1958 1,
1039 1910 1108 1959 42;
1132 1926 1179 1949 ne
1205 1913 1558 1960 praecipitetur.
1583 1914 1708 1959 editio,

215 1979 424 2011 nonumque
449 1971 684 2011 prematur
706 1963 742 1997 in
767 1973 899 1996 annum
925 1962 990 2006 Ep.
1020 1962 1067 1996 ad
1097 1961 1243 2006 Tryph.⁴
1263 1963 1298 1997 2.
1346 1961 1416 2004 ΙΙΙ)
1442 1962 1571 1997 Partic.
1603 1959 1646 2005 a)
1669 1963 1694 2003 d

216 2017 456 2058 scriptoribus.-
491 2022 556 2056 pro
584 2009 773 2055 pressis
797 2008 952 2042 exiles
984 2010 1040 2051 10,
1076 2009 1110 2050 2,
1147 2008 1202 2041 16.
1250 2005 1424 2042 Servilius
1458 2005 1643 2047 Nonianus
1708 2022 1711 2023 ⁷

215 2061 343 2095 creber
369 2058 554 2093 sententiis
578 2058 641 2091 sed
665 2055 782 2089 minus
806 2065 862 2098 pr.
890 2054 951 2098 (a.
972 2057 994 2087 Ζ.
1023 2051 1242 2096 expressus),
1267 2062 1373 2098 quam
1396 2050 1568 2087 historiae
1587 2057 1668 2087 auct

212 2107 313 2141 ribus
345 2107 501 2150 postulat
546 2105 602 2145 10,
634 2105 667 2146 1,
705 2103 771 2135 102
807 2102 856 2134 H.
879 2110 1018 2144 ‘neque
1051 2098 1171 2133 Attice
1205 2097 1388 2144 pressi,
1424 2108 1547 2143 neque
1575 2098 1688 2133 Asina

214 2153 372 2186 abund
388 2158 520 2185 autes
539 2152 595 2193 12,
619 2151 674 2189 10,
691 2149 735 2183 18
758 2159 792 2181 v.
822 2147 1024 2193 Integer.
1050 2146 1211 2179 laetus
1235 2155 1277 2179 ac
1299 2155 1489 2190 pressus
1513 2142 1712 2188 (Homerus)

215 2201 273 2241 10,
300 2202 333 2240 1,
357 2197 415 2232 46.
464 2196 507 2242 β)
532 2198 574 2230 de
600 2196 731 2238 dicendi
753 2203 895 2238 genere:
919 2202 1085 2236 pressa
1113 2196 1149 2224 et
1175 2191 1341 2225 tenuia
1364 2195 1400 2225 et
1423 2197 1539 2232 sane
1566 2196 1602 2224 et
1622 2201 1717 2226 verer

212 2244 384 2279 Attica
426 2245 483 2286 10,
521 2245 552 2284 1,
595 2240 652 2275 44.
700 2238 920 2274 tenuiora
951 2239 1040 2271 haec
1073 2247 1115 2270 ac
1144 2235 1405 2280 pressiora
1438 2238 1504 2278 12,
1540 2237 1604 2286 19,
1643 2237 1707 2279 383

212 2301 417 2335 pressus
443 2295 476 2322 et
505 2289 605 2323 velut
629 2284 892 2331 applicitus
914 2283 968 2318 rei
988 2285 1103 2317 cultus
1125 2281 1160 2325 4,
1179 2285 1215 2326 2,
1233 2285 1311 2317 117.
1338 2290 1553 2326 pressum
1581 2281 1689 2316 lima

211 2342 385 2380 tumque
415 2346 526 2381 genus
542 2332 684 2368 dicendi
709 2334 743 2374 2,
756 2332 791 2374 8,
807 2329 831 2364 4
852 2342 887 2364 v.
908 2329 1132 2364 Limatus<
1142 2339 1196 2372 pr.
1216 2326 1278 2361 illa
1295 2326 1510 2379 narrationis
1529 2327 1668 2375 grueiffl
1696 2371 1698 2374 v

209 2382 246 2424 4,
271 2384 306 2424 3,
334 2386 356 2416 2
381 2384 425 2415 N.
460 2380 602 2423 verbis,
636 2384 675 2412 ut
708 2377 848 2422 saepius
882 2387 936 2421 pr.
963 2381 1018 2410 est
1052 2373 1264 2418 (narratio),
1295 2373 1346 2408 ita
1380 2373 1523 2408 interim
1694 2374 1696 2378 ’

209 2429 244 2470 9,
278 2426 313 2470 4,
348 2426 426 2462 134.
471 2427 622 2460 citata
649 2445 695 2451 —-
717 2434 893 2468 pressa
916 2420 1160 2466 pronuntiatio
1189 2422 1258 2463 11,'
1283 2421 1326 2463 3,
1351 2421 1429 2454 111.
1511 2436 1514 2437 ν

173 148 253 190 690
732 142 888 188 Precor
916 167 972 176 -—
999 112 1188 188 Pretium

162 2482 327 2525 Presse.
358 2506 431 2529 non
456 2494 541 2528 satis
568 2499 620 2527 est
645 2493 766 2526 dicere
790 2502 854 2535 pr.
881 2494 1034 2530 tantum,
1071 2496 1130 2522 aut
1155 2487 1430 2531 subtiliter,
1455 2491 1518 2521 aut
1537 2486 1678 2531 asper

210 2543 243 2580 2,
270 2542 387 2579 8.15.
435 2541 738 2574 abundanter
763 2549 807 2571 an
831 2548 896 2581 pr.
922 2536 1042 2569 dicere
1068 2536 1103 2578 8,
1130 2536 1164 2573 3,
1188 2533 1247 2568 40.
1612 2531 1615 2537 “

163 2583 398 2627 Pretiosus.
456 2607 638 2640 nunquam
666 2597 734 2629 hoc
760 2594 943 2641 continget
966 2592 1069 2626 malis
1102 2590 1262 2625 moribus
1290 2590 1550 2636 regnum‚¹ut,
1580 2587 1613 2622 si

206 2643 422 2684 pretiosa
447 2642 535 2677 fecit
568 2644 719 2686 (libido),
749 2641 879 2675 fecerit
901 2640 1086 2674 et‘bona
1110 2639 1143 2681 5,
1174 2640 1230 2680 ¹2,
1256 2637 1312 2671 19.
1673 2669 1697 2681 .-

161 2683 362 2727 Pl'etium·
412 2706 484 2732 tum
514 2700 658 2745 dignum
683 2709 815 2742 operae
841 2695 994 2741 pretium
1016 2694 1137 2738 venit,
1165 2705 1247 2728 cum
1271 2699 1330 2726 ete.
1358 2693 1414 2734 12,
1441 2691 1475 2734 6,
1500 2693 1534 2726 7.
1558 2690 1666 2724 nimiu
1688 2682 1690 2685 ’

204 2742 298 2777 risus
322 2744 450 2787 preti
467 2757 533 2778 um
560 2751 634 2788 est,
659 2746 688 2777 si
718 2742 908 2787 probitatis
935 2739 1177 2785 impendio
1202 2743 1338 2774 constat
1351 2738 1385 2780 6,
1398 2739 1432 2780 3,
1451 2739 1509 2771 35.
1533 2733 1700 2784 materie:
