1742 2964
408 195 548 244 Index
583 193 816 239 Nominum
852 192 1141 249 Propi-iorum.

23 313 296 362 Sulpicius,
339 311 503 348 servius.
547 311 658 345 lctus.
698 307 742 343 Et

67 385 237 410 concessa
260 378 315 408 est
336 372 442 407 etiam
460 369 648 405 facundiae
665 367 743 403 vir-

68 439 126 471 tus
156 436 216 476 12,
242 434 288 474 3,
319 431 356 467 9.
385 441 451 476 pro
473 427 613 463 Aufidia
635 425 679 470 4,
707 429 743 470 2,

38 482 42 486 ”
69 491 149 526 106.
173 489 220 532 cf.
244 491 302 532 10,
327 492 360 530 1,
383 492 441 523 22.
473 487 524 522 At
539 486 634 521 idem
654 478 744 519 con-'-

67 554 124 584 tra
156 548 333 583 Aufidiam
366 547 500 581 dixisse
530 545 679 580 traditur
707 543 744 587 6,

14 622 20 626 ·
70 610 112 651 1,
135 609 193 642 20.
216 606 322 652 (quae
343 607 474 640 videtur
497 602 646 645 confusio
673 613 744 637 esse

0 657 5 668 ¹
67 677 142 698 cum
164 663 349 709 wlessala.)
373 665 552 711 Insignem
579 672 652 696 nou
674 661 744 695 im-

67 722 196 758 merito
226 723 358 757 famam
388 723 501 757 tribus
524 720 745 756 orationibus

65 775 196 817 meruit
219 785 281 824 10,
305 785 339 826 1,
369 768 465 816 116.'
492 777 746 815 Commentarii

67 852 252 875 cansarum
263 866 275 885 ,
298 851 389 885 quae
412 845 494 874 sunt
510 845 607 874 actae
625 839 668 872 ab
686 848 744 880 eo,

68 899 118 934 ita
151 905 233 933 sunt
262 898 400 942 execti,
443 903 483 931 ut
516 898 560 931 ab
591 897 670 941 ipso
707 895 746 930 ‘m

69 957 277 991 memoriam
317 956 536 1001 posteritatis
575 967 654 990 esse
688 954 747 990 vi-

72 1017 221 1050 deantur
246 1015 431 1060 compositi
455 1018 517 1058 10,
541 1017 584 1058 7,
609 1017 655 1049 30
677 1026 746 1059 sqq.

70 1075 159 1110 Solo
197 1075 262 1109 illo
303 1084 436 1122 genere
468 1073 748 1117 exercitationis,

72 1132 313 1168 conversione
347 1132 542 1167 carminum
575 1142 623 1166 ex
649 1130 750 1165 Lati-

71 1189 148 1231 nis,
182 1190 311 1227 dieitur
340 1202 422 1226 esse
445 1202 531 1225 usus
555 1193 620 1233 10,
644 1190 688 1233 5,
714 1188 750 1225 4.

69 1250 221 1286 Juvenis
272 1250 532 1285 accusationem
574 1251 752 1283 malorum(

72 1307 208 1343 civium
236 1309 481 1353 suscepitjss,
505 1311 546 1351 7,
570 1307 605 1342 4.
644 1310 748 1352 ipsius

71 1366 239 1403 Acumen
264 1370 326 1410 12,
351 1369 407 1409 10,
434 1369 489 1401 11.
535 1364 747 1399 Ciceronem

73 1424 248 1459 studuisse
266 1425 432 1470 petitioni
454 1423 602 1468 Sulpicii
625 1429 750 1457 contra.

74 1484 248 1517 honorem
263 1484 435 1517 Murenae
452 1486 506 1521 11,
531 1485 564 1523 1,
587 1482 643 1516 69.
677 1481 749 1515 Oc-

75 1541 170 1576 cisus
201 1541 244 1574 ab
277 1541 436 1575 Antonio
466 1544 510 1582 7,
534 1541 575 1582 3,
611 1540 667 1574 18.
705 1539 750 1573 de

77 1605 190 1634 statua
214 1600 290 1642 ejus
317 1601 351 1642 3,
375 1600 412 1642 8,
435 1598 519 1633 5Ν.

30 1678 79 1687 -··
107 1660 230 1693 Gallus
250 1660 297 1701 2,
322 1657 383 1699 15,
407 1657 442 1690 8.
473 1656 517 1690 de
547 1656 652 1690 lunae
684 1656 750 1690 dea-

77 1718 235 1753 fectione
262 1714 428 1749 disseruit
455 1718 471 1748 1
486 1739 496 1756 ,
525 1717 590 1757 10,
614 1714 672 1749 47.
707 1714 751 1756 os.

77 1776 152 1812 Cio.
172 1776 225 1813 ,de
246 1785 287 1808 re
310 1774 407 1818 publ.
436 1776 474 1813 1,
501 1784 578 1817 cup.
605 1774 661 1808 15.

32 1854 78 1862 —
99 1837 255 1881 Longus.
282 1845 304 1865 a
321 1833 466 1865 Domitio
485 1831 574 1873 Asro
601 1835 752 1876 repulsus

78 1897 167 1927 illius
190 1894 287 1936 jocus
312 1891 345 1933 6,
372 1892 407 1931 3,
430 1892 488 1925 32.

30 1954 155 1988 Sura.
187 1963 222 1984 v.
251 1949 406 1983 Mallius.

35 2011 127 2056 Syb
141 2009 274 2044 atita.
305 2007 486 2054 frugalitas
510 2018 567 2051 ap.
591 2017 655 2042 eos
677 2007 753 2043 for-

79 2069 170 2104 sitan
194 2067 395 2101 odio÷foret
422 2068 454 2107 3,
476 2069 512 2107 7,
535 2065 592 2100 24.

34 2124 334 2173 Syracusani.
370 2124 404 2167 5,
430 2126 486 2167 11,
509 2125 544 2157 7.
584 2160 588 2162 ,

363 2226 418 2270 Τ.

34 2308 70 2342 Τ
78 2310 151 2341 ant
161 2305 233 2339 alu
241 2315 271 2340 s.
314 2305 407 2338 Jove
453 2308 661 2348 propagatus
697 2309 752 2337 est

79 2361 253 2399 Tantalus
263 2388 277 2407 ,
307 2373 356 2397 ex
378 2362 530 2396 Tantalo
556 2367 655 2396 ortus
682 2363 751 2398 Pe-

48 2468 49 2472 *
77 2424 156 2467 lops
179 2422 216 2465 9,
241 2423 278 2464 3,
302 2421 359 2455 57.

34 2482 188 2516 Taren
199 2478 287 2513 tini
311 2479 460 2523 juvenes
482 2478 520 2522 6,
542 2480 579 2522 3,
602 2480 659 2513 10.

33 2540 69 2574 Τ
77 2551 98 2573 a
105 2550 124 2573 r
132 2550 152 2573 e
160 2548 184 2572 n
194 2543 292 2571 tum.
317 2539 415 2571 lanas
430 2537 584 2572 evehere
593 2539 751 2572 Tarento

77 2608 152 2632 non
175 2596 259 2630 lioet
279 2599 316 2639 7,
339 2597 374 2639 8,
401 2594 425 2628 4
450 2596 498 2629 N.

33 2657 68 2690 T
80 2667 178 2691 arra
189 2666 272 2690 con
284 2667 304 2689 e
315 2665 365 2688 ns
377 2666 436 2688 es.
473 2665 569 2688 aram
599 2652 751 2701 Augusti

7 2729 9 2731 ·
25 2711 27 2713 ’
80 2719 352 2748 construxerant
370 2713 404 2754 6,
428 2715 463 2755 3,
486 2716 531 2747 77
559 2714 606 2746 Ν.

33 2774 69 2808 Τ
80 2776 151 2808 ars
161 2773 352 2808 imenus.
382 2783 417 2807 υ.
441 2771 682 2807 Trasimenus.

1419 197 1524 236 1021

805 307 1012 343 Telemo.
1039 310 1074 352 1,
1100 309 1133 351 5,
1157 308 1215 344 60.
1243 305 1342 353 Aiax
1358 308 1532 343 Telamo-

852 366 908 400 nis
931 367 1022 400 filius
1045 370 1080 410 7,
1103 368 1139 411 9,
1168 370 1202 402 2.

808 425 1066 460 Terentius.
1094 427 1236 459 comicus
1250 433 1350 470 poeta
1368 427 1400 466 1,
1417 425 1454 468 8,
1474 428 1530 459 11.

858 486 974 520 Verba
1005 485 1078 528 ejus
1105 485 1147 528 9,
1176 487 1223 528 2,
1251 486 1308 520 58.
1345 485 1386 524 9,
1411 485 1452 524 3,
1476 484 1532 518 16.

854 545 941 588 Ejus
972 543 1102 588 scripta
1136 544 1180 577 ad
1204 542 1406 588 Scipionem
1429 542 1532 576 Afri-

852 614 982 638 canum
1009 604 1214 637 reseruntur
1238 604 1303 645 10,
1332 605 1373 645 1,
1396 602 1453 637 99.
1497 601 1534 636 Δ

853 661 1027 696 Terentio
1075 661 1227 706 primum
1274 660 1408 694 dictum
1454 668 1535 694 esse

856 720 1074 766 Obsequium
1098 726 1197 765 putat
1217 719 1346 754 Cicero
1369 721 1404 762 8,
1423 720 1458 762 3,
1476 721 1533 755 35.

854 782 1022 815 Iudicium
1049 781 1090 813 de
1114 792 1152 812 eo
1188 781 1249 819 10,
1277 782 1318 822 1,
1345 779 1409 821 99;
1456 779 1533 812 Te-

855 838 1038 873 rentianus
1064 837 1125 872 ille
1150 843 1254 882 pater
1272 841 1329 882 11,
1353 840 1388 882 1,
1411 836 1469 874 39.
1487 855 1535 864 -

855 896 1024 931 Phormio
1047 897 1088 939 6,
1113 898 1148 940 3,
1177 897 1234 931 56.

810 957 1010 990 Tereus.
1039 955 1149 989 Terei
1174 958 1208 998 1,
1237 953 1271 998 5,
1296 952 1354 990 24.

811 1018 1004 1051 Teucer.
1027 1014 1170 1048 Ulixem
1182 1007 1294 1048 'reum
1310 1014 1398 1048 facit
1413 1012 1535 1060 Aiacis

858 1073 971 1109 occisi
995 1071 1032 1118 4,
1055 1075 1091 1116 2,
1119 1074 1175 1106 13.

813 1133 996 1169 Thebas
1024 1130 1174 1168 deflevit
1194 1129 1396 1167 Aeschines
1417 1133 1475 1178 11,
1498 1133 1538 1179 3,

861 1192 942 1228 168.

813 1248 1040 1287 Thebani.
1063 1247 1216 1284 restituti
1232 1259 1253 1283 a
1274 1247 1479 1286 Cassandro
1500 1251 1535 1296 5,

860 1313 916 1353 10,
943 1312 1021 1343 111.
1046 1316 1119 1342 non
1136 1318 1260 1342 omnes
1282 1307 1321 1342 in
1338 1309 1538 1346 Alexandri

858 1379 964 1402 manu
987 1366 1099 1401 fuisse
1122 1369 1165 1400 ib.
1190 1368 1270 1405 117.

813 1426 1176 1461 Themistocles.
1204 1427 1239 1467 9,
1257 1428 1292 1468 2,
1309 1425 1355 1460 92
1373 1427 1417 1461 N.
1446 1428 1538 1464 Eum.

859 1496 970 1518 unum
983 1483 1076 1516 intra
1086 1494 1217 1516 annum
1232 1485 1364 1528 optime
1379 1486 1538 1522 locutum

861 1553 941 1577 esse
963 1541 1106 1576 Persice
1130 1547 1268 1575 constat
1294 1546 1356 1585 11,
1387 1547 1421 1586 2,
1448 1547 1504 1580 50.

815 1600 1116 1636 Theocritus.
1153 1608 1254 1644 poeta
1278 1601 1467 1647 bucolicus,
1493 1607 1536 1639 de

862 1673 925 1706 quo
950 1661 1056 1703 judic.
1082 1661 1137 1701 10,
1163 1662 1196 1700 1,
1220 1659 1279 1694 55.
1310 1660 1539 1699 Admirabilis

860 1718 899 1752 in
923 1728 988 1752 suo
1005 1728 1144 1764 genere
1167 1720 1212 1751 ib.
1236 1707 1240 1710 ¹

817 1777 1129 1812 Theodectes.
1155 1778 1263 1810 rhetor
1286 1779 1327 1821 1,
1353 1778 1395 1822 4,
1422 1782 1477 1814 18.
1499 1781 1535 1826 4,

861 1839 897 1879 2,
921 1837 980 1871 63.
1003 1836 1040 1878 9,
1053 1834 1089 1877 4,
1111 1836 1168 1870 88.
1202 1837 1384 1880 Tempore
1399 1838 1540 1874 Aristo·

862 1894 944 1928 telis
965 1894 1034 1926 fuit
1056 1895 1091 1935 3,
1117 1897 1151 1937 1,
1174 1894 1228 1928 15.
1256 1896 1296 1928 ld
1315 1906 1418 1940 opus,
1442 1901 1539 1943 quod

865 1954 910 1987 de
934 1951 1123 1986 Rhetorice
1149 1953 1294 1988 nomine
1317 1956 1394 1998 ejus
1411 1956 1541 1993 inscri-

862 2011 981 2053 bitur,
1013 2013 1182 2044 dubitatur
1207 2020 1315 2046 utrum
1342 2014 1453 2058 ipsius
1480 2018 1540 2062 sit,

864 2083 928 2113 an,
960 2075 1000 2103 ut
1032 2071 1205 2104 creditum
1228 2078 1300 2115 est,
1335 2073 1544 2112 Aristotelis

864 2132 909 2172 2,
935 2130 998 2172 15,
1025 2131 1080 2162 10.
1115 2128 1159 2169 cs.
1186 2132 1228 2172 3,
1258 2133 1292 2174 1,
1315 2134 1373 2166 15.
1419 2134 1541 2171 Semel

863 2188 1002 2222 auditos
1034 2188 1224 2232 quamlibet
1253 2192 1383 2225 multos
1411 2204 1540 2229 versus

862 2247 1023 2291 protinus
1036 2247 1162 2280 dicitur
1169 2248 1364 2283 reddidisse
1376 2254 1424 2289 11,
1439 2255 1474 2294 2,
1484 2255 1542 2289 50.

818 2307 1142 2340 Theodoreus,
1167 2310 1202 2350 2,
1222 2311 1278 2350 11,
1294 2311 1317 2342 2
1336 2310 1381 2343 N.
1413 2311 1538 2346 Theo-

863 2365 964 2399 dorei
993 2367 1026 2405 3,
1054 2367 1088 2408 ι,
1121 2366 1175 2399 18.
1202 2364 1237 2406 4,
1262 2369 1297 2408 2,
1321 2368 1379 2401 32.

818 2423 1090 2457 Theodorus
1136 2424 1332 2468 Byzantius
1362 2427 1538 2472 3,1,1.

861 2481 950 2515 Ex‘
939 2481 984 2515 lis
1008 2487 1043 2515 et
1066 2481 1155 2526 ipse,
1180 2494 1269 2526 quos
1291 2484 1392 2519 Plato
1415 2490 1540 2533 appel-

861 2539 912 2573 lat
939 2536 1217 2584 λογοδαιὸοἶλους
1242 2544 1286 2576 ib.

816 2615 864 2625 ι-
895 2599 1086 2632 Gadareus.
1116 2601 1160 2642 2,
1198 2601 1262 2642 15,
1294 2604 1352 2638 21.
1383 2605 1474 2652 Qui
1498 2618 1538 2642 se

863 2657 934 2691 dici
967 2657 1090 2691 maluit
1123 2657 1299 2693 Rhodium
1328 2662 1371 2705 3,
1406 2666 1445 2706 1,
1479 2669 1536 2700 17.

862 2716 983 2762 Quem*
1011 2715 1170 2750 studiose
1202 2717 1362 2764 audisse,
1394 2732 1474 2755 cum
1498 2724 1537 2757 in

861 2785 942 2809 eam
967 2774 1119 2810 insulam
1142 2777 1370 2823 secessisset,
1409 2781 1539 2816 dicitur
