1728 3002
125 195 289 234 LXXVI
743 193 1054 253 Prolegomena
1085 247 1087 252 .

121 323 364 370 tacetur,
420 308 686 377 adjiciunt
725 310 1038 370 libertatem,
1094 311 1416 378 ceteroquin
1454 317 1523 363 de
1559 315 1669 365 fide

121 389 300 449 verbi,
348 399 482 436 'teste
521 389 804 455 Zumptio,
853 409 1045 457 parum
1077 405 1302 441 constat.
1371 394 1552 443 Verba
1589 394 1670 443 di-

123 468 284 516 cendi
318 468 670 516 omittuntur:
707 467 753 523 6,
779 469 826 531 5,
847 486 911 533 90
952 471 1178 519 Tertium
1209 471 1344 519 illud
1377 474 1549 521 Cicero
1579 474 1670 522 ad->

121 565 298 595 versus
321 548 535 595 Curium
567 550 655 609 (so.
677 549 854 612 delcit).
890 565 935 608 2,
958 565 1038 610 21,
1067 548 1124 598 15
1149 551 1210 598 de
1228 551 1407 615 quibus
1435 554 1670 616 (causis)

123 645 245 690 ergo
286 628 451 675 dicet?
507 628 568 674 de
609 627 788 691 quibus
820 629 1004 677 didicit
1032 636 1128 690 (sc.
1164 631 1375 687 dicere).
1453 631 1672 679 Deinde

124 706 389 754 Codicum
413 705 733 771 scripturam
753 707 857 756 levi
882 708 1069 774 Ellipsi
1098 709 1355 758 tueberis:
1398 727 1450 756 11
1469 747 1482 771 ‚
1523 728 1543 757 1
1561 748 1575 772 ,
1604 709 1671 774 73

121 786 281 834 Dixit
305 786 477 833 Cicero
503 803 603 850 pro
630 786 845 834 Gabinio
875 795 929 835 et
951 787 1007 835 P.
1053 788 1254 837 Vatinio
1267 828 1278 845 ‚
1314 789 1672 838 inimicissimis

122 874 278 914 antea
300 865 401 912 sibi
423 865 727 925 hominibus,
763 875 815 915 et
840 867 894 914 ia
927 884 1050 931 quos
1077 869 1334 917 orationes
1365 871 1520 918 etz'am
1547 870 1672 918 scri-

113 953 321 1012 pserat,
357 962 578 992 rerum
609 953 670 992 et
689 948 877 1010 justa
906 947 1362 1010 si'cfaciendoe
1396 967 1496 997 uon
1529 966 1580 996 36
1609 949 1672 995 de

121 1025 322 1089 ingenii
327 1028 488 1088 fama
508 1025 597 1071 sed
613 1025 673 1070 de
678 1026 794 1085 fide
814 1042 914 1072 esse
935 1025 1207 1078 sollicitwn
1217 1045 1240 1085 ,·
1269 1027 1509 1096 intellige
1530 1027 1674 1075 enim

121 1119 248 1172 post
256 1103 510 1168 faciendo
521 1121 538 1150 .·
567 1120 715 1163 „cum
732 1107 1010 1167 fateretur
1034 1120 1132 1152 aut
1159 1107 1372 1167 diceret,
1387 1112 1417 1136 “
1451 1123 1554 1155 nec
1578 1110 1672 1154 de-

123 1182 376 1234 siderabis
410 1181 751 1249 conjecturas
782 1200 960 1231 verum
996 1201 1153 1232 causa
1182 1187 1332 1249 justa
1346 1188 1429 1246 fit
1443 1186 1672 1250 fatendo
1701 1205 1706 1212 “

125 1277 223 1311 aut
268 1280 445 1310 ‘cerum
494 1270 708 1310 excusat
748 1280 799 1310 se
836 1263 1079 1326 fatendo.
1172 1264 1355 1313 Similis
1398 1267 1671 1330 quaedam

125 1341 320 1407 ellipsis
345 1340 445 1388 erit
475 1356 556 1400 12,
584 1357 628 1401 Ω,
654 1342 733 1388 28.
802 1342 946 1389 Haec
976 1351 1118 1402 smel,
1161 1343 1339 1408 quibus
1367 1358 1507 1392 mens
1524 1342 1670 1409 pari-
1718 1334 1724 1341 ’

125 1430 207 1471 ter
237 1430 390 1486 atque
411 1420 579 1467 oratio
599 1420 901 1484 inam-gant.-
936 1440 1064 1488 quae
1084 1440 1199 1471 vere
1230 1422 1382 1482 bona,
1419 1423 1544 1488 quid
1570 1422 1675 1470 mi-

124 1501 259 1564 tiget
274 1509 452 1560 metus,
485 1510 718 1550 coerceat
733 1502 1066 1567 cupiditates,
1104 1504 1296 1552 eximat
1317 1520 1408 1551 uos
1427 1502 1675 1568 opinioni-

124 1580 216 1628 bus
235 1579 393 1644 vulgi,
425 1581 749 1647 animumque
772 1581 1055 1643 coelestem,
1086 1582 1177 1630 cui
1197 1585 1320 1631 loco
1341 1581 1672 1631 satisfactum

122 1658 254 1707 mihi
299 1659 550 1722 videtur,
614 1661 655 1709 si
705 1676 829 1727 post
879 1662 1158 1726 insurgant
1193 1660 1537 1729 intelligimus
1580 1660 1672 1708 do-

125 1739 281 1786 cendo
305 1740 374 1803 (v.
396 1742 555 1798 Not.).
610 1740 957 1790 Desideratur
976 1741 1085 1805 egit
1106 1758 1127 1788 1
1142 1760 1181 1801 ι,
1205 1739 1251 1796 3,
1284 1734 1390 1802 178.
1421 1739 1558 1788 illud
1571 1739 1674 1787 mi·-

124 1835 222 1865 uus
246 1818 458 1878 mirum,
495 1820 631 1884 quod
649 1821 784 1868 alter
814 1822 986 1882 (actor
1007 1821 1408 1882 comoediarum)
1445 1820 1586 1878 deos,
1623 1826 1677 1867 et

115 1899 330 1962 juvenes
349 1906 402 1945 et
418 1897 567 1945 bonos
578 1908 760 1963 patres
784 1914 883 1946 etc.
910 1899 1166 1963 optime,
1202 1898 1336 1946 alter
1356 1914 1500 1945 acres
1519 1913 1671 1956 senes,

127 1975 343 2023 callidos
381 1993 572 2036 servos,
618 1978 907 2042 parasitos,
967 1978 1167 2025 lenones
1214 1986 1267 2025 et
1303 1977 1473 2042 omnia
1505 1976 1674 2039 agita-

127 2055 266 2102 tiora
293 2056 532 2103 melius.
599 2055 886 2103 Cumulum
909 2059 1185 2122 quendam
1205 2054 1487 2121 Ellipsium
1508 2055 1674 2102 habet
1720 2116 1723 2118 Ι

130 2150 217 2193 10,
250 2153 267 2180 1
287 2170 301 2194 ,
326 2132 402 2196 37.
434 2133 498 2181 38
534 2135 693 2182 Credo
716 2144 989 2183 exacturos
1005 2136 1294 2200 plerosque,
1331 2153 1446 2183 cum
1471 2142 1674 2182 tantum

126 2229 229 2260 esse
267 2213 514 2261 utilitatis
546 2214 601 2261 iu
637 2214 899 2277 legendo
934 2216 1251 2279 judicemus,
1297 2222 1362 2260 ut
1394 2213 1453 2259 id
1480 2227 1673 2276 quoque

125 2292 475 2356 adjungamus
519 2294 684 2357 operi,
741 2295 852 2358 qui
884 2295 1019 2342 sint
1054 2299 1143 2352 (sc.
1173 2291 1424 2355 legendi),
1461 2307 1589 2355 quae
1617 2290 1674 2338 in

127 2386 319 2435 quoque
349 2379 560 2417 auctore
580 2373 868 2436 praecipua
893 2373 1059 2420 virtus
1092 2378 1186 2432 (sc.
1219 2370 1326 2433 sit).
1403 2370 1505 2417 Sed
1530 2386 1672 2435 per-

125 2448 312 2514 sequi
344 2449 570 2510 singulos
610 2451 810 2509 infiniti
835 2451 1021 2515 fuerit
1053 2450 1231 2515 operis.
1329 2449 1521 2514 Quippe
1555 2465 1673 2496 cum

124 2528 180 2575 in
214 2529 383 2574 Bruto
418 2528 493 2575 M
542 2529 738 2576 Tullius
772 2539 850 2577 tot
880 2528 1080 2577 milibus
1114 2546 1353 2576 versuum
1389 2529 1449 2576 de
1482 2529 1670 2576 Roma-

124 2607 205 2654 nis
239 2615 441 2654 tantum
476 2607 767 2655 oratoribus
801 2609 1066 2672 loquatur,
1098 2637 1165 2642 —-
1195 2609 1306 2673 quis
1342 2608 1445 2669 erit
1475 2607 1668 2677 modus,

126 2687 175 2733 si
206 2694 259 2734 et
289 2686 424 2745 illo-3,
464 2694 518 2733 et
549 2687 640 2751 qui
659 2695 840 2751 postea
863 2691 1121 2751 suerunt,
1156 2695 1207 2734 et
1240 2688 1458 2734 Graecos
1486 2702 1668 2744 omnes,

127 2773 182 2814 et
204 2764 560 2831 philosophos?
605 2781 671 2814 sc.
694 2766 938 2830 persequi
965 2766 1136 2825 velim,
1177 2783 1319 2831 quae
1355 2765 1525 2813 verba
1557 2763 1671 2811 edi·
