1728 3002
225 291 307 330 724
784 285 980 343 Purpura
1007 310 1063 318 —
1092 287 1200 329 Puto

247 382 250 389 ⁸
273 401 323 442 (a.
342 404 364 434 l.
383 398 640 446 impugnanda)
664 405 744 434 sunt
767 403 801 444 7,
830 403 863 445 1,
891 403 933 434 12
957 401 1003 435 N.
1031 414 1076 436 cr.
1101 409 1132 434 et
1157 396 1195 436 8.
1221 401 1324 437 fortis
1348 401 1449 446 (erit),
1475 402 1532 448 qui
1557 408 1670 438 metus
1695 403 1728 437 d(

271 446 357 481 loris
382 453 443 481 etc.
475 447 572 480 nulla
594 446 733 489 ratione
755 445 987 494 purgaverit?
1024 450 1088 491 12,
1113 451 1154 492 2,
1179 450 1212 484 3.
1295 448 1298 449 ’
1507 452 1513 457 '

227 492 429 547 Purpura·
489 503 650 539 vestibus
673 515 879 549 purpura
903 513 1122 548 coccoque
1147 503 1363 552 fulgentibus
1395 507 1459 548 11,
1496 507 1540 548 1,
1575 506 1630 540 31.
1668 507 1728 539 cl:

272 561 359 584 vus
384 555 419 583 et
442 561 687 594 purpurae
713 550 750 584 in
774 552 856 585 loco
880 549 1033 586 insertae
1056 552 1153 594 (haec
1176 564 1236 594 per
1254 553 1316 594 fig.
1341 549 1382 584 ἓν
1405 547 1466 584 διὰ
1493 546 1592 584 δυοῖν
1611 559 1726 594 potera

273 598 453 639 explicari,
483 609 546 630 non
574 598 766 630 inusitatam
790 600 880 630 illam
905 597 1033 642 quidem
1058 609 1180 640 prosae
1200 600 1396 640 praesertim
1419 597 1518 640 hujus
1543 599 1686 639 aciati35
1713 611 1728 638 ο,

270 649 406 685 praeter
430 645 464 675 Z
471 645 634 685 umptii
659 644 718 677 Gr.
746 642 781 687 §.
802 644 883 680 738.
926 645 983 676 Cu
995 649 1046 676 rt.
1074 643 1118 686 V,
1143 646 1183 682 5.
1210 646 1263 678 10.
1302 655 1352 677 ex
1377 642 1534 677 tenebris
1557 648 1594 676 et
1616 654 1728 677 carce]

271 688 479 731 procedere.
513 689 624 731 VIII,
659 687 721 731 14,
759 691 791 723 1.
836 687 940 722 armis
964 687 1123 733 virisque
1147 688 1260 733 ripam
1287 688 1453 723 obtineri.
1501 690 1544 722 ib.
1581 691 1636 724 12.
1681 692 1724 722 Li

272 735 452 777 XXXIII,
475 737 510 768 2.
526 736 584 769 33.
609 735 693 777 (Sed
713 738 757 768 Z.
775 747 817 768 ex
827 737 926 768 Amb.
940 736 973 768 1.
1001 737 1116 779 recipit
1141 736 1263 769 clavus
1285 746 1387 779 purp.
1401 734 1621 775 -insertus,
1647 747 1728 780 quan

273 782 322 813 vis
349 793 396 813 us
429 782 469 813 sit
501 793 542 813 ex
575 782 793 821 correctione)
826 782 870 823 8,
903 780 942 823 5,
975 781 1032 816 28.
1067 786 1107 814 ut
1134 792 1309 825 purpurae
1337 784 1386 822 (a.
1411 785 1433 815 l.
1463 780 1728 825 purpura)·rec·

273 826 489 860 descendant
510 829 550 860 11
565 852 574 867 ,
600 828 639 869 3,
665 827 732 867 139
760 828 804 861 Ν.
832 840 878 860 cr.
905 827 986 860 lana
1010 827 1121 861 tincta
1141 827 1227 862 fuco
1251 828 1339 861 citra
1361 837 1599 871 purpuras
1622 827 1728 871 place*

273 877 308 906 at
332 871 363 906 si
392 872 587 907 contuleris
606 871 712 907 etiam
736 874 977 916 lacernae,
1002 878 1198 917 conspectu
1220 872 1378 907 melioris
1405 873 1588 915 obruatur,
1610 878 1650 906 ut
1673 873 1728 908 Ov

273 917 351 952 dius
375 917 435 953 ait.
448 920 527 988 712,
552 921 621 962 10,
638 918 692 1000 675
718 920 790 962 N.,·
828 918 922 966 Quid
947 929 1020 953 non
1043 920 1182 953 adultus
1209 918 1460 964 concupiscet,
1483 917 1545 963 qni
1566 918 1604 952 in
1631 930 1728 964 purp1

271 964 320 998 ris
344 975 384 998 re
410 964 462 998 it.
502 969 519 998 1
572 967 595 999 2
664 989 673 999 .
1575 990 1583 996 ,

229 976 501 1065 l’urpurztus.
534 988 751 1067 ’purpuratis
775 1022 993 1064 (Alexandri)
1020 1023 1062 1065 8,
1088 1023 1129 1065 5,
1153 1020 1212 1056 24.

225 1078 376 1119 Purus,
425 1087 455 1131 Ι)
480 1092 637 1134 proprie.-
677 1100 792 1134 neque
818 1088 976 1124 fontibus
1007 1085 1139 1134 puris
1165 1099 1281 1134 neque
1311 1089 1530 1125 torrentibus
1553 1081 1728 1134 turbidi

271 1134 403 1170 similes
429 1138 494 1178 12,
520 1139 586 1180 10,
612 1136 668 1172 19.
705 1135 750 1178 cs.
786 1138 850 1178 10,
877 1138 917 1177 1,
945 1137 1003 1171 78.
1043 1137 1174 1180 quend.
1197 1146 1349 1180 ριιτιιιιι,
1378 1136 1492 1180 qualis
1517 1137 1623 1172 etiam
1645 1138 1684 1172 in
1706 1139 1728 1172 f«

270 1181 376 1215 minis
400 1187 557 1225 amatur,
582 1187 745 1216 ornatum
768 1183 809 1224 8,
834 1184 878 1224 3,
901 1183 957 1217 87.
1007 1183 1058 1225 ΙΙ)
1081 1186 1218 1218 transL:
1248 1193 1390 1226 purus
1414 1193 1532 1218 sermo
1559 1189 1596 1218 et
1620 1184 1720 1219 diss

271 1226 406 1260 milis
434 1238 579 1261 curae
615 1230 655 1267 8.
688 1230 732 1270 3,
768 1227 823 1261 14.
860 1237 1026 1262 sermone
1049 1238 1162 1272 puro
1183 1233 1256 1272 atq.
1285 1227 1499 1263 dilucido
1531 1231 1600 1271 11,
1634 1233 1678 1274 1,
1705 1232 1727 1266 5

273 1270 319 1313 cs,
345 1274 385 1315 1,
412 1273 458 1314 9,
483 1275 516 1306 2.
552 1275 593 1316 1,
621 1276 686 1317 11,
711 1275 744 1307 6.
783 1274 823 1316 5,
849 1272 915 1315 14,
938 1276 996 1308 33.
1035 1284 1154 1308 sermo
1179 1284 1286 1318 quam
1309 1273 1516 1318 purissimus
1537 1273 1583 1319 4,
1606 1278 1653 1319 2,
1679 1278 1728 1312 114

269 1329 303 1361 p.
329 1319 494 1361 voluptas
518 1317 699 1352 literarum
723 1321 767 1361 2,
794 1319 857 1361 18,
882 1319 916 1352 4.
943 1329 1022 1355 vox
1045 1332 1081 1363 p.
1109 1322 1174 1362 11,
1201 1321 1247 1363 3,
1269 1318 1338 1364 403
1362 1321 1475 1355 multo
1500 1326 1555 1356 est
1578 1321 1728 1357 tersio

270 1374 312 1397 ac
339 1363 484 1409 magis
507 1375 649 1407 purus
672 1363 868 1407 (Horatius)
896 1366 965 1407 10,
989 1367 1030 1407 1,
1055 1363 1114 1399 94.

224 1407 424 1450 PUSillUS·
470 1431 548 1464 pus.
583 1420 691 1466 (vox)
721 1422 784 1461 11,
817 1422 859 1462 3,
891 1422 948 1454 32.
987 1421 1206 1466 grandes,
1239 1421 1446 1465 pusillae
1478 1420 1573 1466 (res)
1597 1425 1640 1460 ib.
1669 1424 1728 1459 151

269 1465 435 1509 pusillum
459 1467 503 1500 ab
530 1477 571 1501 ea
595 1465 832 1510 (synecdoche;
860 1467 929 1509 Sp.
958 1477 979 1499 a
1002 1465 1105 1509 vero)
1129 1466 1276 1501 discedo
1300 1468 1342 1510 8,
1364 1467 1407 1511 6,
1428 1468 1487 1501 28.

226 1510 367 1552 PuSiO.
415 1522 540 1567 pusio,
565 1523 624 1568 qui
650 1534 730 1558 cum
754 1523 888 1567 majore
917 1532 1043 1557 sorore
1070 1522 1248 1557 cubitabat
1274 1525 1360 1558 Cic.
1383 1524 1426 1567 8,
1450 1525 1496 1567 3,
1523 1526 1580 1559 22.

225 1578 259 1620 Ρ
262 1587 372 1620 [1100-
422 1591 614 1635 aliquando
639 1591 777 1627 desinet
799 1596 936 1635 putere.
985 1593 1040 1626 M.
1067 1593 1298 1626 Vestinus.
1343 1590 1385 1635 6,
1412 1592 1454 1634 3,
1478 1589 1536 1626 64.

224 1646 396 1688 PuteuS.
414 1693 430 1699 ,
446 1658 485 1692 in
509 1664 617 1703 puteo
642 1662 676 1702 7,
698 1661 739 1702 2,
762 1657 822 1694 48.
1302 1652 1305 1656 ”

224 1714 346 1755 Puto·
395 1724 435 1770 α)
460 1731 606 1772 utputa
632 1729 672 1768 (ἰ.
699 1740 728 1761 e.
757 1729 948 1770 exempli
971 1725 1124 1768 causa)
1152 1729 1217 1770 11,
1248 1728 1290 1770 3,
1319 1727 1388 1760 110
1409 1727 1455 1760 N.
1502 1731 1646 1770 utputa
1670 1725 1728 1770 (S,

268 1770 395 1816 pater),
424 1773 636 1818 Expositum
660 1772 720 1817 qui
743 1772 889 1819 agnovit
918 1775 953 1815 7,
979 1776 1012 1816 1,
1039 1772 1083 1807 14
1106 1777 1174 1816 Ζ.,-
1210 1779 1248 1807 ut
1277 1771 1421 1818 quidam
1442 1776 1565 1816 putant
1587 1775 1623 1815 7,
1653 1770 1689 1816 4,
1719 1775 1726 1783 ¹

269 1817 313 1858 cs.
339 1821 401 1860 12,
434 1819 479 1863 5,
514 1823 547 1853 1.
597 1820 703 1866 Quod
726 1830 871 1862 pomum
892 1818 1230 1865 generosissimum?
1261 1824 1368 1863 puto,
1403 1817 1498 1862 quod
1522 1817 1692 1862 optimum

270 1866 325 1903 11,
355 1865 388 1902 5,
434 1875 535 1908 non,
568 1871 607 1899 ut
631 1865 866 1908 arbitror,
903 1871 1051 1909 propter
1074 1866 1251 1906 calorem.
1275 1865 1371 1909 qnod
1399 1863 1541 1908 quidam
1565 1869 1708 1907 putav

267 1916 377 1943 runt
402 1913 458 1953 11,
483 1913 527 1953 3,
551 1913 615 1953 28;
647 1922 738 1956 quae
764 1911 825 1955 qui
851 1911 1029 1955 pertinere
1052 1912 1097 1945 ad
1118 1917 1296 1946 oratorem
1320 1920 1393 1944 non
1415 1908 1624 1954 putabit,
1651 1909 1684 1944 is

268 1961 417 1989 statuam
442 1957 582 2001 quidem
606 1956 776 1992 inchoari'
794 1958 977 1999 credet,
1006 1968 1087 1991 cum
1107 1958 1183 2001 ejus
1198 1957 1355 1991 membra
1371 1956 1564 1990 fundentur
1579 1958 1614 1998 2,
1641 1958 1675 1998 1,
1700 1958 1718 1990 1

229 2035 233 2038 .
271 2000 315 2042 Cs-
347 2005 389 2045 2,
429 2006 492 2046 19,
526 2007 560 2039 2.
592 2015 623 2037 υ.
664 2003 827 2038 Credo.
854 2013 994 2037 error
1027 2008 1081 2036 est
1112 2002 1149 2036 in
1184 2014 1225 2038 re
1258 2003 1565 2047 duplexz'unnsq
1593 2001 1690 2045 quod

269 2047 551 2083 existimant
574 2057 635 2082 etc.
665 2051 775 2090 alter,
801 2049 897 2093 quod
922 2068 968 2074 —
990 2055 1154 2093 putant
1181 2052 1223 2088 2,
1250 2050 1292 2091 3,
1315 2047 1350 2082 4.
1387 2058 1456 2081 nec
1478 2045 1564 2080 mihi
1586 2046 1695 2082 viden

269 2104 458 2137 errare,
492 2095 551 2139 qui
585 2101 747 2139 putant
783 2098 818 2138 7,
858 2096 914 2128 Pr.
938 2096 971 2129 3.
1008 2101 1061 2128 est
1086 2100 1121 2128 et
1152 2095 1212 2128 ille
1244 2094 1282 2128 in
1319 2090 1393 2128 hoc
1422 2103 1554 2140 genere
1586 2093 1710 2138 freque

267 2150 420 2183 error,
445 2146 491 2174 ut
517 2146 687 2185 putent
711 2142 756 2184 9,
779 2143 822 2183 2,
849 2141 906 2176 85.
934 2151 1051 2184 neque
1081 2151 1144 2174 ero
1171 2147 1241 2174 tam
1265 2140 1505 2180 credulus,
1537 2144 1577 2172 ut
1601 2143 1709 2183 pute

268 2188 331 2227 11,
357 2188 396 2226 2,
421 2184 455 2221 4.
484 2187 643 2230 pervasit
664 2186 733 2230 jam
757 2187 885 2220 multos
912 2186 979 2220 ista
1006 2186 1284 2230 persuasio,
1312 2191 1361 2219 ut
1386 2189 1551 2229 putent
1573 2185 1609 2227 8,
1635 2186 1670 2230 2,

264 2230 302 2273 β)
328 2244 357 2263 c.
376 2233 459 2264 binis
476 2236 677 2266 Accusatt..·
705 2232 764 2277 qui
780 2231 927 2267 totidem
950 2233 1081 2278 figuras
1105 2237 1240 2276 putant,
1266 2237 1355 2275 quot
1378 2230 1524 2266 affectus
1543 2229 1690 2274 repudia

264 2278 307 2319 9,
334 2280 376 2319 1,
401 2280 456 2312 23.
495 2278 545 2319 cs.
578 2282 620 2321 2,
645 2278 686 2320 4,
714 2281 746 2311 1.
781 2281 821 2319 3,
845 2279 889 2321 6,
914 2278 968 2313 56.
1006 2279 1050 2320 9,
1084 2280 1123 2320 1,
1162 2279 1217 2313 15.
1264 2278 1334 2311 hoc
1358 2287 1425 2323 ego
1449 2281 1562 2310 totum
1585 2286 1666 2310 cum
1688 2286 1705 2309 s

267 2321 405 2356 ratione
427 2334 537 2358 unum
559 2330 646 2368 puto
670 2324 721 2368 (a.
749 2328 771 2358 1.
796 2325 910 2368 pono)
935 2324 978 2366 5,
1003 2321 1069 2367 14,
1096 2327 1117 2358 7
1143 2325 1190 2357 Ν.
1218 2336 1265 2357 cr.
1311 2322 1524 2356 Aristoteles
1546 2321 1701 2365 potentis

264 2379 357 2401 mum
381 2374 482 2412 putat
506 2387 552 2393 —--
567 2370 598 2403 si
622 2369 667 2403 sit
691 2370 749 2405 vir
767 2370 882 2404 bonus
909 2370 951 2412 5,
976 2371 1040 2412 12,
1065 2370 1099 2404 9.
1148 2380 1253 2414 quam
1279 2367 1371 2402 istud
1397 2379 1546 2412 parvum
1572 2367 1619 2411 (a.
1642 2371 1666 2400 1.
1687 2378 1704 2412 1:

264 2413 359 2456 rum)
389 2421 514 2458 putant
548 2418 612 2458 12,
651 2418 695 2457 2,
731 2417 752 2450 3
776 2417 822 2450 Ν.
850 2429 899 2449 cr.
945 2426 1013 2449 nec
1039 2414 1155 2449 statim
1179 2414 1385 2462 diligentem
1407 2414 1560 2459 putabo,
1590 2411 1659 2458 aqui
1683 2424 1702 2446 e

266 2462 298 2501 1,
321 2459 357 2501 4,
381 2459 438 2494 24.
473 2462 564 2495 hanc
589 2461 731 2505 quidam
751 2460 978 2506 aposiopesin
1001 2466 1134 2506 putant,
1157 2462 1298 2495 frustra.
1324 2463 1358 2503 9,
1382 2462 1416 2502 3,
1442 2460 1497 2494 60.
1525 2457 1570 2500 cs.
1593 2460 1628 2501 3,
1654 2460 1688 2502 2,

264 2506 305 2544 6,
338 2508 382 2547 3,
420 2509 477 2540 20.
517 2508 560 2550 9,
601 2511 641 2550 1,
680 2507 736 2540 14.
772 2509 812 2550 9,
846 2509 889 2549 3,
924 2508 980 2541 90.
1036 2506 1216 2551 Siquidem
1255 2506 1380 2541 Celsus
1419 2506 1654 2548 κακέμφατυψ
1693 2515 1700 2535 ι

264 2549 450 2594 Virgilium
475 2558 594 2596 putat,
618 2553 797 2596 Incipiunt
819 2553 946 2598 agitata
974 2558 1170 2587 tumescere
1194 2555 1227 2595 8,
1253 2553 1288 2595 3,
1316 2550 1373 2586 47.
1410 2561 1478 2597 ego
1500 2556 1536 2584 te
1559 2548 1698 2598 Consul·
1723 2560 1728 2572 ··

263 2605 318 2636 pu
335 2601 343 2627 t
358 2598 448 2630 em?
474 2599 508 2640 8,
538 2600 571 2641 3,
596 2600 653 2633 89.
685 2598 730 2639 cs.
756 2600 790 2633 8.
824 2598 1108 2632 adolescentibus
1131 2599 1218 2632 meis
1243 2598 1355 2638 (meos
1380 2597 1473 2630 enim
1498 2603 1639 2637 semper
1661 2605 1695 2627 a(

263 2640 438 2675 lescentes
463 2643 612 2686 putabo)
639 2648 683 2685 7,
709 2646 750 2686 3,
779 2646 835 2678 30.
862 2644 908 2685 cf.
937 2645 984 2686 6,
1013 2645 1047 2687 3,
1071 2643 1128 2678 74.
1174 2650 1213 2677 ut
1236 2641 1430 2677 fabricandi
1455 2644 1566 2673 artem
1587 2644 1687 2682 putet

266 2686 321 2735 17,
345 2687 378 2718 3.
426 2697 499 2720 non
524 2695 647 2731 putant
668 2689 851 2735 indignum
875 2689 1049 2732 sustinere
1076 2695 1129 2723 tot
1152 2691 1242 2723 mala
1262 2690 1307 2729 8,
1330 2686 1372 2727 4.
1397 2689 1454 2720 21·
1479 2683 1522 2725 vs·
1550 2686 1607 2727 11,
1630 2686 1666 2728 ’3,

263 2730 404 2771 quidam
426 2734 768 2768 commendationem
797 2743 858 2770 etc.
885 2735 1029 2779 propria
1052 2736 1156 2778 hujus
1180 2733 1291 2770 officii
1315 2735 1528 2775 putaverunt
1551 2732 1594 2773 6,
1621 2733 1664 2774 2,

263 2775 302 2817 y)
328 2777 397 2817 adj.
434 2780 541 2812 (denir.
575 2787 632 2811 aut
663 2782 774 2813 Adm:
812 2780 887 2814 Cic.
922 2779 1166 2815 inventionem
1201 2790 1243 2812 ac
1273 2775 1539 2820 dispositionem
1563 2778 1689 2820 pruder

262 2820 414 2854 hominis
438 2828 555 2865 putat,
595 2826 834 2867 eloquentiam
867 2825 1018 2860 oratoris
1044 2826 1088 2867 8,
1118 2826 1174 2858 Pr.
1203 2823 1265 2864 143
1306 2823 1400 2866 quod
1430 2832 1498 2868 ego
1522 2823 1612 2856 adeo
1636 2823 1687 2856 101

261 2872 346 2907 puto
371 2868 415 2899 ab
439 2874 581 2902 oratore
605 2871 765 2911 perfecto
801 2873 860 2913 12,
891 2872 934 2912 9,
961 2871 996 2905 8.
1033 2871 1117 2903 dare
1142 2869 1274 2913 aliquid
1299 2869 1525 2909 adversario,
1559 2869 1654 2912 quod
1677 2880 1687 2912 ι
