1728 3002
172 159 333 195 LXVIII
787 154 1100 213 prolegomena

171 275 377 321 Buttm.
409 271 468 319 in
493 269 772 319 Addendis
784 271 816 332 ).
896 271 1089 336 Neque
1122 270 1264 319 enim
1298 274 1436 322 haec
1466 284 1714 324 constru-

173 351 282 400 ctio
307 351 423 417 ipsa
444 349 666 398 omnino
687 349 873 417 negari
896 349 1085 415 possit,
1121 349 1367 416 quamvis
1393 369 1509 401 non
1530 358 1718 403 cmnes

172 431 285 498 ejus
318 429 527 478 laudati
562 432 669 478 loci
707 429 828 477 satis
869 428 1028 477 firmis
1069 428 1342 495 praesidiis
1377 431 1571 480 muniti
1610 432 1717 482 sint

171 511 267 569 (cf.
299 511 606 557 Ramshorn
633 510 758 557 Lat.
795 508 1027 556 Gramm.
1063 511 1131 556 ed
1155 510 1220 557 II.
1256 526 1309 574 p.
1334 507 1491 576 650),
1527 525 1583 560 et
1607 515 1728 560 hoc·

171 592 296 637 loco
321 606 500 636 sensus
524 587 637 654 ipse
657 588 782 636 haec
804 590 1081 654 postulare
1100 587 1402 637 necessario
1425 588 1658 641 videtur.

310 669 515 715 Contra
563 684 627 715 ea
673 665 1118 733 participium
1163 666 1408 715 Futuri
1457 667 1716 722 Passivi

175 765 298 796 cum
321 745 648 795 Pronomine
680 745 877 813 legitur
899 745 929 791 3
944 783 957 806 ‚
983 762 1011 792 2
1026 783 1039 807 ,
1065 765 1089 793 2
1122 747 1436 811 defendendi
1460 749 1567 795 sui
1589 766 1719 816 gra—

173 827 275 889 tia3
323 826 464 873 idem
493 842 618 873 cum
644 824 1050 890 Praepositione
1083 826 1174 874 ab:
1226 844 1274 887 1,
1311 844 1360 888 1,
1399 830 1458 874 16
1503 826 1574 874 ab
1613 827 1719 876 illis

165 909 282 972 jam
309 905 732 969 formandam
782 923 934 970 quam
975 905 1175 970 optimis
1215 905 1468 954 institutis
1491 915 1724 956 'mentem

173 985 488 1051 infantium,
534 1001 605 1032 ne
635 983 867 1034 invicem
900 1001 952 1033 se
982 985 1268 1033 turbarent
1299 985 1404 1034 illis
1434 999 1488 1034 et
1517 975 1720 1051 optimis

174 1066 441 1115 institutis.
577 1068 580 1070 ’
1653 1074 1658 1077 ’

308 1144 368 1210 b)
415 1143 779 1210 Participii
816 1143 1060 1192 Futuri
1106 1145 1342 1195 Activi
1390 1163 1549 1194 usum
1588 1161 1719 1210 pro-

172 1238 299 1291 pter
319 1224 543 1271 nimium
567 1223 840 1274 brevitatis
863 1225 1098 1272 studium
1120 1223 1330 1283 tametsi
1353 1223 1721 1288 Quintilianus

174 1304 234 1351 in
266 1303 515 1352 Sallustio
552 1302 728 1369 carpit
764 1302 1022 1352 dicendo:
1069 1322 1126 1365 9,
1158 1303 1216 1363 3,
1256 1321 1311 1351 12
1352 1321 1564 1369 eousque
1594 1320 1721 1369 pro-

177 1401 369 1431 cessum
409 1392 506 1443 est‚
567 1391 633 1430 ut
674 1383 929 1431 visuros
976 1384 1058 1431 ad
1110 1383 1450 1431 videndum
1498 1383 1721 1431 missos

174 1463 310 1510 idem
339 1471 524 1511 auctor
553 1463 766 1523 diceret,
795 1477 979 1510 tamen
1002 1461 1115 1528 ipse
1139 1479 1263 1510 cum
1292 1461 1552 1510 modestia
1582 1475 1723 1527 qua-

178 1545 303 1589 dam
349 1541 566 1590 dicendi
613 1541 753 1589 idem
802 1559 903 1607 pro
952 1541 1244 1607 Participio
1282 1543 1330 1589 F
1332 1539 1478 1589 uturi
1517 1539 1722 1590 Passivi

177 1621 421 1669 adhibet:
461 1637 499 1683 1,
531 1637 606 1684 10,
635 1636 692 1678 15
719 1623 851 1686 Ejus
881 1629 1045 1670 sectae
1064 1621 1327 1686 principes
1357 1621 1411 1668 in
1439 1619 1538 1668 hac
1555 1622 1723 1684 fuere

175 1702 454 1761 sententia,
497 1711 560 1750 ut
598 1702 977 1761 existimarent,
1021 1700 1328 1765 saJn‘entium
1365 1697 1562 1765 ali'quos
1589 1716 1722 1747 non-

175 1780 375 1828 nullam
402 1797 607 1845 operam
633 1780 712 1828 his
740 1780 925 1828 studiis
954 1780 1563 1828 accommodaturos.
1598 1773 1646 1840 5,
1676 1796 1723 1841 7,

182 1877 240 1920 17
283 1859 339 1906 in
370 1876 425 1907 eo
460 1862 659 1922 (teste),
704 1861 796 1924 qui
820 1876 996 1906 cerum
1025 1858 1217 1906 inritus
1259 1858 1562 1907 dicturus
1602 1865 1722 1918 est,

166 1938 347 2004 prima
374 1938 614 2001 felicitas
653 1938 1026 2001 interrogantis
1074 1946 1173 1998 est,
1217 1945 1543 2002 extorquere,
1590 1936 1728 2002 quod

176 2019 222 2066 is
253 2016 510 2074 noluerit‚·
545 2016 628 2064 uti
656 2019 767 2064 fere
798 2020 947 2082 apud
981 2016 1226 2064 Curtium
1249 2018 1363 2076 VH,
1394 2031 1471 2077 10,
1501 2029 1560 2063 10
1594 2015 1725 2064 Inde

178 2099 390 2145 Bessum
426 2096 691 2145 Ecbatana
721 2097 847 2144 duci
869 2097 1052 2162 jussit,
1100 2097 1377 2158 interfecto
1403 2096 1578 2143 Dareo
1605 2111 1723 2160 poe-

178 2194 273 2223 nas
303 2176 469 2241 capite
491 2177 1005 2242 persoluturum.
1044 2177 1109 2223 cf.
1133 2175 1202 2223 id.
1224 2177 1321 2236 VI,
1361 2190 1444 2234 1ο,
1479 2190 1553 2222 10.
1619 2173 1722 2220 Ce-

176 2268 355 2302 terum
375 2256 611 2303 fluctuat
634 2255 792 2321 hujus
817 2254 1090 2319 Participii
1112 2271 1237 2301 usus
1259 2255 1408 2317 apud
1432 2265 1723 2319 argenteae

179 2332 368 2380 aetatis
402 2334 685 2398 scriptores
718 2338 883 2395 adeo,
929 2347 992 2382 ut
1024 2332 1163 2379 idem
1199 2339 1524 2395 potestatem
1555 2328 1723 2396 signi-

178 2411 330 2470 ficet,
381 2411 541 2458 sicut:
590 2411 647 2473 5,
683 2415 767 2460 Pr.
803 2411 832 2460 5
875 2413 948 2460 sic
986 2412 1169 2476 optime
1211 2409 1502 2456 divisuri
1534 2408 1720 2458 videbi-

177 2507 322 2537 mur:
358 2503 526 2554 atque
557 2507 680 2537 cum
705 2493 886 2540 Verbo
910 2489 1275 2538 substantivo:
1313 2505 1360 2549 4,
1385 2486 1431 2550 5,
1458 2506 1515 2545 17
1549 2489 1726 2536 Potest

179 2569 313 2616 enim
349 2569 536 2628 rideri,
597 2570 691 2633 qui
725 2578 837 2617 tuto
876 2570 1030 2618 etiam
1081 2585 1190 2615 con
1189 2570 1238 2631 f
1242 2585 1504 2616 essurus
1539 2567 1716 2631 fuit,

177 2648 458 2696 mentiendi
482 2665 691 2696 causam
719 2649 774 2695 in
803 2648 1033 2711 negando
1063 2664 1162 2695 non
1191 2646 1386 2695 habere.
1439 2659 1496 2707 4,
1533 2664 1585 2706 2,
1623 2661 1715 2692 112

181 2744 297 2776 cum
330 2729 637 2792 praesertim
691 2728 846 2776 etiami
895 2729 950 2774 in
990 2726 1374 2793 probationibus
1411 2725 1716 2790 faciliorem
