1728 3002
163 283 247 323 468
852 277 1005 322 Judico

216 393 400 430 severiora
426 394 450 438 j.
476 395 519 428 ib.
547 392 626 431 125.
655 393 690 438 4,
714 397 749 438 ,2,
775 395 853 429 122.
878 394 979 430 varia
999 394 1184 430 hominum
1207 397 1231 439 j.
1254 396 1290 440 6,
1313 398 1349 440 3,
1371 396 1408 431 6.
1445 395 1481 443 γ)
1506 398 1699 432 Nominat..-

215 443 290 486 jud.
319 440 607 484 frequentissime
630 447 685 475 est
709 446 846 475 certum
867 442 902 484 6,
927 443 961 485 5,
986 444 1020 476 3.
1067 453 1283 476 summorum
1312 442 1351 477 in
1372 443 1575 487 eloquentia
1602 443 1702 479 viro-

215 499 295 522 rum
318 486 549 529 judicium
571 497 637 531 pro
664 487 862 521 ratione
887 493 941 522 est
965 490 998 531 1,
1026 488 1061 530 6,
1084 491 1120 523 2.
1166 488 1199 523 si
1221 489 1304 523 stilo
1331 489 1481 523 facultas
1506 490 1702 537 continget,

216 533 398 568 auditione
422 533 592 576 judicium
616 536 651 575 2,
674 537 708 577 2,
739 537 795 568 11.
841 533 912 568 illis
936 534 1029 578 jud.
1067 546 1108 568 ac
1133 536 1290 569 modus
1317 535 1459 569 deesset
1483 537 1540 579 12,
1563 538 1619 579 10,
1645 537 1718 570 16.-

215 579 260 621 cf.
284 581 320 622 8,
342 581 401 613 Pr.
429 582 484 614 17.
531 578 674 626 longius
701 580 815 614 tendit
836 581 907 614 hoc
933 580 958 624 j.
983 591 1103 614 meum
1127 583 1182 621 12,
1207 584 1242 624 1,
1278 583 1311 615 3.
1357 582 1490 615 latente
1511 581 1643 626 judicio
1665 582 1702 624 6,

214 628 250 669 3,
276 626 333 660 19.
378 621 412 668 δ)
439 627 572 660 Genii„-
606 626 772 660 acerrimi
795 625 917 671 judicii
941 625 1006 670 (P.
1034 626 1227 671 Virgilius)
1251 628 1286 668 8,
1309 629 1344 671 3,
1369 627 1426 663 24.
1473 627 1594 671 judicii
1618 629 1703 661 loco

212 670 400 706 infirmitas
425 677 481 706 est
504 674 538 714 2,
553 669 598 715 ’4,
624 673 659 707 9.
706 674 778 706 hoc
801 672 1004 707 discernere
1027 673 1161 707 modici
1182 672 1304 717 judicii
1329 679 1383 708 est
1409 675 1444 716 8,
1468 675 1503 716 3,
1528 676 1583 708 11.
1615 684 1704 718 quas

214 717 415 761 (orationes)
442 717 658 762 judicionun
681 718 856 762 pravitate
882 719 1055 753 mirentur
1078 722 1113 762 2,
1141 719 1255 762 5,-10.
1282 719 1394 753 nostri
1418 719 1540 763 judicii
1567 730 1704 753 summa

213 767 271 807 10,
299 766 333 807 1,
357 762 415 798 40.
462 762 493 805 ε)
521 767 627 798 .Dat..·
661 776 743 798 cnm
768 774 807 799 se
833 764 965 807 iudicio
991 765 1142 799 dicentis
1164 766 1382 799 ostenderint
1408 768 1470 807 10,
1502 769 1539 808 1,
1575 766 1610 800 6.
1641 765 1703 799 illa

210 809 250 844 in
271 810 392 854 pueris
415 815 561 853 natura,
591 810 628 844 in
654 822 722 855 qua
746 811 982 857 ingenium
1006 811 1188 853 iudicio
1223 811 1274 854 (i.
1304 825 1331 846 e.
1365 812 1608 855 judicandi
1631 810 1728 853 sa·-

212 858 420 897 caliate)
445 857 684 900 praesumitur
706 861 740 898 2,
764 856 800 900 4,
832 861 866 892 7.
913 863 1138 901 posterorum
1173 857 1312 901 judiciis
1349 867 1388 891 se
1419 857 1620 892 reservavit
1647 861 1703 900 11,
1720 857 1727 898 ,¹

208 905 246 946 tl,
272 904 327 936 10.
375 899 411 942 ζ)
439 905 563 936 Aecus.
578 917 588 936 .-
615 903 645 937 si
668 903 838 947 judicium
861 903 917 937 his
940 904 1115 948 corruptis
1136 903 1302 939 adhibeas
1327 906 1384 947 12,
1409 905 1467 946 10,
1494 904 1551 938 76.
1600 902 1725 936 adini-³

211 949 338 983 beatur
361 949 450 990 jud.
473 948 654 992 inventis,
690 949 948 993 dispositio
972 950 1132 993 probatis
1158 952 1215 988 10,
1248 948 1284 992 4,
1318 950 1351 983 5.
1390 948 1435 991 cs.
1462 951 1504 992 5,
1540 950 1606 988 11.
1643 950 1700 984 26.
1718 955 1725 980 3

211 997 269 1038 10,
298 997 332 1037 1,
357 995 414 1028 36.
462 994 597 1028 utinam
627 1013 661 1020 -—
692 996 772 1039 plus
800 995 980 1040 judicii
1006 995 1043 1029 in
1076 994 1270 1042 eligendis,
1296 1006 1402 1040 quam
1435 995 1474 1028 in
1506 1005 1723 1041 congerens..

209 1041 264 1074 dis
289 1039 438 1074 studii
465 1040 709 1075 adhibuissent
739 1042 774 1084 6,
810 1044 844 1084 3,
878 1042 912 1076 5.
959 1052 1006 1075 ne
1042 1041 1192 1076 imitatio
1225 1041 1300 1085 jud,
1337 1042 1565 1075 antecederet
1594 1043 1636 1084 2,
1670 1042 1706 1083 5,

209 1089 267 1122 26.
311 1087 412 1130 jud.
439 1098 542 1120 suum
566 1098 647 1121 cnm
672 1087 768 1121 illius
792 1087 1092 1122 auctoritate
1120 1087 1309 1132 conjunxit
1335 1091 1391 1130 10,
1415 1089 1450 1129 3,
1481 1090 1508 1122 t.
1554 1086 1609 1120 rei
1628 1086 1702 1130 jud.
1727 1097 1728 1130 3

209 1133 353 1166 differre
378 1135 412 1176 2,
438 1132 474 1175 4,
500 1135 555 1167 28.
604 1134 677 1177 jud.
703 1132 931 1168 dissimulabo
957 1134 993 1177 4,
1017 1137 1052 1176 2,
1084 1134 1161 1169 116.
1188 1133 1233 1176 ff.
1259 1135 1294 1175 3,
1320 1134 1364 1176 6,
1396 1131 1456 1168 64.
1502 1133 1607 1177 quale
1628 1133 1728 1177 ind-:²

210 1178 394 1212 hominum
423 1190 604 1213 emererer
628 1178 664 1220 4,
689 1181 746 1213 Pr.
774 1182 807 1213 1.
835 1191 1008 1214 exercere
1031 1180 1197 1225 utrinque
1219 1179 1390 1224 judicium
1411 1180 1471 1221 (a.
1485 1183 1508 1216 l.
1531 1178 1709 1222 judicem).

210 1226 266 1266 10,
292 1227 325 1265 1,
349 1227 414 1258 ’131
445 1225 489 1258 N.
537 1226 611 1267 jud.
639 1225 893 1269 discipulorum
918 1225 1075 1270 experiri
1112 1229 1147 1269 2,
1179 1229 1212 1268 5,
1247 1229 1303 1260 12.
1351 1226 1449 1269 quod
1483 1225 1607 1268 (jud.)
1638 1180 1721 1305 aiij

209 1269 322 1303 ‹lienti
346 1269 554 1313 frequenter
578 1281 663 1303 suus
688 1271 816 1314 cuique
838 1272 946 1307 favor
970 1277 1161 1315 extorquet
1186 1274 1241 1314 10,
1273 1274 1316 1314 1,
1350 1274 1408 1306 17.
1454 1269 1493 1304 in
1525 1280 1596 1314 quo
1628 1280 1675 1304 no

207 1315 288 1349 falli
309 1315 480 1358 judicium
507 1321 668 1348 nostrum
690 1317 725 1358 8,
752 1319 787 1358 3,
814 1319 872 1351 37.
919 1317 1142 1351 inventio
1169 1317 1404 1360 judicium
1432 1317 1540 1350 habet
1562 1318 1617 1358 12,
1642 1320 1660 1349 1
1700 1320 1704 1325 ’

209 1363 268 1397 79.
298 1360 343 1402 cf.
369 1362 404 1403 9,
429 1359 464 1403 4,
490 1362 570 1394 118.
618 1361 692 1401 iud.
718 1372 820 1394 suum
843 1363 1048 1405 interponat
1069 1362 1125 1395 his
1150 1362 1315 1395 omnibus
1355 1365 1390 1404 1,
1415 1365 1451 1403 7,
1484 1364 1542 1396 30.
1577 1372 1682 1395 rursu
1706 1374 1710 1381 ¹

207 1406 372 1442 ordinare
398 1418 562 1450 suprema
596 1406 728 1450 judicia
761 1407 803 1451 (i.
845 1420 875 1440 e.
906 1406 1236 1450 testamentum)
1271 1408 1315 1450 9,
1348 1405 1392 1449 4,
1425 1410 1460 1441 2.
1505 1417 1588 1440 cum
1623 1407 1700 1450 jud.

207 1464 328 1487 meum
356 1453 561 1495 ostendero,
584 1464 687 1485 suum
709 1458 829 1490 tamen
851 1453 1051 1499 legentibus
1074 1453 1273 1497 relinquam
1295 1454 1330 1494 9,
1354 1452 1389 1494 4,
1426 1455 1462 1486 2.
1518 1451 1565 1490 in
1600 1458 1673 1486 cet·
1710 1475 1714 1479 ‹

206 1499 257 1533 ris
292 1499 365 1541 jud.
400 1499 587 1532 doctorum
611 1498 698 1542 petit
721 1500 755 1540 8,
783 1501 818 1541 3,
845 1502 879 1532 2.
921 1499 1026 1542 hujus
1047 1498 1101 1532 rei
1123 1499 1197 1542 jud.
1223 1499 1440 1542 praebentur
1465 1500 1498 1540 1,
1521 1500 1556 1540 2,
1584 1497 1631 1533 24
1653 1498 1710 1534 N:

205 1545 379 1589 multique
402 1544 479 1587 ejus
502 1545 578 1588 jud.
601 1550 800 1588 sequuntur
825 1547 882 1587 10,
907 1549 940 1588 1,
965 1548 1022 1579 27.
1045 1545 1205 1587 fuerunt,
1230 1544 1290 1588 qui
1314 1544 1406 1587 jud.
1430 1542 1681 1579 invention*
1701 1564 1707 1578 s
1727 1560 1728 1564 ¹

205 1591 462 1637 subjungerent
485 1591 520 1633 6,
546 1590 581 1633 5,
612 1593 644 1624 1.
670 1590 715 1631 cf.
744 1592 778 1633 3,
800 1592 834 1633 3,
863 1590 897 1625 5.
943 1602 989 1624 ne
1016 1590 1185 1634 judicium
1220 1588 1336 1623 Marsi
1364 1590 1568 1624 subtraham
1603 1591 1638 1632 6,
1661 1591 1686 1624 3
1727 1592 1728 1616 ἒ

206 1638 296 1679 108,
332 1638 386 1670 ad
411 1635 564 1670 aliorum
587 1635 717 1679 judicia
742 1637 990 1680 componenda
1016 1637 1132 1670 oratio
1160 1642 1214 1670 est
1237 1636 1271 1679 5,
1295 1634 1352 1678 14,
1388 1636 1443 1670 29.
1491 1646 1621 1679 corrup

203 1682 347 1717 dicendi
371 1693 484 1730 genus
495 1692 670 1717 revocare
683 1683 727 1716 ad
739 1682 924 1718 severiora
946 1682 1019 1726 jud.
1046 1685 1103 1724 10,
1129 1685 1162 1726 1,
1190 1683 1270 1717 125.
1293 1681 1336 1726 η)
1347 1683 1485 1724 Ablata
1510 1691 1593 1716 meo
1603 1682 1655 1726 ju
1682 1689 1691 1700 Α

201 1729 259 1763 cio
282 1729 318 1773 6,
343 1731 376 1771 1,
401 1731 458 1763 37.
483 1739 564 1763 meo
575 1729 802 1772 quidemjnd.
826 1729 861 1771 6,
885 1731 920 1771 3,
942 1731 1020 1763 107.
1049 1728 1093 1770 cs.
1114 1730 1196 1772 853,
1210 1730 1269 1763 71.
1294 1728 1329 1771 8,
1342 1727 1376 1770 6,
1386 1729 1441 1761 52.
1463 1727 1500 1769 9,
1512 1730 1546 1770 3,
1559 1728 1616 1762 59.
1637 1730 1654 1761 1
1677 1735 1691 1738 ⁴

203 1778 239 1818 1,
265 1777 296 1808 1.
343 1773 523 1818 judicio
548 1775 719 1819 cujusque
745 1780 815 1819 atq.
844 1774 1106 1819 proposito
1131 1777 1187 1817 12,
1213 1776 1267 1811 10.
1293 1775 1328 1807 2.
1354 1773 1491 1808 -velles
1517 1784 1599 1808 eum
1626 1784 1684 1806 su

201 1820 411 1867 ingenio
434 1820 594 1864 dixisse,
623 1821 741 1855 alieno
765 1820 946 1864 judicio
972 1823 1030 1863 10,
1059 1823 1092 1864 1,
1117 1823 1196 1855 130.
1225 1818 1268 1861 cf.
1291 1821 1327 1862 2,
1351 1822 1387 1863 2,
1416 1819 1473 1853 13.
1505 1830 1539 1852 υ.
1563 1820 1667 1866 Ing·
1720 1859 1722 1862 ,

201 1867 342 1904 nium.
377 1866 609 1901 exactissimo
632 1868 705 1911 jud.
732 1867 970 1901 examinanda
996 1872 1079 1900 sunt
1095 1866 1214 1900 omnia
1239 1867 1296 1908 10,
1320 1869 1355 1906 2,
1382 1863 1437 1903 14.
1466 1865 1600 1908 judicio
1621 1875 1695 1911 no·¹
1724 1864 1728 1870 “

202 1914 418 1947 fallebantur
441 1916 478 1956 2,
501 1912 536 1955 4,
566 1911 621 1946 14.
668 1924 736 1946 nec
763 1918 935 1957 sponte
959 1913 1218 1957 judicioque
1240 1911 1412 1956 plausisse
1434 1912 1470 1954 8,
1496 1913 1531 1954 3,
1552 1910 1588 1945 4.
1612 1917 1718 1955 pra‘·¹

202 1958 260 1994 vis
286 1959 340 1992 sui
364 1959 537 2002 temporis
570 1958 643 2002 jud.
681 1959 885 1992 Menandro
907 1960 1086 2002 praelatus
1110 1964 1165 1993 est
1194 1960 1240 1992 10
1275 1961 1308 2000 1,
1329 1960 1389 1993 ⁷72.
1437 1956 1682 2000 circumspect
1716 1966 1719 1978 ¹

202 2004 338 2049 judicio
362 2006 407 2038 de
434 2005 540 2038 tantis
563 2004 652 2039 viris
678 2005 979 2049 pronuntiandum
999 2013 1054 2039 est
1078 2007 1134 2048 10,
1164 2007 1198 2047 1,
1225 2007 1247 2037 2
1273 2027 1282 2036 .
1318 2002 1473 2046 receptis
1495 2002 1656 2038 Aristarc
1678 2020 1680 2022 v
1716 1998 1718 2010 ¹

201 2051 337 2095 judicio
363 2049 596 2095 scriptoribus
620 2053 665 2083 ib.
692 2053 748 2086 59.
774 2061 960 2095 possumus
983 2062 1103 2084 rerum
1127 2056 1163 2084 et
1176 2050 1285 2084 modo
1308 2053 1345 2082 et
1377 2047 1510 2091 judicio
1541 2060 1621 2083 esse
1631 2048 1686 2084 ’.ε’

202 2097 305 2131 miles
333 2095 519 2140 (Graecis)
546 2099 602 2139 12,
628 2099 684 2140 10,
709 2098 766 2131 38.
815 2107 887 2141 quo
915 2096 1037 2141 (jud.)
1067 2107 1195 2131 severe
1219 2099 1302 2128 sunt
1326 2093 1382 2128 usi
1407 2099 1551 2128 veteres
1574 2105 1652 2141 gr
1685 2095 1687 2097 ’

200 2142 321 2176 matici
345 2146 378 2184 1,
397 2142 433 2186 4,
457 2145 492 2178 3.
527 2142 661 2186 judicio
683 2143 870 2178 vetustatis
896 2144 1094 2177 niterentur
1117 2145 1150 2184 1,
1179 2141 1212 2183 5,
1247 2142 1313 2180 72;
1351 2151 1372 2173 a
1404 2139 1477 2183 jud.
1503 2140 1672 2175 recessiss

201 2189 237 2232 6,
264 2191 298 2232 3,
322 2186 379 2222 40.
427 2188 531 2232 copia
561 2200 662 2222 cum
687 2189 880 2232 judicio
903 2190 1058 2232 paranda
1085 2193 1139 2222 est
1163 2189 1219 2229 10,
1247 2188 1280 2228 1,
1304 2187 1339 2221 8.
1387 2197 1469 2220 cum
1498 2185 1572 2234 jud.
1593 2183 1676 2234 lega'

200 2241 261 2268 tur
279 2237 323 2268 ib·
351 2234 430 2268 116.
462 2234 508 2276 cf.
538 2238 593 2278 10,
617 2237 652 2277 2,
677 2237 710 2269 3.
758 2236 802 2269 de
828 2245 977 2279 quorum
1002 2234 1109 2268 simus
1133 2233 1178 2276 ju
1190 2233 1223 2266 d.
1249 2237 1354 2276 atque
1378 2231 1608 2276 opinione
1629 2243 1662 2266 s·

199 2280 290 2314 liciti
315 2283 369 2322 10,
393 2283 428 2323 7,
452 2280 509 2314 24.
556 2281 615 2314 De
640 2280 773 2325 judicio
798 2286 834 2314 et
857 2281 1007 2315 consilio
1039 2280 1074 2322 6,
1089 2279 1187 2322 ἱΟεψ.
1213 2278 1247 2313 5.
1268 2291 1270 2293 ·
1437 2321 1442 2325 μ

155 2324 322 2366 Jtldico.
358 2337 392 2377 Ι)
415 2339 550 2370 verbum
570 2336 728 2378 forense:
756 2338 796 2376 α)
821 2337 881 2381 qui
905 2337 1038 2380 judicat
1065 2335 1114 2379 (ι’.
1136 2349 1167 2380 q·
1191 2333 1365 2379 judex)
1390 2332 1426 2378 4,
1449 2336 1482 2378 1,
1512 2335 1567 2373 18.
1591 2333 1628 2378 4,
1663 2357 1670 2363 -
1692 2366 1709 2383 ,1

198 2383 256 2417 86.
305 2381 366 2426 qui
391 2382 597 2425 judicabant
618 2384 708 2425 (Sp.
734 2382 794 2427 qui
816 2381 1087 2424 indicabantur)
1117 2384 1205 2415 Cic.
1235 2383 1271 2424 9,
1298 2383 1332 2424 3,
1366 2379 1413 2415 42
1449 2382 1487 2428 S.
1533 2380 1659 2424 imperi

193 2427 352 2471 judicant
374 2431 409 2471 2,
433 2432 490 2471 17,
514 2430 572 2463 28.
599 2427 881 2472 Amphictyones
904 2428 1063 2473 judicant
1087 2429 1121 2470 5,
1149 2430 1205 2470 10,
1235 2428 1312 2462 115.
1337 2432 1462 2461 contra
1487 2436 1575 2470 quas
1594 2427 1655 2471 (p
1671 2465 1675 2478 t
1706 2428 1709 2470 ζ

198 2473 314 2517 sonas)
339 2475 433 2508 erit
459 2474 716 2518 judicatum
741 2474 776 2517 5,
801 2477 836 2516 2,
861 2477 893 2508 3.
920 2474 1232 2517 fortiterjudicare
1255 2486 1332 2517 opp.
1361 2478 1523 2508 avertere
1542 2482 1564 2505 a
1581 2471 1661 2506 mis·

198 2519 339 2553 ratione
370 2521 411 2563 6,
441 2523 482 2563 1,
513 2522 572 2554 20.
619 2530 688 2554 vos
723 2519 988 2562 statuistis,
1026 2530 1094 2554 vos
1127 2518 1425 2553 sententiam
1462 2517 1666 2561 dixistis

197 2574 264 2597 vos
289 2564 551 2607 judicastis
581 2562 627 2600 Ci
640 2579 666 2599 c.
694 2566 730 2607 9,
754 2567 789 2608 3,
817 2564 884 2608 45;
915 2566 1063 2610 singulis
1090 2565 1325 2609 judicantibus
1352 2566 1409 2606 11,
1442 2565 1476 2606 1,
1509 2562 1567 2598 45.
1594 2574 1653 2607 qu

197 2611 394 2642 secundnm
419 2617 579 2645 naturam
608 2611 931 2655 judicantium
955 2613 1049 2645 dicta
1071 2617 1172 2654 sunt,
1195 2621 1270 2644 non
1296 2610 1346 2643 ita
1369 2608 1520 2654 posteris
1542 2611 1656 2643 trade
1701 2627 1705 2651 g

196 2658 256 2686 tur
281 2657 335 2696 12,
364 2659 420 2699 10,
445 2658 500 2691 55.
528 2656 573 2697 cs.
599 2660 656 2700 11,
685 2659 717 2699 1,
747 2655 810 2699 543
843 2657 874 2691 si
898 2663 951 2691 est
983 2659 1118 2691 bonum
1153 2656 1305 2700 justitia,
1329 2660 1427 2689 recte
1457 2655 1622 2698 judicand
1688 2655 1700 2683 ἶ

195 2699 231 2742 5,
258 2701 313 2740 10,
339 2699 396 2733 74.
445 2703 491 2735 ob
510 2714 587 2736 rem
613 2703 836 2747 judicandam
862 2706 904 2737 ib.
926 2705 983 2738 87.
1008 2705 1097 2737 haec
1113 2701 1308 2746 propositio
1333 2720 1374 2726 —
1401 2699 1581 2745 judicandi
1605 2711 1656 2734 m
1691 2722 1698 2746 ρ

195 2754 272 2778 ram
295 2746 387 2777 tollit
409 2746 446 2789 4,
471 2747 506 2788 4,
532 2747 567 2781 4.
611 2749 657 2793 β)
683 2762 712 2782 c.
739 2752 920 2793 Praepos..·
962 2751 1011 2783 de
1038 2760 1081 2783 ea
1105 2748 1189 2792 (re)
1216 2745 1364 2792 judicari
1388 2748 1422 2789 3,
1447 2749 1504 2789 11,
1544 2746 1597 2781 16.
1644 2749 1677 2783 ν’..

195 2800 240 2823 eo
264 2790 531 2834 judicatur,
572 2794 616 2827 de
644 2805 716 2837 quo
742 2795 969 2838 quaestio
994 2801 1048 2830 est
1072 2797 1115 2828 ib.
1139 2794 1196 2830 24.
1243 2794 1293 2826 de
1317 2792 1480 2836 personis
1505 2790 1650 2836 judic
1672 2802 1686 2824 .·

194 2841 292 2878 tur,
327 2837 388 2869 sed
414 2838 458 2870 de
481 2837 589 2871 rebus
615 2841 937 2874 contenditur
967 2844 1023 2884 10,
1047 2842 1081 2883 5,
1107 2841 1162 2874 13.
1187 2839 1264 2873 fere
1289 2837 1434 2882 accidit,
1471 2843 1510 2871 nt
1532 2837 1570 2870 in
1594 2837 1697 2951 αἰξί

194 2881 242 2915 sis
266 2883 376 2916 multa
401 2881 641 2927 dicantur,
677 2886 722 2918 de
750 2887 871 2930 paucis
902 2887 1150 2931 judicetur
1185 2885 1230 2929 5,
1268 2887 1334 2929 13,
1371 2886 1427 2921 55.
1473 2893 1624 2930 arrogan
1687 2895 1695 2922 η
