1728 3002
185 131 267 172 830
296 170 297 173 ,
929 130 976 172 si

172 262 175 264 -
230 245 247 276 1
263 267 273 284 ,
299 245 352 276 12.
379 253 445 277 nec
469 243 617 286 mirum,
643 242 683 276 si
709 261 750 267 -—·
773 244 842 279 ista
869 246 992 282 valent
1016 249 1080 291 11,
1105 249 1150 289 3,
1174 245 1220 282 67
1244 259 1277 281 v.
1299 246 1463 284 Miro'r.
1498 252 1722 295 pudendum-

230 300 300 334 que
325 289 442 332 dictu,
467 289 497 322 si
523 289 741 335 litigantibus
769 292 850 336 plus
870 298 1023 336 prosunt
1044 292 1183 328 minora
1210 294 1254 336 6,
1277 291 1319 337 4,·
1339 295 1363 327 ’7
1384 306 1417 330 υ.
1441 297 1608 341 Puden
1641 301 1663 332 i.
1687 313 1720 344 q.

228 339 265 369 si
289 339 368 380 qui
380 338 488 368 dem.-
513 335 543 369 si
561 336 715 370 tradenti
731 335 891 373 Caecilio
908 339 1085 374 credimus
1103 341 1139 382 9,
1162 342 1196 382 1,
1218 342 1273 374 12.
1290 341 1390 385 plura
1410 348 1505 387 sunt,
1529 343 1564 386 si,
1583 350 1722 379 uti-mn-

229 394 299 426 que
332 383 577 426 quaerendum
604 389 676 426 est,
711 395 803 428 quae
833 385 990 421 inveniri
1018 390 1187 430 possunt,
1225 398 1330 431 quam
1356 399 1447 432 quae
1469 389 1616 426 inventa
1639 396 1723 425 sunt

230 429 342 480 10,·6,
368 431 402 480 7.
429 428 459 462 si
482 440 575 462 unus
599 435 653 463 est
679 428 791 473 (pes),
819 432 879 476 qui
903 438 1042 467 constat
1065 444 1085 467 e
1114 433 1253 467 duobus
1276 434 1419 468 choreis
1441 437 1484 479 9,
1507 435 1543 480 4,
1565 437 1627 472 95.”
1649 447 1722 482 quo

227 475 327 516 nihil,
358 485 389 507 s1
416 475 550 508 oratori
575 475 658 509 satis
686 483 741 510 est
770 479 914 521 docere,
943 491 1094 524 quaeras
1119 479 1312 524 perfectius
1342 483 1399 523 10,
1425 484 1458 525 1,
1482 483 1528 517 78
1547 483 1594 517 N.
1613 486 1722 518 etFr.

226 522 270 554 de
294 520 418 554 ultima
446 521 506 555 illa
530 521 660 565 (parte)
685 534 792 557 nemo
817 525 1052 569 dubitaverit,
1089 526 1119 560 si
1144 530 1180 560 et
1205 525 1440 570 proprietates
1463 528 1566 563 vocis
1601 523 1722 574 cujus-

226 578 295 620 que
319 577 433 620 nosse.
451 575 513 602 etc.
539 573 722 602 oratorum
747 576 802 604 est
826 573 882 615 12,
906 575 942 615 2,
968 574 1013 606 10
1032 573 1078 605 Ν.
1128 571 1168 617 β)
1195 585 1224 606 o.
1245 573 1358 615 Causa
1385 575 1471 608 Illa
1494 582 1639 619 quoque
1662 575 1723 612 vi-

222 619 378 647 uasunt
402 615 561 658 ejusdem
587 615 683 658 loci,
718 616 755 650 si
785 619 948 652 cadentia
979 617 1141 652 similiter
1173 623 1209 653 et
1233 617 1394 654 similiter
1428 621 1626 656 desinentia
1657 629 1723 657 etc.

224 661 416 706 jungantur
439 662 483 704 9,
507 659 553 704 4,
575 659 633 696 42.
668 669 867 707 excepto
893 665 933 699 si
959 665 1115 700 obscena
1138 664 1242 699 nudis
1267 665 1468 701 nominibus
1493 667 1724 703 enuntientur

223 707 261 749 8,
292 708 326 749 3,
353 707 421 749 383
446 718 558 750 parva
582 707 666 751 illa,
697 709 735 743 si
760 721 841 744 cum
864 710 996 747 virtute
1022 712 1351 755 conferantur,
1375 713 1604 757 despicienda
1629 713 1724 758 judi-

225 758 399 805 caverunt
427 755 500 805 11,·
515 756 553 797 1,
579 756 634 788 13.
663 756 857 790 verborum
882 757 989 792 etiam
1015 757 1261 792 moderatione
1285 758 1425 803 detrahi
1451 761 1563 802 solet,
1590 759 1629 795 si
1652 771 1722 806 qua

223 805 277 833 est
300 811 353 833 rel
387 800 546 852 iny1d1a,
582 800 620 834 si
652 812 816 846 asperum
850 804 984 838 dicas
1018 804 1166 838 nimium
1197 814 1365 850 severum
1397 813 1459 841 etc..
1486 808 1552 849 11,
1585 809 1627 850 1,
1660 808 1721 842 90.

221 857 327 880 nemo
353 846 536 889 dubitabit,
563 846 661 892 quin,
688 848 724 882 si
741 856 914 885 nocentes
937 850 1065 885 mutari
1086 850 1125 885 in
1146 851 1275 885 bonam
1292 857 1450 885 mentem
1467 853 1588 896 aliquo
1610 854 1720 888 modo

223 904 244 937 p
259 892 435 936 ossint,
456 913 503 918 —
527 894 648 929 salvos
672 906 750 930 esse
774 897 885 944 magis
910 908 930 931 e
954 897 1137 941 republica
1160 896 1223 941 sit,
1249 909 1356 943 quam
1377 897 1496 942 puniri
1521 901 1577 942 12,
1603 901 1637 943 1,
1661 889 1721 936 42.

268 960 327 1005 11)
354 974 420 1007 seq.
447 965 655 996 pronomine.
694 965 735 1008 a)
757 967 832 1009 qui
841 979 876 999 s.-
903 965 934 999 si
958 965 1037 1011 quis
1064 968 1150 1008 ests
1162 965 1222 1010 qui
1245 986 1293 991 —
1317 976 1392 1000 non
1415 965 1506 1002 vitet
1529 969 1572 1010 2,
1594 969 1638 1010 2,
1664 967 1720 1002 15.

221 1009 262 1042 Id
289 1008 328 1042 si
365 1008 467 1052 quis
501 1010 705 1055 generalem
737 1011 983 1055 quaestionem
1007 1020 1070 1046 etc.
1105 1012 1226 1048 dicere
1255 1014 1383 1055 malet,
1419 1023 1500 1046 cum
1522 1013 1608 1047 hoc
1630 1012 1719 1047 mihi

219 1066 295 1089 non
322 1054 391 1088 erit
417 1065 536 1102 pugna
565 1057 609 1098 3,
635 1057 677 1096 6,
702 1059 760 1090 21.
798 1059 901 1093 Haec
929 1059 964 1093 si
996 1058 1100 1104 quis
1130 1058 1371 1103 profecto
1394 1059 1556 1106 ignorat,
1590 1059 1719 1104 quibus

220 1100 350 1135 Graeci
367 1101 572 1136 nominibus
598 1102 789 1147 appellent,
812 1103 1026 1149 σαρκασμόν
1052 1112 1115 1139 etc.
1140 1104 1210 1139 dici
1235 1104 1361 1139 sciat
1383 1105 1407 1140 8
1447 1106 1483 1148 6,
1507 1107 1566 1140 57.
1616 1106 1718 1152 Quae

218 1148 338 1181 omnia
361 1160 449 1183 vera
473 1160 552 1182 esse
575 1149 723 1193 sciet,
746 1150 784 1184 si
812 1151 917 1195 quis
941 1171 988 1177 —
1013 1151 1235 1185 maluerit
1261 1153 1297 1194 3,
1321 1152 1358 1196 8,
1381 1131 1440 1187 67.
1467 1149 1514 1193 cs.
1537 1149 1573 1195 4,
1598 1154 1632 1195 1,
1658 1152 1720 1187 67.

218 1194 262 1228 Si
287 1194 394 1238 quis
419 1200 563 1228 tamen
587 1206 696 1229 unam
718 1196 983 1242 maximamque
1007 1204 1117 1232 artem
1141 1196 1334 1232 memoriae
1359 1203 1586 1243 quaerat,
1611 1209 1720 1232 exer-

219 1240 339 1276 citatio
365 1246 435 1274 est
461 1247 496 1274 et
520 1242 621 1274 labor
646 1245 702 1284 11,
729 1245 764 1286 2,
786 1242 844 1276 40.
882 1243 927 1285 cs.
956 1246 989 1287 5,
1017 1247 1072 1286 10,
1101 1245 1156 1278 18.
1183 1247 1239 1287 12,
1265 1246 1321 1286 10,
1351 1243 1411 1278 43.
1436 1242 1479 1278 si
1503 1243 1717 1289 quivero

218 1289 324 1333 paulo
363 1292 446 1320 sunt
476 1286 679 1321 vivaciores
703 1308 748 1312 —
774 1289 880 1322 etiam
914 1289 1116 1323 irascuntur
1149 1289 1386 1324 admonitioni
1407 1293 1451 1333 2,
1476 1290 1520 1333 6,
1553 1292 1588 1325 3.
1617 1290 1717 1326 viam

218 1336 462 1368 demonstrare
489 1333 665 1366 velociter
690 1344 746 1366 ars
768 1339 906 1377 potest,
932 1335 970 1368 si
995 1347 1086 1379 qua
1113 1341 1187 1369 est
1209 1339 1244 1379 7,
1271 1338 1327 1377 10,
1357 1336 1413 1370 15.
1440 1335 1487 1376 cs.
1513 1337 1569 1376 11,
1594 1338 1628 1378 1,
1656 1337 1717 1372 90.

217 1382 307 1414 haec
336 1399 376 1405 —
402 1378 445 1412 si
469 1389 557 1422 qua
582 1389 629 1411 ex
657 1379 762 1412 nobis
787 1381 830 1413 ad
855 1381 1004 1424 juvenes
1033 1382 1148 1415 bonos
1171 1380 1362 1425 pervenire
1391 1391 1506 1425 poss
1519 1387 1561 1415 et
1582 1381 1716 1416 utilitas

216 1445 263 1451 —
287 1426 412 1460 sedulo
434 1426 720 1459 laborabam
744 1425 785 1468 6,
811 1427 869 1460 Pr.
897 1429 929 1460 1.
954 1426 993 1460 si
1017 1427 1138 1472 quod
1169 1428 1375 1471 exemplum
1398 1444 1443 1453 -—
1467 1428 1716 1462 demonstran-

217 1474 301 1506 dum
325 1472 397 1515 sit,
422 1473 539 1505 solum
563 1476 646 1514 est,
674 1472 770 1516 quod
795 1480 858 1507 etc.
880 1474 916 1516 5,
942 1477 976 1515 7,
998 1476 1055 1507 28.
1083 1472 1128 1514 cs.
1155 1476 1214 1517 11,
1238 1477 1273 1517 2,
1294 1473 1352 1508 49.
1382 1472 1422 1507 si
1450 1473 1560 1518 quid
1585 1474 1717 1513 exierit

215 1519 375 1553 numeris
407 1517 539 1562 aptius3
578 1518 731 1552 fortasse
754 1519 829 1552 n'on
853 1518 1034 1562 possit3
1066 1520 1130 1553 sed
1154 1524 1274 1553 tamen
1301 1519 1340 1553 si
1372 1518 1482 1564 quid
1515 1519 1716 1564 exierit,

217 1577 292 1600 non
317 1564 404 1599 erit
427 1564 614 1598 Atticum?
646 1567 702 1607 12,
725 1567 780 1606 10,
799 1565 855 1600 26.
883 1577 975 1609 quae
1001 1564 1189 1609 (fortuna),
1215 1565 1246 1599 si
1265 1565 1350 1610 quid
1369 1565 1611 1600 mediocrium'
1625 1566 1716 1601 alio-

218 1612 279 1657 qui
307 1612 346 1645 in
372 1616 496 1644 nostro
530 1610 677 1656 ingenio
709 1610 841 1646 virium
864 1611 972 1654 fuit,
1005 1616 1044 1644 ut
1074 1622 1148 1646 non
1175 1611 1393 1655 extinxerit,
1430 1611 1716 1648 debilitavit

217 1665 335 1693 tamen
359 1658 404 1700 6,
429 1659 488 1691 Pr.
509 1657 564 1691 15.
598 1656 806 1702 fecitque
837 1657 889 1691 illi
920 1663 1109 1702 properata
1135 1664 1231 1692 mors
1255 1658 1441 1702 injuriam,
1475 1657 1504 1692 si
1530 1658 1616 1703 qnid
1639 1659 1716 1693 ad-

216 1706 443 1750 jecturus
470 1703 550 1746 sibi,
574 1714 648 1736 non
676 1702 706 1737 si
731 1704 815 1748 quid
843 1705 1154 1739 detracturus
1181 1704 1276 1738 fuit
1299 1707 1415 1748 10,'1,
1439 1705 1517 1739 115.
1565 1702 1715 1750 β)α1ι“-

217 1754 338 1797 quis.-
373 1762 438 1784 cur
461 1750 532 1783 hoc
555 1759 687 1784 nomen
717 1749 766 1783 ita
794 1751 935 1784 demum
962 1751 1144 1795 proprium
1176 1756 1363 1795 putent,
1397 1748 1437 1784 si
1463 1749 1652 1795 aliquid
1674 1750 1714 1785 in

218 1798 380 1846 digressu
404 1797 450 1830 sit
474 1797 730 1840 exponendum
748 1795 782 1839 4,
802 1798 834 1840 3,
858 1797 912 1831 14.
938 1809 972 1831 v.
991 1796 1189 1841 Aliquis.
1212 1795 1487 1841 Aliquanto.
1514 1795 1712 1844 Quidam.

264 1867 334 1910 111)
364 1879 393 1900 c.
419 1868 606 1900 Particula.
640 1864 676 1909 α)
699 1873 874 1911 sequente.-
900 1867 982 1900 Non
1006 1866 1050 1900 ab
1075 1865 1229 1900 exordio
1254 1877 1369 1910 usque
1393 1866 1437 1899 ad
1459 1865 1620 1900 ultimam
1643 1876 1713 1901 vo-

217 1925 297 1948 cem
329 1912 520 1947 continuus
549 1911 690 1956 quidem
724 1912 876 1958 gemitus
902 1921 964 1946 etc.
993 1912 1212 1955 servabitur,
1251 1911 1288 1946 si
1314 1910 1499 1956 quidem
1522 1913 1624 1946 volet
1647 1913 1712 1946 do-

215 1963 330 1995 lorem
360 1970 462 1992 suum
497 1958 602 1992 etiam
639 1957 677 1991 in
711 1959 896 1993 audientes
930 1959 1178 1992 transfundere
1207 1960 1269 2000 11,
1295 1961 1333 2000 1,
1359 1955 1414 1992 54.
1448 1957 1494 1999 cs.
1519 1959 1566 2000 5,
1593 1959 1651 2001 13,
1674 1959 1708 1994 9.

219 2010 275 2050 12,
302 2010 335 2048 2,
363 2008 422 2038 21.
446 2008 502 2039 27.
536 2017 568 2038 υ.
589 2004 838 2049 Siquidem.
862 2017 954 2044 ‚cum
978 2005 1062 2047 illo,
1087 2004 1124 2038 si
1147 2004 1280 2037 modo
1306 2003 1540 2038 indubitabile
1568 2008 1642 2047 est,
1666 2003 1713 2038 sit

218 2055 298 2087 solo
331 2052 500 2085 utendum
522 2049 558 2094 4,
585 2051 618 2094 5,
650 2053 704 2086 13.
729 2051 775 2093 cf.
801 2052 836 2095 6,
861 2053 918 2085 Pr.
939 2053 994 2086 16.
1021 2053 1075 2095 10,
1097 2053 1130 2094 5,
1155 2049 1211 2084 14.
1234 2061 1300 2094 per
1323 2051 1449 2094 quaed.
1477 2061 1589 2094 parva
1611 2060 1713 2101 sane,

217 2100 258 2133 si
281 2099 359 2143 ipsa
385 2099 561 2132 demum
589 2096 766 2140 aestimes,
792 2099 926 2132 ducunt
946 2101 978 2140 1,
1006 2100 1062 2139 10,
1089 2098 1122 2131 5.
1148 2096 1184 2130 si
1209 2095 1338 2130 Fabius
1361 2097 1381 2129 f
1387 2101 1491 2132 orte
1513 2095 1560 2130 sit
1582 2101 1711 2131 tenen-

217 2147 304 2187 dus,
328 2146 525 2178 referamus
549 2144 594 2177 ad
617 2143 718 2177 illum
743 2143 997 2179 Cunctatorem
1024 2146 1079 2186 11,
1105 2144 1141 2185 2,
1166 2144 1223 2176 30.
1254 2155 1287 2176 v.
1307 2143 1459 2176 Forte.
1488 2148 1536 2176 et
1558 2141 1599 2176 si
1620 2153 1710 2176 ma-

218 2191 344 2225 xime
368 2190 522 2235 patiatur
543 2190 614 2223 hoc
638 2195 735 2224 aetas
762 2190 962 2234 robustior,
991 2189 1084 2234 (Sp.
1110 2191 1210 2222 inser.
1235 2187 1382 2232 tamen)
1409 2187 1566 2232 pueriles
1594 2198 1709 2223 annos

218 2236 362 2272 onerari
385 2247 459 2270 non
489 2241 654 2280 oporteat
683 2239 724 2279 1,
751 2238 814 2279 12,
842 2239 875 2270 1.
907 2249 940 2270 v.
965 2237 1146 2269 Tamen.
1177 2238 1214 2268 et
1237 2234 1401 2276 affectus,
1438 2234 1475 2267 si
1499 2233 1640 2275 aliter
1663 2234 1708 2267 ad

215 2284 430 2328 aequitatem
452 2282 600 2327 perduci
626 2283 738 2325 judex
760 2286 835 2316 no'n
859 2281 1007 2326 poterit,
1035 2279 1239 2315 necessario
1262 2279 1423 2316 movebit
1446 2286 1567 2314 orator
1589 2282 1624 2318 2,
1651 2283 1710 2323 17,

216 2333 274 2364 27.
311 2330 355 2363 Et
377 2331 528 2363 honesta
553 2328 735 2372 quidem
759 2328 920 2363 honestis
943 2328 1092 2361 suadere
1115 2326 1324 2360 facillimum
1350 2331 1426 2367 est;
1451 2325 1488 2360 si
1512 2335 1626 2360 vero
1649 2337 1707 2370 ap.

216 2382 338 2420 turpes
365 2381 464 2409 recta
492 2374 656 2409 obtinere
680 2374 888 2409 conabimur
907 2392 948 2399 —
971 2374 1173 2409 cavendum
1196 2378 1250 2407 est
1273 2374 1308 2416 3,
1336 2374 1371 2416 8,
1394 2372 1451 2409 38.
1478 2371 1520 2414 cfi
1546 2375 1582 2414 2,
1597 2373 1632 2413 8,
1653 2374 1709 2406 12.

217 2425 252 2464 2,
280 2423 336 2465 16,
361 2425 416 2455 11.
443 2423 507 2464 11,
532 2424 568 2463 2,
595 2419 653 2455 48.
683 2420 795 2465 ipsius
819 2421 926 2455 etiam
948 2419 1128 2467 magistri,
1158 2419 1198 2453 si
1221 2424 1368 2453 tamen
1390 2417 1491 2452 utilia
1515 2417 1710 2453 ambitiosis

215 2469 416 2512 praeferet,
442 2468 513 2501 hoc
539 2478 629 2511 opus
654 2466 700 2500 sit
725 2470 758 2510 1,
782 2469 818 2510 2,
847 2468 904 2500 27.
929 2468 1027 2500 alunt
1051 2471 1087 2501 et
1109 2464 1228 2510 lyrici,
1253 2464 1294 2499 si
1317 2471 1470 2499 tamen
1492 2463 1531 2498 in
1552 2462 1608 2496 hi's
1631 2463 1708 2496 non

217 2519 381 2547 auctores
407 2514 537 2555 modo,
563 2513 625 2547 sed
650 2513 754 2547 etiam
780 2519 899 2558 partes
923 2512 1043 2556 operis
1068 2511 1219 2559 elegeris
1248 2514 1279 2551 1,
1303 2512 1338 2554 8,
1367 2511 1402 2546 6.
1437 2509 1482 2551 cs.
1508 2511 1544 2552 2,
1569 2509 1709 2551 13„16.

218 2562 260 2600 2,
286 2560 352 2602 15,
376 2558 410 2592 4.
436 2563 480 2603 2,
511 2563 571 2602 17,
600 2558 657 2593 24.
683 2559 741 2594 25.
770 2561 811 2603 5,
836 2561 898 2603 10,
925 2558 1001 2595 124.
1027 2559 1067 2602 6,
1092 2560 1135 2601 3,
1165 2559 1219 2594 19.
1244 2558 1300 2592 57.
1325 2559 1358 2598 7,
1382 2558 1423 2599 2,
1449 2555 1504 2590 15.
1523 2556 1564 2607 ι9,
1587 2557 1623 2596 2,
1647 2553 1704 2589 55.

218 2608 274 2645 12,
299 2608 355 2645 11,
383 2606 439 2639 29.
463 2611 498 2638 et
523 2605 738 2640 divisionem
760 2616 826 2649 pro
851 2605 1025 2639 sententia
1053 2603 1139 2650 poni
1156 2609 1192 2638 et
1211 2614 1250 2637 ar
1274 2607 1467 2644 umentum,
1491 2611 1532 2634 si
1559 2605 1706 2653 tamen

218 2648 309 2692 (Sp.
339 2652 381 2682 de
405 2651 517 2693 conj.‚·
552 2654 701 2695 plerique
728 2653 803 2690 libri
826 2651 856 2685 si
879 2649 1043 2694 tantum)
1067 2650 1105 2684 in
1129 2651 1249 2684 clausu
1265 2661 1285 2683 a
1312 2654 1348 2682 et
1372 2648 1471 2681 calce
1497 2651 1706 2689 pronuntie-

218 2700 277 2728 tur
299 2696 340 2736 8,
366 2695 405 2737 5,
431 2697 488 2729 30.
518 2703 553 2730 et
575 2697 612 2731 in
639 2699 739 2740 foro,
767 2696 805 2731 si
833 2698 1014 2741 quando
1039 2695 1262 2731 adversarius
1285 2693 1436 2738 probare
1463 2701 1537 2726 non
1559 2691 1704 2736 poterit,
