1728 3002
716 175 718 179 -
773 140 894 185 Pono
1526 138 1613 179 66⁷

211 259 279 303 m)
303 262 330 296 ι’.
352 271 385 306 q.
410 257 580 302 assero,
602 270 820 303 propono.
857 256 895 300 ιι)
917 261 957 292 ut
979 266 1088 301 snpra
1109 253 1215 300 posui
1242 254 1278 299 5,
1314 255 1373 298 10,
1395 251 1456 287 44.
1490 254 1548 296 11,
1575 254 1611 295 2,

119 308 180 346 29.
204 318 296 353 quae
319 317 426 351 supra
448 317 497 341 ex
519 309 663 340 oratore
685 304 790 349 posui
815 306 870 347 11,
895 305 930 346 3,
947 302 1026 338 184.
1051 313 1095 336 ea
1118 312 1212 346 quae
1226 311 1302 336 non
1317 300 1387 335 sint
1406 298 1523 344 posita
1544 297 1610 340 (sc.

122 358 167 390 ab
192 355 417 395 adversario)
441 354 539 395 7„2,
562 351 620 386 56.
647 352 743 395 quod
766 350 810 384 ab
839 350 883 384 iis
908 347 1088 394 (Graecis)
1116 353 1267 382 sumtum
1291 347 1433 380 Laenas
1457 343 1613 389 Popilius

122 400 265 445 posuit,
298 410 378 433 esse
399 399 492 434 hanc
520 397 709 432 inotiosam
741 396 918 431 actionem
955 398 1010 439 11,
1044 397 1079 435 3,
1113 395 1191 429 183.
1231 399 1267 428 et
1298 393 1438 440 singula
1469 401 1614 436 quoque

122 446 265 481 interim
290 449 473 490 ponuntur
491 445 526 487 5,
552 442 608 487 14,
634 446 688 478 17.
712 453 781 489 ego
804 442 980 486 apertiora
1005 440 1110 485 posui
1147 442 1184 482 5,
1219 442 1275 483 10,
1303 439 1362 477 64.
1393 438 1614 482 inopinatum

87 512 94 523 s
123 499 161 526 et
183 503 203 526 a
226 493 423 526 lacessente
445 490 532 535 poni
555 491 647 524 solet
669 490 704 533 6,
729 491 764 532 3,
791 488 847 523 84.
894 499 1007 533 panca
1030 486 1187 531 exempli
1211 485 1324 530 gratia
1361 495 1493 529 ponam
1515 484 1552 526 6,
1578 485 1614 524 5,

123 541 159 574 6.
181 538 269 572 illud
294 538 339 571 ad
364 538 676 580 verbm-ponere
712 539 767 578 11,
799 538 835 578 2,
874 538 930 569 22.
968 535 1066 578 quod
1100 543 1172 566 non
1203 532 1308 574 ideo,
1355 537 1394 564 ut
1425 541 1492 574 pro
1523 539 1614 564 vero

125 584 351 628 accipiamus,
378 588 432 618 est
457 585 608 627 positum
630 585 665 625 2,
683 585 740 624 17,
761 581 794 616 6.
823 581 919 625 quod
943 586 1045 615 etex
1071 577 1253 614 veteribus
1277 579 1354 621 ejus
1376 577 1478 611 libris
1499 574 1615 609 mani-

124 632 255 666 festum
279 635 354 672 est,
387 634 424 664 et
446 640 467 663 a
491 629 646 662 Messala
667 627 705 662 in
727 627 820 662 libro
849 628 893 661 de
919 626 944 662 S
971 626 1074 661 litera
1095 625 1251 669 positum
1280 628 1312 666 1,
1338 627 1372 666 7,
1397 625 1455 659 23.
1479 621 1617 669 argenti

123 677 246 722 pondo
270 675 390 720 posuit
411 675 469 719 (in
491 675 708 714 testamento)
732 677 770 717 7,
791 674 827 716 6,
854 676 911 708 11.
956 672 1000 718 β)
1025 686 1053 707 c.
1081 674 1214 706 Sulm..·
1261 671 1387 715 quaed.
1410 673 1618 716 argumenta

125 733 307 768 ponere
333 721 417 756 satis
439 731 513 755 non
537 726 603 764 est,
627 720 883 764 adjuvanda
907 726 991 753 sunt
1013 720 1048 762 5,
1066 721 1123 762 12,
1146 719 1181 753 6.
1207 716 1252 759 cs.
1271 716 1307 760 4,
1323 717 1453 759 2,108.
1478 720 1616 759 ponunt

92 768 164 807 {in
185 778 342 814 persona
369 773 404 802 et
427 777 561 801 nomen
585 768 697 811 (ianq.
725 766 884 809 argum.)
908 766 942 808 5,
967 767 1024 808 10,
1050 766 1108 803 30.
1134 776 1167 798 v.
1191 763 1547 810 Argumentum.
1578 765 1618 793 ut

123 826 173 849 ne
195 820 375 848 auctorem
399 824 549 858 ponam,
582 812 799 847 verecundia
825 812 936 856 ipsius
959 811 1046 845 facit
1067 812 1102 854 6,
1127 812 1161 848 3.
1186 810 1245 844 64.
1270 809 1317 851 cs.
1344 811 1376 849 1,
1400 810 1435 852 5,
1458 806 1516 842 43.
1538 807 1618 840 fere

124 862 312 915 ponendae
336 871 358 894 a
379 871 438 894 me
461 870 590 893 causae
614 858 771 892 officium
795 858 1006 905 exigebatur
1030 857 1065 900 4,
1100 859 1136 899 2,
1171 857 1218 890 86
1249 857 1296 889 Ν.
1343 860 1526 899 ponuntur
1548 854 1617 887 hae

125 917 166 942 m
188 907 346 941 secundo
371 905 446 940 cic.
471 906 516 939 de
544 906 608 939 Or.
635 905 728 938 libro
755 903 1057 938 contradictiones
1078 905 1120 945 2,
1158 905 1222 941 17,
1250 903 1306 936 36.
1346 898 1618 935 exercitationis

128 964 236 987 causa
258 951 344 996 poni
369 957 405 986 et
431 951 590 995 poeticas
612 956 648 985 et
673 950 862 984 historicas
885 948 1174 991 (controversias)
1208 948 1243 989 3,
1270 948 1306 990 8,
1338 949 1384 981 53
1414 947 1460 980 Ν.
1494 956 1619 980 eorum

127 999 292 1043 exempla
322 1007 420 1042 pono
450 998 486 1039 9,
516 999 552 1040 3,
586 998 644 1032 69.
674 1009 708 1031 v.
743 997 1029 1039 Exemplum.
1076 995 1334 1028 firmamentum
1357 992 1468 1036 ipsius
1497 991 1621 1026 verbis

128 1054 262 1090 ponam
278 1045 312 1086 3,
329 1046 386 1086 11,
399 1046 456 1077 12.
484 1054 617 1090 genere
641 1042 759 1086 posito
778 1042 813 1079 4.
832 1042 866 1084 5,
889 1043 946 1075 27.
974 1045 1138 1075 neutrum
1155 1050 1288 1073 nomen
1313 1044 1386 1073 est
1412 1037 1621 1083 positum,

128 1096 166 1125 et
185 1095 375 1134 utrumque
401 1089 449 1123 in
463 1089 708 1136 telligitur
734 1090 770 1132 8,
792 1089 828 1132 6,
856 1090 911 1122 30.
939 1099 1020 1122 cum
1043 1086 1300 1130 praecedentes
1322 1086 1434 1128 pedes
1456 1083 1561 1129 posui
1582 1084 1619 1126 9,

127 1137 164 1179 4,
190 1137 268 1172 109.
294 1136 364 1170 hae
390 1136 677 1181 (propositiones)
710 1134 742 1169 si
771 1140 952 1179 ponantur
981 1133 1144 1180 singulae
1174 1131 1210 1175 4,
1242 1130 1278 1174 4,
1307 1134 1341 1166 7.
1379 1135 1549 1175 posuerat
1585 1135 1621 1164 et

127 1182 203 1218 cic.
227 1182 267 1216 in
286 1180 388 1225 libn's
410 1181 599 1216 rhetoricis
624 1180 710 1215 facti
735 1188 796 1215 etc.
821 1180 1065 1225 (quaestiones)
1092 1181 1127 1222 3,
1152 1179 1188 1220 6,
1213 1179 1270 1212 50.
1315 1177 1441 1221 positis
1466 1176 1622 1212 invicem

127 1230 299 1273 utiusque
320 1227 462 1274 generis
485 1227 762 1272 quaestiunculis
788 1229 821 1269 1,
848 1228 885 1269 3,
912 1228 967 1259 11.
1013 1235 1128 1259 meam
1151 1223 1316 1268 quibusd.
1339 1223 1430 1257 locis
1457 1222 1622 1267 posuisse

127 1274 339 1309 sententiam
362 1276 395 1311 3,
419 1276 454 1316 1,
476 1276 533 1307 22.
560 1273 607 1314 ej.
631 1274 667 1315 9,
691 1275 727 1315 3,
754 1273 812 1306 62.
839 1282 930 1317 quos
955 1270 1111 1315 (status)
1146 1270 1251 1314 posui
1275 1271 1316 1312 3,
1348 1271 1384 1312 6,
1412 1269 1471 1305 46.
1523 1275 1621 1303 certa

124 1321 253 1366 quaed.
278 1324 481 1364 ponuntur,
514 1330 607 1363 quae
634 1321 790 1353 themata
813 1318 963 1353 dicimus
986 1319 1022 1360 4,
1051 1321 1087 1359 2,
1115 1318 1173 1351 28.
1201 1315 1246 1356 cf.
1274 1319 1331 1358 12,
1354 1317 1390 1358 8,
1414 1316 1450 1351 6.
1475 1321 1516 1349 ut
1539 1327 1620 1349 cum

126 1378 185 1415 ap.
212 1365 254 1402 C.
279 1365 470 1400 Caesarem
494 1365 711 1400 consultatio
741 1366 786 1400 de
810 1375 926 1409 poena
954 1362 1135 1399 Theodoti
1161 1362 1305 1407 ponitur
1331 1363 1364 1398 3.
1389 1363 1425 1405 8,
1456 1363 1514 1397 55.
1543 1361 1622 1406 ipsa

126 1414 204 1457 eius
229 1413 341 1447 verba
367 1418 546 1456 ponantur
568 1413 602 1455 5,
628 1414 685 1454 13,
709 1414 767 1447 25.
791 1410 1031 1456 vituperatio,
1063 1421 1176 1455 quae,
1202 1408 1231 1442 si
1254 1408 1400 1455 gravius
1423 1409 1540 1452 posita
1563 1407 1622 1450 sit,

125 1470 255 1495 severa
281 1463 355 1501 est,
387 1458 419 1492 si
440 1458 581 1501 levius,
612 1458 762 1492 ridicula
783 1459 819 1500 6,
845 1459 880 1500 3,
904 1459 960 1492 37.
984 1468 1096 1492 voces
1120 1456 1158 1490 in
1192 1454 1452 1501 significatione
1476 1454 1621 1490 diversa

125 1510 306 1550 ponuntur
327 1505 363 1548 9,
391 1506 428 1547 3,
449 1505 517 1546 693
547 1518 577 1538 c.
601 1507 709 1538 Dat:
741 1503 895 1548 positam
918 1503 1023 1537 nobis
1048 1514 1127 1537 esse
1156 1501 1342 1535 materiam
1374 1503 1421 1545 2,
1458 1503 1527 1544 21,
1562 1502 1621 1534 20.

124 1550 333 1596 ponentium
354 1549 412 1594 (α.
436 1554 460 1584 1.
486 1549 648 1595 impon.)
669 1550 839 1594 periculis
864 1550 979 1595 pretia
1002 1552 1058 1590 12,
1083 1553 1120 1592 7,
1150 1550 1208 1582 11.
1262 1550 1267 1554 “

220 1617 284 1661 1V)
306 1619 333 1652 i.
357 1631 391 1664 q.
414 1625 587 1661 statuo,
613 1617 763 1661 fingo.-
795 1619 890 1653 solet
915 1630 936 1652 a
965 1617 1128 1662 quibusd.
1154 1621 1190 1650 et
1217 1615 1305 1648 illud
1327 1614 1428 1659 poni,
1452 1613 1622 1648 Omnium

128 1664 238 1712 igitur
262 1663 391 1698 artium
411 1663 546 1707 peritus
569 1664 639 1699 erit
664 1670 785 1698 orator
809 1671 870 1698 etc.
896 1667 931 1707 2,
955 1667 1014 1708 21,
1039 1662 1096 1696 14.
1142 1671 1215 1706 quo
1238 1661 1277 1694 in
1304 1661 1420 1694 causis
1444 1660 1564 1705 posito
1588 1661 1623 1704 5,

129 1713 166 1754 9,
193 1710 227 1744 4.
250 1715 292 1744 ut
314 1710 385 1754 jam
406 1709 512 1743 nobis
540 1720 677 1754 ponere
714 1710 782 1743 alia
818 1710 977 1754 (verba),
1010 1720 1114 1754 quam
1130 1718 1221 1751 quae
1250 1706 1301 1743 illi
1325 1707 1434 1740 rudes
1457 1706 1623 1740 homines

129 1755 306 1801 primique
326 1755 503 1798 fecerunt,
524 1756 582 1789 fas
602 1765 677 1789 non
701 1755 747 1790 sit
760 1757 796 1798 8,
818 1757 854 1798 3,
880 1756 938 1790 36.
960 1766 1008 1789 ne
1030 1752 1332 1788 contradictiones
1355 1763 1415 1786 eas
1438 1758 1623 1795 ponant,

132 1801 260 1846 quibus
274 1800 444 1835 facillime
464 1800 675 1844 responderi
688 1801 822 1843 possit;
846 1812 918 1835 neu
932 1800 1000 1835 sibi
1013 1801 1157 1834 stultum
1172 1798 1416 1833 adversarium
1437 1798 1510 1831 fin
1519 1803 1623 1845 gant

132 1849 169 1890 5,
196 1849 252 1890 13,
278 1845 335 1880 42.
383 1857 452 1891 qua
473 1847 512 1879 in
537 1846 712 1881 sententia
733 1847 880 1892 ponitur
902 1856 958 1888 ap.
983 1848 1170 1880 Platonem
1194 1844 1346 1890 Gorgias
1368 1846 1405 1886 2,
1434 1846 1492 1886 21,
1530 1847 1548 1878 1
1574 1845 1624 1878 Ν.

133 1892 179 1934 qs.
202 1896 237 1936 7,
262 1894 297 1935 2,
322 1892 380 1926 55.
427 1891 487 1925 alii
511 1893 686 1926 elementa
717 1904 851 1928 novem
882 1898 1079 1933 posuerunt
1112 1892 1154 1934 3,
1190 1892 1234 1932 6,
1271 1891 1328 1924 25.
1366 1890 1455 1924 duos
1485 1899 1624 1931 ponere

131 1939 222 1972 fines
243 1941 279 1980 7,
307 1939 342 1980 3,
366 1940 423 1971 20.
449 1937 497 1978 cs.
526 1939 562 1981 9,
597 1941 631 1981 2,
668 1941 753 1981 1Ο2;
797 1952 826 1972 c.
857 1941 1036 1972 Praedia.-
1080 1937 1177 1982 quod
1214 1937 1408 1970 secundum
1438 1936 1623 1978 posuimus

133 1995 247 2032 genus
275 1984 311 2026 9,
337 1986 374 2026 2,
397 1983 456 2018 76.
484 1982 530 2024 qs.
560 1986 616 2024 12,
650 1986 685 2026 1,
719 1987 752 2018 1.
798 1989 839 2017 ut
873 1984 903 2018 si
935 1990 1088 2026 ponatur
1124 1983 1263 2016 adulter
1295 1993 1444 2024 caecus,
1486 1983 1624 2016 aleator

133 2040 270 2073 pauper
291 2032 326 2072 2,
349 2028 386 2073 4,
409 2032 466 2066 22,
492 2040 512 2062 3
533 2030 659 2073 quibus
680 2035 863 2071 ponuntur
883 2035 923 2062 ut
940 2036 1070 2071 partes,
1095 2040 1186 2072 quae
1211 2027 1349 2069 species
1373 2033 1455 2061 sunt
1470 2027 1623 2069 partium

134 2080 171 2120 3,
183 2078 230 2118 ’8,
254 2076 319 2126 26;
353 2088 422 2119 seq.
450 2074 539 2116 [πί.-
565 2076 660 2118 quod
687 2081 805 2110 autem
831 2075 959 2118 posui,
986 2076 1136 2117 referre,
1160 2084 1232 2118 quo
1256 2073 1411 2118 quidque
1438 2080 1625 2110 accusator

137 2123 246 2157 modo
270 2121 399 2154 dixerit
423 2121 458 2163 5,
485 2123 541 2162 13,
566 2121 624 2155 25.
650 2126 787 2162 ponunt
810 2126 845 2154 et
867 2120 976 2162 illud,
1009 2130 1115 2162 saepe
1138 2131 1282 2153 causam
1306 2119 1343 2152 in
1371 2119 1523 2164 aliquam
1547 2131 1624 2155 rem

139 2167 290 2208 dimitti,
324 2178 414 2210 quae
442 2173 504 2204 etc.
529 2168 563 2207 3,
590 2170 647 2208 11,
672 2168 728 2201 16.
776 2167 944 2208 ponendo
973 2166 1078 2200 etiam
1106 2176 1185 2199 esse
1218 2165 1378 2208 facinus,
1419 2167 1516 2210 quod
1547 2172 1623 2200 erat

138 2213 288 2248 inferius
309 2213 345 2251 8,
369 2211 404 2255 4,
430 2211 464 2245 4.
491 2213 585 2256 quod
609 2218 663 2251 est
690 2224 710 2246 a
733 2223 791 2246 me
811 2213 976 2255 positum,
1000 2222 1257 2253 supervacuam
1281 2222 1360 2245 esse
1383 2212 1624 2246 narrationem

137 2260 212 2305 rei,
246 2269 351 2303 quam
378 2265 440 2292 eto.
466 2257 503 2301 4,
529 2261 564 2300 2,
587 2261 645 2294 20.
693 2258 855 2303 quibusd.
886 2258 1108 2292 scholasticis
1134 2257 1412 2300 controversiis,
1435 2258 1471 2291 in
1498 2258 1625 2302 quibus

139 2305 303 2348 ponitur,
328 2303 483 2348 aliquem
506 2314 580 2337 non
602 2306 831 2346 respondere.
859 2305 904 2338 ad
927 2315 1018 2349 quae
1042 2305 1281 2350 interrogatur
1306 2303 1342 2346 4,
1367 2307 1401 2346 2,
1424 2306 1482 2339 92.
1505 2305 1524 2338 f
1531 2304 1623 2338 icta

136 2349 297 2392 materia,
326 2348 363 2383 in
387 2361 456 2394 qua
479 2350 678 2391 ponitur
709 2350 897 2385 tibicen
938 2369 980 2376 -
1022 2350 1263 2392 accusari,
1302 2350 1399 2394 quod
1427 2357 1490 2384 etc.
1527 2349 1622 2395 (Ins.

137 2398 191 2430 Ιιίι·
213 2403 302 2440 νιιζιε
323 2408 365 2429 ex
391 2397 602 2429 similitudine
624 2399 766 2435 aliorum
788 2399 960 2430 verborum
980 2399 1139 2440 positum,
1162 2403 1198 2429 ui
1223 2408 1280 2440 ap.
1307 2398 1364 2430 Cu
1374 2402 1420 2428 rt.
1451 2397 1518 2439 VI,
1565 2398 1623 2440 11,

138 2443 196 2477 35.
221 2441 282 2487 qni
305 2441 458 2483 proximi
481 2442 625 2476 sceleris
648 2442 824 2484 particeps
847 2453 927 2476 esse
952 2441 1191 2488 arguebatur)
1226 2444 1262 2486 1,
1287 2443 1342 2485 10,
1367 2442 1413 2476 33
1436 2443 1484 2477 Ν.

233 2510 286 2552 V)
318 2512 342 2543 i.
374 2523 406 2554 q.
445 2522 632 2552 numero,
663 2509 834 2552 resero.-
868 2510 911 2554 α)
942 2509 1070 2544 merito
1099 2510 1266 2552 ponimus
1295 2511 1366 2544 1100
1388 2510 1506 2552 ipsum
1532 2520 1622 2552 opus

138 2556 184 2591 in
207 2562 306 2597 parte
331 2555 486 2590 oratoria
508 2559 543 2597 2,
581 2557 648 2598 18,
684 2559 716 2591 5.
749 2555 794 2598 cs.
830 2559 873 2599 1,
907 2558 963 2599 11,
995 2559 1051 2591 17.
1097 2556 1301 2591 rhetoricen
1329 2556 1376 2590 in
1406 2568 1477 2591 una
1506 2557 1623 2602 aliqua
1647 2578 1652 2586 ·

140 2608 239 2644 parte
263 2602 462 2644 ponendam
486 2604 520 2644 2,
546 2603 603 2644 21,
628 2603 661 2636 3.
690 2601 835 2644 ponitur
861 2613 881 2636 a
905 2602 1068 2647 quibusd.
1096 2609 1133 2636 et
1154 2602 1296 2647 quidem
1319 2602 1366 2636 in
1389 2603 1501 2644 prima
1521 2609 1624 2645 parte

75 2683 79 2685 λ
142 2649 290 2682 deorum
317 2647 506 2682 auctoritas
531 2650 565 2690 5,
591 2651 645 2686 11,
673 2647 731 2682 42.
762 2647 806 2687 cil
835 2650 871 2690 3,
894 2647 929 2691 4,
958 2651 992 2683 3.
1026 2661 1059 2682 υ.
1090 2649 1215 2683 Pars.
1262 2648 1321 2693 qni
1356 2649 1622 2684 translationem

101 2706 113 2718 r
141 2693 189 2728 in
212 2693 374 2727 rationali
399 2704 542 2737 quoque
565 2704 696 2740 genere
722 2699 898 2735 ponerent
919 2696 956 2736 3,
979 2695 1015 2737 6,
1046 2695 1102 2729 78.
1146 2695 1190 2739 β)
1218 2695 1468 2737 ponendus
1498 2695 1625 2729 inter

143 2739 352 2782 praecipuos
373 2740 502 2773 foret
525 2741 582 2781 10,
607 2742 642 2782 1,
669 2740 747 2774 116.
792 2750 883 2784 «fuae
913 2740 1039 2775 inter
1072 2747 1275 2786 argumenta
1308 2746 1490 2782 ponuntur
1522 2742 1558 2783 8,
1586 2742 1623 2780 3,
