<?xml version="1.0" encoding="UTF-8"?>
<!DOCTYPE html PUBLIC "-//W3C//DTD XHTML 1.0 Transitional//EN"
    "http://www.w3.org/TR/xhtml1/DTD/xhtml1-transitional.dtd">
<html xmlns="http://www.w3.org/1999/xhtml" xml:lang="en" lang="en">
 <head>
  <title>
</title>
<meta http-equiv="Content-Type" content="text/html;charset=utf-8" />
  <meta name='ocr-system' content='tesseract 3.04.00' />
  <meta name='ocr-capabilities' content='ocr_page ocr_carea ocr_par ocr_line ocrx_word'/>
</head>
<body>
  <div class='ocr_page' id='page_1' title='image "./lexiconquintilia06bonnuoft/lexiconquintilia06bonnuoft_0788.png"; bbox 0 0 1728 3002; ppageno 0'>
   <div class='ocr_carea' id='block_1_1' title="bbox 181 231 1215 290">
    <p class='ocr_par' dir='ltr' id='par_1_1' title="bbox 181 231 1215 290">
     <span class='ocr_line' id='line_1_1' title="bbox 181 231 1215 290; baseline -0.001 -15"><span class='ocrx_word' id='word_1_1' title='bbox 181 236 264 276; x_wconf 81' lang='lat'>696</span> <span class='ocrx_word' id='word_1_2' title='bbox 697 231 949 290; x_wconf 84' lang='lat' dir='ltr'><strong>Priusquam</strong></span> <span class='ocrx_word' id='word_1_3' title='bbox 978 259 1035 265; x_wconf 93' lang='lat'><strong>—</strong></span> <span class='ocrx_word' id='word_1_4' title='bbox 1063 233 1146 275; x_wconf 86' lang='lat' dir='ltr'>Pro</span> <span class='ocrx_word' id='word_1_5' title='bbox 1211 254 1215 257; x_wconf 94' lang='lat'>·</span> 
     </span>
    </p>
   </div>
   <div class='ocr_carea' id='block_1_2' title="bbox 231 344 1724 764">
    <p class='ocr_par' dir='ltr' id='par_1_2' title="bbox 231 344 1724 764">
     <span class='ocr_line' id='line_1_2' title="bbox 231 344 1719 394; baseline 0.002 -13"><span class='ocrx_word' id='word_1_6' title='bbox 231 344 452 382; x_wconf 84' lang='lat' dir='ltr'>constituerit</span> <span class='ocrx_word' id='word_1_7' title='bbox 478 345 533 387; x_wconf 84' lang='grc'>11,</span> <span class='ocrx_word' id='word_1_8' title='bbox 558 347 592 388; x_wconf 90' lang='grc'>1,</span> <span class='ocrx_word' id='word_1_9' title='bbox 616 344 673 379; x_wconf 86' lang='grc'>35.</span> <span class='ocrx_word' id='word_1_10' title='bbox 721 356 802 378; x_wconf 87' lang='lat' dir='ltr'>cum</span> <span class='ocrx_word' id='word_1_11' title='bbox 825 357 879 390; x_wconf 89' lang='lat' dir='ltr'>pr.</span> <span class='ocrx_word' id='word_1_12' title='bbox 893 344 1070 393; x_wconf 61' lang='lat' dir='ltr'>*litigatori</span> <span class='ocrx_word' id='word_1_13' title='bbox 1104 357 1232 381; x_wconf 78' lang='lat' dir='ltr'>verum</span> <span class='ocrx_word' id='word_1_14' title='bbox 1260 346 1393 382; x_wconf 78' lang='lat' dir='ltr'>dixerit</span> <span class='ocrx_word' id='word_1_15' title='bbox 1429 350 1489 391; x_wconf 76' lang='grc'>12,</span> <span class='ocrx_word' id='word_1_16' title='bbox 1519 351 1556 394; x_wconf 87' lang='grc'>7,</span> <span class='ocrx_word' id='word_1_17' title='bbox 1589 351 1626 386; x_wconf 87' lang='grc'>6.</span> <span class='ocrx_word' id='word_1_18' title='bbox 1673 351 1719 385; x_wconf 86' lang='lat' dir='ltr'>de</span> 
     </span>
     <span class='ocr_line' id='line_1_3' title="bbox 233 391 1720 438; baseline 0.002 -12"><span class='ocrx_word' id='word_1_19' title='bbox 233 395 312 438; x_wconf 85' lang='lat' dir='ltr'>jure</span> <span class='ocrx_word' id='word_1_20' title='bbox 335 404 388 436; x_wconf 88' lang='lat' dir='ltr'>pr.</span> <span class='ocrx_word' id='word_1_21' title='bbox 416 402 462 424; x_wconf 81' lang='lat' dir='ltr'>an</span> <span class='ocrx_word' id='word_1_22' title='bbox 489 392 534 425; x_wconf 86' lang='lat' dir='ltr'>de</span> <span class='ocrx_word' id='word_1_23' title='bbox 561 391 738 435; x_wconf 82' lang='lat' dir='ltr'>aequitate</span> <span class='ocrx_word' id='word_1_24' title='bbox 765 391 955 425; x_wconf 86' lang='lat' dir='ltr'>dicendum</span> <span class='ocrx_word' id='word_1_25' title='bbox 978 395 1012 434; x_wconf 93' lang='lat'>7,</span> <span class='ocrx_word' id='word_1_26' title='bbox 1038 395 1095 435; x_wconf 90' lang='lat'>10,</span> <span class='ocrx_word' id='word_1_27' title='bbox 1127 395 1183 428; x_wconf 82' lang='lat'>12.</span> <span class='ocrx_word' id='word_1_28' title='bbox 1216 391 1262 435; x_wconf 68' lang='lat' dir='ltr'>cf.</span> <span class='ocrx_word' id='word_1_29' title='bbox 1297 396 1367 437; x_wconf 79' lang='grc' dir='ltr'>10,Ι</span> <span class='ocrx_word' id='word_1_30' title='bbox 1389 395 1511 436; x_wconf 79' lang='grc'>7,·33.</span> <span class='ocrx_word' id='word_1_31' title='bbox 1557 401 1720 430; x_wconf 85' lang='lat' dir='ltr'>contem-</span> 
     </span>
     <span class='ocr_line' id='line_1_4' title="bbox 235 437 1719 484; baseline 0.001 -11"><span class='ocrx_word' id='word_1_32' title='bbox 235 444 363 474; x_wconf 75' lang='lat' dir='ltr'>nentes</span> <span class='ocrx_word' id='word_1_33' title='bbox 390 444 557 484; x_wconf 70' lang='lat' dir='ltr'>tanquam</span> <span class='ocrx_word' id='word_1_34' title='bbox 592 449 728 481; x_wconf 82' lang='lat' dir='ltr'>parva,</span> <span class='ocrx_word' id='word_1_35' title='bbox 759 449 850 480; x_wconf 85' lang='lat' dir='ltr'>quae</span> <span class='ocrx_word' id='word_1_36' title='bbox 882 450 938 482; x_wconf 85' lang='lat' dir='ltr'>pr.</span> <span class='ocrx_word' id='word_1_37' title='bbox 975 437 1164 482; x_wconf 79' lang='lat' dir='ltr'><strong>discimus,</strong></span> <span class='ocrx_word' id='word_1_38' title='bbox 1216 440 1331 474; x_wconf 83' lang='lat' dir='ltr'>studia</span> <span class='ocrx_word' id='word_1_39' title='bbox 1353 441 1412 474; x_wconf 88' lang='lat' dir='ltr'>Pr.</span> <span class='ocrx_word' id='word_1_40' title='bbox 1443 438 1482 475; x_wconf 86' lang='grc'>4.</span> <span class='ocrx_word' id='word_1_41' title='bbox 1527 441 1623 475; x_wconf 68' lang='lat' dir='ltr'>aliud</span> <span class='ocrx_word' id='word_1_42' title='bbox 1659 441 1719 476; x_wconf 86' lang='lat' dir='ltr'>alii</span> 
     </span>
     <span class='ocr_line' id='line_1_5' title="bbox 233 484 1721 530; baseline 0.003 -12"><span class='ocrx_word' id='word_1_43' title='bbox 233 487 364 519; x_wconf 84' lang='lat' dir='ltr'>docere</span> <span class='ocrx_word' id='word_1_44' title='bbox 390 495 442 528; x_wconf 89' lang='lat' dir='ltr'>pr.</span> <span class='ocrx_word' id='word_1_45' title='bbox 467 484 614 526; x_wconf 78' lang='lat' dir='ltr'>expedit</span> <span class='ocrx_word' id='word_1_46' title='bbox 638 487 673 526; x_wconf 94' lang='lat'>7,</span> <span class='ocrx_word' id='word_1_47' title='bbox 700 486 733 526; x_wconf 89' lang='lat'>1,</span> <span class='ocrx_word' id='word_1_48' title='bbox 756 485 792 518; x_wconf 87' lang='lat'>3.</span> <span class='ocrx_word' id='word_1_49' title='bbox 838 484 1051 530; x_wconf 79' lang='lat' dir='ltr'>mitigandae</span> <span class='ocrx_word' id='word_1_50' title='bbox 1077 491 1159 519; x_wconf 88' lang='lat' dir='ltr'>sunt</span> <span class='ocrx_word' id='word_1_51' title='bbox 1181 489 1362 530; x_wconf 83' lang='lat' dir='ltr'>pr.&#39;aures</span> <span class='ocrx_word' id='word_1_52' title='bbox 1388 487 1443 528; x_wconf 80' lang='grc'>12,</span> <span class='ocrx_word' id='word_1_53' title='bbox 1480 487 1521 530; x_wconf 88' lang='grc'>1,</span> <span class='ocrx_word' id='word_1_54' title='bbox 1553 488 1608 521; x_wconf 76' lang='grc'>14.</span> <span class='ocrx_word' id='word_1_55' title='bbox 1642 488 1721 530; x_wconf 76' lang='lat' dir='ltr'>iure</span> 
     </span>
     <span class='ocr_line' id='line_1_6' title="bbox 233 529 1723 578; baseline 0.001 -13"><span class='ocrx_word' id='word_1_56' title='bbox 233 544 289 576; x_wconf 86' lang='lat' dir='ltr'>pr.</span> <span class='ocrx_word' id='word_1_57' title='bbox 318 542 363 564; x_wconf 79' lang='lat' dir='ltr'>an</span> <span class='ocrx_word' id='word_1_58' title='bbox 386 541 502 574; x_wconf 83' lang='lat' dir='ltr'>aequo</span> <span class='ocrx_word' id='word_1_59' title='bbox 526 531 754 576; x_wconf 81' lang='lat' dir='ltr'>pugnandum</span> <span class='ocrx_word' id='word_1_60' title='bbox 780 530 815 573; x_wconf 91' lang='grc'>6,</span> <span class='ocrx_word' id='word_1_61' title='bbox 841 531 876 573; x_wconf 87' lang='grc'>5,</span> <span class='ocrx_word' id='word_1_62' title='bbox 905 532 939 566; x_wconf 88' lang='grc'>5.</span> <span class='ocrx_word' id='word_1_63' title='bbox 975 529 1174 578; x_wconf 78' lang='lat' dir='ltr'>intelligere</span> <span class='ocrx_word' id='word_1_64' title='bbox 1197 542 1263 576; x_wconf 85' lang='lat' dir='ltr'>pr.</span> <span class='ocrx_word' id='word_1_65' title='bbox 1312 543 1400 566; x_wconf 80' lang='lat' dir='ltr'>aene</span> <span class='ocrx_word' id='word_1_66' title='bbox 1429 543 1558 575; x_wconf 84' lang='lat' dir='ltr'>quam</span> <span class='ocrx_word' id='word_1_67' title='bbox 1581 533 1723 567; x_wconf 81' lang='lat' dir='ltr'>audiant</span> 
     </span>
     <span class='ocr_line' id='line_1_7' title="bbox 233 575 1723 623; baseline 0.002 -13"><span class='ocrx_word' id='word_1_68' title='bbox 233 580 291 621; x_wconf 90' lang='grc'>12,</span> <span class='ocrx_word' id='word_1_69' title='bbox 315 578 350 620; x_wconf 90' lang='grc'>8,</span> <span class='ocrx_word' id='word_1_70' title='bbox 380 579 420 620; x_wconf 83' lang='lat'>33</span> <span class='ocrx_word' id='word_1_71' title='bbox 450 589 522 610; x_wconf 84' lang='lat' dir='ltr'>curn</span> <span class='ocrx_word' id='word_1_72' title='bbox 548 579 683 620; x_wconf 81' lang='lat' dir='ltr'>Ellipsi:</span> <span class='ocrx_word' id='word_1_73' title='bbox 709 577 766 609; x_wconf 87' lang='lat' dir='ltr'>De</span> <span class='ocrx_word' id='word_1_74' title='bbox 788 577 857 610; x_wconf 81' lang='lat' dir='ltr'>hac</span> <span class='ocrx_word' id='word_1_75' title='bbox 879 587 919 610; x_wconf 86' lang='lat' dir='ltr'>re</span> <span class='ocrx_word' id='word_1_76' title='bbox 944 575 1051 622; x_wconf 85' lang='lat' dir='ltr'>igitur</span> <span class='ocrx_word' id='word_1_77' title='bbox 1073 578 1183 621; x_wconf 87' lang='lat' dir='ltr'>prius.</span> <span class='ocrx_word' id='word_1_78' title='bbox 1220 581 1255 620; x_wconf 89' lang='lat'>1,</span> <span class='ocrx_word' id='word_1_79' title='bbox 1312 604 1323 621; x_wconf 96' lang='lat'>,</span> <span class='ocrx_word' id='word_1_80' title='bbox 1356 579 1390 612; x_wconf 84' lang='lat'>3.</span> <span class='ocrx_word' id='word_1_81' title='bbox 1436 578 1492 612; x_wconf 87' lang='lat' dir='ltr'>Ac</span> <span class='ocrx_word' id='word_1_82' title='bbox 1517 579 1562 612; x_wconf 83' lang='lat' dir='ltr'>de</span> <span class='ocrx_word' id='word_1_83' title='bbox 1589 578 1645 613; x_wconf 67' lang='lat' dir='ltr'>hia</span> <span class='ocrx_word' id='word_1_84' title='bbox 1667 591 1723 623; x_wconf 85' lang='lat' dir='ltr'>pr.</span> 
     </span>
     <span class='ocr_line' id='line_1_8' title="bbox 233 621 1723 669; baseline 0.002 -13"><span class='ocrx_word' id='word_1_85' title='bbox 233 624 270 667; x_wconf 85' lang='lat'>9,</span> <span class='ocrx_word' id='word_1_86' title='bbox 295 621 330 665; x_wconf 86' lang='grc'>4,</span> <span class='ocrx_word' id='word_1_87' title='bbox 358 626 435 656; x_wconf 79' lang='lat'>122.</span> <span class='ocrx_word' id='word_1_88' title='bbox 483 624 525 666; x_wconf 81' lang='grc' dir='ltr'>β)</span> <span class='ocrx_word' id='word_1_89' title='bbox 553 624 725 656; x_wconf 70' lang='lat' dir='ltr'><strong><em>contrariis</em></strong></span> <span class='ocrx_word' id='word_1_90' title='bbox 751 624 934 666; x_wconf 74' lang='lat' dir='ltr'><em>excipitur:</em></span> <span class='ocrx_word' id='word_1_91' title='bbox 967 628 1007 655; x_wconf 80' lang='lat' dir='ltr'>ut</span> <span class='ocrx_word' id='word_1_92' title='bbox 1033 635 1098 667; x_wconf 90' lang='lat' dir='ltr'>pr.</span> <span class='ocrx_word' id='word_1_93' title='bbox 1128 641 1172 647; x_wconf 91' lang='lat'>—</span> <span class='ocrx_word' id='word_1_94' title='bbox 1190 625 1443 669; x_wconf 59' lang='lat' dir='ltr'>,ostendamusz</span> <span class='ocrx_word' id='word_1_95' title='bbox 1481 624 1651 661; x_wconf 80' lang='lat' dir='ltr'>deinde</span> <span class='ocrx_word' id='word_1_96' title='bbox 1670 645 1723 654; x_wconf 51' lang='lat'>&gt;—</span> 
     </span>
     <span class='ocr_line' id='line_1_9' title="bbox 234 668 1724 715; baseline 0.002 -12"><span class='ocrx_word' id='word_1_97' title='bbox 234 680 456 712; x_wconf 80' lang='lat' dir='ltr'>exequamur</span> <span class='ocrx_word' id='word_1_98' title='bbox 481 670 514 711; x_wconf 85' lang='lat'>5,</span> <span class='ocrx_word' id='word_1_99' title='bbox 539 670 596 704; x_wconf 86' lang='lat' dir='ltr'>Pr.</span> <span class='ocrx_word' id='word_1_100' title='bbox 627 670 659 702; x_wconf 88' lang='lat'>5.</span> <span class='ocrx_word' id='word_1_101' title='bbox 686 668 830 712; x_wconf 71' lang='lat' dir='ltr'>poetica</span> <span class='ocrx_word' id='word_1_102' title='bbox 854 680 934 714; x_wconf 63' lang='lat' dir='ltr'>pr„</span> <span class='ocrx_word' id='word_1_103' title='bbox 957 674 1046 702; x_wconf 87' lang='lat' dir='ltr'>tum</span> <span class='ocrx_word' id='word_1_104' title='bbox 1070 674 1275 715; x_wconf 84' lang='lat' dir='ltr'>oratorum,</span> <span class='ocrx_word' id='word_1_105' title='bbox 1300 669 1560 706; x_wconf 79' lang='lat' dir='ltr'>novissime</span> <span class='ocrx_word' id='word_1_106' title='bbox 1581 671 1724 706; x_wconf 84' lang='lat' dir='ltr'>etiam</span> 
     </span>
     <span class='ocr_line' id='line_1_10' title="bbox 233 713 814 764; baseline -0.002 -15"><span class='ocrx_word' id='word_1_107' title='bbox 233 716 408 749; x_wconf 84' lang='lat' dir='ltr'>solutiora</span> <span class='ocrx_word' id='word_1_108' title='bbox 431 715 588 764; x_wconf 78' lang='lat' dir='ltr'>numeris</span> <span class='ocrx_word' id='word_1_109' title='bbox 612 717 669 758; x_wconf 92' lang='lat'>11,</span> <span class='ocrx_word' id='word_1_110' title='bbox 693 717 728 758; x_wconf 86' lang='lat'>2,</span> <span class='ocrx_word' id='word_1_111' title='bbox 756 713 814 748; x_wconf 84' lang='lat'>41.</span> 
     </span>
    </p>
   </div>
   <div class='ocr_carea' id='block_1_3' title="bbox 187 769 1728 1114">
    <p class='ocr_par' dir='ltr' id='par_1_3' title="bbox 187 769 1728 1012">
     <span class='ocr_line' id='line_1_11' title="bbox 187 769 1725 830; baseline 0.004 -16"><span class='ocrx_word' id='word_1_112' title='bbox 187 769 454 826; x_wconf 58' lang='lat' dir='ltr'>Priusquam·</span> <span class='ocrx_word' id='word_1_113' title='bbox 501 781 689 816; x_wconf 87' lang='lat' dir='ltr'>criminum</span> <span class='ocrx_word' id='word_1_114' title='bbox 711 782 848 816; x_wconf 84' lang='lat' dir='ltr'>invidia</span> <span class='ocrx_word' id='word_1_115' title='bbox 867 793 936 827; x_wconf 87' lang='lat' dir='ltr'>pro</span> <span class='ocrx_word' id='word_1_116' title='bbox 966 793 1031 817; x_wconf 84' lang='lat' dir='ltr'>reo</span> <span class='ocrx_word' id='word_1_117' title='bbox 1069 787 1142 826; x_wconf 84' lang='lat' dir='ltr'>est,</span> <span class='ocrx_word' id='word_1_118' title='bbox 1186 793 1238 826; x_wconf 88' lang='lat' dir='ltr'>pr.</span> <span class='ocrx_word' id='word_1_119' title='bbox 1272 783 1480 826; x_wconf 78' lang='lat' dir='ltr'>probabitur</span> <span class='ocrx_word' id='word_1_120' title='bbox 1511 783 1605 829; x_wconf 79' lang='lat' dir='ltr'>(Sp.</span> <span class='ocrx_word' id='word_1_121' title='bbox 1637 776 1725 830; x_wconf 53' lang='grc' dir='ltr'><strong>ιιι-οξ</strong></span> 
     </span>
     <span class='ocr_line' id='line_1_12' title="bbox 234 827 1724 876; baseline 0.002 -13"><span class='ocrx_word' id='word_1_122' title='bbox 234 829 367 872; x_wconf 81' lang='lat' dir='ltr'>batur)</span> <span class='ocrx_word' id='word_1_123' title='bbox 395 828 431 871; x_wconf 97' lang='grc'>4,</span> <span class='ocrx_word' id='word_1_124' title='bbox 455 831 490 870; x_wconf 89' lang='grc'>3,</span> <span class='ocrx_word' id='word_1_125' title='bbox 514 829 538 863; x_wconf 88' lang='grc'><strong>6</strong></span> <span class='ocrx_word' id='word_1_126' title='bbox 561 832 602 862; x_wconf 92' lang='grc' dir='ltr'>Ζ.</span> <span class='ocrx_word' id='word_1_127' title='bbox 627 840 681 872; x_wconf 88' lang='lat' dir='ltr'>pr.</span> <span class='ocrx_word' id='word_1_128' title='bbox 709 827 838 864; x_wconf 76' lang='lat' dir='ltr'>dicere.</span> <span class='ocrx_word' id='word_1_129' title='bbox 853 830 1041 876; x_wconf 79' lang='lat' dir='ltr'>aggredior</span> <span class='ocrx_word' id='word_1_130' title='bbox 1064 828 1123 872; x_wconf 88' lang='lat' dir='ltr'>(a.</span> <span class='ocrx_word' id='word_1_131' title='bbox 1149 831 1171 862; x_wconf 90' lang='lat'>1.</span> <span class='ocrx_word' id='word_1_132' title='bbox 1195 829 1421 875; x_wconf 81' lang='lat' dir='ltr'>aggrediar),</span> <span class='ocrx_word' id='word_1_133' title='bbox 1445 849 1492 856; x_wconf 93' lang='lat'>—</span> <span class='ocrx_word' id='word_1_134' title='bbox 1514 830 1724 867; x_wconf 84' lang='lat' dir='ltr'>intuendum</span> 
     </span>
     <span class='ocr_line' id='line_1_13' title="bbox 234 873 1728 920; baseline 0.003 -12"><span class='ocrx_word' id='word_1_135' title='bbox 234 881 323 920; x_wconf 83' lang='lat' dir='ltr'>puto</span> <span class='ocrx_word' id='word_1_136' title='bbox 347 877 381 918; x_wconf 92' lang='lat'>3,</span> <span class='ocrx_word' id='word_1_137' title='bbox 404 875 439 917; x_wconf 89' lang='grc'>6,</span> <span class='ocrx_word' id='word_1_138' title='bbox 466 878 482 907; x_wconf 92' lang='grc'>1</span> <span class='ocrx_word' id='word_1_139' title='bbox 510 876 556 913; x_wconf 83' lang='grc' dir='ltr'>Ν,</span> <span class='ocrx_word' id='word_1_140' title='bbox 586 887 632 909; x_wconf 83' lang='lat' dir='ltr'>cr.</span> <span class='ocrx_word' id='word_1_141' title='bbox 660 881 691 907; x_wconf 78' lang='lat' dir='ltr'>et</span> <span class='ocrx_word' id='word_1_142' title='bbox 720 876 757 909; x_wconf 88' lang='lat' dir='ltr'>S.</span> <span class='ocrx_word' id='word_1_143' title='bbox 767 890 779 918; x_wconf 89' lang='lat'><em>;</em></span> <span class='ocrx_word' id='word_1_144' title='bbox 817 886 969 919; x_wconf 69' lang='lat' dir='ltr'>quorum</span> <span class='ocrx_word' id='word_1_145' title='bbox 999 886 1053 919; x_wconf 83' lang='lat' dir='ltr'>pr.</span> <span class='ocrx_word' id='word_1_146' title='bbox 1081 873 1276 919; x_wconf 83' lang='lat' dir='ltr'><strong>partiamur</strong></span> <span class='ocrx_word' id='word_1_147' title='bbox 1304 875 1462 920; x_wconf 80' lang='lat' dir='ltr'>species,</span> <span class='ocrx_word' id='word_1_148' title='bbox 1494 875 1728 912; x_wconf 71' lang='lat' dir='ltr'>indicandum</span> 
     </span>
     <span class='ocr_line' id='line_1_14' title="bbox 235 919 1724 967; baseline 0.003 -12"><span class='ocrx_word' id='word_1_149' title='bbox 235 932 321 955; x_wconf 85' lang='lat' dir='ltr'>reor</span> <span class='ocrx_word' id='word_1_150' title='bbox 343 923 378 964; x_wconf 86' lang='lat'>5,</span> <span class='ocrx_word' id='word_1_151' title='bbox 402 922 436 962; x_wconf 87' lang='grc'>8,</span> <span class='ocrx_word' id='word_1_152' title='bbox 460 919 495 954; x_wconf 86' lang='grc'>4.</span> <span class='ocrx_word' id='word_1_153' title='bbox 543 932 596 965; x_wconf 88' lang='lat' dir='ltr'>pr.</span> <span class='ocrx_word' id='word_1_154' title='bbox 625 921 670 953; x_wconf 87' lang='lat' dir='ltr'>ad</span> <span class='ocrx_word' id='word_1_155' title='bbox 697 919 795 954; x_wconf 80' lang='lat' dir='ltr'>aliud</span> <span class='ocrx_word' id='word_1_156' title='bbox 817 922 1026 964; x_wconf 81' lang='lat' dir='ltr'>descendat,</span> <span class='ocrx_word' id='word_1_157' title='bbox 1068 920 1107 954; x_wconf 90' lang='lat' dir='ltr'>in</span> <span class='ocrx_word' id='word_1_158' title='bbox 1135 919 1314 964; x_wconf 81' lang='lat' dir='ltr'>prioribus</span> <span class='ocrx_word' id='word_1_159' title='bbox 1343 921 1475 956; x_wconf 79' lang='lat' dir='ltr'>resistit</span> <span class='ocrx_word' id='word_1_160' title='bbox 1497 923 1543 967; x_wconf 87' lang='lat'>9,</span> <span class='ocrx_word' id='word_1_161' title='bbox 1579 925 1624 967; x_wconf 92' lang='lat'>3,</span> <span class='ocrx_word' id='word_1_162' title='bbox 1657 925 1724 967; x_wconf 84' lang='lat'>55;</span> 
     </span>
     <span class='ocr_line' id='line_1_15' title="bbox 235 965 1724 1012; baseline 0.003 -12"><span class='ocrx_word' id='word_1_163' title='bbox 235 979 342 1011; x_wconf 88' lang='lat' dir='ltr'>quem</span> <span class='ocrx_word' id='word_1_164' title='bbox 365 966 505 1001; x_wconf 73' lang='lat' dir='ltr'><strong>stetisse</strong></span> <span class='ocrx_word' id='word_1_165' title='bbox 529 987 573 992; x_wconf 93' lang='lat'>—</span> <span class='ocrx_word' id='word_1_166' title='bbox 600 978 654 1010; x_wconf 88' lang='lat' dir='ltr'>pr.</span> <span class='ocrx_word' id='word_1_167' title='bbox 683 965 780 1001; x_wconf 89' lang='lat' dir='ltr'>illam</span> <span class='ocrx_word' id='word_1_168' title='bbox 806 967 1033 1012; x_wconf 81' lang='lat' dir='ltr'>eloquentiae</span> <span class='ocrx_word' id='word_1_169' title='bbox 1057 967 1252 1011; x_wconf 80' lang='lat' dir='ltr'>procellam</span> <span class='ocrx_word' id='word_1_170' title='bbox 1275 968 1471 1003; x_wconf 79' lang='lat' dir='ltr'>effunderet</span> <span class='ocrx_word' id='word_1_171' title='bbox 1499 970 1558 1012; x_wconf 86' lang='lat'>11,</span> <span class='ocrx_word' id='word_1_172' title='bbox 1581 970 1617 1012; x_wconf 81' lang='lat'>3¹,</span> <span class='ocrx_word' id='word_1_173' title='bbox 1645 971 1724 1005; x_wconf 80' lang='lat'>158.</span> 
     </span>
    </p>

    <p class='ocr_par' dir='ltr' id='par_1_4' title="bbox 188 1011 1725 1105">
     <span class='ocr_line' id='line_1_16' title="bbox 188 1011 1725 1105; baseline 0.007 -53"><span class='ocrx_word' id='word_1_174' title='bbox 188 1011 410 1105; x_wconf 58' lang='lat' dir='ltr'>Plgvatim.</span> <span class='ocrx_word' id='word_1_175' title='bbox 460 1023 520 1068; x_wconf 87' lang='lat' dir='ltr'>qui</span> <span class='ocrx_word' id='word_1_176' title='bbox 544 1023 654 1068; x_wconf 89' lang='lat' dir='ltr'>pilum</span> <span class='ocrx_word' id='word_1_177' title='bbox 678 1022 930 1068; x_wconf 22' lang='grc' dir='ltr'>στι-..(εηιίηίι)</span> <span class='ocrx_word' id='word_1_178' title='bbox 961 1019 1199 1070; x_wconf 76' lang='lat' dir='ltr'>appellatione</span> <span class='ocrx_word' id='word_1_179' title='bbox 1229 1036 1286 1070; x_wconf 87' lang='lat' dir='ltr'>pr.</span> <span class='ocrx_word' id='word_1_180' title='bbox 1321 1024 1389 1060; x_wconf 82' lang='lat' dir='ltr'>sibi</span> <span class='ocrx_word' id='word_1_181' title='bbox 1421 1024 1596 1074; x_wconf 74' lang='lat' dir='ltr'>assignata</span> <span class='ocrx_word' id='word_1_182' title='bbox 1627 1032 1725 1062; x_wconf 76' lang='lat' dir='ltr'>caret</span> 
     </span>
    </p>

    <p class='ocr_par' dir='ltr' id='par_1_5' title="bbox 266 1070 1172 1114">
     <span class='ocr_line' id='line_1_17' title="bbox 266 1070 1172 1114; baseline 0.002 -10"><span class='ocrx_word' id='word_1_183' title='bbox 266 1096 278 1114; x_wconf 93' lang='lat'>,</span> <span class='ocrx_word' id='word_1_184' title='bbox 308 1073 352 1113; x_wconf 84' lang='lat'>2,</span> <span class='ocrx_word' id='word_1_185' title='bbox 394 1070 427 1105; x_wconf 86' lang='lat'>5.</span> <span class='ocrx_word' id='word_1_186' title='bbox 1162 1080 1172 1091; x_wconf 87' lang='lat'><strong>·</strong></span> 
     </span>
    </p>
   </div>
   <div class='ocr_carea' id='block_1_4' title="bbox 190 1126 1728 1555">
    <p class='ocr_par' dir='ltr' id='par_1_6' title="bbox 190 1126 1728 1555">
     <span class='ocr_line' id='line_1_18' title="bbox 190 1126 1728 1187; baseline 0.005 -21"><span class='ocrx_word' id='word_1_187' title='bbox 190 1126 402 1168; x_wconf 82' lang='lat' dir='ltr'>Privatus.</span> <span class='ocrx_word' id='word_1_188' title='bbox 452 1137 491 1181; x_wconf 81' lang='lat' dir='ltr'>a)</span> <span class='ocrx_word' id='word_1_189' title='bbox 517 1141 727 1182; x_wconf 75' lang='lat' dir='ltr'>simpliciter.-</span> <span class='ocrx_word' id='word_1_190' title='bbox 769 1149 837 1173; x_wconf 89' lang='lat' dir='ltr'>nec</span> <span class='ocrx_word' id='word_1_191' title='bbox 877 1140 956 1173; x_wconf 78' lang='lat' dir='ltr'>ead.</span> <span class='ocrx_word' id='word_1_192' title='bbox 990 1151 1044 1184; x_wconf 82' lang='lat' dir='ltr'>ap.</span> <span class='ocrx_word' id='word_1_193' title='bbox 1075 1159 1122 1167; x_wconf 81' lang='lat'><em>-</em></span> <span class='ocrx_word' id='word_1_194' title='bbox 1154 1140 1356 1184; x_wconf 70' lang='lat' dir='ltr'>privatum,</span> <span class='ocrx_word' id='word_1_195' title='bbox 1397 1134 1549 1174; x_wconf 73' lang='lat' dir='ltr'>liberum</span> <span class='ocrx_word' id='word_1_196' title='bbox 1578 1126 1728 1187; x_wconf 68' lang='lat' dir='ltr'>tantum,</span> 
     </span>
     <span class='ocr_line' id='line_1_19' title="bbox 235 1183 1728 1229; baseline 0.002 -11"><span class='ocrx_word' id='word_1_197' title='bbox 235 1184 328 1218; x_wconf 86' lang='lat' dir='ltr'>ratio</span> <span class='ocrx_word' id='word_1_198' title='bbox 353 1190 406 1218; x_wconf 85' lang='lat' dir='ltr'>est</span> <span class='ocrx_word' id='word_1_199' title='bbox 432 1187 486 1227; x_wconf 84' lang='grc'>11,</span> <span class='ocrx_word' id='word_1_200' title='bbox 514 1188 545 1226; x_wconf 98' lang='grc'>1,</span> <span class='ocrx_word' id='word_1_201' title='bbox 574 1186 639 1227; x_wconf 81' lang='grc'>43;</span> <span class='ocrx_word' id='word_1_202' title='bbox 678 1196 722 1217; x_wconf 84' lang='lat' dir='ltr'>an</span> <span class='ocrx_word' id='word_1_203' title='bbox 747 1195 794 1218; x_wconf 84' lang='lat' dir='ltr'>ex</span> <span class='ocrx_word' id='word_1_204' title='bbox 822 1185 962 1228; x_wconf 81' lang='lat' dir='ltr'>privato</span> <span class='ocrx_word' id='word_1_205' title='bbox 987 1188 1126 1229; x_wconf 78' lang='lat' dir='ltr'>(optare</span> <span class='ocrx_word' id='word_1_206' title='bbox 1149 1188 1267 1220; x_wconf 75' lang='lat' dir='ltr'>debeat</span> <span class='ocrx_word' id='word_1_207' title='bbox 1301 1188 1355 1220; x_wconf 87' lang='lat' dir='ltr'>vir</span> <span class='ocrx_word' id='word_1_208' title='bbox 1377 1183 1503 1229; x_wconf 44' lang='lat' dir='ltr'>*for-tis)</span> <span class='ocrx_word' id='word_1_209' title='bbox 1535 1189 1572 1229; x_wconf 94' lang='lat'>7,</span> <span class='ocrx_word' id='word_1_210' title='bbox 1603 1188 1636 1229; x_wconf 93' lang='lat'>1,</span> <span class='ocrx_word' id='word_1_211' title='bbox 1668 1186 1728 1222; x_wconf 63' lang='lat' dir='ltr'>u.</span> 
     </span>
     <span class='ocr_line' id='line_1_20' title="bbox 238 1227 1728 1276; baseline 0.002 -13"><span class='ocrx_word' id='word_1_212' title='bbox 238 1229 282 1270; x_wconf 88' lang='lat' dir='ltr'>cs.</span> <span class='ocrx_word' id='word_1_213' title='bbox 309 1233 343 1272; x_wconf 84' lang='lat'>7,</span> <span class='ocrx_word' id='word_1_214' title='bbox 370 1233 424 1272; x_wconf 89' lang='grc'>10,</span> <span class='ocrx_word' id='word_1_215' title='bbox 449 1232 490 1273; x_wconf 76' lang='lat'>63</span> <span class='ocrx_word' id='word_1_216' title='bbox 523 1231 559 1263; x_wconf 93' lang='lat' dir='ltr'>in</span> <span class='ocrx_word' id='word_1_217' title='bbox 584 1230 733 1274; x_wconf 83' lang='lat' dir='ltr'>privatis</span> <span class='ocrx_word' id='word_1_218' title='bbox 762 1231 882 1265; x_wconf 75' lang='lat' dir='ltr'>dicere</span> <span class='ocrx_word' id='word_1_219' title='bbox 907 1232 952 1265; x_wconf 89' lang='lat' dir='ltr'>de</span> <span class='ocrx_word' id='word_1_220' title='bbox 979 1243 1084 1265; x_wconf 80' lang='lat' dir='ltr'>causa</span> <span class='ocrx_word' id='word_1_221' title='bbox 1107 1234 1164 1274; x_wconf 92' lang='lat'>11,</span> <span class='ocrx_word' id='word_1_222' title='bbox 1188 1233 1224 1274; x_wconf 97' lang='lat'>3,</span> <span class='ocrx_word' id='word_1_223' title='bbox 1252 1232 1331 1267; x_wconf 87' lang='grc'>156.</span> <span class='ocrx_word' id='word_1_224' title='bbox 1357 1230 1404 1273; x_wconf 62' lang='lat' dir='ltr'>‘ff-</span> <span class='ocrx_word' id='word_1_225' title='bbox 1428 1233 1486 1276; x_wconf 78' lang='grc'>12,</span> <span class='ocrx_word' id='word_1_226' title='bbox 1502 1233 1569 1276; x_wconf 66' lang='grc'>’10,</span> <span class='ocrx_word' id='word_1_227' title='bbox 1591 1232 1648 1268; x_wconf 86' lang='grc'>39.</span> <span class='ocrx_word' id='word_1_228' title='bbox 1683 1227 1728 1275; x_wconf 63' lang='lat' dir='ltr'>fi]</span> 
     </span>
     <span class='ocr_line' id='line_1_21' title="bbox 239 1276 1728 1322; baseline 0.005 -15"><span class='ocrx_word' id='word_1_229' title='bbox 239 1289 270 1308; x_wconf 72' lang='grc' dir='ltr'>ο.</span> <span class='ocrx_word' id='word_1_230' title='bbox 295 1277 426 1308; x_wconf 77' lang='lat' dir='ltr'>Subst..·</span> <span class='ocrx_word' id='word_1_231' title='bbox 466 1287 519 1319; x_wconf 90' lang='lat' dir='ltr'>pr.</span> <span class='ocrx_word' id='word_1_232' title='bbox 547 1276 702 1319; x_wconf 80' lang='lat' dir='ltr'>(causis)</span> <span class='ocrx_word' id='word_1_233' title='bbox 729 1280 784 1313; x_wconf 84' lang='grc'>11,</span> <span class='ocrx_word' id='word_1_234' title='bbox 808 1280 843 1319; x_wconf 83' lang='grc'>3,</span> <span class='ocrx_word' id='word_1_235' title='bbox 870 1278 947 1312; x_wconf 82' lang='grc'>153.</span> <span class='ocrx_word' id='word_1_236' title='bbox 979 1277 1017 1311; x_wconf 88' lang='lat' dir='ltr'>in</span> <span class='ocrx_word' id='word_1_237' title='bbox 1041 1276 1728 1322; x_wconf 63' lang='lat' dir='ltr'>publicis‘privatisveconsiliis</span> 
     </span>
     <span class='ocr_line' id='line_1_22' title="bbox 240 1318 1728 1372; baseline 0.003 -18"><span class='ocrx_word' id='word_1_238' title='bbox 240 1323 298 1362; x_wconf 83' lang='lat'>12,</span> <span class='ocrx_word' id='word_1_239' title='bbox 325 1322 423 1372; x_wconf 77' lang='lat'>3’.¹&#39;</span> <span class='ocrx_word' id='word_1_240' title='bbox 455 1333 522 1365; x_wconf 89' lang='lat' dir='ltr'>pr.</span> <span class='ocrx_word' id='word_1_241' title='bbox 557 1321 853 1364; x_wconf 83' lang='lat' dir='ltr'>disputationibus</span> <span class='ocrx_word' id='word_1_242' title='bbox 891 1333 967 1366; x_wconf 84' lang='lat' dir='ltr'>opp.</span> <span class='ocrx_word' id='word_1_243' title='bbox 1001 1323 1189 1371; x_wconf 78' lang='lat' dir='ltr'>forensi</span> <span class='ocrx_word' id='word_1_244' title='bbox 1217 1323 1356 1358; x_wconf 84' lang='lat' dir='ltr'>ratione</span> <span class='ocrx_word' id='word_1_245' title='bbox 1389 1324 1431 1365; x_wconf 89' lang='lat'>3,</span> <span class='ocrx_word' id='word_1_246' title='bbox 1454 1318 1511 1366; x_wconf 76' lang='lat'>‘4,</span> <span class='ocrx_word' id='word_1_247' title='bbox 1540 1323 1601 1358; x_wconf 81' lang='lat' dir='ltr'>w.-</span> <span class='ocrx_word' id='word_1_248' title='bbox 1641 1325 1728 1359; x_wconf 76' lang='lat' dir='ltr'>loco!</span> 
     </span>
     <span class='ocr_line' id='line_1_23' title="bbox 237 1360 1728 1412; baseline 0.002 -13"><span class='ocrx_word' id='word_1_249' title='bbox 237 1366 440 1411; x_wconf 70' lang='lat' dir='ltr'>publico</span> <span class='ocrx_word' id='word_1_250' title='bbox 467 1366 705 1409; x_wconf 75' lang='lat' dir='ltr'>privatorie</span> <span class='ocrx_word' id='word_1_251' title='bbox 730 1370 786 1408; x_wconf 83' lang='lat'>11,</span> <span class='ocrx_word' id='word_1_252' title='bbox 812 1372 844 1408; x_wconf 91' lang='lat'>1,</span> <span class='ocrx_word' id='word_1_253' title='bbox 868 1367 928 1402; x_wconf 80' lang='lat'>47.</span> <span class='ocrx_word' id='word_1_254' title='bbox 953 1379 1007 1411; x_wconf 83' lang='lat' dir='ltr'>pr.</span> <span class='ocrx_word' id='word_1_255' title='bbox 1036 1369 1123 1411; x_wconf 86' lang='lat' dir='ltr'>juris</span> <span class='ocrx_word' id='word_1_256' title='bbox 1148 1372 1184 1411; x_wconf 83' lang='lat'>2,</span> <span class='ocrx_word' id='word_1_257' title='bbox 1210 1369 1247 1412; x_wconf 82' lang='lat'>4,</span> <span class='ocrx_word' id='word_1_258' title='bbox 1272 1371 1328 1403; x_wconf 91' lang='lat'>33.</span> <span class='ocrx_word' id='word_1_259' title='bbox 1364 1367 1504 1411; x_wconf 71' lang='lat' dir='ltr'>judiciis</span> <span class='ocrx_word' id='word_1_260' title='bbox 1526 1379 1578 1412; x_wconf 85' lang='lat' dir='ltr'>pr.</span> <span class='ocrx_word' id='word_1_261' title='bbox 1605 1370 1661 1411; x_wconf 83' lang='lat'>11,</span> <span class='ocrx_word' id='word_1_262' title='bbox 1720 1360 1728 1387; x_wconf 68' lang='lat'>¹</span> 
     </span>
     <span class='ocr_line' id='line_1_24' title="bbox 239 1411 1714 1458; baseline 0.002 -12"><span class='ocrx_word' id='word_1_263' title='bbox 239 1415 322 1449; x_wconf 81' lang='lat'>127.</span> <span class='ocrx_word' id='word_1_264' title='bbox 351 1411 427 1446; x_wconf 88' lang='lat'>150.</span> <span class='ocrx_word' id='word_1_265' title='bbox 454 1424 508 1454; x_wconf 86' lang='lat' dir='ltr'>pr.</span> <span class='ocrx_word' id='word_1_266' title='bbox 532 1412 654 1445; x_wconf 84' lang='lat' dir='ltr'>officio</span> <span class='ocrx_word' id='word_1_267' title='bbox 681 1415 736 1453; x_wconf 88' lang='grc'>12,</span> <span class='ocrx_word' id='word_1_268' title='bbox 762 1415 796 1454; x_wconf 92' lang='lat'>7,</span> <span class='ocrx_word' id='word_1_269' title='bbox 823 1415 854 1446; x_wconf 94' lang='lat'>1.</span> <span class='ocrx_word' id='word_1_270' title='bbox 875 1413 1031 1456; x_wconf 84' lang='lat' dir='ltr'>pecunia</span> <span class='ocrx_word' id='word_1_271' title='bbox 1053 1425 1107 1456; x_wconf 88' lang='lat' dir='ltr'>pr.</span> <span class='ocrx_word' id='word_1_272' title='bbox 1131 1415 1166 1456; x_wconf 92' lang='grc'>3,</span> <span class='ocrx_word' id='word_1_273' title='bbox 1193 1413 1230 1456; x_wconf 87' lang='grc'>6,</span> <span class='ocrx_word' id='word_1_274' title='bbox 1252 1411 1310 1448; x_wconf 86' lang='grc'>41.</span> <span class='ocrx_word' id='word_1_275' title='bbox 1345 1425 1400 1456; x_wconf 85' lang='lat' dir='ltr'>pr.</span> <span class='ocrx_word' id='word_1_276' title='bbox 1435 1413 1587 1457; x_wconf 74' lang='lat' dir='ltr'>parietes</span> <span class='ocrx_word' id='word_1_277' title='bbox 1622 1418 1657 1458; x_wconf 89' lang='lat'>1,</span> <span class='ocrx_word' id='word_1_278' title='bbox 1711 1417 1714 1419; x_wconf 86' lang='grc'><strong>’</strong></span> 
     </span>
     <span class='ocr_line' id='line_1_25' title="bbox 239 1457 1715 1545; baseline 0.002 -53"><span class='ocrx_word' id='word_1_279' title='bbox 239 1461 281 1545; x_wconf 49' lang='lat'>1}</span> <span class='ocrx_word' id='word_1_280' title='bbox 298 1469 352 1502; x_wconf 83' lang='lat' dir='ltr'>pr.</span> <span class='ocrx_word' id='word_1_281' title='bbox 379 1459 529 1502; x_wconf 77' lang='lat' dir='ltr'>quadam</span> <span class='ocrx_word' id='word_1_282' title='bbox 552 1457 784 1502; x_wconf 86' lang='lat' dir='ltr'>persuasione</span> <span class='ocrx_word' id='word_1_283' title='bbox 808 1460 850 1491; x_wconf 82' lang='lat' dir='ltr'>ib.</span> <span class='ocrx_word' id='word_1_284' title='bbox 874 1461 908 1492; x_wconf 83' lang='lat'>2.</span> <span class='ocrx_word' id='word_1_285' title='bbox 943 1458 1058 1504; x_wconf 80' lang='lat' dir='ltr'>priv.</span> <span class='ocrx_word' id='word_1_286' title='bbox 1086 1469 1128 1493; x_wconf 82' lang='lat' dir='ltr'>ac</span> <span class='ocrx_word' id='word_1_287' title='bbox 1153 1459 1449 1493; x_wconf 76' lang='lat' dir='ltr'>domesticae</span> <span class='ocrx_word' id='word_1_288' title='bbox 1471 1469 1531 1494; x_wconf 72' lang='lat' dir='ltr'>ros</span> <span class='ocrx_word' id='word_1_289' title='bbox 1553 1463 1588 1503; x_wconf 87' lang='lat'>2,</span> <span class='ocrx_word' id='word_1_290' title='bbox 1611 1464 1671 1505; x_wconf 88' lang='grc'>21,</span> <span class='ocrx_word' id='word_1_291' title='bbox 1711 1487 1715 1490; x_wconf 49' lang='lat'>&lt;</span> 
     </span>
     <span class='ocr_line' id='line_1_26' title="bbox 239 1507 527 1555; baseline -0.01 -17"><span class='ocrx_word' id='word_1_292' title='bbox 239 1517 258 1538; x_wconf 77' lang='grc' dir='ltr'><em>ο</em></span> <span class='ocrx_word' id='word_1_293' title='bbox 275 1526 285 1537; x_wconf 94' lang='grc'>.</span> <span class='ocrx_word' id='word_1_294' title='bbox 309 1507 377 1555; x_wconf 62' lang='lat'>12,</span> <span class='ocrx_word' id='word_1_295' title='bbox 415 1507 461 1547; x_wconf 66' lang='lat'>2,</span> <span class='ocrx_word' id='word_1_296' title='bbox 496 1507 527 1537; x_wconf 93' lang='lat'>1.</span> 
     </span>
    </p>
   </div>
   <div class='ocr_carea' id='block_1_5' title="bbox 192 1560 1406 1620">
    <p class='ocr_par' dir='ltr' id='par_1_7' title="bbox 192 1560 1406 1620">
     <span class='ocr_line' id='line_1_27' title="bbox 192 1560 1406 1620; baseline 0.006 -20"><span class='ocrx_word' id='word_1_297' title='bbox 192 1560 435 1616; x_wconf 78' lang='lat' dir='ltr'>Privignus·</span> <span class='ocrx_word' id='word_1_298' title='bbox 484 1573 691 1615; x_wconf 77' lang='lat' dir='ltr'>appellatam</span> <span class='ocrx_word' id='word_1_299' title='bbox 716 1583 755 1606; x_wconf 88' lang='lat' dir='ltr'>se</span> <span class='ocrx_word' id='word_1_300' title='bbox 781 1573 825 1607; x_wconf 90' lang='lat' dir='ltr'>de</span> <span class='ocrx_word' id='word_1_301' title='bbox 849 1579 972 1617; x_wconf 85' lang='lat' dir='ltr'>stupro</span> <span class='ocrx_word' id='word_1_302' title='bbox 996 1584 1017 1607; x_wconf 81' lang='lat' dir='ltr'><strong>a</strong></span> <span class='ocrx_word' id='word_1_303' title='bbox 1039 1571 1208 1620; x_wconf 85' lang='lat' dir='ltr'>privigno</span> <span class='ocrx_word' id='word_1_304' title='bbox 1230 1571 1267 1616; x_wconf 83' lang='lat'>4,</span> <span class='ocrx_word' id='word_1_305' title='bbox 1287 1575 1324 1616; x_wconf 78' lang='lat'>2,</span> <span class='ocrx_word' id='word_1_306' title='bbox 1345 1574 1406 1610; x_wconf 85' lang='grc'>98.</span> 
     </span>
    </p>
   </div>
   <div class='ocr_carea' id='block_1_6' title="bbox 192 1616 1714 2867">
    <p class='ocr_par' dir='ltr' id='par_1_8' title="bbox 192 1616 1714 2867">
     <span class='ocr_line' id='line_1_28' title="bbox 193 1616 1713 1676; baseline 0.004 -17"><span class='ocrx_word' id='word_1_307' title='bbox 193 1616 294 1659; x_wconf 76' lang='lat' dir='ltr'>Pro.</span> <span class='ocrx_word' id='word_1_308' title='bbox 354 1628 389 1671; x_wconf 89' lang='lat' dir='ltr'>I)</span> <span class='ocrx_word' id='word_1_309' title='bbox 413 1631 454 1661; x_wconf 84' lang='lat' dir='ltr'>de</span> <span class='ocrx_word' id='word_1_310' title='bbox 482 1633 575 1662; x_wconf 82' lang='lat' dir='ltr'>loco.-</span> <span class='ocrx_word' id='word_1_311' title='bbox 605 1640 673 1673; x_wconf 87' lang='lat' dir='ltr'>pro</span> <span class='ocrx_word' id='word_1_312' title='bbox 698 1629 866 1663; x_wconf 84' lang='lat' dir='ltr'>contione</span> <span class='ocrx_word' id='word_1_313' title='bbox 894 1631 930 1672; x_wconf 90' lang='grc'>2,</span> <span class='ocrx_word' id='word_1_314' title='bbox 953 1628 989 1672; x_wconf 88' lang='grc'>4,</span> <span class='ocrx_word' id='word_1_315' title='bbox 1013 1631 1071 1663; x_wconf 90' lang='grc'>33.</span> <span class='ocrx_word' id='word_1_316' title='bbox 1100 1627 1137 1672; x_wconf 92' lang='grc'>4,</span> <span class='ocrx_word' id='word_1_317' title='bbox 1169 1629 1205 1672; x_wconf 89' lang='grc'>4,</span> <span class='ocrx_word' id='word_1_318' title='bbox 1237 1631 1272 1664; x_wconf 90' lang='grc'>8.</span> <span class='ocrx_word' id='word_1_319' title='bbox 1306 1640 1360 1675; x_wconf 77' lang='lat' dir='ltr'>pr.</span> <span class='ocrx_word' id='word_1_320' title='bbox 1390 1629 1516 1664; x_wconf 78' lang='lat' dir='ltr'>rostris</span> <span class='ocrx_word' id='word_1_321' title='bbox 1548 1633 1605 1675; x_wconf 82' lang='lat'>12,</span> <span class='ocrx_word' id='word_1_322' title='bbox 1633 1632 1670 1676; x_wconf 85' lang='lat'>6,</span> <span class='ocrx_word' id='word_1_323' title='bbox 1709 1639 1713 1651; x_wconf 65' lang='lat'>³</span> 
     </span>
     <span class='ocr_line' id='line_1_29' title="bbox 192 1674 1710 1720; baseline 0.003 -13"><span class='ocrx_word' id='word_1_324' title='bbox 192 1696 195 1699; x_wconf 63' lang='grc'><strong><em>«</em></strong></span> <span class='ocrx_word' id='word_1_325' title='bbox 239 1674 292 1717; x_wconf 89' lang='lat'>11)</span> <span class='ocrx_word' id='word_1_326' title='bbox 319 1675 361 1708; x_wconf 81' lang='lat' dir='ltr'>de</span> <span class='ocrx_word' id='word_1_327' title='bbox 386 1677 576 1708; x_wconf 84' lang='lat' dir='ltr'>commodo:</span> <span class='ocrx_word' id='word_1_328' title='bbox 614 1675 643 1708; x_wconf 87' lang='lat' dir='ltr'>si</span> <span class='ocrx_word' id='word_1_329' title='bbox 668 1676 775 1709; x_wconf 90' lang='lat' dir='ltr'>modo</span> <span class='ocrx_word' id='word_1_330' title='bbox 798 1674 836 1708; x_wconf 90' lang='lat' dir='ltr'>id</span> <span class='ocrx_word' id='word_1_331' title='bbox 864 1686 916 1718; x_wconf 91' lang='lat' dir='ltr'>pr.</span> <span class='ocrx_word' id='word_1_332' title='bbox 945 1686 1002 1708; x_wconf 90' lang='lat' dir='ltr'>me</span> <span class='ocrx_word' id='word_1_333' title='bbox 1027 1681 1102 1709; x_wconf 81' lang='lat' dir='ltr'>erat</span> <span class='ocrx_word' id='word_1_334' title='bbox 1127 1679 1163 1716; x_wconf 95' lang='lat'>7,</span> <span class='ocrx_word' id='word_1_335' title='bbox 1191 1678 1225 1718; x_wconf 90' lang='lat'>1,</span> <span class='ocrx_word' id='word_1_336' title='bbox 1247 1676 1305 1712; x_wconf 82' lang='lat'>29.</span> <span class='ocrx_word' id='word_1_337' title='bbox 1328 1674 1375 1718; x_wconf 77' lang='lat' dir='ltr'>cf.</span> <span class='ocrx_word' id='word_1_338' title='bbox 1405 1675 1440 1718; x_wconf 98' lang='lat'>5,</span> <span class='ocrx_word' id='word_1_339' title='bbox 1474 1678 1532 1720; x_wconf 81' lang='lat'>13,</span> <span class='ocrx_word' id='word_1_340' title='bbox 1568 1679 1602 1712; x_wconf 91' lang='lat'>7.</span> <span class='ocrx_word' id='word_1_341' title='bbox 1627 1680 1661 1720; x_wconf 91' lang='lat'>7,</span> <span class='ocrx_word' id='word_1_342' title='bbox 1699 1686 1710 1704; x_wconf 62' lang='lat'>⁷«</span> 
     </span>
     <span class='ocr_line' id='line_1_30' title="bbox 238 1719 1703 1766; baseline 0.003 -12"><span class='ocrx_word' id='word_1_343' title='bbox 238 1719 295 1755; x_wconf 80' lang='lat'>47.</span> <span class='ocrx_word' id='word_1_344' title='bbox 323 1723 411 1755; x_wconf 86' lang='lat' dir='ltr'>ordo</span> <span class='ocrx_word' id='word_1_345' title='bbox 437 1727 472 1754; x_wconf 87' lang='lat' dir='ltr'>et</span> <span class='ocrx_word' id='word_1_346' title='bbox 497 1732 600 1755; x_wconf 83' lang='lat' dir='ltr'>causa</span> <span class='ocrx_word' id='word_1_347' title='bbox 623 1721 710 1755; x_wconf 82' lang='lat' dir='ltr'>sacti</span> <span class='ocrx_word' id='word_1_348' title='bbox 733 1733 783 1765; x_wconf 86' lang='lat' dir='ltr'>pr.</span> <span class='ocrx_word' id='word_1_349' title='bbox 816 1720 1022 1758; x_wconf 83' lang='lat' dir='ltr'>adversario</span> <span class='ocrx_word' id='word_1_350' title='bbox 1051 1721 1162 1766; x_wconf 69' lang='lat' dir='ltr'>magis</span> <span class='ocrx_word' id='word_1_351' title='bbox 1199 1727 1253 1763; x_wconf 78' lang='lat' dir='ltr'>est</span> <span class='ocrx_word' id='word_1_352' title='bbox 1283 1719 1319 1765; x_wconf 84' lang='grc'>4,</span> <span class='ocrx_word' id='word_1_353' title='bbox 1353 1725 1390 1765; x_wconf 83' lang='grc'>2,</span> <span class='ocrx_word' id='word_1_354' title='bbox 1422 1725 1458 1757; x_wconf 91' lang='grc'>7.</span> <span class='ocrx_word' id='word_1_355' title='bbox 1486 1733 1540 1766; x_wconf 85' lang='lat' dir='ltr'>pr.</span> <span class='ocrx_word' id='word_1_356' title='bbox 1574 1732 1639 1756; x_wconf 84' lang='lat' dir='ltr'>reo</span> <span class='ocrx_word' id='word_1_357' title='bbox 1673 1734 1703 1758; x_wconf 83' lang='lat' dir='ltr'>e</span> 
     </span>
     <span class='ocr_line' id='line_1_31' title="bbox 238 1765 1714 1814; baseline -0.001 -14"><span class='ocrx_word' id='word_1_358' title='bbox 238 1766 396 1800; x_wconf 84' lang='lat' dir='ltr'>criminis</span> <span class='ocrx_word' id='word_1_359' title='bbox 421 1767 555 1802; x_wconf 86' lang='lat' dir='ltr'>invidia</span> <span class='ocrx_word' id='word_1_360' title='bbox 576 1766 611 1810; x_wconf 82' lang='lat'>4,</span> <span class='ocrx_word' id='word_1_361' title='bbox 635 1769 668 1807; x_wconf 88' lang='lat'>3,</span> <span class='ocrx_word' id='word_1_362' title='bbox 694 1769 727 1801; x_wconf 85' lang='lat'>6.</span> <span class='ocrx_word' id='word_1_363' title='bbox 787 1767 845 1800; x_wconf 89' lang='lat' dir='ltr'>An</span> <span class='ocrx_word' id='word_1_364' title='bbox 868 1778 921 1811; x_wconf 91' lang='lat' dir='ltr'>pr.</span> <span class='ocrx_word' id='word_1_365' title='bbox 945 1765 1099 1802; x_wconf 77' lang='lat' dir='ltr'>caesare</span> <span class='ocrx_word' id='word_1_366' title='bbox 1121 1767 1230 1801; x_wconf 84' lang='lat' dir='ltr'>fuerit</span> <span class='ocrx_word' id='word_1_367' title='bbox 1254 1766 1371 1801; x_wconf 80' lang='lat' dir='ltr'>occidi</span> <span class='ocrx_word' id='word_1_368' title='bbox 1401 1768 1606 1814; x_wconf 78' lang='lat' dir='ltr'>Pompeium</span> <span class='ocrx_word' id='word_1_369' title='bbox 1629 1770 1665 1813; x_wconf 89' lang='lat'>3,</span> <span class='ocrx_word' id='word_1_370' title='bbox 1695 1776 1714 1799; x_wconf 68' lang='grc'>.’</span> 
     </span>
     <span class='ocr_line' id='line_1_32' title="bbox 240 1812 1701 1857; baseline -0.001 -10"><span class='ocrx_word' id='word_1_371' title='bbox 240 1813 298 1848; x_wconf 87' lang='grc'>56.</span> <span class='ocrx_word' id='word_1_372' title='bbox 324 1825 355 1846; x_wconf 87' lang='lat' dir='ltr'>v.</span> <span class='ocrx_word' id='word_1_373' title='bbox 384 1814 496 1847; x_wconf 88' lang='lat' dir='ltr'>Sum.</span> <span class='ocrx_word' id='word_1_374' title='bbox 527 1814 604 1848; x_wconf 81' lang='lat' dir='ltr'>ead.</span> <span class='ocrx_word' id='word_1_375' title='bbox 629 1823 712 1856; x_wconf 89' lang='lat' dir='ltr'>pro</span> <span class='ocrx_word' id='word_1_376' title='bbox 737 1812 873 1847; x_wconf 78' lang='lat' dir='ltr'>libertis</span> <span class='ocrx_word' id='word_1_377' title='bbox 907 1814 1006 1848; x_wconf 83' lang='lat' dir='ltr'>adv.</span> <span class='ocrx_word' id='word_1_378' title='bbox 1041 1818 1210 1857; x_wconf 85' lang='lat' dir='ltr'>patronos</span> <span class='ocrx_word' id='word_1_379' title='bbox 1243 1813 1471 1848; x_wconf 75' lang='lat' dir='ltr'>observantia</span> <span class='ocrx_word' id='word_1_380' title='bbox 1505 1817 1561 1857; x_wconf 89' lang='lat'>11,</span> <span class='ocrx_word' id='word_1_381' title='bbox 1599 1816 1631 1857; x_wconf 83' lang='lat'>1,</span> <span class='ocrx_word' id='word_1_382' title='bbox 1675 1831 1701 1845; x_wconf 84' lang='grc'>..</span> 
     </span>
     <span class='ocr_line' id='line_1_33' title="bbox 240 1857 1694 1905; baseline 0.001 -13"><span class='ocrx_word' id='word_1_383' title='bbox 240 1861 326 1893; x_wconf 86' lang='lat' dir='ltr'>dare</span> <span class='ocrx_word' id='word_1_384' title='bbox 349 1859 480 1903; x_wconf 77' lang='lat' dir='ltr'>aliquid</span> <span class='ocrx_word' id='word_1_385' title='bbox 510 1858 739 1901; x_wconf 79' lang='lat' dir='ltr'>adversario,</span> <span class='ocrx_word' id='word_1_386' title='bbox 778 1859 873 1903; x_wconf 83' lang='lat' dir='ltr'>quod</span> <span class='ocrx_word' id='word_1_387' title='bbox 901 1871 954 1903; x_wconf 86' lang='lat' dir='ltr'>pr.</span> <span class='ocrx_word' id='word_1_388' title='bbox 982 1870 1021 1893; x_wconf 91' lang='lat' dir='ltr'>se</span> <span class='ocrx_word' id='word_1_389' title='bbox 1053 1864 1154 1903; x_wconf 82' lang='lat' dir='ltr'>putet</span> <span class='ocrx_word' id='word_1_390' title='bbox 1182 1859 1218 1902; x_wconf 82' lang='lat'>6&#39;,</span> <span class='ocrx_word' id='word_1_391' title='bbox 1250 1857 1288 1902; x_wconf 81' lang='grc'>4,</span> <span class='ocrx_word' id='word_1_392' title='bbox 1322 1861 1378 1894; x_wconf 87' lang='grc'>18.</span> <span class='ocrx_word' id='word_1_393' title='bbox 1425 1865 1607 1904; x_wconf 72' lang='lat' dir='ltr'>quaeant</span> <span class='ocrx_word' id='word_1_394' title='bbox 1640 1871 1694 1905; x_wconf 84' lang='lat' dir='ltr'>pr</span> 
     </span>
     <span class='ocr_line' id='line_1_34' title="bbox 239 1904 1698 1949; baseline 0.001 -11"><span class='ocrx_word' id='word_1_395' title='bbox 239 1905 296 1938; x_wconf 87' lang='lat' dir='ltr'>his</span> <span class='ocrx_word' id='word_1_396' title='bbox 322 1911 381 1938; x_wconf 84' lang='lat' dir='ltr'>aut</span> <span class='ocrx_word' id='word_1_397' title='bbox 405 1910 512 1939; x_wconf 87' lang='lat' dir='ltr'>cont</span> <span class='ocrx_word' id='word_1_398' title='bbox 524 1916 571 1938; x_wconf 87' lang='lat' dir='ltr'>ra</span> <span class='ocrx_word' id='word_1_399' title='bbox 596 1905 666 1938; x_wconf 75' lang='lat' dir='ltr'>dici</span> <span class='ocrx_word' id='word_1_400' title='bbox 691 1906 808 1938; x_wconf 88' lang='lat' dir='ltr'>solent</span> <span class='ocrx_word' id='word_1_401' title='bbox 833 1906 866 1947; x_wconf 89' lang='lat'>5,</span> <span class='ocrx_word' id='word_1_402' title='bbox 896 1908 928 1947; x_wconf 93' lang='lat'>1,</span> <span class='ocrx_word' id='word_1_403' title='bbox 957 1907 991 1946; x_wconf 84' lang='lat'>3.</span> <span class='ocrx_word' id='word_1_404' title='bbox 1040 1916 1126 1949; x_wconf 88' lang='lat' dir='ltr'>pro</span> <span class='ocrx_word' id='word_1_405' title='bbox 1150 1904 1299 1939; x_wconf 78' lang='lat' dir='ltr'>testibus</span> <span class='ocrx_word' id='word_1_406' title='bbox 1323 1910 1394 1949; x_wconf 80' lang='lat' dir='ltr'>atq.</span> <span class='ocrx_word' id='word_1_407' title='bbox 1430 1906 1476 1939; x_wconf 88' lang='lat' dir='ltr'>in</span> <span class='ocrx_word' id='word_1_408' title='bbox 1506 1911 1625 1940; x_wconf 64' lang='lat' dir='ltr'>testes</span> <span class='ocrx_word' id='word_1_409' title='bbox 1642 1906 1698 1940; x_wconf 61' lang='lat' dir='ltr'>&#39;*d“</span> 
     </span>
     <span class='ocr_line' id='line_1_35' title="bbox 238 1950 1709 1995; baseline -0.001 -9"><span class='ocrx_word' id='word_1_410' title='bbox 238 1952 273 1993; x_wconf 83' lang='lat'>5,</span> <span class='ocrx_word' id='word_1_411' title='bbox 301 1954 336 1994; x_wconf 92' lang='grc'>7,</span> <span class='ocrx_word' id='word_1_412' title='bbox 362 1953 394 1985; x_wconf 88' lang='grc'>3.</span> <span class='ocrx_word' id='word_1_413' title='bbox 442 1950 579 1993; x_wconf 86' lang='lat' dir='ltr'>omnia,</span> <span class='ocrx_word' id='word_1_414' title='bbox 613 1962 702 1995; x_wconf 85' lang='lat' dir='ltr'>quae</span> <span class='ocrx_word' id='word_1_415' title='bbox 728 1950 767 1984; x_wconf 87' lang='lat' dir='ltr'>in</span> <span class='ocrx_word' id='word_1_416' title='bbox 791 1952 945 1985; x_wconf 85' lang='lat' dir='ltr'>themate</span> <span class='ocrx_word' id='word_1_417' title='bbox 969 1956 1069 1992; x_wconf 88' lang='lat' dir='ltr'>sunt,</span> <span class='ocrx_word' id='word_1_418' title='bbox 1106 1962 1160 1995; x_wconf 89' lang='lat' dir='ltr'>pr.</span> <span class='ocrx_word' id='word_1_419' title='bbox 1193 1950 1297 1984; x_wconf 80' lang='lat' dir='ltr'>nobis</span> <span class='ocrx_word' id='word_1_420' title='bbox 1333 1950 1494 1984; x_wconf 82' lang='lat' dir='ltr'>ducimus</span> <span class='ocrx_word' id='word_1_421' title='bbox 1528 1955 1564 1994; x_wconf 89' lang='lat'>7,</span> <span class='ocrx_word' id='word_1_422' title='bbox 1597 1954 1633 1990; x_wconf 84' lang='grc'>2,</span> <span class='ocrx_word' id='word_1_423' title='bbox 1695 1978 1709 1987; x_wconf 75' lang='grc'>,-</span> 
     </span>
     <span class='ocr_line' id='line_1_36' title="bbox 240 1996 1696 2041; baseline -0.001 -12"><span class='ocrx_word' id='word_1_424' title='bbox 240 2007 308 2040; x_wconf 87' lang='lat' dir='ltr'>pro</span> <span class='ocrx_word' id='word_1_425' title='bbox 332 1998 423 2030; x_wconf 87' lang='lat' dir='ltr'>Juba</span> <span class='ocrx_word' id='word_1_426' title='bbox 448 2003 517 2040; x_wconf 77' lang='lat' dir='ltr'>atq.</span> <span class='ocrx_word' id='word_1_427' title='bbox 545 1997 643 2030; x_wconf 83' lang='lat' dir='ltr'>Afris</span> <span class='ocrx_word' id='word_1_428' title='bbox 669 1997 809 2030; x_wconf 83' lang='lat' dir='ltr'>stetisse</span> <span class='ocrx_word' id='word_1_429' title='bbox 839 2000 894 2040; x_wconf 85' lang='lat'>11,</span> <span class='ocrx_word' id='word_1_430' title='bbox 922 1999 955 2040; x_wconf 87' lang='lat'>1,</span> <span class='ocrx_word' id='word_1_431' title='bbox 977 1997 1033 2031; x_wconf 87' lang='grc'>80.</span> <span class='ocrx_word' id='word_1_432' title='bbox 1059 1998 1120 2031; x_wconf 89' lang='lat' dir='ltr'>ille</span> <span class='ocrx_word' id='word_1_433' title='bbox 1144 2009 1196 2040; x_wconf 83' lang='lat' dir='ltr'>pr.</span> <span class='ocrx_word' id='word_1_434' title='bbox 1223 1996 1340 2041; x_wconf 86' lang='lat' dir='ltr'>Oppio</span> <span class='ocrx_word' id='word_1_435' title='bbox 1362 1997 1463 2039; x_wconf 74' lang='lat' dir='ltr'>locus</span> <span class='ocrx_word' id='word_1_436' title='bbox 1481 1998 1516 2039; x_wconf 89' lang='grc'>9,</span> <span class='ocrx_word' id='word_1_437' title='bbox 1539 1999 1575 2040; x_wconf 84' lang='grc'>2,</span> <span class='ocrx_word' id='word_1_438' title='bbox 1596 1997 1651 2031; x_wconf 87' lang='grc'>51.</span> <span class='ocrx_word' id='word_1_439' title='bbox 1672 2022 1696 2035; x_wconf 64' lang='grc'>,</span> 
     </span>
     <span class='ocr_line' id='line_1_37' title="bbox 238 2041 1682 2094; baseline -0.001 -17"><span class='ocrx_word' id='word_1_440' title='bbox 238 2044 275 2085; x_wconf 83' lang='grc'>9,</span> <span class='ocrx_word' id='word_1_441' title='bbox 301 2042 337 2086; x_wconf 83' lang='grc'>4,</span> <span class='ocrx_word' id='word_1_442' title='bbox 366 2045 451 2085; x_wconf 83' lang='grc'>133;</span> <span class='ocrx_word' id='word_1_443' title='bbox 490 2048 651 2076; x_wconf 78' lang='lat' dir='ltr'>orantem</span> <span class='ocrx_word' id='word_1_444' title='bbox 673 2053 727 2086; x_wconf 86' lang='lat' dir='ltr'>pr.</span> <span class='ocrx_word' id='word_1_445' title='bbox 756 2042 870 2086; x_wconf 82' lang='lat' dir='ltr'>capite</span> <span class='ocrx_word' id='word_1_446' title='bbox 899 2045 956 2085; x_wconf 88' lang='lat'>11,</span> <span class='ocrx_word' id='word_1_447' title='bbox 982 2046 1014 2085; x_wconf 86' lang='lat'>1,</span> <span class='ocrx_word' id='word_1_448' title='bbox 1050 2041 1108 2077; x_wconf 82' lang='lat'>44.</span> <span class='ocrx_word' id='word_1_449' title='bbox 1155 2042 1326 2087; x_wconf 80' lang='lat' dir='ltr'>quidquid</span> <span class='ocrx_word' id='word_1_450' title='bbox 1359 2054 1411 2094; x_wconf 79' lang='lat' dir='ltr'>pr.</span> <span class='ocrx_word' id='word_1_451' title='bbox 1445 2053 1552 2077; x_wconf 78' lang='lat' dir='ltr'>eausa</span> <span class='ocrx_word' id='word_1_452' title='bbox 1581 2042 1682 2077; x_wconf 82' lang='lat' dir='ltr'>vid·</span> 
     </span>
     <span class='ocr_line' id='line_1_38' title="bbox 240 2087 1687 2134; baseline 0 -11"><span class='ocrx_word' id='word_1_453' title='bbox 240 2089 274 2131; x_wconf 88' lang='lat'>8,</span> <span class='ocrx_word' id='word_1_454' title='bbox 303 2090 337 2130; x_wconf 91' lang='lat'>5,</span> <span class='ocrx_word' id='word_1_455' title='bbox 362 2092 395 2123; x_wconf 89' lang='lat'>7.</span> <span class='ocrx_word' id='word_1_456' title='bbox 445 2100 523 2122; x_wconf 82' lang='lat' dir='ltr'>esse</span> <span class='ocrx_word' id='word_1_457' title='bbox 546 2100 600 2132; x_wconf 86' lang='lat' dir='ltr'>pr.</span> <span class='ocrx_word' id='word_1_458' title='bbox 630 2090 722 2122; x_wconf 83' lang='lat' dir='ltr'>mala</span> <span class='ocrx_word' id='word_1_459' title='bbox 743 2100 871 2132; x_wconf 86' lang='lat' dir='ltr'>causa,</span> <span class='ocrx_word' id='word_1_460' title='bbox 907 2089 1020 2133; x_wconf 79' lang='lat' dir='ltr'>qualis</span> <span class='ocrx_word' id='word_1_461' title='bbox 1044 2099 1086 2122; x_wconf 82' lang='lat' dir='ltr'>ea</span> <span class='ocrx_word' id='word_1_462' title='bbox 1110 2088 1176 2131; x_wconf 88' lang='lat' dir='ltr'>sit,</span> <span class='ocrx_word' id='word_1_463' title='bbox 1200 2099 1273 2123; x_wconf 84' lang='lat' dir='ltr'>non</span> <span class='ocrx_word' id='word_1_464' title='bbox 1294 2087 1441 2134; x_wconf 81' lang='lat' dir='ltr'>intelligi</span> <span class='ocrx_word' id='word_1_465' title='bbox 1463 2087 1499 2132; x_wconf 78' lang='grc'>4,</span> <span class='ocrx_word' id='word_1_466' title='bbox 1522 2091 1558 2130; x_wconf 91' lang='grc'>1,</span> <span class='ocrx_word' id='word_1_467' title='bbox 1581 2089 1638 2124; x_wconf 86' lang='grc'>37.</span> <span class='ocrx_word' id='word_1_468' title='bbox 1671 2105 1687 2123; x_wconf 82' lang='grc' dir='ltr'>ι,</span> 
     </span>
     <span class='ocr_line' id='line_1_39' title="bbox 239 2133 1695 2181; baseline 0.001 -14"><span class='ocrx_word' id='word_1_469' title='bbox 239 2146 292 2178; x_wconf 85' lang='lat' dir='ltr'>pr.</span> <span class='ocrx_word' id='word_1_470' title='bbox 320 2146 396 2178; x_wconf 84' lang='lat' dir='ltr'>rep.</span> <span class='ocrx_word' id='word_1_471' title='bbox 422 2134 629 2168; x_wconf 76' lang='lat' dir='ltr'>seditiosum</span> <span class='ocrx_word' id='word_1_472' title='bbox 653 2134 767 2169; x_wconf 83' lang='lat' dir='ltr'>civem</span> <span class='ocrx_word' id='word_1_473' title='bbox 794 2135 925 2169; x_wconf 83' lang='lat' dir='ltr'>totiens</span> <span class='ocrx_word' id='word_1_474' title='bbox 949 2134 1227 2178; x_wconf 83' lang='lat' dir='ltr'>compescuisset</span> <span class='ocrx_word' id='word_1_475' title='bbox 1250 2137 1306 2177; x_wconf 86' lang='lat'>11,</span> <span class='ocrx_word' id='word_1_476' title='bbox 1337 2137 1369 2176; x_wconf 92' lang='lat'>1,</span> <span class='ocrx_word' id='word_1_477' title='bbox 1393 2134 1451 2169; x_wconf 76' lang='lat'>⁴0.</span> <span class='ocrx_word' id='word_1_478' title='bbox 1473 2133 1519 2176; x_wconf 81' lang='lat' dir='ltr'>cs.</span> <span class='ocrx_word' id='word_1_479' title='bbox 1545 2137 1649 2181; x_wconf 47' lang='grc'>7,,1,</span> <span class='ocrx_word' id='word_1_480' title='bbox 1685 2138 1695 2171; x_wconf 67' lang='grc' dir='ltr'>’ᾖ</span> 
     </span>
     <span class='ocr_line' id='line_1_40' title="bbox 239 2177 1689 2224; baseline 0.001 -11"><span class='ocrx_word' id='word_1_481' title='bbox 239 2191 306 2223; x_wconf 87' lang='lat' dir='ltr'>pro</span> <span class='ocrx_word' id='word_1_482' title='bbox 330 2180 382 2213; x_wconf 74' lang='lat' dir='ltr'>rei</span> <span class='ocrx_word' id='word_1_483' title='bbox 405 2181 517 2214; x_wconf 84' lang='lat' dir='ltr'>salute</span> <span class='ocrx_word' id='word_1_484' title='bbox 540 2181 855 2223; x_wconf 68' lang='lat' dir='ltr'>reprehensionem</span> <span class='ocrx_word' id='word_1_485' title='bbox 879 2191 951 2214; x_wconf 90' lang='lat' dir='ltr'>non</span> <span class='ocrx_word' id='word_1_486' title='bbox 977 2181 1227 2224; x_wconf 80' lang='lat' dir='ltr'>pertimescere</span> <span class='ocrx_word' id='word_1_487' title='bbox 1265 2180 1299 2219; x_wconf 88' lang='grc'>5,</span> <span class='ocrx_word' id='word_1_488' title='bbox 1339 2182 1394 2223; x_wconf 89' lang='grc'>13,</span> <span class='ocrx_word' id='word_1_489' title='bbox 1428 2182 1485 2214; x_wconf 89' lang='grc'>10.</span> <span class='ocrx_word' id='word_1_490' title='bbox 1517 2177 1564 2223; x_wconf 71' lang='lat' dir='ltr'>ef.</span> <span class='ocrx_word' id='word_1_491' title='bbox 1599 2182 1656 2222; x_wconf 88' lang='grc'>12,</span> <span class='ocrx_word' id='word_1_492' title='bbox 1687 2196 1689 2201; x_wconf 94' lang='grc'><em>·</em></span> 
     </span>
     <span class='ocr_line' id='line_1_41' title="bbox 241 2225 1690 2271; baseline -0.001 -10"><span class='ocrx_word' id='word_1_493' title='bbox 241 2228 298 2261; x_wconf 80' lang='grc'>39.</span> <span class='ocrx_word' id='word_1_494' title='bbox 346 2225 414 2268; x_wconf 87' lang='lat'>111)</span> <span class='ocrx_word' id='word_1_495' title='bbox 440 2229 459 2259; x_wconf 88' lang='lat' dir='ltr'>i.</span> <span class='ocrx_word' id='word_1_496' title='bbox 486 2241 515 2270; x_wconf 83' lang='lat' dir='ltr'>q.</span> <span class='ocrx_word' id='word_1_497' title='bbox 545 2229 748 2259; x_wconf 75' lang='lat' dir='ltr'>ratione.-</span> <span class='ocrx_word' id='word_1_498' title='bbox 783 2233 822 2260; x_wconf 86' lang='lat' dir='ltr'>ut</span> <span class='ocrx_word' id='word_1_499' title='bbox 845 2237 911 2271; x_wconf 86' lang='lat' dir='ltr'>pro</span> <span class='ocrx_word' id='word_1_500' title='bbox 935 2236 1107 2270; x_wconf 79' lang='lat' dir='ltr'>persona,</span> <span class='ocrx_word' id='word_1_501' title='bbox 1138 2232 1318 2269; x_wconf 89' lang='lat' dir='ltr'>tempore,</span> <span class='ocrx_word' id='word_1_502' title='bbox 1340 2227 1445 2268; x_wconf 87' lang='lat' dir='ltr'>loco,</span> <span class='ocrx_word' id='word_1_503' title='bbox 1473 2230 1585 2260; x_wconf 71' lang='lat' dir='ltr'>‘cam</span> <span class='ocrx_word' id='word_1_504' title='bbox 1609 2233 1690 2267; x_wconf 51' lang='lat' dir='ltr'>maj</span> 
     </span>
     <span class='ocr_line' id='line_1_42' title="bbox 241 2271 1681 2315; baseline 0 -10"><span class='ocrx_word' id='word_1_505' title='bbox 241 2283 283 2305; x_wconf 77' lang='lat' dir='ltr'>ac</span> <span class='ocrx_word' id='word_1_506' title='bbox 307 2272 423 2305; x_wconf 88' lang='lat' dir='ltr'>minus</span> <span class='ocrx_word' id='word_1_507' title='bbox 451 2273 510 2306; x_wconf 87' lang='lat' dir='ltr'>vel</span> <span class='ocrx_word' id='word_1_508' title='bbox 536 2278 707 2305; x_wconf 80' lang='lat' dir='ltr'>excusata</span> <span class='ocrx_word' id='word_1_509' title='bbox 732 2273 884 2306; x_wconf 80' lang='lat' dir='ltr'>debeant</span> <span class='ocrx_word' id='word_1_510' title='bbox 909 2271 1043 2314; x_wconf 89' lang='lat' dir='ltr'>videri,</span> <span class='ocrx_word' id='word_1_511' title='bbox 1075 2271 1149 2305; x_wconf 25' lang='lat' dir='ltr'>vel.</span> <span class='ocrx_word' id='word_1_512' title='bbox 1167 2271 1459 2315; x_wconf 78' lang='lat' dir='ltr'>reprehendenda</span> <span class='ocrx_word' id='word_1_513' title='bbox 1484 2273 1550 2315; x_wconf 88' lang='lat'>11,</span> <span class='ocrx_word' id='word_1_514' title='bbox 1585 2273 1628 2314; x_wconf 87' lang='lat'>1,</span> <span class='ocrx_word' id='word_1_515' title='bbox 1676 2291 1681 2296; x_wconf 54' lang='grc' dir='ltr'><strong><em>ι</em></strong></span> 
     </span>
     <span class='ocr_line' id='line_1_43' title="bbox 240 2315 1676 2362; baseline 0.001 -11"><span class='ocrx_word' id='word_1_516' title='bbox 240 2317 285 2358; x_wconf 87' lang='lat' dir='ltr'>cs.</span> <span class='ocrx_word' id='word_1_517' title='bbox 311 2320 354 2351; x_wconf 84' lang='lat' dir='ltr'>ib.</span> <span class='ocrx_word' id='word_1_518' title='bbox 380 2322 437 2351; x_wconf 78' lang='grc'>27.</span> <span class='ocrx_word' id='word_1_519' title='bbox 466 2322 522 2361; x_wconf 80' lang='grc'>12,</span> <span class='ocrx_word' id='word_1_520' title='bbox 552 2321 607 2359; x_wconf 92' lang='grc'>10,</span> <span class='ocrx_word' id='word_1_521' title='bbox 627 2318 683 2352; x_wconf 87' lang='grc'>69.</span> <span class='ocrx_word' id='word_1_522' title='bbox 732 2329 859 2352; x_wconf 84' lang='lat' dir='ltr'>causae</span> <span class='ocrx_word' id='word_1_523' title='bbox 885 2324 966 2352; x_wconf 90' lang='lat' dir='ltr'>sunt</span> <span class='ocrx_word' id='word_1_524' title='bbox 989 2328 1043 2361; x_wconf 88' lang='lat' dir='ltr'>pr.</span> <span class='ocrx_word' id='word_1_525' title='bbox 1069 2317 1282 2351; x_wconf 86' lang='lat' dir='ltr'>condicione</span> <span class='ocrx_word' id='word_1_526' title='bbox 1310 2316 1479 2362; x_wconf 70' lang='lat' dir='ltr'>cujusque</span> <span class='ocrx_word' id='word_1_527' title='bbox 1510 2315 1582 2351; x_wconf 77' lang='lat' dir='ltr'>litis</span> <span class='ocrx_word' id='word_1_528' title='bbox 1616 2318 1676 2360; x_wconf 67' lang='lat'>5,</span> 
     </span>
     <span class='ocr_line' id='line_1_44' title="bbox 238 2361 1677 2408; baseline 0 -11"><span class='ocrx_word' id='word_1_529' title='bbox 238 2362 296 2397; x_wconf 80' lang='grc'>24.</span> <span class='ocrx_word' id='word_1_530' title='bbox 318 2375 369 2408; x_wconf 87' lang='lat' dir='ltr'>pr.</span> <span class='ocrx_word' id='word_1_531' title='bbox 398 2370 518 2397; x_wconf 52' lang='lat' dir='ltr'>nostra</span> <span class='ocrx_word' id='word_1_532' title='bbox 543 2364 711 2397; x_wconf 75' lang='lat' dir='ltr'>facultate</span> <span class='ocrx_word' id='word_1_533' title='bbox 733 2364 768 2406; x_wconf 80' lang='lat'>6,</span> <span class='ocrx_word' id='word_1_534' title='bbox 795 2365 828 2405; x_wconf 88' lang='lat'>5,</span> <span class='ocrx_word' id='word_1_535' title='bbox 852 2367 882 2397; x_wconf 92' lang='lat'>1.</span> <span class='ocrx_word' id='word_1_536' title='bbox 911 2366 967 2405; x_wconf 92' lang='lat'>10,</span> <span class='ocrx_word' id='word_1_537' title='bbox 995 2365 1029 2401; x_wconf 89' lang='grc'>3,</span> <span class='ocrx_word' id='word_1_538' title='bbox 1053 2363 1105 2396; x_wconf 87' lang='lat'>15.</span> <span class='ocrx_word' id='word_1_539' title='bbox 1132 2361 1291 2406; x_wconf 75' lang='lat' dir='ltr'>[ornatus</span> <span class='ocrx_word' id='word_1_540' title='bbox 1307 2361 1445 2407; x_wconf 51' lang='lat' dir='ltr'>pr-(de</span> <span class='ocrx_word' id='word_1_541' title='bbox 1467 2363 1555 2406; x_wconf 79' lang='lat' dir='ltr'>conj.</span> <span class='ocrx_word' id='word_1_542' title='bbox 1578 2366 1677 2400; x_wconf 82' lang='lat' dir='ltr'>Re</span> 
     </span>
     <span class='ocr_line' id='line_1_45' title="bbox 243 2408 1659 2456; baseline 0.001 -14"><span class='ocrx_word' id='word_1_543' title='bbox 243 2411 347 2443; x_wconf 80' lang='lat' dir='ltr'>Codd.</span> <span class='ocrx_word' id='word_1_544' title='bbox 377 2409 460 2451; x_wconf 83' lang='lat' dir='ltr'>orn.)</span> <span class='ocrx_word' id='word_1_545' title='bbox 486 2409 652 2442; x_wconf 83' lang='lat' dir='ltr'>materiae</span> <span class='ocrx_word' id='word_1_546' title='bbox 677 2420 808 2456; x_wconf 76' lang='lat' dir='ltr'>genere</span> <span class='ocrx_word' id='word_1_547' title='bbox 835 2409 992 2444; x_wconf 80' lang='lat' dir='ltr'>variatus</span> <span class='ocrx_word' id='word_1_548' title='bbox 1012 2410 1047 2451; x_wconf 86' lang='grc'>8,</span> <span class='ocrx_word' id='word_1_549' title='bbox 1074 2411 1108 2451; x_wconf 76' lang='grc'>3,</span> <span class='ocrx_word' id='word_1_550' title='bbox 1137 2411 1218 2453; x_wconf 88' lang='grc'>11,]</span> <span class='ocrx_word' id='word_1_551' title='bbox 1246 2420 1299 2454; x_wconf 90' lang='lat' dir='ltr'>pr.</span> <span class='ocrx_word' id='word_1_552' title='bbox 1333 2419 1398 2442; x_wconf 82' lang='lat' dir='ltr'>suo</span> <span class='ocrx_word' id='word_1_553' title='bbox 1431 2408 1576 2456; x_wconf 81' lang='lat' dir='ltr'>ingenio</span> <span class='ocrx_word' id='word_1_554' title='bbox 1611 2411 1659 2451; x_wconf 78' lang='lat'>9,</span> 
     </span>
     <span class='ocr_line' id='line_1_46' title="bbox 239 2454 1662 2500; baseline -0.001 -12"><span class='ocrx_word' id='word_1_555' title='bbox 239 2458 294 2490; x_wconf 69' lang='lat'>91.</span> <span class='ocrx_word' id='word_1_556' title='bbox 320 2467 374 2500; x_wconf 87' lang='lat' dir='ltr'>pr.</span> <span class='ocrx_word' id='word_1_557' title='bbox 400 2456 507 2489; x_wconf 89' lang='lat' dir='ltr'>modo</span> <span class='ocrx_word' id='word_1_558' title='bbox 531 2455 661 2490; x_wconf 84' lang='lat' dir='ltr'>virium</span> <span class='ocrx_word' id='word_1_559' title='bbox 687 2459 721 2496; x_wconf 79' lang='lat'>2,</span> <span class='ocrx_word' id='word_1_560' title='bbox 746 2455 780 2498; x_wconf 84' lang='lat'>4,</span> <span class='ocrx_word' id='word_1_561' title='bbox 806 2454 862 2489; x_wconf 87' lang='grc'>14.</span> <span class='ocrx_word' id='word_1_562' title='bbox 896 2454 941 2495; x_wconf 87' lang='lat' dir='ltr'>cs.</span> <span class='ocrx_word' id='word_1_563' title='bbox 975 2457 1029 2496; x_wconf 85' lang='lat'>11,</span> <span class='ocrx_word' id='word_1_564' title='bbox 1063 2457 1097 2496; x_wconf 81' lang='grc'>3,</span> <span class='ocrx_word' id='word_1_565' title='bbox 1131 2455 1188 2489; x_wconf 83' lang='grc'>65.</span> <span class='ocrx_word' id='word_1_566' title='bbox 1235 2466 1289 2499; x_wconf 88' lang='lat' dir='ltr'>pr.</span> <span class='ocrx_word' id='word_1_567' title='bbox 1325 2457 1451 2488; x_wconf 57' lang='lat' dir='ltr'>nature</span> <span class='ocrx_word' id='word_1_568' title='bbox 1481 2464 1601 2489; x_wconf 72' lang='lat' dir='ltr'>rerum</span> <span class='ocrx_word' id='word_1_569' title='bbox 1626 2454 1662 2497; x_wconf 85' lang='lat'>9,</span> 
     </span>
     <span class='ocr_line' id='line_1_47' title="bbox 242 2499 1630 2545; baseline -0.001 -11"><span class='ocrx_word' id='word_1_570' title='bbox 242 2500 318 2535; x_wconf 73' lang='lat'>147.</span> <span class='ocrx_word' id='word_1_571' title='bbox 345 2513 395 2545; x_wconf 87' lang='lat' dir='ltr'>pr.</span> <span class='ocrx_word' id='word_1_572' title='bbox 423 2501 506 2535; x_wconf 86' lang='lat' dir='ltr'>boni</span> <span class='ocrx_word' id='word_1_573' title='bbox 534 2501 602 2535; x_wconf 85' lang='lat' dir='ltr'>viri</span> <span class='ocrx_word' id='word_1_574' title='bbox 633 2501 753 2534; x_wconf 80' lang='lat' dir='ltr'>officio</span> <span class='ocrx_word' id='word_1_575' title='bbox 782 2504 836 2541; x_wconf 87' lang='grc'>12,</span> <span class='ocrx_word' id='word_1_576' title='bbox 864 2503 896 2543; x_wconf 91' lang='grc'>1,</span> <span class='ocrx_word' id='word_1_577' title='bbox 926 2499 982 2533; x_wconf 75' lang='grc'>34.</span> <span class='ocrx_word' id='word_1_578' title='bbox 1008 2511 1060 2543; x_wconf 90' lang='lat' dir='ltr'>pr.</span> <span class='ocrx_word' id='word_1_579' title='bbox 1081 2499 1178 2535; x_wconf 86' lang='lat' dir='ltr'>virili</span> <span class='ocrx_word' id='word_1_580' title='bbox 1205 2506 1305 2544; x_wconf 85' lang='lat' dir='ltr'>parte</span> <span class='ocrx_word' id='word_1_581' title='bbox 1333 2502 1388 2542; x_wconf 88' lang='grc'>12,</span> <span class='ocrx_word' id='word_1_582' title='bbox 1415 2502 1472 2544; x_wconf 87' lang='grc'>11,</span> <span class='ocrx_word' id='word_1_583' title='bbox 1493 2501 1551 2534; x_wconf 86' lang='grc'>31.</span> <span class='ocrx_word' id='word_1_584' title='bbox 1577 2510 1630 2542; x_wconf 89' lang='lat' dir='ltr'>pr.</span> 
     </span>
     <span class='ocr_line' id='line_1_48' title="bbox 239 2543 1678 2591; baseline -0.001 -12"><span class='ocrx_word' id='word_1_585' title='bbox 239 2546 406 2588; x_wconf 87' lang='lat' dir='ltr'>portione</span> <span class='ocrx_word' id='word_1_586' title='bbox 433 2549 486 2589; x_wconf 89' lang='lat'>10,</span> <span class='ocrx_word' id='word_1_587' title='bbox 510 2549 546 2591; x_wconf 86' lang='lat'>7,</span> <span class='ocrx_word' id='word_1_588' title='bbox 570 2548 626 2581; x_wconf 78' lang='lat'>28.</span> <span class='ocrx_word' id='word_1_589' title='bbox 654 2558 705 2590; x_wconf 86' lang='lat' dir='ltr'>pr.</span> <span class='ocrx_word' id='word_1_590' title='bbox 737 2558 796 2589; x_wconf 88' lang='lat' dir='ltr'>re,</span> <span class='ocrx_word' id='word_1_591' title='bbox 833 2558 886 2590; x_wconf 88' lang='lat' dir='ltr'>pr.</span> <span class='ocrx_word' id='word_1_592' title='bbox 916 2552 1075 2590; x_wconf 88' lang='lat' dir='ltr'>tempore</span> <span class='ocrx_word' id='word_1_593' title='bbox 1108 2546 1294 2588; x_wconf 85' lang='lat' dir='ltr'>intuenda,</span> <span class='ocrx_word' id='word_1_594' title='bbox 1338 2557 1428 2590; x_wconf 81' lang='lat' dir='ltr'>quae</span> <span class='ocrx_word' id='word_1_595' title='bbox 1461 2544 1598 2589; x_wconf 76' lang='lat' dir='ltr'>prosint</span> <span class='ocrx_word' id='word_1_596' title='bbox 1625 2543 1678 2587; x_wconf 82' lang='grc'>4,</span> 
     </span>
     <span class='ocr_line' id='line_1_49' title="bbox 237 2590 1671 2636; baseline -0.001 -12"><span class='ocrx_word' id='word_1_597' title='bbox 237 2590 294 2624; x_wconf 76' lang='grc'>84.</span> <span class='ocrx_word' id='word_1_598' title='bbox 343 2592 457 2633; x_wconf 81' lang='lat' dir='ltr'>1V)1·.</span> <span class='ocrx_word' id='word_1_599' title='bbox 482 2605 513 2636; x_wconf 86' lang='lat' dir='ltr'>q.</span> <span class='ocrx_word' id='word_1_600' title='bbox 545 2597 668 2626; x_wconf 82' lang='lat' dir='ltr'>loco.-</span> <span class='ocrx_word' id='word_1_601' title='bbox 703 2591 911 2625; x_wconf 84' lang='lat' dir='ltr'>laureati</span> <span class='ocrx_word' id='word_1_602' title='bbox 934 2598 1106 2636; x_wconf 80' lang='lat' dir='ltr'>postes</span> <span class='ocrx_word' id='word_1_603' title='bbox 1130 2603 1196 2636; x_wconf 87' lang='lat' dir='ltr'>pro</span> <span class='ocrx_word' id='word_1_604' title='bbox 1220 2592 1304 2634; x_wconf 87' lang='lat' dir='ltr'>illo,</span> <span class='ocrx_word' id='word_1_605' title='bbox 1338 2592 1468 2624; x_wconf 81' lang='lat' dir='ltr'>lauro</span> <span class='ocrx_word' id='word_1_606' title='bbox 1492 2600 1671 2624; x_wconf 84' lang='lat' dir='ltr'>coron</span> 
     </span>
     <span class='ocr_line' id='line_1_50' title="bbox 238 2636 1693 2681; baseline 0 -11"><span class='ocrx_word' id='word_1_607' title='bbox 238 2637 274 2678; x_wconf 89' lang='grc'>8,</span> <span class='ocrx_word' id='word_1_608' title='bbox 298 2636 332 2678; x_wconf 91' lang='grc'>6,</span> <span class='ocrx_word' id='word_1_609' title='bbox 358 2640 414 2671; x_wconf 84' lang='grc'>32.</span> <span class='ocrx_word' id='word_1_610' title='bbox 444 2637 488 2678; x_wconf 89' lang='lat' dir='ltr'>cs.</span> <span class='ocrx_word' id='word_1_611' title='bbox 514 2639 548 2680; x_wconf 90' lang='grc'>6,</span> <span class='ocrx_word' id='word_1_612' title='bbox 576 2640 609 2679; x_wconf 89' lang='grc'>3,</span> <span class='ocrx_word' id='word_1_613' title='bbox 634 2640 689 2673; x_wconf 83' lang='grc'>97.</span> <span class='ocrx_word' id='word_1_614' title='bbox 719 2648 812 2671; x_wconf 89' lang='lat' dir='ltr'>non</span> <span class='ocrx_word' id='word_1_615' title='bbox 840 2638 1145 2680; x_wconf 83' lang='lat' dir='ltr'>poeniturum</span> <span class='ocrx_word' id='word_1_616' title='bbox 1169 2648 1234 2681; x_wconf 90' lang='lat' dir='ltr'>pro</span> <span class='ocrx_word' id='word_1_617' title='bbox 1258 2647 1345 2670; x_wconf 87' lang='lat' dir='ltr'>non</span> <span class='ocrx_word' id='word_1_618' title='bbox 1370 2641 1540 2670; x_wconf 80' lang='lat' dir='ltr'>acturo</span> <span class='ocrx_word' id='word_1_619' title='bbox 1564 2646 1647 2681; x_wconf 81' lang='lat' dir='ltr'>poe</span> <span class='ocrx_word' id='word_1_620' title='bbox 1691 2663 1693 2665; x_wconf 83' lang='lat'>.</span> 
     </span>
     <span class='ocr_line' id='line_1_51' title="bbox 242 2681 1662 2727; baseline 0.001 -14"><span class='ocrx_word' id='word_1_621' title='bbox 242 2683 434 2715; x_wconf 80' lang='lat' dir='ltr'>tentiam</span> <span class='ocrx_word' id='word_1_622' title='bbox 462 2685 495 2726; x_wconf 82' lang='lat'>9,</span> <span class='ocrx_word' id='word_1_623' title='bbox 523 2685 557 2724; x_wconf 87' lang='lat'>3,</span> <span class='ocrx_word' id='word_1_624' title='bbox 586 2686 640 2718; x_wconf 91' lang='grc'>12,</span> <span class='ocrx_word' id='word_1_625' title='bbox 687 2695 740 2727; x_wconf 86' lang='lat' dir='ltr'>pr.</span> <span class='ocrx_word' id='word_1_626' title='bbox 764 2689 911 2727; x_wconf 77' lang='lat' dir='ltr'>parente</span> <span class='ocrx_word' id='word_1_627' title='bbox 936 2689 989 2717; x_wconf 83' lang='lat' dir='ltr'>est</span> <span class='ocrx_word' id='word_1_628' title='bbox 1025 2683 1188 2721; x_wconf 84' lang='lat' dir='ltr'>conditor</span> <span class='ocrx_word' id='word_1_629' title='bbox 1221 2685 1255 2724; x_wconf 85' lang='lat'>3,</span> <span class='ocrx_word' id='word_1_630' title='bbox 1288 2685 1322 2724; x_wconf 92' lang='grc'>7,</span> <span class='ocrx_word' id='word_1_631' title='bbox 1357 2682 1414 2719; x_wconf 84' lang='grc'>26.</span> <span class='ocrx_word' id='word_1_632' title='bbox 1447 2693 1583 2716; x_wconf 84' lang='lat' dir='ltr'>verene</span> <span class='ocrx_word' id='word_1_633' title='bbox 1613 2681 1662 2715; x_wconf 63' lang='lat' dir='ltr'>lv-</span> 
     </span>
     <span class='ocr_line' id='line_1_52' title="bbox 240 2725 1676 2775; baseline 0.001 -17"><span class='ocrx_word' id='word_1_634' title='bbox 240 2725 310 2769; x_wconf 81' lang='lat' dir='ltr'>sit,</span> <span class='ocrx_word' id='word_1_635' title='bbox 338 2739 428 2771; x_wconf 84' lang='lat' dir='ltr'>quae</span> <span class='ocrx_word' id='word_1_636' title='bbox 457 2730 586 2770; x_wconf 80' lang='lat' dir='ltr'>cludit,</span> <span class='ocrx_word' id='word_1_637' title='bbox 630 2741 674 2762; x_wconf 81' lang='lat' dir='ltr'>an</span> <span class='ocrx_word' id='word_1_638' title='bbox 698 2741 751 2773; x_wconf 88' lang='lat' dir='ltr'>pr.</span> <span class='ocrx_word' id='word_1_639' title='bbox 776 2731 882 2775; x_wconf 83' lang='lat' dir='ltr'>longa</span> <span class='ocrx_word' id='word_1_640' title='bbox 906 2730 941 2772; x_wconf 89' lang='grc'>9,</span> <span class='ocrx_word' id='word_1_641' title='bbox 964 2729 999 2770; x_wconf 90' lang='grc'>4,</span> <span class='ocrx_word' id='word_1_642' title='bbox 1025 2726 1097 2763; x_wconf 81' lang='grc'>93.’</span> <span class='ocrx_word' id='word_1_643' title='bbox 1118 2728 1163 2770; x_wconf 84' lang='lat' dir='ltr'>cs.</span> <span class='ocrx_word' id='word_1_644' title='bbox 1192 2731 1268 2762; x_wconf 91' lang='lat'>107.</span> <span class='ocrx_word' id='word_1_645' title='bbox 1301 2726 1396 2760; x_wconf 81' lang='lat' dir='ltr'>serio</span> <span class='ocrx_word' id='word_1_646' title='bbox 1429 2726 1459 2761; x_wconf 91' lang='lat' dir='ltr'>si</span> <span class='ocrx_word' id='word_1_647' title='bbox 1494 2726 1532 2760; x_wconf 83' lang='lat' dir='ltr'>id</span> <span class='ocrx_word' id='word_1_648' title='bbox 1562 2727 1676 2768; x_wconf 66' lang='lat' dir='ltr'>fiat„</span> 
     </span>
     <span class='ocr_line' id='line_1_53' title="bbox 238 2771 1678 2819; baseline 0.001 -15"><span class='ocrx_word' id='word_1_649' title='bbox 238 2773 465 2806; x_wconf 84' lang='lat' dir='ltr'>confessione</span> <span class='ocrx_word' id='word_1_650' title='bbox 493 2780 566 2815; x_wconf 83' lang='lat' dir='ltr'>est,</span> <span class='ocrx_word' id='word_1_651' title='bbox 604 2777 639 2817; x_wconf 77' lang='lat'>9,</span> <span class='ocrx_word' id='word_1_652' title='bbox 673 2778 707 2817; x_wconf 80' lang='grc'>2,</span> <span class='ocrx_word' id='word_1_653' title='bbox 737 2773 791 2808; x_wconf 82' lang='grc'>14.</span> <span class='ocrx_word' id='word_1_654' title='bbox 839 2772 1027 2819; x_wconf 76' lang='lat' dir='ltr'>aliquando</span> <span class='ocrx_word' id='word_1_655' title='bbox 1062 2785 1114 2817; x_wconf 84' lang='lat' dir='ltr'>pr.</span> <span class='ocrx_word' id='word_1_656' title='bbox 1149 2783 1296 2806; x_wconf 86' lang='lat' dir='ltr'>numero</span> <span class='ocrx_word' id='word_1_657' title='bbox 1330 2778 1384 2806; x_wconf 85' lang='lat' dir='ltr'>est</span> <span class='ocrx_word' id='word_1_658' title='bbox 1416 2772 1565 2816; x_wconf 77' lang='lat' dir='ltr'>(digitus</span> <span class='ocrx_word' id='word_1_659' title='bbox 1602 2774 1610 2781; x_wconf 82' lang='lat'>‘</span> <span class='ocrx_word' id='word_1_660' title='bbox 1638 2771 1678 2798; x_wconf 65' lang='lat'>..⁴</span> 
     </span>
     <span class='ocr_line' id='line_1_54' title="bbox 240 2817 1661 2867; baseline 0 -16"><span class='ocrx_word' id='word_1_661' title='bbox 240 2820 296 2860; x_wconf 86' lang='grc'>11,</span> <span class='ocrx_word' id='word_1_662' title='bbox 315 2819 350 2862; x_wconf 86' lang='grc'>3,</span> <span class='ocrx_word' id='word_1_663' title='bbox 375 2818 431 2853; x_wconf 71' lang='lat'>94.</span> <span class='ocrx_word' id='word_1_664' title='bbox 457 2819 612 2862; x_wconf 77' lang='lat' dir='ltr'>(gestus)</span> <span class='ocrx_word' id='word_1_665' title='bbox 646 2819 683 2854; x_wconf 91' lang='lat' dir='ltr'>in</span> <span class='ocrx_word' id='word_1_666' title='bbox 710 2820 829 2854; x_wconf 78' lang='lat' dir='ltr'>multis</span> <span class='ocrx_word' id='word_1_667' title='bbox 854 2833 906 2867; x_wconf 87' lang='lat' dir='ltr'>pr.</span> <span class='ocrx_word' id='word_1_668' title='bbox 934 2830 1098 2854; x_wconf 80' lang='lat' dir='ltr'>sermone</span> <span class='ocrx_word' id='word_1_669' title='bbox 1124 2823 1204 2852; x_wconf 81' lang='lat' dir='ltr'>sunt</span> <span class='ocrx_word' id='word_1_670' title='bbox 1230 2821 1284 2861; x_wconf 82' lang='lat'>11,</span> <span class='ocrx_word' id='word_1_671' title='bbox 1315 2821 1351 2859; x_wconf 90' lang='grc'>3,</span> <span class='ocrx_word' id='word_1_672' title='bbox 1374 2818 1430 2853; x_wconf 88' lang='grc'>66.</span> <span class='ocrx_word' id='word_1_673' title='bbox 1471 2817 1530 2853; x_wconf 82' lang='lat' dir='ltr'>hic</span> <span class='ocrx_word' id='word_1_674' title='bbox 1563 2817 1661 2861; x_wconf 78' lang='lat' dir='ltr'>(vu</span> 
     </span>
    </p>
   </div>
   <div class='ocr_carea' id='block_1_7' title="bbox 1645 1367 1728 2691">
    <p class='ocr_par' dir='ltr' id='par_1_9' title="bbox 1645 1367 1728 2691">
     <span class='ocr_line' id='line_1_55' title="bbox 1685 1367 1728 1481; baseline 0 0"><span class='ocrx_word' id='word_1_675' title='bbox 1685 1367 1728 1481; x_wconf 95' lang='lat' dir='ltr'>  </span> 
     </span>
     <span class='ocr_line' id='line_1_56' title="bbox 1685 1481 1728 1696; baseline 0 -167"><span class='ocrx_word' id='word_1_676' title='bbox 1685 1481 1728 1696; x_wconf 95' lang='lat' dir='ltr'>   </span> 
     </span>
     <span class='ocr_line' id='line_1_57' title="bbox 1664 1790 1728 1974; baseline 0 0"><span class='ocrx_word' id='word_1_677' title='bbox 1664 1790 1728 1974; x_wconf 95' lang='lat' dir='ltr'>     </span> 
     </span>
     <span class='ocr_line' id='line_1_58' title="bbox 1645 1974 1728 2157; baseline 0 -48"><span class='ocrx_word' id='word_1_678' title='bbox 1645 1974 1728 2157; x_wconf 95' lang='lat' dir='ltr'>     </span> 
     </span>
     <span class='ocr_line' id='line_1_59' title="bbox 1656 2157 1728 2247; baseline 0 -42"><span class='ocrx_word' id='word_1_679' title='bbox 1656 2157 1728 2247; x_wconf 95' lang='lat' dir='ltr'>  </span> 
     </span>
     <span class='ocr_line' id='line_1_60' title="bbox 1647 2247 1728 2385; baseline 0 -48"><span class='ocrx_word' id='word_1_680' title='bbox 1647 2247 1728 2385; x_wconf 95' lang='lat' dir='ltr'>     </span> 
     </span>
     <span class='ocr_line' id='line_1_61' title="bbox 1659 2385 1728 2518; baseline 0.029 -87"><span class='ocrx_word' id='word_1_681' title='bbox 1659 2385 1728 2518; x_wconf 95' lang='lat' dir='ltr'>    </span> 
     </span>
     <span class='ocr_line' id='line_1_62' title="bbox 1648 2518 1728 2691; baseline 0 -20"><span class='ocrx_word' id='word_1_682' title='bbox 1648 2518 1728 2691; x_wconf 95' lang='lat' dir='ltr'>     </span> 
     </span>
    </p>
   </div>
  </div>
 </body>
</html>
