1728 3002
608 202 789 247 Desidia
816 228 873 238 --
902 201 1088 246 Destino
1538 199 1616 242 22¹

231 320 354 356 enh.
387 319 432 354 in
465 318 523 355 his
555 317 690 354 Sennis
725 322 763 353 et
784 319 922 372 Uulgus
945 317 1135 352 Aeolicum
1162 313 1368 364 digammon
1399 314 1623 350 deridentur

242 370 276 402 7.
300 365 413 413 magis
450 371 485 399 et
519 364 827 400 desideratur
857 376 907 399 ιιι
937 363 1104 399 clausulis
1139 368 1176 398 et
1207 367 1402 409 apparet
1435 361 1621 406 (numerus)

243 414 309 454 613
333 413 383 446 in
405 423 485 458 qno
500 411 590 446 nihil
614 417 674 446 sut
697 411 1014 445 desideretur
1047 415 1107 444 aut
1139 409 1532 454 reprehendatur
1564 410 1621 451 10,

123 463 159 502 2,
181 459 218 494 9.
243 470 291 493 ne
318 458 403 503 quid
429 458 476 492 in
500 464 641 492 oratore
668 468 808 492 summo
833 457 1058 491 desideretur
1080 459 1138 500 12,
1163 458 1221 499 11,
1246 458 1281 490 2.
1318 454 1364 496 qs.
1395 457 1453 496 11,
1478 457 1513 497 3,
1539 456 1621 488 123.

124 504 222 539 eliud
250 505 297 538 in
326 504 397 539 alio
453 515 563 539 encre
595 503 792 539 desiderari
819 503 856 546 4,
884 508 916 546 1,
944 506 1001 539 39.
1023 503 1136 550 magis
1161 507 1200 536 ut
1224 502 1397 536 habere
1421 501 1623 542 videamur,

124 562 232 596 quam
259 551 333 584 ullo
356 550 406 585 in
445 560 515 585 oco
539 550 859 585 desideramus
886 548 1043 594 (tropum)
1066 550 1102 592 8,
1125 549 1161 589 6,
1186 549 1250 590 383
1275 553 1311 582 et
1336 547 1411 581 his
1435 553 1472 581 et
1495 546 1623 591 prio-

125 597 259 631 ribus
281 595 344 639 (se.
368 598 643 631 oratoribus
669 609 703 630 α.
727 601 749 630 1.
773 597 811 630 in
835 597 871 630 h.
897 602 933 630 et
964 596 1003 630 in
1028 594 1099 642 pr.)
1124 606 1203 630 eam
1227 593 1413 638 (virtutem)
1437 593 1624 628 desidera-

126 648 220 684 tam,
243 642 327 687 quia
349 642 558 677 difficillima
581 642 649 677 fuit
670 643 707 686 8,
734 643 793 677 Pr.
822 641 876 676 ¹4.
1449 643 1481 652 ”“

80 687 273 753 Defidia·
327 699 388 745 qui
416 700 536 734 taedio
568 699 748 734 labori·
770 719 818 726 —
841 698 1082 752 confugerint·
1096 699 1142 751 sd
1162 686 1255 732 haec
1281 696 1504 732 deverticula
1527 693 1626 730 dest·

127 747 208 780 diae
229 749 284 788 12,
297 747 332 788 3,
349 749 402 780 11.
432 757 505 780 non
522 751 576 780 est
596 746 854 794 indulgendum
872 756 991 780 causis
1008 746 1168 779 desidiae
1187 747 1243 787 10,
1255 746 1289 786 3,
1297 746 1354 780 29.
1381 744 1541 788 proderit
1557 743 1625 776 al}-

126 791 228 834 cuius
242 791 426 840 objurgata
439 792 576 827 desidia
596 795 630 835 1,
649 794 685 836 2,
705 795 763 827 21.
788 792 827 826 in
844 793 915 827 hoc
930 791 1104 826 desidiam
1121 802 1303 835 nunquam
1319 790 1478 826 verebor
1497 790 1625 833 1,3‚7.

79 835 288 904 Dessfgnoo
340 855 382 883 ut
410 849 559 884 affectus
584 851 686 884 velut
708 848 835 896 primis
857 849 963 883 lineis
990 847 1223 895 designentur
1247 846 1289 890 4,
1314 849 1357 890 2,
1384 849 1462 882 120.

80 892 261 935 Denuo·
308 905 351 950 ι)
378 908 484 942 malle
505 919 588 942 eum
611 907 814 942 deficere
830 918 938 951 quam
957 905 1169 939 desinere
1188 906 1245 948 12,
1266 907 1323 947 11,
1343 905 1424 939 3Ν.
1449 910 1487 938 et
1507 900 1624 937 inci-

126 950 243 996 piet,
262 951 326 986 ubi
343 959 498 997 oportet,
518 959 553 987 et
570 953 761 988 desinat
779 954 947 995 11‚3‚35.
973 952 1069 985 unde
1090 949 1438 995 incipiendum,
1461 948 1525 993 ubi
1550 949 1625 983 de-

128 995 373 1032 sinendum
386 999 465 1041 9.2‚
481 1000 537 1035 19.
565 1000 704 1043 durum,
722 999 904 1034 sidesinas
919 999 1005 1042 9,4,
1022 1000 1078 1033 70.
1112 997 1278 1050 quotiens
1302 995 1475 1041 incipit
1497 1005 1626 1029 sensus

127 1049 189 1077 aut
204 1043 387 1079 desinit
400 1046 512 1080 a.67.
536 1058 571 1079 v.
590 1045 751 1090 Coepi.
766 1045 930 1079 similiter
946 1045 1158 1079 cadentia
1179 1049 1215 1078 et
1229 1042 1393 1077 similiter
1410 1044 1431 1076 d
1444 1042 1626 1077 esinen-

127 1087 195 1124 tin
213 1090 251 1133 9.
269 1087 308 1126 ⁴2.
330 1088 389 1125 42.
414 1089 459 1133 dl
481 1091 518 1135 9,
541 1093 577 1135 3,
599 1093 657 1126 85.
682 1095 727 1137 β)
751 1094 935 1127 c.Ab1c11..-
959 1089 1104 1135 paribus
1122 1090 1292 1124 cadant
1309 1095 1344 1123 et
1364 1089 1491 1123 eodem
1515 1087 1625 1122 modo

130 1133 361 1174 desi-‘nt
388 1136 433 1179 9,
457 1138 505 1174 3.
533 1139 589 1172 79.
619 1149 687 1172 nec
711 1148 829 1182 paeon
852 1137 976 1171 eadem
998 1136 1139 1170 ratione
1161 1135 1332 1170 brevibus
1357 1133 1557 1179 incipiet
1581 1144 1626 1168 ao

129 1179 311 1226 desinet
330 1181 376 1225 9,
397 1181 441 1226 4,
467 1182 515 1218 48
544 1185 593 1218 Ν.
639 1193 712 1228 quo
747 1192 795 1218 ex
818 1194 951 1230 genere
974 1182 1207 1226 coeperis
1246 1180 1515 1222 translationis,
1552 1180 1625 1214 hoc

129 1225 327 1262 desinas
346 1228 383 1272 8,
409 1228 446 1271 6,
475 1230 533 1263 50.
559 1229 603 1263 ab
627 1229 753 1264 iisdem
775 1229 897 1263 verbis
921 1229 1025 1273 plura
1048 1227 1317 1273 incipiunt,
1350 1233 1385 1261 et
1421 1227 1469 1261 in
1496 1225 1624 1260 iisdem

129 1271 350 1308 desinunt
370 1275 406 1317 9,
430 1276 466 1315 3,
489 1276 547 1309 31.
572 1281 707 1322 gestus,
731 1275 792 1320 qui
816 1275 854 1309 in
872 1275 943 1309 fine
967 1275 1096 1309 dexter
1119 1285 1199 1309 esse
1225 1274 1344 1316 debet,
1370 1273 1415 1307 in
1441 1272 1625 1307 sinistrum

126 1317 230 1371 (⁶0J·
254 1318 451 1363 sinistram)
477 1321 690 1365 frequenter
716 1321 854 1356 desinat
879 1324 937 1365 11,
960 1323 997 1364 3,
1023 1322 1100 1356 109.
1132 1320 1173 1366 γ)
1196 1333 1264 1365 seq.
1293 1319 1379 1362 Infi:
1403 1325 1442 1353 ut
1466 1318 1628 1354 remedia

126 1365 276 1409 perinde
298 1373 615 1410 perseverent
637 1368 821 1410 adhibere,
843 1369 906 1403 vel
930 1366 1148 1401 desinant
1168 1367 1205 1409 6,
1220 1366 1255 1408 4,
1279 1367 1336 1401 19.
1361 1365 1392 1400 si
1421 1364 1626 1400 desierit

109 1421 236 1457 agere
254 1414 293 1455 2,
316 1413 376 1456 18,
402 1414 435 1447 3.
458 1424 551 1458 quae
568 1424 643 1448 non
664 1414 912 1448 desierunt
935 1424 1085 1458 carpere
1109 1416 1165 1456 11,
1182 1415 1217 1455 1,
1235 1411 1293 1446 24.
1311 1411 1442 1446 desinit
1467 1411 1625 1457 judicem

126 1456 167 1491 in
188 1467 229 1492 se
249 1465 464 1493 convertere
489 1462 554 1502 11,
578 1462 623 1499 3,
648 1461 728 1495 128.
765 1466 927 1493 naturam
951 1461 1079 1494 ducem
1113 1459 1215 1504 sequi
1248 1458 1490 1493 desierunt
1521 1457 1574 1502 (a.
1602 1461 1627 1494 1·

127 1502 312 1545 defidant)
336 1505 372 1548 5,
394 1507 450 1548 10,
468 1508 549 1540 101.
575 1505 621 1548 qr.
639 1507 675 1548 9,
693 1508 728 1549 3,
748 1508 828 1540 100.
851 1509 929 1540 101.
955 1508 1011 1549 ιο,
1035 1507 1071 1549 3,
1095 1508 1153 1540 23.
1181 1509 1237 1547 11,
1263 1508 1298 1548 2,
1322 1505 1357 1540 9.
1388 1508 1444 1548 12,
1471 1507 1527 1547 10,
1554 1505 1625 1546 78;

130 1548 260 1585 desinit
287 1561 346 1585 ers
369 1561 450 1586 esse
474 1549 518 1595 4,
542 1554 584 1593 2,
612 1555 693 1591 127.
725 1553 823 1597 quod
856 1551 995 1586 desinet
1021 1563 1101 1586 esse
1127 1551 1311 1597 proprium
1339 1554 1383 1594 7,
1406 1554 1450 1594 3,
1472 1551 1531 1585 24.
1556 1561 1627 1584 nec

125 1593 164 1635 id
185 1601 240 1631 sat
262 1602 319 1631 eat
338 1596 503 1632 inimicos
519 1598 644 1642 fuisse,
670 1599 735 1632 sed
755 1609 801 1632 en
829 1598 1064 1633 desierint
1085 1598 1120 1641 5,
1145 1601 1180 1642 7,
1208 1600 1271 1640 13;
1297 1597 1464 1633 derivare
1481 1598 1626 1643 quando

110 1641 232 1677 demit
249 1642 363 1678 licere
378 1644 417 1688 8,
438 1646 474 1686 3,
494 1645 554 1680 36.
581 1644 620 1678 in
640 1646 719 1679 sole
744 1644 862 1678 sidera
884 1644 963 1688 ipsa
988 1645 1158 1679 desinunt
1180 1644 1283 1680 cerni
1304 1646 1341 1689 8,
1366 1645 1401 1683 5.
1424 1646 1483 1680 29.
1509 1645 1627 1679 donec

101 1686 244 1743 adu-eo
269 1689 432 1734 queem-i
458 1690 711 1726 desineret
740 1694 805 1734 11,
829 1693 875 1735 3,
897 1691 933 1726 6.

82 1729 271 1775 DfflSlo·
326 1757 418 1792 quos
443 1758 518 1782 non
541 1748 727 1782 destiterat
751 1748 935 1783 incessere
959 1750 1016 1792 10,
1042 1751 1075 1790 1,
1101 1747 1181 1783 126.

82 1785 354 1855 ΒΘΒΡί-ΞΙἮἚῘΟ·
400 1815 472 1848 quo
496 1805 564 1839 sibi
586 1815 663 1841 non
684 1816 855 1850 praesens
881 1811 1018 1840 tantum
1044 1806 1201 1848 dolor,
1233 1804 1297 1838 sed
1329 1802 1436 1838 etiam
1459 1804 1627 1847 despe-

127 1852 255 1881 ratio
286 1859 325 1882 ιιι
357 1856 538 1893 posterum
567 1851 670 1885 fieret
697 1854 760 1894 10,
785 1854 826 1894 3,
853 1851 909 1886 14.
941 1853 1017 1897 qui,
1045 1856 1248 1896 praesumta
1273 1850 1525 1895 desperatione
1553 1859 1626 1894 quo

128 1892 246 1926 velint
267 1895 464 1938 evadendi,
488 1896 651 1940 protinus
679 1897 775 1932 cirea
795 1898 867 1932 ima
893 1898 1115 1932 substiterint
1133 1899 1192 1932 Pr.
1217 1898 1274 1931 20.

83 1933 293 1993 ΒθδΡΕΙὌ·
356 1949 400 1994 ι)
440 1954 652 1996 simpliciter.-
693 1966 741 1989 ne
782 1956 973 1999 desperent
1010 1961 1092 1989 ante
1129 1953 1418 1998 experimentum
1460 1954 1523 1994 12,
1556 1953 1598 1985 11
1612 1976 1626 1994 ,

129 1997 165 2030 9.
213 1996 295 2047 pion
317 1996 547 2040 desperemus
570 2002 606 2042 7,
630 2002 663 2040 1,
687 2001 744 2035 56.
772 2006 809 2035 et
833 2003 1088 2044 desperant
1113 2007 1150 2035 et
1174 2002 1333 2035 dolent
1354 2002 1389 2040 2,
1414 1998 1451 2040 4,
1479 2001 1534 2032 10.
1562 1998 1627 2032 vel

130 2041 340 2076 deficere
362 2043 483 2086 potius
503 2055 610 2087 quam
635 2046 887 2089 desperare
917 2050 972 2089 12,
996 2048 1054 2080 Pr.
1073 2050 1106 2080 2.
1160 2046 1207 2091 β)
1228 2059 1258 2079 c.
1283 2049 1445 2078 Accus.
1472 2051 1531 2076 aut
1554 2044 1625 2077 de:

129 2098 267 2121 summa
294 2088 459 2132 desperet
485 2092 552 2132 12,
583 2093 640 2133 11,
664 2092 723 2125 26.
762 2092 972 2135 desperatur
998 2092 1170 2136 turpiter,
1205 2090 1377 2136 quidquid
1402 2089 1480 2123 fieri
1509 2094 1629 2133 potest

132 2136 166 2176 1,
187 2136 250 2177 10,
276 2135 311 2176 8,
348 2135 533 2179 desperata
558 2137 795 2170 connectendi
818 2138 987 2171 facultate
1011 2141 1046 2179 2,
1072 2141 1129 2180 11,
1155 2138 1188 2172 5.
1215 2155 1258 2160 -
1283 2136 1411 2182 agendi
1442 2138 1498 2178 12,
1522 2137 1558 2177 3,
1582 2136 1624 2178 93

131 2179 402 2224 desperantibus
426 2182 480 2215 de
504 2192 548 2215 eo
572 2181 702 2216 ceteris
724 2182 872 2216 medicis
901 2186 939 2226 7,
965 2186 1001 2225 2,
1028 2186 1085 2217 17.
1154 2182 1196 2228 y)
1229 2195 1296 2226 seq.
1319 2185 1446 2215 Aecus.
1476 2194 1504 2214 c.
1531 2180 1626 2222 Ins..-

132 2227 356 2270 desperasset
369 2225 406 2260 id
420 2237 527 2271 posse
544 2227 688 2262 defendi
706 2229 741 2271 5,
764 2231 821 2271 12,
839 2231 873 2263 3.
900 2230 997 2272 quod
1015 2229 1123 2262 modo
1148 2239 1188 2262 se
1210 2227 1280 2271 ipsi
1306 2237 1412 2271 posse
1434 2227 1628 2270 desperent

131 2275 189 2314 12,
208 2274 264 2327 10,
282 2275 339 2307 75.
362 2284 480 2317 neque
493 2285 635 2318 semper
653 2279 708 2308 est
725 2275 999 2318 desperandum,
1023 2274 1157 2318 aliquid
1172 2283 1279 2318 posse
1297 2273 1450 2317 reperiri
1467 2275 1524 2316 10,
1540 2273 1575 2316 5,
1587 2274 1624 2309 5.

85 2316 304 2372 Desplclo.
346 2327 377 2372 1)
399 2333 553 2374 proprie.-
581 2332 715 2365 nullam
737 2331 777 2364 in
800 2331 888 2375 (Sp.
913 2334 995 2374 om.)
1018 2337 1135 2366 terras
1151 2331 1337 2375 despicere
1359 2330 1626 2375 providentiam

120 2375 167 2416 ,6,
190 2374 248 2426 Pr.
267 2375 350 2408 42.
421 2374 472 2420 11)
496 2379 519 2411 ἱ.
547 2391 580 2422 q.
596 2383 843 2412 'contemnor
868 2383 1039 2422 patronus
1064 2396 1108 2405 -—
1132 2383 1341 2420 avertat,
1366 2376 1625 2421 despiciat,

131 2420 355 2472 derideat
379 2421 422 2464 5,
448 2424 515 2464 13,
542 2425 631 2458 2Ν.
678 2423 738 2468 qui
763 2435 803 2458 se
827 2435 935 2468 supra
958 2425 1104 2458 modum
1136 2424 1299 2466 extollit,
1330 2434 1546 2467 premere
1581 2434 1626 2457 ac

131 2466 384 2510 despicere
410 2468 566 2503 creditur
593 2473 651 2513 11,
674 2473 707 2513 1,
734 2470 791 2504 16.
825 2481 938 2514 parva
961 2470 1043 2513 illa,
1067 2481 1160 2515 quae
1185 2469 1412 2514 despicienda
1437 2469 1628 2512 judicave-

92 2548 97 2549 7
129 2515 296 2565 runt-1⁶1,
326 2515 360 2555 1,
386 2515 441 2547 13.
481 2515 595 2550 veluti
618 2516 865 2560 despexissent
888 2516 1045 2550 oratoria
1068 2522 1257 2560 praecepta
1279 2518 1337 2559 12,
1362 2518 1397 2557 3,
1424 2519 1479 2550 12.
1516 2525 1626 2559 saepe

132 2559 397 2602 doeplclendam
423 2570 503 2594 esse
525 2561 714 2596 utilitatem
740 2564 783 2606 3,
806 2563 842 2606 8,
866 2563 934 2605 303
977 2567 1119 2606 cetera,
1151 2568 1192 2596 ut
1214 2561 1442 2607 professione
1466 2573 1533 2595 sua
1554 2560 1627 2595 mi-

94 2640 97 2641 ⁷
131 2615 242 2659 nor'a,
270 2605 468 2649 despiciunt
493 2609 528 2650 2,
552 2610 587 2652 1,
610 2611 644 2642 2.

86 2646 287 2693 Destino·
335 2660 374 2705 ο)
401 2667 473 2705 ant,
496 2669 537 2698 nt
558 2665 600 2698 1..
628 2664 778 2700 Crassus
804 2664 843 2698 in
869 2663 970 2698 libris
996 2663 1181 2700 Ciceronis
1208 2664 1363 2699 destinat
1390 2663 1441 2706 (a.
1464 2667 1487 2697 1.
1514 2662 1627 2697 desti-

132 2706 275 2750 nabat),
308 2708 387 2752 jura
419 2710 672 2753 quaerentibus
698 2712 824 2746 reddet
859 2714 925 2754 12,
954 2713 1016 2754 11,
1041 2711 1129 2746 4Ν.
1170 2721 1245 2745 non
1281 2720 1489 2745 communes
1524 2710 1627 2743 locos

131 2753 273 2788 “edere
300 2753 517 2808 destinamus
544 2757 586 2800 5,
612 2760 656 2801 1,
681 2759 724 2799 3;
762 2756 821 2791 cui
845 2756 1054 2801 (cmm-ino
1079 2757 1275 2792 destinatur
1307 2757 1443 2800 1o,·5‚
1471 2754 1528 2789 19.
1564 2754 1627 2799 qui

134 2799 220 2835 toro
242 2799 475 2836 destinabitur
495 2804 538 2847 2,
562 2804 600 2847 8,
625 2805 660 2840 8.
699 2803 764 2840 ille
788 2802 875 2839 huic
900 2802 979 2850 spei
999 2804 1197 2840 desiimus
1223 2806 1259 2848 1,
1283 2805 1318 2848 1,
1340 2805 1377 2838 7.
1425 2801 1524 2846 quod
1546 2800 1628 2836 cui-

98 328 157 356 »α
192 322 226 357 6

123 371 160 411 ¹,
181 365 219 410 4.

121 415 160 457 9,
184 413 220 456 4,
