1702 3054
148 290 239 327 xlv
779 278 1008 322 Praefatio.

1012 370 1016 375 ψ
1031 325 1081 394 Α*

157 416 340 450 tamen
363 395 559 446 acriter
581 392 839 455 adhibito,
874 411 945 441 ne
977 384 1133 461 grato
1154 409 1398 442 sermone
1423 407 1478 443 et
1497 391 1702 442 blandis·

161 478 488 549 argumentis
526 474 742 523 editoris
779 474 995 540 decepti
1034 475 1167 522 falsa
1195 492 1299 540 pro
1331 473 1470 524 veris
1506 475 1702 540 ample-

162 576 396 610 ctantur.
467 554 654 603 Edidit
700 554 788 602 hic
831 553 974 601 idem
1019 570 1214 603 auctor
1246 555 1448 604 Latine
1481 559 1702 603 eundem

161 642 373 698 librum,
394 642 485 686 sed
510 636 605 684 sibi
635 649 689 682 et
711 634 922 683 Latinis
955 634 1131 694 literis,
1146 634 1342 701 quibus
1366 629 1702 701 alioquirsatii

163 719 491 769 laudabilem
513 733 735 783 operam
756 714 1047 785 impendit,¹
1067 715 1254 765 melius
1288 716 1654 772 consuluisset,
1677 732 1699 763 s

165 801 414 852 versione
459 816 558 846 sua
602 796 785 844 fuisset
836 810 1145 845 contentus.
1224 796 1463 845 Minores
1506 795 1702 844 libellos

165 882 307 927 foras
339 881 610 926 dederunt
637 877 974 938 Eichhoff,
1003 877 1195 926 iterum
1222 877 1406 925 Gissae
1432 876 1576 938 1830,
1596 890 1702 924 tex-

166 975 282 1008 tum
327 958 518 1006 decimi
562 957 683 1005 libri
729 975 853 1006 cum
898 958 1058 1007 variis
1102 957 1426 1022 lectionibus
1468 956 1702 1006 editionis

170 1038 518 1097 Coloniensis,
541 1051 708 1086 antea
733 1042 983 1086 nondum
1007 1039 1130 1088 satis
1151 1039 1438 1107 diligenter
1458 1039 1692 1086 collatae

170 1135 224 1168 et
258 1122 662 1185 pseudonymus
697 1119 793 1168 Fr.
832 1119 1004 1166 Guil.
1045 1118 1357 1186 Augusti,
1401 1118 1699 1166 Helmstadi

177 1200 339 1261 1831„
382 1198 620 1266 juveniS‚
667 1213 730 1247 ut
771 1200 1016 1260 videtur,
1063 1216 1096 1246 a
1135 1198 1299 1246 literis
1339 1215 1458 1245 non
1496 1197 1702 1245 alienus

173 1296 318 1331 certe
374 1280 651 1347 ingentem
703 1279 962 1327 librorum
1006 1282 1356 1327 laudatorum
1403 1278 1618 1344 copiam
1662 1279 1702 1326 i1

173 1359 639 1411 annotatiunculis
686 1359 789 1407 suis
840 1359 1215 1420 coacervavit,
1254 1373 1320 1407 ut
1349 1372 1492 1408 totas
1527 1359 1702 1407 biblio-

170 1448 355 1491 thecas
387 1458 510 1489 eum
533 1443 605 1487 ad
627 1457 800 1488 unum
824 1441 1065 1489 libellum
1095 1442 1508 1506 explanandum
1530 1457 1702 1488 excus-

172 1524 294 1572 sisse
361 1524 618 1569 crederes.
705 1522 916 1569 Horum
970 1521 1211 1570 omnium
1271 1520 1532 1569 librorum
1595 1537 1702 1587 posi

170 1606 445 1656 Volumen
467 1603 531 1651 V.
575 1600 842 1649 editorum
878 1601 919 1650 si
950 1602 1070 1667 quis
1097 1600 1404 1650 uberiorem
1436 1617 1702 1650 censui-an

170 1702 343 1734 meam
367 1681 694 1742 desiderarit,
731 1681 788 1729 in
807 1682 1115 1730 Annalibus
1146 1681 1518 1749 proximorum
1543 1699 1702 1731 anno-

169 1782 288 1814 rum
314 1761 556 1811 literariis
582 1761 825 1810 inveniet
847 1767 910 1825 ⁹⁸²),
947 1763 1218 1830 quidquid
1248 1780 1380 1814 vero
1403 1762 1480 1811 illi
1514 1761 1614 1830 ipsi
1648 1765 1702 1810 ac'

170 1842 569 1908 Quintilianum
605 1844 911 1891 accuratius
943 1847 1387 1912 cognoscendum
1427 1860 1525 1892 aut
1567 1842 1702 1892 resti-

167 1927 434 1971 tuendum
466 1921 755 1970 contulisse
787 1924 916 1971 mihi
954 1925 1311 1984 videbantur,
1355 1925 1459 1972 suis
1499 1922 1630 1971 locis
1659 1922 1702 1969 ir

166 2003 376 2052 Lexico
403 2002 519 2068 ipso
544 2005 975 2055 commemoravi.

302 2085 406 2132 Sed
449 2100 658 2132 novum
701 2089 981 2149 quoddam
1025 2088 1466 2145 fundamentum,
1509 2082 1568 2130 in
1602 2098 1702 2147 quc

167 2181 327 2228 super
346 2163 645 2230 Spaldingii
668 2165 959 2214 editionem
978 2166 1089 2232 ipse
1114 2184 1292 2214 meum
1327 2182 1464 2229 opus
1497 2176 1702 2210 extrue-

165 2260 292 2303 rem,
327 2245 475 2292 facta
503 2243 630 2291 mihi
662 2259 741 2293 est
774 2245 986 2293 editio
1010 2244 1437 2310 Zumptiana,
1475 2259 1618 2307 quae
1641 2245 1702 2289 ad

164 2321 325 2370 fidem
378 2322 641 2372 Codicum
698 2325 1192 2391 manuscriptorum
1247 2320 1448 2389 optimi.
1481 2321 1702 2390 generis,

159 2495 210 2502 —.

275 2592 316 2645 *)
347 2593 604 2636 Jahrbiichcr
636 2595 708 2637 fiir
746 2596 1146 2639 wissenschaftliche
1174 2596 1321 2637 Kritik
1359 2595 1446 2637 Iuli
1483 2596 1588 2634 2830
1623 2594 1702 2634 No.

159 2661 303 2713 5--7-
343 2676 383 2700 u.
422 2665 519 2703 Juni
553 2667 659 2706 1833
691 2668 774 2709 No.
810 2669 1061 2707 118—120.
1119 2666 1380 2718 Allgemeine
1410 2665 1702 2714 Schulzeitung

153 2728 282 2768 Abth.
310 2732 363 2770 ΙΙ.
393 2732 475 2770 No.
506 2734 573 2771 23.
633 2735 752 2775 Neue
779 2734 1039 2776 Jahrbiicher
1073 2734 1146 2775 fiir
1184 2735 1420 2788 Philologie
1454 2733 1542 2774 und
1570 2731 1702 2773 Pada-

151 2797 279 2849 gogik
314 2800 435 2839 1832.
470 2802 544 2850 VI,
579 2817 614 2841 1.
