1728 3002
484 129 721 186 Respiratio
754 155 803 162 ——
837 129 1089 187 Respondeo
1468 132 1549 172 785

0 234 272 292 ,Respil’fltiffl
321 244 439 280 debita
462 244 660 280 actionibus
683 255 777 288 resp.
802 244 843 288 9,
869 244 914 287 4,
940 245 996 279 18.
1024 255 1118 288 resp.
1144 243 1210 278 sub
1234 256 1252 278 a
1304 255 1323 278 a
1348 244 1411 278 diu
1435 245 1549 289 pressi

63 291 244 338 (spiritns)
267 290 392 326 similis
416 294 480 335 11,
505 293 547 333 3,
570 292 628 326 53.
665 291 821 326 secunda
842 302 874 325 r.
899 290 1077 325 increscat
1111 292 1153 324 ib.
1178 290 1234 326 49.
1256 255 1371 334 aux)
1393 291 1549 335 respira-

62 338 162 373 tione
195 337 320 372 crebra
351 340 396 371 ib.
419 338 476 372 63.
510 348 603 381 quae
633 348 708 372 non
739 337 847 372 dubie
877 342 1044 372 contexta
1078 342 1184 380 sunt,
1218 347 1286 371 nec
1314 337 1550 382 respiratione

59 390 210 419 utuntur
231 385 267 427 9,
289 382 333 428 4,
355 384 413 419 67.
448 395 481 418 v.
505 383 651 418 Mora.

14 439 213 496 Respiro.
258 451 304 492 1)
340 452 444 495 turpe
482 451 617 485 ducunt
658 452 732 485 ullo
779 452 862 486 loco
901 449 1079 495 respirare
1114 448 1173 493 (ιίι
1207 448 1312 493 orat.)
1342 450 1387 494 8,
1413 449 1456 494 5,
1492 449 1550 484 14.

61 499 121 540 11)
151 501 324 531 translat:
362 497 548 532 Liberatus
581 509 671 531 sum.
702 496 903 541 Respiravi.
933 497 1035 541 (fig.)
1059 498 1103 539 9,
1130 498 1175 538 2,
1204 497 1261 530 26.
1291 506 1372 529 cum
1395 495 1546 541 poeticis

7 575 9 577 .
59 543 301 588 voluptatibus
323 554 427 578 aures
455 555 476 578 a
502 544 851 588 forensi-asperitate
875 543 1051 587 respirent
1082 545 1114 585 1,
1136 543 1172 584 8,
1205 544 1258 575 11.
1289 554 1320 576 υ.
1344 543 1436 577 Res
1443 541 1551 577 icio.

15 597 284 656 Respondet).
327 612 368 654 1)
398 613 613 646 concedendo.
639 611 681 655 a)
701 613 744 645 ae
761 613 952 645 hominibus.
978 608 1011 652 a)
1025 608 1170 643 materia
1195 609 1288 644 bene
1308 610 1550 654 respondendi

63 657 108 699 6,
132 659 176 700 3,
199 658 255 692 81.
281 655 327 699 es.
353 657 393 700 5,
421 661 456 701 7,
480 659 538 693 28.
562 657 920 704 interrogandi,
944 655 1279 700 respondendi
1302 662 1420 700 partes
1447 658 1491 699 3,
1515 656 1552 699 4,

65 705 120 737 10.
153 702 187 737 v.
212 704 473 748 Interrogo.
510 714 584 737 non
607 705 928 749 respondere,
957 703 1054 747 quod
1082 701 1177 746 (Sp.
1198 702 1243 735 ad
1267 702 1375 746 quae)
1402 702 1554 736 inter-

61 753 257 796 rogatur
279 747 315 791 4,
340 752 376 791 2,
399 752 446 784 92
470 751 506 783 S.
531 761 576 784 ne
601 750 742 784 incaute
765 751 1005 794 respondeas,
1031 754 1071 782 ut
1097 759 1153 791 ap.
1174 747 1393 782 Aeschinem
1417 748 1554 784 Socra-

15 817 21 825 .
60 795 170 828 ticum
195 795 287 828 male
309 795 494 839 respondit
521 796 692 840 Aspasiae
718 795 971 840 Xenophontis
994 804 1089 829 uxor
1112 796 1154 837 5,
1179 797 1236 836 11,
1259 797 1315 829 27.
1341 794 1470 838 pudice
1494 806 1553 828 re-

61 840 483 921 zffi¹¹3353132121i⁹4¹¹3¹²
505 840 553 921 ἓξ
575 841 1162 931 ”332055'5530‘32'12325‘25232
1186 840 1555 930 ἓέἔξοὲαέᾞάιῗῦἷ·

404 912 415 929 )
469 913 481 930 )
554 910 563 921 ·
1481 912 1492 930 )
1542 911 1554 929 ¹

63 931 122 968 34.
149 932 304 966 urbanus
327 933 437 966 homo
460 932 551 975 erit,
588 934 688 977 cujus
710 935 820 966 multa
842 934 934 967 bene
970 932 1096 965 dicta
1128 942 1445 976 responsaque
1471 935 1557 966 Do-

63 981 150 1012 mit.
177 980 319 1012 Mars.
343 979 388 1021 6,
412 980 455 1021 3,
480 979 558 1013 105,
614 979 662 1022 1))
690 991 717 1012 c.
743 982 852 1012 Dat„-
885 978 944 1012 cui
965 976 1176 1021 responderi
1198 987 1272 1011 non
1295 978 1414 1012 statim
1441 977 1555 1022 possit

19 1020 25 1030 ¹
62 1024 107 1068 6,
134 1022 176 1067 4,
201 1022 257 1058 14.
293 1024 721 1070 interrogantibus
752 1026 905 1058 libenter
927 1023 1143 1067 respondeat
1164 1025 1207 1065 2,
1232 1026 1278 1066 2,
1305 1024 1342 1058 6.
1376 1024 1462 1068 quid
1486 1034 1556 1058 ro-

63 1067 1015 1162 Ξ)“ἓ“.ἒ’.ἓέ..ξῗῧῒ’ζῗιθξὲυῑὲθξέἒξὲυὲζζὲξεὲ)
1043 1069 1095 1147 3²
1119 1071 1164 1148 {5
1195 1070 1255 1156 ²03³
1283 1067 1336 1148 ἔ·
1351 1070 1383 1148 1⁶
1394 1070 1555 1151 ’⁵³:22

145 1139 156 1150 .
338 1139 348 1149 .
439 1142 447 1150 .
1009 1140 1021 1158 ,
1077 1140 1089 1157 ,
1165 1142 1175 1151 .
1248 1139 1258 1148 .
1315 1140 1326 1158 ,
1372 1140 1402 1158 ,.
1437 1141 1447 1150 .

65 1163 121 1198 ad
147 1162 329 1207 proposita
350 1163 591 1207 respondeant
621 1164 662 1206 5,
686 1165 753 1206 13,
782 1163 848 1206 35;
875 1159 1133 1206 dispensatori,
1158 1170 1240 1194 cum
1266 1161 1322 1194 sd
1347 1160 1398 1205 (α.
1424 1165 1449 1196 1.
1474 1160 1556 1205 σω.)

64 1207 203 1252 reliqua
224 1218 299 1242 non
321 1209 555 1253 responderet
576 1209 612 1252 6,
638 1211 672 1249 3,
698 1210 744 1245 93
770 1210 817 1244 N.
872 1207 914 1252 β)
941 1209 984 1241 de
1005 1208 1114 1241 rebus.
1145 1208 1193 1249 Aa)
1220 1217 1340 1251 neque
1362 1207 1555 1241 scrutanda

63 1254 203 1302 singula
226 1260 264 1289 et
284 1255 385 1290 velut
406 1254 560 1288 ostiatim
585 1257 773 1300 pulsanda,
796 1260 837 1288 ut
861 1255 987 1297 sciant,
1011 1263 1058 1287 an
1071 1254 1116 1287 ad
1133 1252 1356 1297 probandum
1371 1252 1431 1297 id,
1455 1254 1555 1298 quod

63 1299 288 1343 intendimus,
314 1301 410 1334 forte
427 1302 668 1345 respondeant
690 1303 724 1345 5,
742 1303 798 1344 10,
816 1303 895 1335 122.
921 1299 1114 1334 collatione
1131 1298 1289 1334 invicem
1311 1300 1553 1344 respondente

0 1356 24 1386 t,
60 1347 108 1389 8,
130 1347 174 1390 3,·
196 1349 254 1389 77,.
284 1345 325 1380 in
357 1347 607 1391 contrapositis
637 1355 700 1382 etc.
739 1349 831 1382 solet
867 1347 1087 1390 respondere
1125 1345 1318 1389 primormn
1357 1346 1553 1381 verborum

0 1389 25 1431 ἶ
60 1393 201 1427 alterna
226 1390 392 1437 repetitio
417 1395 456 1436 9,
485 1395 526 1436 3,
549 1395 607 1428 32.
633 1400 672 1428 ut
695 1404 771 1428 non
798 1394 847 1437 (S
851 1405 888 1436 p.
909 1396 1006 1426 inser.
1025 1392 1093 1435 ad)
1119 1391 1292 1436 requisita
1318 1393 1551 1436 respondere,

63 1439 129 1472 sed
154 1449 296 1483 semper
325 1439 488 1474 sensibus
520 1440 707 1474 inhaerere
729 1439 919 1475 videantur
941 1439 984 1481 8,
1008 1439 1068 1472 Pr.
1093 1439 1139 1472 30
1163 1439 1200 1472 S.
1222 1438 1311 1472 haec
1339 1439 1465 1472 eadem
1489 1449 1555 1486 ge-

22 1491 26 1494 *
61 1491 151 1518 nera
172 1485 393 1519 commodius
422 1485 460 1519 in
479 1487 587 1520 rebus
614 1498 720 1530 quam
746 1486 786 1519 in
807 1484 1011 1519 nominibus
1033 1484 1253 1528 respondent
1274 1484 1311 1527 6,
1332 1485 1367 1527 3,
1386 1483 1442 1520 54.
1469 1484 1555 1529 quia

64 1538 148 1564 raro
171 1531 267 1564 belle
288 1533 529 1575 respondeant
551 1532 672 1576 (verba
694 1534 778 1565 duos
801 1544 913 1564 sensus
936 1530 1180 1572 significantia)
1207 1532 1251 1563 ib.
1276 1528 1335 1563 48.
1363 1528 1408 1570 cs.
1436 1532 1492 1573 10,
1516 1532 1552 1574 3,

64 1575 101 1610 9.
147 1573 188 1615 b)
213 1588 243 1608 c.
271 1578 380 1608 Dat„-
415 1579 635 1620 respondere
661 1579 780 1611 futura
803 1575 1004 1620 praeteritis
1026 1577 1071 1617 3,
1094 1576 1139 1617 8,
1162 1575 1221 1609 66.
1253 1574 1373 1608 media
1400 1586 1553 1620 respon-

65 1621 153 1661 dere
177 1621 240 1656 vel
261 1619 404 1664 primis,
425 1624 487 1656 vel
512 1623 643 1656 ultimis
666 1622 724 1656 —'·.
758 1622 989 1665 Respondent
1014 1620 1137 1663 primis
1161 1625 1199 1654 et
1220 1620 1343 1654 ultima
1366 1621 1403 1664 9,
1430 1623 1466 1664 3,
1495 1621 1552 1656 34.

43 1662 442 1711 «(ὅμοιόπτωτον)
465 1669 657 1712 respondet
679 1669 740 1703 vel
764 1667 887 1712 primis
914 1666 1035 1700 inter
1057 1677 1118 1708 se,
1143 1667 1205 1701 vel
1226 1667 1372 1707 mediis,
1399 1669 1461 1701 vel
1486 1678 1555 1702 ex-

66 1711 188 1746 tremis
213 1714 257 1746 ib.
279 1713 334 1746 78.
359 1723 428 1746 nec
455 1723 540 1747 sane
565 1714 693 1748 ceteris
717 1715 793 1758 ejus
816 1712 1007 1748 virtutibus
1030 1712 1283 1755 respondentia
1309 1711 1425 1757 (dieta)
1446 1713 1491 1757 6,
1519 1715 1556 1757 3,

66 1760 102 1791 2.
128 1756 164 1790 si
187 1757 339 1791 tenuitas
365 1770 407 1792 ac
435 1759 636 1802 jucunditas
667 1759 719 1793 in‘
740 1759 874 1804 asperis
904 1757 1143 1806 gravibusque
1175 1757 1290 1791 causis
1323 1759 1475 1802 ponderi
1495 1770 1557 1793 re-

67 1814 149 1837 rum
171 1813 295 1846 parum
317 1806 555 1848 respondeant
577 1809 635 1848 10,
661 1809 696 1849 2,
721 1807 778 1840 23.
825 1805 878 1848 11)
902 1805 1115 1838 occurrendo.
1161 1808 1198 1845 a)
1224 1806 1425 1847 simpliciter.
1459 1803 1498 1848 a)
1525 1804 1556 1839 si

68 1859 258 1893 percussus
280 1848 347 1892 sit,
375 1851 470 1894 quod
491 1851 736 1895 respondisset
759 1851 809 1894 (i.
833 1864 864 1885 e.
892 1863 978 1884 non
1009 1851 1197 1882 tulisset
1229 1852 1396 1883 tacitus
1436 1851 1558 1894 inju-

8 1895 14 1913 ἕ
69 1896 211 1937 ι-ἰαίη)
233 1895 277 1935 6,
301 1897 343 1938 1,
369 1899 413 1932 17
438 1897 486 1932 Ν.
523 1897 618 1942 Quid
642 1897 754 1940 enim,
781 1908 861 1931 cum
882 1896 1101 1940 respondere
1124 1905 1199 1928 non
1220 1895 1354 1939 possis,
1380 1897 1555 1943 agendum

14 1950 18 1951 ⁷
70 1945 147 1982 est,
173 1939 243 1974 nisi
265 1946 306 1974 ut
326 1941 422 1975 aliud
442 1942 627 1988 invenias,
652 1944 710 1977 cui
733 1942 958 1978 adversarius
980 1942 1200 1985 respondere
1222 1952 1297 1975 non
1319 1944 1432 1986 possit
1454 1944 1494 1985 6,
1519 1941 1555 1986 4,

68 1986 139 2029 202
155 1997 238 2020 cum
264 1985 418 2031 simplex
441 1988 593 2023 intentio
619 1989 706 2032 erit,
729 1989 924 2024 videndum
947 1993 1019 2031 est,
1050 1998 1161 2020 unum
1184 1987 1315 2031 aliquid
1338 1990 1557 2032 respondea-

39 2050 41 2053 «
66 2042 159 2075 mus,
184 2043 230 2065 an
254 2034 357 2076 plura
380 2037 416 2076 7,
441 2037 474 2077 1,
498 2037 554 2069 13.
579 2046 669 2080 quae
691 2045 1046 2079 responsurum
1069 2034 1310 2068 adversarium
1334 2039 1470 2067 certum
1490 2039 1558 2077 est,

6 2102 30 2125 ς,
69 2077 147 2122 pari
174 2089 260 2111 cura
290 2079 585 2114 refelluntur
608 2084 676 2124 12,
699 2082 740 2124 9,
773 2083 829 2118 19.
864 2092 946 2115 cum
975 2079 1139 2123 protinus
1169 2080 1456 2122 respondendum
1488 2085 1557 2123 est,

6 2128 16 2141 ⁸
70 2123 191 2157 omnia
222 2124 342 2168 parari
372 2135 446 2159 nou
480 2133 629 2169 possunt
660 2129 702 2160 ib.
730 2127 793 2170 163
824 2132 861 2160 et
888 2125 1138 2170 expositione,
1165 2130 1333 2168 tanquam
1362 2125 1558 2168 priores

0 2203 3 2207 ,
74 2174 230 2216 agant,
261 2169 313 2203 uti
331 2171 463 2214 solent,
490 2177 527 2205 et
551 2173 968 2215 contradictione,
992 2177 1159 2214 tanquam
1181 2172 1500 2215 respondeant
1520 2170 1557 2214 4,

66 2217 109 2258 2,
133 2215 180 2250 29
203 2215 252 2248 Ν.
287 2214 332 2256 qs.
357 2218 400 2258 3,
422 2217 469 2260 6,
491 2219 550 2251 13.
605 2217 654 2262 1))
678 2221 827 2252 Partis-..-
866 2215 1181 2261 respondenti
1206 2216 1349 2250 facilius
1372 2222 1426 2251 est
1452 2227 1558 2261 quam

69 2260 348 2305 proponenti
375 2262 411 2304 4,
438 2265 471 2304 1,
493 2263 538 2298 36
558 2264 606 2297 N.
632 2262 677 2305 cs.
698 2266 734 2306 3,
759 2265 795 2307 6,
825 2266 879 2298 13.
906 2264 940 2306 5,
966 2264 1022 2302 13.
1043 2263 1100 2298 29.
1123 2262 1158 2304 6,
1182 2264 1218 2305 3,
1243 2262 1302 2296 46.
1330 2263 1416 2296 dant
1437 2264 1494 2297 de
1517 2273 1558 2297 se

68 2306 367 2350 respondentibus
398 2308 671 2343 venustissimos
699 2311 798 2343 lusus
822 2311 865 2353 5,
891 2311 956 2352 13,
977 2307 1043 2350 46;
1079 2317 1153 2341 non
1178 2318 1433 2352 responsurum
1454 2308 1559 2343 inva-

69 2357 192 2385 serunt
215 2354 271 2394 12,
291 2354 347 2395 10,
373 2354 428 2388 13.
453 2354 600 2400 gratiam
622 2355 847 2399 responsuris
870 2356 915 2397 (ί.
941 2367 972 2387 e.
1000 2354 1220 2397 patronis)
1242 2355 1359 2388 aufert
1379 2355 1416 2397 6,
1442 2357 1475 2397 1,
1498 2356 1558 2390 20.

0 2426 8 2444 e
69 2395 115 2438 cs:
143 2399 198 2438 12,
223 2398 260 2439 9,
288 2401 344 2431 11.
391 2397 429 2442 c)
456 2401 626 2434 Ger-und„-
652 2401 752 2444 cujus
776 2398 975 2442 (brevitatis)
1002 2400 1135 2442 duplex
1156 2399 1274 2433 forma
1296 2405 1370 2443 est,
1400 2399 1558 2434 dicen-

70 2442 118 2476 di
140 2454 184 2477 ac
210 2445 545 2488 respondendi
570 2446 606 2488 6,
631 2448 668 2489 3,
690 2447 747 2481 45.
767 2444 863 2491 resp.
886 2444 1105 2481 verecundia
1130 2446 1165 2487 3,
1189 2445 1223 2488 5,
1247 2446 1290 2479 15
1308 2447 1356 2480 Ν.
1379 2451 1478 2480 tanta
1501 2446 1558 2483 vis

0 2532 6 2538 ‚
69 2487 204 2532 optime
230 2499 324 2533 resp.
346 2489 381 2532 5,
410 2492 467 2533 13,
490 2490 559 2534 43;
590 2491 797 2538 (Euripides)
819 2491 1025 2526 dicendo
1049 2501 1091 2524 ac
1115 2492 1456 2535 respondendo
1480 2493 1559 2526 cui-

0 2539 14 2579 ’4
68 2535 159 2569 libet
180 2544 307 2569 eorum
329 2537 588 2581 comparandus
607 2540 665 2581 10,
696 2540 729 2580 1,
754 2539 812 2573 68.
858 2538 923 2571 Est
943 2536 1062 2581 aliqua
1086 2536 1193 2571 etiam
1214 2537 1253 2570 in
1274 2548 1369 2582 resp.
1388 2538 1502 2585 figura
1521 2539 1558 2581 9,

70 2582 112 2621 2,
137 2583 194 2614 12.
223 2580 270 2622 cs.
296 2583 360 2625 12,
384 2583 426 2625 9,
449 2585 507 2621 20,
538 2595 572 2617 υ.
598 2584 827 2618 Provoc0.
870 2583 913 2626 β)
938 2595 970 2616 ο.
992 2586 1077 2616 Dat.
1118 2583 1157 2625 a)
1178 2584 1362 2617 hominum.-
1387 2584 1556 2628 quibus

47 2654 50 2658 ,
73 2624 155 2670 quia
177 2627 289 2660 multa
310 2632 348 2661 et
373 2627 533 2671 pluribus
557 2628 648 2663 locis
671 2628 748 2664 Cic.
771 2628 849 2673 ipse
870 2627 1054 2673 respondit
1082 2630 1139 2671 12,
1166 2630 1223 2671 10,
1252 2630 1308 2664 15.
1330 2629 1558 2674 respondisse

0 2692 12 2725 ,ἴ
71 2670 252 2725 nobilitati
277 2673 465 2716 pulchrum
498 2673 566 2709 erit
588 2676 609 2709 3
622 2699 633 2717 ‚
646 2677 703 2719 r7,
731 2677 788 2709 10.
833 2674 911 2722 Ego
936 2673 1089 2709 Romani
1110 2674 1256 2719 pudoris
1281 2686 1383 2710 more
1408 2681 1557 2711 conten-

18 2738 27 2742 «
74 2721 153 2759 tus,
177 2722 218 2751 ut
238 2729 311 2762 jam
333 2719 504 2765 respondi
527 2719 675 2765 talibus,
704 2720 959 2758 verecundiam
977 2720 1122 2757 silentio
1145 2721 1336 2759 vindicabo
1358 2723 1405 2766 8,
1427 2724 1473 2766 3,
1499 2722 1557 2758 39.

114 2786 198 2819 Lex.
225 2788 339 2829 Quint.
1170 2791 1215 2826 50
