1728 3002
42 117 124 159 778
579 115 739 175 Repleo
768 142 823 150 ——
852 117 1046 177 Reposco

86 231 356 277 percontatione
378 233 412 277 5,
441 233 475 276 7,
499 235 556 267 27.
591 243 689 267 nunc
711 231 815 267 altius
841 232 958 268 omnis
982 233 1037 269 rei
1063 234 1258 280 repetenda
1282 234 1374 270 ratio
1399 236 1520 280 estfi,
1542 239 1576 279 2,

86 282 132 322 2;
166 278 308 326 longius
335 290 413 322 res,
449 290 539 322 quae
564 284 832 324 comparentur,
855 286 1021 326 repetere
1043 281 1079 324 5,
1105 283 1162 325 11,
1185 283 1243 316 23.
1265 280 1408 329 longius
1428 279 1579 318 interm-

85 324 229 371 gatione
252 325 403 371 repetita
430 325 450 359 5
463 350 472 366 ,
497 327 519 359 7
535 349 545 367 ,
570 327 625 359 17.
671 321 709 370 δ)
731 331 896 371 repetere
922 327 1168 362 auctoritatem
1190 338 1211 362 a
1234 327 1395 373 plurimis
1411 323 1580 364 *vsi-ffli-

84 374 128 415 5,
152 374 219 414 41,
244 373 300 408 39.
330 382 454 406 causas
475 381 550 405 non
571 370 697 417 utique
726 373 778 407 ab
805 372 932 407 ultimo
957 385 1036 409 esse
1065 375 1277 419 repetendas
1301 375 1344 416 5,
1367 376 1423 417 10,
1446 374 1505 410 83.
1528 375 1580 408 ab
1624 400 1627 402 -

83 418 285 453 oratoribus
320 418 487 462 exempla
519 423 687 463 repetunt
717 421 761 453 ib.
793 422 874 454 120.
909 421 1022 455 verba
1045 432 1066 455 a
1091 426 1271 457 vetustate
1302 420 1452 466 repetita
1475 423 1517 465 1,
1545 422 1580 462 6,

83 465 139 500 39.
177 464 223 506 cs.
248 467 290 498 ib.
317 463 382 507 40,
402 475 479 510 ‘ex
502 464 675 499 memoria
707 465 827 510 potius
859 467 1052 511 repetimus
1083 468 1142 510 (a.
1168 471 1189 501 1.
1217 477 1276 501 res
1298 467 1470 511 petimus,
1494 467 1582 512 quod

84 510 343 555 praeferendum
367 510 534 553 videtur),
559 522 664 556 quam
691 522 749 557 ex
771 512 918 547 materia
943 516 998 557 10,
1023 514 1057 557 6,
1082 517 1119 549 7.
1140 525 1199 548 res
1222 513 1380 549 vetustas
1404 518 1503 547 tanto
1525 523 1604 546 ex>

77 557 276 592 'intervallo
311 556 482 602 repetitas
507 559 574 601 11,
600 560 641 601 2,
669 557 702 593 5.
736 559 839 594 locos
869 569 928 594 ex
958 559 1083 594 intima
1116 559 1362 606 quaestionum
1391 557 1582 594 subtilitate

82 603 255 648 repetitos
282 605 320 647 1,
344 603 386 646 4,
411 602 446 637 4.
479 615 548 638 nec
576 614 632 638 ex
655 604 788 639 ultimis
812 606 970 641 tenebris
1002 607 1200 651 repetenda
1222 604 1356 652 (verba)
1381 607 1423 649 8,
1453 606 1496 648 3,
1523 605 1582 639 25.

80 649 241 694 repetitis
267 661 319 684 ex
343 654 522 685 vetustate
550 651 674 686 verbis
702 654 759 696 11,
788 655 822 695 1,
851 651 910 688 49.
954 654 1016 694 Π)
1042 665 1129 698 quae
1152 654 1244 686 dicia
1266 656 1321 687 vel
1347 653 1472 696 scripta
1494 657 1582 684 sunt.

82 697 125 736 α)
154 696 264 731 lectio
279 695 391 730 libera
409 702 475 740 est,
500 708 568 731 nec
592 698 742 732 actionis
761 698 895 743 impetu
911 699 1143 733 transcurrit:
1168 699 1232 734 sed
1253 704 1419 743 repetere
1442 696 1583 741 saepius
1633 700 1637 704 ⁴

82 742 178 785 licet,
208 743 286 778 sive
312 742 464 784 dubites,
488 743 567 780 sive
590 745 785 780 memoriae
806 745 951 792 affigere
975 745 1068 780 velis
1090 748 1146 788 10,
1165 748 1199 788 1,
1223 746 1279 787 19.
1308 750 1412 780 erunt
1431 741 1583 789 cognitis

81 790 246 824 omnibus
270 790 467 834 repetenda
494 792 538 824 ib.
563 793 620 824 21.
647 792 692 825 ad
710 793 861 826 verbum
884 792 1035 836 repetita
1054 793 1253 826 reddantur‘
1272 793 1328 835 11,
1347 793 1382 833 2,
1397 790 1455 826 39.
1474 793 1529 824 est
1546 793 1583 823 et

79 834 168 869 illud
197 836 455 880 repetendi
481 846 612 884 genus,
637 838 734 882 quod
753 839 865 872 semel
890 838 1074 884 proposita
1096 838 1247 872 iterat
1270 839 1311 872 'et
1335 835 1521 872 dividit
1545 836 1582 876 9,

83 884 119 924 3,
145 882 201 917 35.
250 881 292 926 β)
317 895 347 916 c.
372 882 449 926 obj.
467 897 477 916 .·
504 893 623 928 neque
647 886 719 918 hoc
747 895 864 929 neque
889 885 1075 930 superiora
1098 885 1138 918 in
1161 889 1303 918 oratore
1325 882 1457 928 repetit
1481 878 1581 926 (Cic.)

79 930 124 972 9,
149 931 196 972 3,
221 929 280 965 97.
319 928 435 962 oratio
467 940 595 964 carens
626 931 694 964 hac
719 931 852 966 virtute
883 932 925 977 (ι’.
957 945 988 966 e.
1012 929 1195 974 ordine)
1223 940 1373 965 necesse
1397 935 1451 963 est
1474 929 1585 962 multa

78 980 298 1019 repetat,
320 976 431 1010 multa
454 980 672 1010 transeat
693 980 729 1020 7,
753 978 811 1012 Pr.
836 979 870 1013 3.
893 979 991 1023 quod
1017 977 1101 1012 satis
1127 976 1263 1011 dictum
1285 974 1360 1020 est,
1386 975 1583 1020 repetimus

79 1023 122 1065 8,
148 1023 207 1056 Pr.
231 1019 289 1055 24.
312 1026 539 1065 repetunt
563 1028 599 1056 et
623 1029 938 1069 componunt,
964 1035 1055 1070 quae
1079 1023 1279 1058 effuderant
1301 1024 1370 1066 10,
1387 1024 1437 1065 3,
1463 1023 1522 1056 17.
1545 1020 1584 1054 in

79 1067 326 1111 experiendo,
366 1073 539 1103 teneasne
565 1089 613 1096 —
635 1068 727 1103 nihil
761 1070 975 1115 supervacui
1010 1069 1183 1115 temporis
1215 1068 1330 1113 perit,
1365 1074 1438 1114 qu'o
1459 1066 1582 1110 etiam,

78 1127 171 1159 quae
196 1121 380 1156 tenemuS‚
403 1114 563 1158 repeti
587 1116 725 1159 solent3
750 1115 801 1151 ita
825 1118 923 1160 sola,
948 1128 1039 1162 quae
1064 1115 1299 1159 exciderunt,
1323 1113 1584 1160 retractaq-
1601 1156 1617 1161 ο

78 1166 154 1195 tur
191 1163 231 1194 11
249 1186 260 1203 ,
284 1163 330 1203 2,
360 1162 423 1203 35;
461 1161 522 1194 illa
547 1161 762 1196 Sallustiana
795 1163 953 1198 brevitas
974 1183 1015 1189 —
1034 1162 1238 1196 audientem
1269 1161 1490 1203 transvolat,
1515 1169 1584 1194 neo

78 1209 162 1241 (lum
190 1212 395 1250 repetatur,
422 1213 590 1250 expectat
610 1207 648 1251 4,
673 1211 709 1250 2,
735 1207 793 1243 45.
825 1215 987 1254 repetam
1005 1209 1065 1243 hic
1093 1219 1236 1254 quoque
1258 1207 1355 1242 idem
1378 1206 1583 1250 exemplum

77 1255 120 1297 8,
147 1252 190 1296 4,
220 1255 273 1286 12.
303 1252 451 1286 nomina
475 1253 619 1286 mutatis
645 1254 786 1288 casibus
810 1255 925 1298 repeti
947 1256 990 1297 9,
1016 1257 1060 1297 3,
1088 1256 1144 1290 80.
1180 1254 1278 1298 iique
1303 1250 1450 1297 (pedes)
1476 1262 1583 1296 repe-

71 1297 176 1334 'tendi
202 1303 307 1332 erunt
333 1299 374 1340 9,
399 1297 433 1340 4,
459 1299 515 1333 95.
546 1299 691 1332 interim
717 1301 895 1334 sententia
919 1300 1062 1345 quidem
1085 1299 1278 1344 repetitur,
1302 1299 1367 1333 sed
1390 1299 1473 1332 eod.
1497 1308 1582 1339 yer-

76 1346 203 1380 borum
229 1343 356 1378 ordine
380 1344 416 1386 9,
441 1345 476 1387 3,
506 1343 562 1378 43.
593 1346 704 1379 verba
729 1346 905 1380 declinata
928 1351 1140 1389 repetuntur
1163 1347 1206 1379 ib.
1231 1344 1289 1379 85.
1314 1350 1354 1378 ut
1379 1349 1584 1388 repeterent

77 1398 184 1434 vota,
210 1396 246 1425 et
273 1391 375 1425 velut
403 1400 499 1424 nova
524 1390 732 1433 precatione
760 1397 948 1426 uterentur
970 1390 1005 1431 4,
1029 1393 1088 1433 Pr.
1113 1390 1159 1434 4;
1190 1389 1421 1424 memoria
1444 1394 1582 1437 repeto,

77 1437 267 1473 convictos
295 1447 316 1470 a
339 1447 416 1478 me,
443 1435 505 1481 qui
531 1438 839 1480 reprehenderant
865 1440 907 1480 1,
930 1438 972 1480 6,
999 1439 1062 1480 10;
1099 1437 1152 1471 de
1176 1436 1374 1471 mutatione
1400 1435 1582 1470 literarum
1599 1447 1606 1452 ·

77 1484 168 1518 nihil
190 1487 356 1527 repetere
383 1481 442 1516 hic
471 1493 621 1517 necesse
646 1489 700 1517 est
726 1486 759 1527 1,
783 1487 818 1526 7,
845 1485 909 1527 133
942 1497 1009 1529 seq.
1033 1486 1119 1518 Aoo.
1145 1496 1174 1517 c.
1201 1481 1297 1525 Inf..·
1327 1487 1488 1527 repetam
1502 1493 1583 1515 aie-

77 1542 180 1565 cesse
204 1535 279 1568 est,
309 1527 464 1562 infinitas
490 1539 569 1563 esse
597 1529 757 1572 (species)
782 1530 828 1572 6,
852 1531 896 1573 3,
925 1532 1005 1564 101.
1030 1529 1264 1574 repetendum
1287 1534 1344 1563 est
1366 1527 1479 1572 mihi,
1507 1538 1581 1562 non

76 1587 204 1612 omnes
232 1586 296 1610 eos
320 1573 440 1619 (locos)
466 1574 668 1609 oratoribus
694 1575 894 1611 convenire
923 1577 968 1609 ib.
993 1574 1054 1610 46.
1384 1581 1386 1583 ’

30 1621 211 1679 Repleo·
252 1643 343 1678 quae
366 1632 598 1676 replenda
624 1633 687 1668 vel
711 1631 986 1676 dejicienda
1010 1637 1094 1667 sunt
1124 1632 1181 1675 10,
1205 1629 1243 1675 4,
1270 1633 1303 1665 1.

30 1688 224 1746 Replico·
271 1702 372 1736 velut
397 1702 553 1746 quodam
577 1700 723 1735 fastidio
746 1700 967 1745 replicantur
991 1700 1123 1744 (labra)
1148 1702 1214 1744 11,
1240 1701 1282 1744 3,
1303 1700 1360 1735 81.

29 1747 165 1803 Repo·
211 1759 297 1805 quid
320 1769 395 1793 nou
420 1759 562 1792 adultus
589 1757 841 1803 concupiscet,
881 1758 942 1803 qui
965 1758 1003 1792 in
1031 1757 1198 1803 purpuris
1220 1756 1315 1801 repit
1342 1758 1374 1798 1,
1396 1758 1432 1799 2,
1456 1755 1492 1790 6.
1523 1759 1526 1763 '

29 1804 225 1860 RGPOHO·
271 1815 314 1860 I)
346 1818 379 1850 in
407 1818 580 1860 pristinum
614 1819 723 1848 locum
755 1818 916 1850 restituo:
956 1815 1096 1870 ungues
1123 1813 1241 1860 polire
1269 1818 1305 1848 et
1331 1812 1500 1858 capillum
1522 1823 1583 1847 re-

76 1873 214 1907 ponere
241 1863 305 1909 (a,
329 1866 350 1896 1.
377 1859 610 1906 componere)
636 1862 672 1903 8,
695 1862 754 1895 Pr.
781 1864 828 1896 22
852 1863 901 1897 N.
929 1873 1108 1897 cervicem
1130 1865 1313 1906 reponunt
1338 1865 1374 1894 et
1397 1858 1582 1894 brachium

76 1909 116 1942 in
141 1910 234 1943 latus
260 1910 393 1953 jactant
417 1907 461 1951 4,
485 1911 530 1950 2,
557 1908 603 1942 39
627 1908 675 1940 Ν.
700 1907 844 1942 interim
869 1914 1015 1953 quartus
1038 1907 1193 1952 (digitus)
1218 1905 1364 1950 oblique
1394 1904 1582 1950 reponitur

77 1958 136 1998 11,
160 1957 194 1999 3,
219 1956 278 1991 99.
303 1961 424 2001 togam
449 1952 770 1996 dejicientem
793 1960 829 1988 et
851 1952 1160 1999 reponentem
1184 1954 1219 1995 6,
1247 1954 1288 1994 3,
1307 1950 1364 1986 54.
1391 1951 1435 1993 cs.
1466 1954 1524 1994 11,
1546 1953 1580 1994 3,

79 1999 167 2044 1493
193 2012 261 2036 nec
285 2001 393 2036 facile
417 1999 562 2045 reponit
584 1999 680 2034 aliud
705 1999 886 2046 (verbum),
912 2002 996 2035 dum
1017 2000 1069 2043 id,
1095 1999 1191 2045 quod
1212 1998 1418 2042 scripserat,
1444 1996 1582 2042 quaerit

78 2049 136 2090 11,
166 2050 201 2090 2,
229 2047 294 2090 49;
323 2053 363 2081 ut
387 2052 589 2092 opportuna
614 2064 659 2071 —
683 2045 968 2094 interrogatione
991 2048 1093 2082 velut
1121 2045 1165 2079 in
1189 2046 1338 2092 gradum
1363 2049 1583 2090 reponantur

79 2094 207 2135 (testes)
233 2094 267 2136 5,
295 2097 331 2137 7,
363 2096 418 2127 11.
453 2093 664 2128 excidentes
690 2092 797 2126 unius
820 2092 1064 2128 admonitione
1093 2092 1197 2127 verbi
1224 2091 1270 2125 in
1302 2089 1580 2124 memoriam

77 2145 302 2183 reponuntur
329 2143 391 2183 11,
417 2142 453 2182 2,
481 2140 536 2175 19.
583 2136 636 2181 11)
667 2140 691 2172 i.
718 2152 748 2183 q.
773 2142 987 2174 recondo.-
1016 2149 1195 2183 reponere
1219 2137 1266 2170 in
1289 2136 1492 2171 hiemem
1517 2134 1582 2169 ali-

79 2193 200 2219 menta
227 2189 269 2229 2,
295 2187 361 2228 16,
387 2186 444 2220 16.
472 2185 604 2229 scripta
629 2184 675 2218 in
701 2185 892 2230 aliquod
914 2191 1109 2230 tempus
1132 2189 1358 2228 reponuntur
1382 2185 1448 2224 10,
1470 2181 1517 2231 4,
1538 2184 1579 2223 2;

79 2233 182 2266 velut
204 2231 376 2279 {rigidi
402 2237 438 2266 et
461 2230 670 2275 repositi
694 2230 765 2265 cibi
789 2235 832 2276 2,
857 2232 900 2275 4,
923 2233 982 2268 29.
1005 2230 1185 2276 repositus
1211 2231 1400 2264 thesaurus
1426 2231 1462 2272 2,
1486 2230 1522 2271 7,
1545 2225 1579 2260 4.

81 2277 323 2321 acquisita
353 2279 524 2312 facultate
557 2283 593 2312 et
624 2276 724 2322 quasi
766 2278 982 2323 reposita
1007 2279 1052 2320 8,
1085 2278 1144 2311 Pr.
1171 2278 1240 2318 29;
1273 2275 1322 2309 iu
1358 2285 1449 2319 quo
1481 2284 1582 2318 spem

78 2323 222 2357 unicam
253 2336 293 2359 re
321 2324 474 2358 onebam
497 2324 541 2366 6,
564 2325 623 2358 Pr.
649 2326 692 2366 23
730 2322 813 2368 illa,
850 2335 941 2370 quae
968 2322 1168 2368 scriptis
1197 2320 1443 2366 reposuimus,
1481 2320 1582 2356 velut

79 2370 262 2405 custodire
310 2370 480 2405 esinimus
506 2372 570 2413 11,
599 2371 640 2413 2,
666 2370 700 2405 9.

33 2424 236 2479 Repol'to·
283 2437 460 2473 infantem
489 2449 590 2472 suam
613 2437 843 2484 frigidissime
866 2436 1066 2483 reportavit
1089 2436 1140 2478 (r'n
1163 2433 1305 2479 iudicio)
1329 2434 1374 2478 6,
1398 2436 1431 2477 1,
1458 2433 1516 2470 39.

34 2480 245 2537 RGPOSCO·
282 2494 324 2539 α)
347 2507 429 2540 rep
443 2506 629 2539 oscere,
655 2507 747 2540 quae
772 2497 855 2541 dep
868 2506 890 2530 o
904 2494 1036 2530 sueri
1049 2506 1065 2528 s
1088 2494 1123 2537 9,
1148 2495 1184 2536 2,
1209 2494 1265 2528 63.
1302 2504 1335 2525 v.
1359 2493 1580 2535 Depono.

84 2539 183 2584 quod
212 2539 339 2584 cuique
364 2543 448 2576 loco
473 2554 493 2576 c
506 2542 734 2577 redideru
748 2554 770 2576 n
783 2548 819 2585 t,
844 2553 990 2586 repos
1003 2546 1118 2575 cunt
1143 2542 1198 2579 11,
1223 2542 1258 2582 2,
1279 2540 1336 2572 20.
1364 2539 1408 2571 ad
1429 2543 1492 2570 eos
1519 2545 1581 2567 au-

86 2590 205 2619 ctores
229 2596 428 2626 recurrere,
455 2588 515 2633 qui
540 2589 716 2623 desertam
739 2593 877 2633 partem
901 2587 1078 2622 oratoriae
1103 2585 1189 2621 artis
1215 2596 1237 2619 o
1246 2595 1265 2619 c
1273 2595 1293 2618 c
1302 2595 1327 2617 u
1337 2596 1360 2628 p
1370 2594 1423 2617 av
1433 2593 1452 2614 e
1461 2591 1510 2614 ru
1521 2590 1542 2612 n
1555 2585 1582 2622 t,

86 2636 122 2665 et
152 2630 266 2665 veluti
298 2638 458 2667 nostrum
488 2646 536 2668 re
548 2648 570 2680 p
584 2645 749 2669 oscere
778 2636 835 2668 Pr.
865 2635 920 2669 17.
973 2633 1026 2679 β)
1054 2646 1082 2668 c.
1108 2633 1235 2676 duplici
1258 2633 1381 2664 Aecus.
1396 2642 1407 2661 .-
1441 2630 1583 2660 centum

85 2677 217 2710 talenta
232 2683 353 2711 mutua
373 2680 557 2714 Thessalis
582 2682 634 2714 de
645 2682 665 2714 d
677 2681 688 2714 i
699 2693 715 2715 s
726 2692 772 2714 se
793 2681 989 2715 Thebanos
1007 2700 1052 2706 —
1069 2684 1193 2723 postea
1207 2674 1372 2710 Thebani
1383 2676 1582 2725 ’reP⁰⁸⁰¹‚¹¹¹¹

85 2724 280 2758 Thessalos
302 2724 323 2759 5
334 2750 343 2766 ,
368 2727 410 2759 10
420 2749 428 2762 ‚
461 2729 536 2760 111.
572 2728 775 2770 reposcenti
810 2727 920 2761 filium
945 2727 1037 2772 patri
1059 2725 1160 2760 velut
1185 2721 1359 2758 rationem
1381 2718 1582 2762 impendio-
