1728 3002
194 168 275 208 840
702 163 908 209 Similiter
933 190 991 200 —-
1019 165 1214 224 Simplex

197 267 418 310 Similiter·
464 280 508 325 α)
532 293 588 326 ap.
610 283 746 317 Verba.-
775 292 894 327 neque
912 282 1035 318 eadem
1056 281 1095 317 ln
1116 291 1224 326 voce,
1245 285 1434 328 gestuum
1462 292 1492 318 s.
1516 283 1645 321 decent
1667 285 1724 327 11,

243 328 278 369 3,
309 327 385 362 150.
409 337 437 360 s.
466 327 640 372 cadentia,
667 333 703 362 et
723 338 753 362 s.
776 328 987 372 desinentia,
1013 333 1050 363 et
1073 329 1174 364 eod.
1197 329 1328 364 modo
1350 328 1583 374 declinatus),
1603 328 1642 374 4,
1663 329 1723 364 42.

245 371 299 414 cs.¹
321 373 356 415 9,
381 374 415 415 3,
440 375 498 408 77.
522 374 558 417 9,
581 372 617 417 4,
645 375 712 415 18;
742 374 786 417 9,
811 376 854 418 3,
880 375 936 409 85.
959 386 990 410 s.
1014 374 1276 410 decurrentium
1297 373 1490 420 spatiorum
1509 375 1554 420 S,
1574 373 1728 418 4,-114.

243 420 288 463 β)
311 420 335 451 i.
356 431 388 462 q.
403 421 483 462 pari
505 422 653 453 ratione.-
679 419 710 454 si
734 431 914 466 quaeram,
937 431 1028 466 quae
1049 420 1095 455 sit
1117 420 1264 455 materia
1286 420 1458 464 statuafii,
1480 419 1618 466 didani·
1643 432 1726 456 aes:

246 463 277 497 si
302 475 489 508 quaeram,
517 477 607 510 quae
633 465 679 500 sit
703 466 889 500 excusoris
911 486 959 492 —-
984 466 1063 502 sim.
1088 478 1148 502 aes
1171 477 1251 502 esse
1271 466 1489 512 respondent
1512 468 1644 511 2,.23=,
1672 469 1727 501 10.

248 507 292 550 cs.
318 512 357 549 3,
386 514 427 554 7,
452 514 507 546 27.
531 513 577 555 6,
600 514 642 554 3,
667 514 722 547 55.
745 513 933 546 laudantur
952 514 1060 547 urbes
1082 524 1111 548 s.
1138 518 1275 558 atque
1297 512 1462 548 homines
1483 514 1529 556 3,
1545 513 1672 557 2126.
1697 524 1728 547 s.

247 555 394 590 etiam
422 557 605 591 civitatum
627 559 726 605 leges
752 566 814 597 etc,
848 559 982 594 habent
1017 559 1248 594 differentiam
1271 561 1315 602 5,
1339 561 1407 602 10,
1430 558 1487 594 25.
1517 557 1593 593 illic
1619 568 1728 605 quo-

246 613 334 682 ἓὲξξί
355 623 406 684 c-
408 603 470 684 .ῖί
477 615 525 683 ¹3¹1-
532 615 573 683 ..ἲ
575 609 962 686 ’ῗῗῖῗῖὲιὲθξηὲ
964 616 1044 685 '³¹1⁸ss
1048 617 1102 686 '’i-
1120 611 1167 686 ἰὲ
1189 616 1240 685 ῗῖ
1250 605 1519 686 ω’ἓιιὲιῖᾞὛ
1538 607 1587 685 'ii
1607 607 1657 686 ²3
1674 604 1728 688 ¹1?

569 674 577 682 ι
959 677 970 695 ‚
1508 675 1521 694 9
1600 675 1613 693 9
1717 673 1728 687 Ι

248 707 295 728 cr.
329 696 415 730 vel
453 695 551 730 sim.
586 696 797 731 aliorum
823 699 888 741 11,
922 699 963 740 1,
989 698 1046 733 86.
1070 710 1103 732 υ.
1125 696 1252 732 Alius
1285 697 1330 732 11.
1357 702 1404 731 et
1435 695 1534 741 sim.
1560 702 1728 732 cete-re

248 741 284 782 4,
311 743 343 784 1,
371 742 426 776 16.
474 741 516 786 γ)
545 744 577 775 in
600 745 762 778 transitu.-
789 742 1036 778 Similiter
1066 743 1168 778 alia.
1193 746 1235 788 1,
1260 743 1301 787 5,
1325 745 1380 778 13.
1417 742 1454 778 8.
1477 741 1518 778 in
1538 741 1728 778 vocabulis

248 791 284 822 et
307 787 508 822 nominibus
535 788 574 822 fit
597 787 828 824 soloecismus
850 791 894 823 ib.
919 788 976 824 45.
1006 788 1051 833 cs.
1077 792 1112 831 1,
1137 793 1173 832 7,
1195 787 1232 823 4.
1263 791 1298 830 1,
1323 790 1387 833 10,
1410 787 1445 824 6.
1475 789 1519 833 3,
1541 787 1587 832 6,
1609 788 1668 824 75.
1693 789 1728 832 5,

250 835 304 872 10,
328 836 386 868 72.
413 835 449 877 7,
474 833 510 878 4,
535 836 592 869 23.
625 834 690 870 Ac
713 835 810 870 sim.
835 834 874 869 in
897 835 1128 871 translatione
1151 837 1187 880 3,
1213 835 1249 879 6,
1276 835 1334 870 76.

202 887 461 932 Similitudo·
508 899 548 946 α)
572 901 681 948 (fig.)
702 903 738 946 9,
765 905 799 947 1,
823 904 880 938 31.
903 902 941 947 9,
964 906 999 947 2,
1022 906 1059 938 2.
1090 901 1394 949 ..A11eg01-ia.
1418 898 1728 947 Amphtbona.

249 958 314 980 cur
335 957 410 982 non
434 947 513 981 sim.
537 959 619 993 pars
644 959 769 983 causae
792 954 945 984 vocatur
966 952 1002 994 3,
1019 950 1056 994 9,
1077 949 1112 984 4.
1135 948 1248 984 nostri
1270 949 1348 983 sere
1372 945 1728 992 similitudinem

246 993 371 1028 vocari
393 995 615 1038 maluerunt,
640 995 737 1039 quod
761 995 804 1028 ab
828 994 898 1029 illis
921 992 1174 1041 παραβολὴ
1203 993 1333 1030 dicitur
1360 993 1405 1037 5,
1429 995 1494 1038 11,
1521 996 1555 1039 1.
1585 991 1728 1028 tin-avion

248 1049 277 1073 s.
300 1040 344 1083 8,
367 1039 411 1083 6,
435 1041 458 1075 8
483 1052 518 1075 υ.
536 1041 840 1085 Metaphora.
873 1042 964 1076 adeo
987 1052 1016 1076 s.
1043 1041 1230 1076 manifesta
1254 1045 1333 1083 est,
1361 1045 1402 1073 ut
1425 1050 1504 1082 eam
1527 1030 1728 1075 discernere

247 1095 322 1118 non
350 1085 395 1119 sit
418 1085 456 1119 in
479 1092 620 1130 promtu
642 1087 685 1130 9,
712 1090 754 1130 1,
777 1089 812 1122 3.
837 1092 973 1121 tantam
998 1087 1239 1122 difficultatem
1261 1085 1370 1120 habet
1393 1097 1422 1120 s.
1453 1087 1518 1130 10,
1540 1084 1585 1129 2',
1609 1083 1664 1120 10.
1684 1085 1728 1119 ad

245 1130 468 1166 inferendam
490 1133 597 1167 rebus
617 1133 734 1168 lucem
756 1138 919 1177 repertae
946 1139 1029 1168 sunt
1051 1133 1318 1176 similitudines3
1352 1142 1499 1176 querum
1525 1129 1616 1174 alies
1635 1135 1728 1175 sunt,

247 1188 338 1221 quae
363 1178 583 1222 probationis
613 1179 724 1226 gratia
747 1178 842 1213 inter
865 1185 1070 1226 argumenta
1098 1184 1302 1224 ponuntur,
1341 1177 1432 1212 aliae
1459 1177 1505 1211 nd
1529 1175 1728 1222 exprimen-

248 1224 328 1256 dam
351 1235 471 1257 rerum
498 1224 687 1271 imaginem
712 1226 932 1269 compositae
956 1228 998 1270 8,
1021 1228 1064 1270 3,
1086 1228 1144 1262 72.
1174 1224 1313 1260 acriora
1339 1228 1421 1258 sunt
1443 1227 1480 1258 et
1501 1222 1728 1269 elegantiora,

249 1279 340 1312 quae
371 1271 559 1303 trahuntur
591 1281 638 1304 ex
667 1270 707 1305 vi
737 1282 902 1306 rerum.
947 1273 988 1305 In
1018 1272 1072 1306 his
1105 1271 1261 1305 maxime
1290 1270 1390 1306 valet
1417 1269 1524 1303 sim.⁴
1546 1276 1606 1303 etc.
1630 1269 1676 1314 6,
1696 1270 1728 1317 β,

249 1315 292 1347 57
320 1326 353 1347 v.
372 1315 472 1351 Res.
497 1316 678 1359 proximas
704 1317 915 1360 exempli
940 1317 1038 1351 vires
1060 1318 1167 1351 habet
1189 1316 1284 1350 sim.
1310 1317 1352 1359 5,
1379 1317 1442 1358 11,
1465 1317 1511 1356 22
1529 1318 1572 1353 Ζ.
1603 1313 1649 1355 cs.
1675 1316 1728 1357 10,

248 1362 283 1401 1,
305 1359 371 1402 493
396 1360 599 1395 Demetrius
622 1361 691 1394 fuit
717 1361 1049 1395 similitudinis
1072 1373 1176 1407 ‹suam
1197 1359 1582 1406 pulchritudinis
1607 1370 1728 1393 aman-

247 1405 319 1438 tior
343 1408 408 1449 12,
433 1408 496 1449 10,
525 1408 570 1449 93
595 1407 783 1442 adhibetur
805 1407 895 1441 sim.
920 1407 1062 1441 interim
1085 1408 1220 1451 palam,
1248 1405 1391 1441 interim
1412 1404 1524 1439 inseri
1549 1405 1641 1439 solet
1662 1416 1728 1450 pa-

247 1452 442 1486 rabolae
466 1453 508 1495 6,
535 1453 576 1496 5,
605 1454 660 1488 59.
689 1452 767 1486 illas
793 1453 895 1497 sinn,
920 1464 1009 1498 quae
1033 1454 1208 1487 ducuntur
1234 1462 1284 1486 ex
1309 1449 1414 1484 mutis
1437 1450 1646 1485 animalibus
1673 1455 1728 1485 aut

247 1496 432 1536 inanimis.
457 1497 563 1532 facile
586 1504 640 1532 est
661 1499 806 1533 eludere
832 1499 875 1540 5,
897 1501 961 1543 13,
985 1501 1044 1533 23.
1068 1509 1096 1532 s.
1119 1509 1193 1532 non
1217 1496 1265 1531 ab'
1284 1495 1487 1532 hominibus
1509 1497 1619 1531 modo
1639 1497 1728 1541 peti-

248 1548 307 1577 tur
328 1555 455 1578 verum
487 1544 593 1578 etiam
617 1545 661 1577 ab
685 1544 892 1578 animalibus
919 1545 962 1588 6,
986 1547 1029 1588 3,
1063 1544 1118 1579 57.
1155 1543 1322 1580 vitandae
1348 1553 1377 1577 s.
1407 1541 1520 1588 gratia
1540 1542 1584 1586 9,
1609 1545 1647 1584 1,
1674 1546 1728 1582 11.

249 1600 307 1623 res
330 1601 412 1634 per
436 1589 532 1628 sim.
556 1589 746 1624 attollimus
781 1596 841 1624 aut
864 1601 950 1634 per
974 1589 1372 1634 comparationem
1395 1595 1456 1622 etc.
1482 1589 1518 1631 8,
1540 1587 1576 1632 6,
1600 1589 1657 1624 68.
1685 1587 1728 1630 ιζίῖ

249 1636 295 1677 8,
320 1638 361 1679 5,
386 1638 425 1678 5;
470 1638 611 1670 Abtat..·
645 1642 813 1670 accentus
841 1635 1070 1670 similitudine
1093 1634 1170 1681 ipsa
1196 1635 1312 1681 minus
1335 1645 1463 1669 suaves
1491 1635 1555 1676 12,
1586 1635 1728 1677 10,.33.

251 1681 330 1715 sim.
354 1693 440 1715 usus
464 1688 517 1716 est
540 1686 575 1725 7,
599 1684 642 1725 3,
667 1684 724 1717 29.
756 1682 800 1724 cf.
826 1684 869 1726 3,
898 1686 939 1724 1,
964 1681 998 1716 4.
1020 1681 1056 1725 4,
1081 1684 1115 1723 1,
1135 1683 1194 1718 70.
1222 1679 1377 1715 taedium
1399 1690 1449 1714 ex
1470 1677 1573 1714 sim.
1601 1690 1643 1714 ac
1666 1691 1728 1714 sa-.

250 1726 426 1762 tietate
451 1733 547 1762 creat
570 1728 605 1771 9,
628 1727 664 1771 4,
689 1726 768 1762 143.
794 1740 829 1763 v.
853 1727 1128 1762 Affectatio.
1181 1725 1224 1771 β)
1252 1739 1280 1760 c.
1311 1727 1440 1760 Genii„-
1471 1722 1728 1761 similitudinem

253 1773 398 1817 pessimi
426 1774 596 1817 cujusque
624 1773 882 1818 concupierunt
906 1776 962 1816 10,
985 1777 1020 1816 2,
1045 1771 1100 1808 14.
1135 1777 1173 1805 ut
1197 1772 1227 1805 si
1250 1781 1395 1819 aegrum
1416 1769 1585 1808 tentantis
1605 1770 1728 1814 medici

252 1830 366 1855 venas
394 1817 622 1854 similitudine
649 1821 814 1854 ostendas
835 1822 890 1861 11,
911 1821 943 1860 3,
960 1820 1016 1854 88.
1041 1824 1101 1861 ut,
1125 1817 1156 1851 si
1179 1816 1332 1850 animum
1361 1816 1458 1850 dicas
1485 1816 1728 1859 excolendum,

250 1864 480 1899 similitudine
507 1871 623 1900 terrae
649 1866 758 1899 utaris
781 1866 824 1909 5,
853 1868 892 1898 11
907 1891 919 1908 ,
939 1864 997 1898 24.
1025 1863 1070 1906 cf.
1093 1865 1151 1898 25.
1175 1874 1203 1897 s.
1226 1862 1407 1897 literarum
1431 1862 1472 1904 5,
1498 1863 1557 1906 13,
1582 1863 1616 1898 8.
1643 1873 1728 1907 quo-

251 1910 344 1945 tiens
368 1912 560 1946 verborum
587 1911 869 1958 ambiguitas
901 1922 980 1944 cum
1008 1921 1127 1944 rerum
1157 1908 1247 1942 falsa
1270 1909 1373 1952 quad.
1399 1907 1496 1942 sim.
1519 1906 1678 1954 jungitur
1698 1910 1728 1953 8,

252 1957 293 1997 5,
317 1960 376 1991 21.
402 1956 447 1998 cf.
474 1958 507 1998 5,
530 1959 565 1998 2,
590 1959 624 1991 2.
657 1957 794 1992 etiamsi
818 1957 914 1989 nulla
939 1956 1052 1990 subsit
1073 1954 1216 1989 alterius
1241 1953 1343 1990 verbi
1365 1952 1444 1987 sim.
1466 1953 1502 1995 6,
1528 1955 1565 1995 3,
1589 1951 1647 1988 54.
1668 1954 1728 1988 ha-

252 2003 337 2036 bent
364 2003 492 2047 quand.
521 2013 570 2036 ex
593 2002 652 2036 illa
677 2003 756 2038 vitii
782 2001 858 2037 sim.
886 2001 1031 2049 gratiam
1054 2002 1097 2044 9,
1122 2002 1164 2042 3,
1185 2003 1244 2035 27.
1275 1997 1504 2033 similitudine
1525 1997 1644 2043 aliqua
1665 2010 1728 2036 vo-

255 2059 334 2082 cum
367 2051 408 2083 ib.
436 2049 505 2090 663
541 2054 678 2101 gestum
712 2047 863 2082 oratoris
895 2046 1062 2092 componi
1095 2047 1148 2080 ad
1173 2044 1268 2079 sim.
1298 2042 1492 2079 saltationis
1521 2047 1563 2088 1,
1587 2047 1653 2089 11,
1679 2047 1728 2082 19.

257 2094 405 2128 canticis
430 2095 482 2128 ad
509 2095 662 2129 aliorum
689 2095 786 2128 sim.
813 2094 1004 2128 modulatis
1028 2095 1063 2136 9,
1091 2095 1126 2134 2,
1149 2091 1206 2126 35.

208 2148 414 2205 Simplex.
455 2161 492 2204 Ι)
515 2164 617 2195 Posti.
645 2160 688 2204 α)
715 2161 869 2204 simplex
886 2161 923 2194 in
939 2159 1101 2195 docendo
1120 2160 1155 2201 2,
1171 2161 1206 2201 2,
1227 2157 1250 2192 5
1269 2157 1317 2192 Ν.
1340 2167 1408 2201 pro
1433 2154 1518 2191 sim
1528 2156 1728 2202 plicibus¹

251 2207 556 2254 negligentes
574 2210 637 2250 10,
666 2210 712 2251 2,
739 2207 802 2249 163
835 2212 916 2240 snut
941 2205 1120 2251 optima
1143 2203 1288 2237 minime
1311 2202 1551 2244 arcessita
1577 2209 1614 2238 et
1638 2203 1728 2239 simi

250 2253 449 2297 plicibus
473 2258 543 2297 atq.
568 2254 623 2287 ab
650 2253 756 2296 ipsa
786 2252 1004 2288 veritate
1037 2249 1280 2296 profectis
1303 2247 1431 2282 similia
1452 2249 1488 2291 8,
1511 2249 1570 2282 Pr.
1589 2250 1654 2291 233
1688 2250 1728 2289 Et

251 2301 340 2337 hoc,
366 2300 461 2343 quod
486 2298 591 2333 tertio
616 2300 700 2332 loco
724 2297 847 2342 posui,
874 2309 947 2332 non
971 2302 1026 2331 est
1050 2296 1204 2339 simplex
1224 2298 1269 2337 7,
1292 2296 1338 2337 2,
1362 2294 1397 2330 9.
1430 2291 1543 2338 1:129,
1565 2296 1610 2338 2,
1633 2297 1668 2329 7.
1697 2293 1728 2337 v}

254 2344 505 2389 Compono.
530 2346 558 2378 I.
605 2343 650 2389 β)
677 2357 707 2377 c.
733 2345 868 2378 Subs1.:
899 2339 1052 2386 ᾰφέλεια
1082 2341 1298 2385 simplex
1323 2343 1360 2373 et
1387 2338 1676 2374 inaffectata
1696 2340 1728 2385 8,·

253 2393 292 2432 3,
316 2391 371 2425 87.
400 2402 427 2424 s.
451 2395 487 2423 et
513 2390 665 2424 breve
689 2394 932 2436 argumentum
957 2387 991 2430 4,
1017 2391 1050 2430 2,
1077 2386 1131 2422 54.
1157 2398 1186 2420 s.
1217 2386 1351 2419 candor
1371 2388 1405 2424 1,
1430 2386 1464 2427 1,
1490 2386 1524 2419 5.
1550 2383 1728 2430 simpli*

254 2447 334 2469 ces
358 2456 402 2461 —
429 2437 720 2479 conjunctae
743 2445 869 2468 causae
898 2436 932 2476 3,
951 2435 986 2474 6,
1009 2435 1065 2468 91.
1088 2431 1145 2468 94.
1170 2444 1246 2474 ορρ.
1270 2431 1528 2475 perplexae
1551 2429 1594 2471 4,
1619 2433 1653 2474 1,
1677 2422 1728 2474 62

255 2481 300 2521 cf.
325 2481 368 2523 4,
394 2485 435 2523 2,
458 2481 515 2515 85.
545 2481 581 2523 6,
608 2485 641 2523 1,
670 2482 703 2516 8.
730 2493 762 2514 υ.
785 2478 1153 2523 Comparativus.
1182 2475 1429 2520 simplicis
1458 2481 1528 2520 atq.
1558 2475 1728 2523 inaffeq

255 2527 373 2559 etati
400 2526 530 2560 coloris
556 2527 602 2570 9,
632 2526 675 2570 4,
703 2529 756 2560 17.
789 2525 833 2567 cs.
861 2528 926 2568 12,
949 2527 1010 2566 10,
1033 2526 1065 2559 3.
1102 2524 1202 2559 velut
1230 2523 1358 2567 quodd.
1387 2521 1538 2564 simplex
1563 2521 1728 2556 orationi!

255 2572 516 2605 condimentum
541 2572 582 2614 6,
602 2575 650 2614 3,
676 2573 730 2606 19.
761 2581 833 2605 non
858 2583 885 2604 s.
913 2570 1145 2604 differentiam
1165 2570 1201 2612 9,
1223 2567 1260 2610 4,
1281 2566 1338 2601 45.
1362 2577 1434 2600 non
1457 2577 1486 2600 s.
1510 2575 1611 2600 error
1634 2567 1668 2608 3,
1696 2567 1728 2652 Ξ

255 2617 311 2649 53.
340 2628 369 2649 s.
392 2618 443 2650 rei
469 2618 711 2661 cujuscunque
736 2616 931 2650 enuntiatio
959 2617 993 2656 9,
1019 2619 1053 2658 1,
1075 2617 1132 2648 23.
1156 2625 1186 2648 8.
1214 2613 1366 2657 (periodi
1387 2610 1630 2662 genum-924,
1656 2614 1697 2644 12

257 2672 274 2692 a
299 2661 508 2704 simplici
533 2669 750 2706 rectoque
779 2661 947 2706 loquendi
971 2672 1101 2708 genere
1126 2661 1163 2703 9,
1188 2661 1223 2702 3,
1250 2660 1284 2691 3.
1308 2663 1467 2691 rectas
1491 2665 1534 2688 ac
1557 2654 1728 2699 simpl'F

256 2717 334 2738 (τρε
363 2718 485 2740 manns
511 2720 588 2751 opp,
617 2719 809 2742 aversae
831 2713 1071 2751 tectaeque
1097 2707 1139 2747 9,
1168 2707 1210 2747 1,
1233 2706 1290 2737 20.
1314 2714 1342 2736 s-
1365 2701 1472 2734 modo
1495 2700 1673 2734 indicandi

257 2755 299 2793 2,
332 2754 361 2783 1.
398 2764 428 2786 υ.
452 2753 644 2790 Promtu.
671 2765 699 2787 s.
724 2753 873 2787 canendi
897 2758 1022 2786 natura
1045 2754 1089 2794 5,
1113 2753 1178 2792 10,
1205 2749 1284 2783 124·
1310 2746 1355 2787 <ts-
1382 2749 1414 2789 ¹²
1441 2747 1555 2789 1116·
1577 2747 1614 2790 6,
1637 2750 1674 2791 2·
1697 2750 1728 2799 2⁴

1708 2823 1725 2886 ,ἕξ
