1728 3002
123 260 182 302 96
327 228 331 233 Ι
456 289 465 298 ,
624 251 895 296 Auditorium
925 272 982 283 —-
1009 247 1164 306 Augeo

171 373 254 408 aud.
273 371 310 416 4,
334 371 369 416 5,
392 369 425 406 6.
489 367 540 414 ΙΪ)
562 369 587 403 ἱ.
609 381 642 414 q.
670 365 906 410 discipuli.-
936 376 1013 409 opp.
1035 360 1262 408 praeceptori
1276 360 1477 406 rhetorices
1494 366 1531 409 2,
1550 363 1587 409 5,
1606 365 1671 409 16..

169 418 346 454 Periclem
371 417 608 462 Anaxagorae
636 413 831 448 auditorem
860 410 974 444 fuisse
998 412 1056 453 12,
1074 413 1110 454 2,
1126 413 1184 444 22.
1219 408 1352 454 aliquid
1372 410 1538 464 ,guotidie
1553 411 1662 456 dicat,
1716 440 1717 443 ,

171 477 263 511 quae
287 476 407 500 secum
431 463 609 497 auditores
634 461 728 503 (Sp.
754 455 896 501 audita)
923 456 1082 491 referant
1103 459 1140 500 2,
1162 459 1198 499 2,
1221 457 1257 491 8.
1293 466 1426 500 omnia,
1450 468 1543 503 quae
1563 464 1664 493 recta

172 518 274 555 sunt,
309 510 397 545 velit
422 508 575 552 (doctor)
601 518 680 541 esse
706 505 743 539 in
767 504 838 538 suis
859 503 1078 537 auditoribus
1106 513 1212 548 quam
1238 502 1447 547 plenissima
1469 504 1529 547 10,
1546 505 1583 548 25
1601 507 1662 540 21.

127 558 412 601 Auditorium.
459 567 602 609 plenum
618 562 828 597 auditorium
852 563 887 604 2,
914 563 970 604 11,
993 562 1028 599 3.
1063 571 1139 594 non
1162 559 1267 594 eand.
1292 571 1372 595 esse
1397 558 1664 605 condicionem,

173 616 264 650 fori
301 620 337 648 et
371 610 600 646 auditorii
638 612 700 652 10,
731 611 771 651 1,
797 607 853 642 36.
899 606 1157 652 eloquentiam,
1194 605 1280 641 licet
1308 607 1403 640 hanc
1434 606 1665 643 libidinosam
1716 624 1719 626 ·

173 660 341 705 resupina
374 660 556 702 voluptate
580 654 750 690 auditoria
771 654 925 698 probent
950 654 992 696 5,
1019 655 1083 695 12,
1108 655 1154 687 20
1179 653 1228 686 Ν.
1269 651 1308 686 in
1335 652 1521 699 auditoriis
1549 651 1666 707 §Gor-

173 707 278 751 giae)
314 710 355 748 2,
390 708 454 744 21,
490 707 546 737 21.
597 700 849 735 auditoriis
883 698 942 744 (a.
964 703 989 733 1.
1018 697 1218 744 auditoris)
1251 709 1313 743 ae,
1350 709 1428 734 non
1458 699 1664 744 judxciin
1707 743 1714 746 ‚

174 756 390 797 compararat
417 753 472 793 10,
490 753 523 792 1,
547 749 604 784 79.

130 797 326 840 Auditus.
373 806 414 850 α)
439 807 482 840 ad
506 803 662 839 auditum
692 803 957 837 accommodata
982 801 1097 847 (vox)
1127 804 1192 845 11,
1219 804 1265 846 3,
1297 801 1356 837 40.
1396 813 1467 837 nec
1498 801 1665 838 auditu
1704 804 1707 806 ’

173 858 235 891 sed
269 855 514 889 intellectu
543 851 796 895 perpendenda
831 855 886 883 est
923 848 1158 894 (proprietas)
1199 850 1244 893 8,
1262 851 1314 894 2,
1335 849 1372 885 6.
1410 849 1527 885 verba
1559 848 1667 884 etiam

172 903 251 947 ipso
276 900 394 934 auditu
418 909 541 942 aspera
567 900 602 940 8,
629 899 662 937 3,
689 899 744 930 17.
1662 923 1665 926 ,
1699 897 1707 923 ,’

126 959 303 1002 Aufero.
351 967 493 1002 abstulit
517 954 553 1009 1,
575 966 609 1008 5,
633 965 688 1000 69.
735 962 779 1006 α)
802 964 874 997 duo
897 964 997 998 fures
1020 962 1210 1008 pecuniam
1237 963 1460 998 abstulerunt
1488 965 1525 1006 ¹7,
1548 961 1583 1005 4,
1596 961 1666 1011 ,44η

173 1016 316 1051 abstulit
339 1015 462 1047 eadem
487 1012 594 1046 sociis
620 1013 654 1054 5,
680 1013 736 1053 11,
761 1013 795 1044 7.
833 1011 928 1055 quod
953 1010 992 1044 vi
1018 1010 1064 1044 sit
1087 1011 1244 1050 ablatum
1265 1010 1301 1053 5,
1326 1012 1384 1054 10,
1411 1011 1498 1057 113.-
1538 1010 1584 1054 β)
1609 1009 1668 1063 §⁸53

172 1061 280 1106 dare)
306 1060 403 1105 quasi
427 1058 712 1103 tempestatibus,
754 1066 824 1100 quo
848 1057 998 1100 volent,
1037 1057 1274 1091 auferendum
1297 1058 1355 1099 10,
1374 1059 1414 1099 Ἴ,
1438 1057 1506 1102 23.
1520 1063 1522 1065 ’
1538 1055 1584 1090 ab
1609 1054 1666 1089 in-

171 1108 332 1144 tentione
365 1106 578 1139 auferendus
608 1104 748 1137 auditor
777 1101 821 1139 4,
853 1104 895 1142 5,
931 1103 965 1137 6.
1013 1102 1248 1136 admiratione
1273 1102 1487 1138 aufemntur
1507 1102 1605 1145 83³3,
1623 1101 1666 1137 ’5.

173 1155 213 1202 y)
238 1152 365 1188 ceteris
390 1152 526 1185 auferat
547 1150 789 1184 auctoritatem
822 1149 866 1190 5,
890 1145 934 1190 7,
958 1151 1003 1182 32
1031 1150 1078 1182 Ν.
1126 1149 1345 1182 auferendae
1373 1146 1686 1183 dissimulationis.

218 1201 285 1234 atia
315 1196 568 1243 (interrogare)
600 1198 636 1239 9,
665 1199 699 1238 2,
726 1197 760 1230 9.
805 1195 958 1228 fortasse
985 1194 1148 1242 epilogos
1176 1194 1229 1228 iffi
1254 1204 1336 1229 mos
1363 1193 1518 1229 civitatis
1542 1194 1666 1228 abstu-
1698 1229 1702 1232 Δ

173 1213 259 1282 {rit
288 1248 344 1287 10,
368 1248 400 1285 1,
418 1247 494 1278 107.
527 1243 630 1276 matri
656 1242 799 1275 abstulit
821 1242 927 1274 fidem
951 1240 986 1283 6,
1006 1241 1040 1283 5,
1057 1242 1092 1276 9.
1129 1239 1278 1287 gratiam
1300 1240 1528 1285 responsuris
1548 1240 1668 1275 ausu-t

173 1295 210 1337 6,
240 1297 274 1335 1,
302 1294 357 1325 20.
395 1288 625 1337 cognoscenti
649 1287 817 1331 judicium
844 1287 986 1321 auferre
1008 1286 1050 1329 4,
1079 1289 1124 1330 5,
1147 1287 1182 1322 6.
1219 1286 1283 1340 qui
1304 1287 1417 1321 vitam
1441 1285 1598 1329 abstulit,
1621 1303 1668 1310 -

174 1339 236 1386 qui
269 1343 425 1371 mentem
455 1338 496 1378 9,
528 1338 572 1378 2,
610 1335 688 1369 105.
739 1333 904 1367 omnibus
939 1333 1100 1376 ejusdem
1131 1343 1253 1378 operis
1285 1331 1492 1367 auctoribus
1525 1330 1670 1377 abstulit

172 1396 306 1420 nomen
335 1385 390 1425 10,
416 1385 448 1426 1,
472 1384 528 1416 72.
566 1391 731 1428 agrorum
758 1379 868 1413 nimia
889 1391 975 1413 cura
1004 1386 1064 1413 etc.
1085 1380 1236 1413 multum
1260 1377 1331 1422 (sc.
1355 1379 1520 1422 tempus)
1542 1377 1669 1413 studiis

173 1433 337 1466 auferunt
369 1431 433 1470 12,
458 1431 475 1462 1
492 1454 503 1471 ,
526 1428 559 1462 6.
601 1427 735 1461 auferri
761 1426 871 1471 judici
893 1425 1085 1462 veritatem
1111 1427 1246 1470 12,>1,
1270 1425 1328 1460 36.
1373 1425 1586 1471 quibusdam
1607 1423 1667 1462 vi!
1708 1428 1710 1431 ’

172 1477 287 1512 omnis
311 1476 466 1509 aufertur
493 1477 548 1517 11,
578 1476 612 1518 3,
640 1474 720 1508 152.
1523 1471 1547 1490 '⁴⁴
1616 1490 1626 1497 α

128 1535 331 1590 Aufugioe
379 1542 512 1589 aufugit
542 1544 575 1585 1,
600 1543 634 1585 5,
656 1542 714 1577 69.

129 1603 294 1658 Augeo.
342 1613 375 1654 Ι)
408 1611 462 1656 (ὶη
489 1611 689 1653 geometria)
718 1609 763 1642 de
787 1608 970 1642 celeritate
998 1606 1154 1655 augendi
1192 1606 1255 1652 (a.
1282 1611 1305 1643 1.
1329 1606 1418 1651 -da)
1454 1610 1490 1652 1,
1520 1600 1579 1653 10,
1605 1606 1667 1644 49.
1687 1599 1696 1649 J

175 1667 214 1694 ut
242 1659 335 1694 aliud
370 1662 569 1698 crescat,
605 1656 699 1689 aliud
728 1660 924 1701 augetur
946 1655 982 1696 8,
1006 1653 1043 1697 4,
1069 1653 1124 1688 15.
1160 1653 1332 1702 augendis
1364 1654 1550 1689 affeotibus
1570 1656 1688 1702 &³25

176 1707 236 1741 26.
270 1705 372 1738 laude
397 1703 586 1745 crescit,
622 1702 758 1746 impetu
782 1706 977 1746 augetur
1003 1698 1176 1742 (animus)
1203 1703 1287 1743 1,2,
1304 1702 1363 1734 30.
1405 1711 1549 1744 nausea,
1577 1699 1688 1746 «ὑπ’

174 1753 214 1787 in
240 1756 481 1797 argumentum
510 1754 644 1791 sumet,
679 1758 811 1795 augere
842 1750 884 1787 7,
910 1749 955 1788 2,
989 1746 1046 1781 35.
1091 1757 1143 1779 au
1154 1756 1261 1793 gere
1289 1744 1516 1780 lacrimarum
1540 1756 1667 1791 causas
1699 1787 1703 1790 .

177 1811 255 1842 opp.
282 1796 481 1830 minuere
512 1796 556 1838 6,
580 1795 639 1827 Pr.
663 1798 696 1830 7.
741 1793 882 1838 copiam
909 1791 1084 1826 sermonis
1111 1797 1218 1838 auget
1242 1793 1285 1834 8,
1307 1790 1349 1834 6,
1374 1791 1408 1826 5.
1447 1797 1488 1826 nt
1512 1797 1666 1839 augeant
1695 1810 1698 1814 ,

174 1844 308 1879 crimen
337 1843 369 1884 5,
397 1844 450 1884 13,
474 1840 519 1875 34
567 1842 627 1875 vel
657 1838 952 1874 discutiendi
978 1837 1137 1871 criminis
1165 1838 1229 1872 vel
1258 1837 1455 1884 augendi
1485 1836 1522 1880 4,
1544 1839 1670 1882 2,’18.’
1700 1835 1709 1866 ,'

176 1889 379 1935 augendi
413 1887 567 1921 criminis
591 1887 701 1933 gratia
725 1899 803 1929 opp.
828 1883 1108 1918 declinandi
1132 1884 1168 1926 9,
1191 1886 1226 1924 2.
1250 1886 1306 1917 12.
1355 1894 1570 1930 augemus
1593 1882 1694 1964 οιῖῗἱ

174 1935 293 1978 mina,
329 1946 416 1978 quae
441 1945 488 1967 ex
513 1933 609 1966 facili
638 1939 698 1966 aut
730 1932 912 1966 diluere
939 1941 1130 1974 possumus
1165 1934 1226 1963 aut
1259 1939 1432 1976 negare
1463 1931 1508 1964 fb.
1535 1930 1593 1966 53.
1627 1934 1644 1938 ”
1703 1940 1706 1949 ·

176 1982 256 2027 quis
283 1992 360 2014 eam
388 1979 600 2013 divisionem
626 1990 691 2023 per
718 1979 847 2026 gradus
874 1982 1002 2023 augeat
1034 1978 1078 2018 2,
1107 1974 1152 2018 4,
1180 1974 1250 2024 34..
1281 1976 1325 2009 ad
1358 1977 1558 2022 aagendam
1589 1977 1667 2011 elo-
1684 1975 1703 2011 J

176 2027 423 2108 fflenfssamai’
440 2028 652 2104 ,¹134ss&ss
659 2021 1282 2104 {³321}131e1i1di32251di¹¹53fivp⁰13⁸t
1299 2020 1666 2113 amranndjlgwffimpess
1655 2045 1668 2066 ’
1702 2064 1706 2080 ·

175 2100 282 2166 au'get
305 2117 468 2162 placendi
485 2100 624 2160 ”cupido
650 2120 716 2160 10,
741 2119 786 2159 7,
810 2118 866 2150 17.
909 2114 947 2148 hi
975 2125 1085 2149 sonus
1104 2094 1195 2148 ’cru'n
1228 2115 1438 2162 augenda
1465 2113 1667 2151 intentio&

177 2164 450 2206 excitandi,
492 2175 573 2196 cum
603 2162 943 2196 summittenda
982 2166 1068 2194 aunt
1101 2160 1394 2206 temperandi
1425 2162 1494 2205 11,
1525 2162 1570 2204 3,
1603 2160 1664 2195 42.
1699 2163 1705 2206 J

176 2211 361 2245 ambitiose
386 2222 405 2243 a
428 2210 589 2254 quibusd.
616 2220 785 2243 numerus
809 2213 959 2255 augetur
980 2208 1016 2250 8,
1041 2208 1075 2248 3,
1101 2207 1158 2241 63.
1173 2238 1181 2248 ,
1199 2207 1419 2257 augenda*
1442 2200 1559 2241 oratio
1587 2213 1666 2257 ορρ.
1692 2211 1696 2213 “

178 2257 507 2291 summittenda
533 2257 567 2298 8,
596 2257 630 2297 3,
659 2258 715 2288 21.
760 2260 881 2288 cetera
903 2254 974 2297 jam
998 2263 1074 2287 non
1100 2251 1410 2299 significandi
1432 2252 1565 2299 gratia,
1600 2252 1666 2286 ved

179 2304 222 2335 ad
258 2303 498 2335 ornandam
528 2302 660 2343 modo,
702 2311 776 2334 non
814 2300 1067 2346 augendam
1096 2298 1299 2332 *orationem
1322 2302 1552 2332 assumuntur
1570 2298 1608 2343 8,
1628 2297 1692 2342 6‚›

179 2349 223 2382 39
258 2349 299 2381 Ν.
327 2360 372 2380 cr.
419 2347 455 2379 id
488 2358 567 2380 cum
603 2352 707 2391 auget
735 2346 959 2380 manifestam
990 2343 1223 2381 sententiam.
1255 2341 1370 2379 virtus
1400 2344 1459 2378 est'
1484 2344 1521 2387 9,
1546 2345 1581 2386 3,
1604 2341 1667 2380 46.
1701 2383 1703 2386 Α

179 2403 307 2438 augere
334 2403 443 2435 parva
468 2391 523 2434 (in
551 2390 710 2434 dicendo)
739 2395 795 2434 10,
813 2394 849 2435 5,
872 2394 928 2425 11.
971 2389 1130 2437 augeri
1157 2390 1290 2423 debent
1315 2389 1515 2425 sententiae
1538 2395 1582 2424 et«
1600 2389 1668 2434 in-

182 2448 375 2483 surgere
398 2439 432 2478 9,
456 2436 490 2478 4,
515 2439 571 2471 23.
609 2438 704 2471 vires
732 2448 862 2484 augere
889 2436 1115 2480 eloquentiae
1140 2436 1199 2470 Pr.
1223 2437 1280 2470 23.
1305 2456 1352 2462 --
1383 2433 1584 2480 (cor-pods)
1607 2437 1669 2479 12,,

183 2486 240 2524 10,
265 2482 322 2516 44.
369 2481 408 2524 β)
437 2483 506 2524 adj.
529 2484 665 2515 Ablan:
698 2483 733 2515 id
760 2494 845 2517 saue
870 2482 1034 2516 doctrina
1059 2481 1173 2526 possit
1196 2482 1319 2528 augeri
1341 2482 1383 2526 6,
1409 2483 1452 2523 3,
1479 2484 1535 2516 12.
1574 2471 1665 2526 nihil

182 2539 295 2572 aeque
319 2528 379 2561 vel
407 2533 600 2571 augetur
630 2539 734 2569 cura,
765 2531 827 2563 vel
854 2528 1068 2575 negligentia
1095 2527 1351 2562 intercidit
1387 2531 1444 2571 11,
1467 2529 1504 2567 2.
1528 2525 1587 2562 40-
1628 2531 1669 2564 οὗ

182 2575 288 2609 laude
317 2573 518 2613 crescit,
549 2578 584 2606 et
609 2572 743 2616 impetu
768 2580 969 2619 augetur
1002 2573 1178 2618 (animus)
1209 2576 1243 2617 1,
1269 2576 1305 2617 2,
1333 2566 1390 2609 30.
1431 2577 1694 2620 augentur-1

183 2619 287 2655 vocis
313 2628 454 2662 quoque
477 2619 591 2660 bona,
625 2629 730 2652 cura:
762 2620 976 2667 negligentia
1001 2619 1275 2653 minuuntur
1304 2622 1360 2660 11,
1386 2622 1421 2662 3,
1450 2619 1505 2655 19.
1550 2627 1669 2653 exeo-2
1686 2653 1693 2659 ,

181 2666 292 2702 leudo
321 2669 468 2709 augetur
492 2663 702 2707 (memoria)
736 2667 775 2698 11
790 2690 799 2704 ,
825 2669 869 2707 2,
899 2668 931 2698 1.
974 2664 1123 2699 scientia
1148 2671 1298 2712 augetur
1320 2665 1421 2700 annis
1449 2666 1516 2709 12,
1539 2666 1604 2709 11,
1627 2667 1685 2702 2..

183 2716 351 2756 quantum
380 2708 430 2742 eis
454 2708 584 2743 virium
610 2715 683 2750 est,
721 2711 934 2744 contiunelia
958 2716 1107 2755 augetur
1134 2714 1190 2754 12,
1219 2713 1254 2754 9,
1278 2714 1346 2754 113
1391 2711 1486 2746 solet
1515 2721 1570 2746 ex
1593 2708 1666 2745 alio
1691 2710 1693 2712 “

181 2757 277 2792 aliud
302 2754 421 2802 augeri
445 2756 480 2797 8,
505 2753 540 2796 4,
569 2756 625 2787 20.
657 2766 741 2797 per
763 2755 981 2790 incrementa
1003 2757 1165 2802 augenda
1186 2755 1244 2791 vis
1272 2759 1330 2800 10,
1345 2758 1380 2801 6,
1402 2759 1424 2791 3
1440 2756 1489 2791 Ν.
1558 2757 1608 2799 11)
1631 2757 1667 2790 fit
1686 2768 1688 2770 ·

184 2803 346 2837 dicendo:
382 2810 455 2833 non
489 2805 614 2846 augeat
645 2800 837 2845 (orator)?
875 2802 917 2845 5,
951 2799 1020 2843 14,
1054 2803 1112 2835 32.
1157 2803 1329 2856 pleraque
1366 2803 1576 2848 augenda
1606 2806 1669 2839 m

186 2847 450 2889 minuenda,
485 2851 525 2879 ut
550 2845 718 2890 expediet
739 2845 783 2890 ⁴,
807 2849 846 2891 1,
868 2847 923 2882 15.
958 2851 1084 2881 natura
1106 2852 1162 2882 est
1184 2848 1350 2884 omnibus
1381 2846 1581 2897 augendi
1606 2857 1668 2883 res
