1728 3002
510 225 710 282 Decoquo
741 225 797 258 -ἐ
825 222 1052 267 Decresco.
1469 221 1550 261 205

67 343 122 378 ad
143 341 236 378 illud
258 340 509 377 declinandum
532 343 586 374 est
608 342 642 383 7,
666 341 701 383 2,
725 340 781 372 30.
812 335 992 372 declinant
1013 335 1060 370 in
1083 333 1184 380 peius
1203 336 1260 378 10,
1282 336 1319 378 2,
1345 333 1400 369 16.
1447 333 1494 378 11)
1517 335 1552 367 in

64 392 192 424 ratione
215 390 444 431 grammatica.
502 385 546 430 α)
572 387 615 420 de
640 397 757 419 vocum
781 384 957 428 flexione.-
993 381 1138 417 nomina
1162 380 1343 415 declinare
1376 385 1414 415 et
1438 379 1553 415 verba

69 438 107 478 1,
130 433 176 478 4,
199 437 257 468 22.
292 429 547 476 &poedore-mn·
568 436 623 466 est
645 436 779 465 tantmn
809 441 892 464 casu
917 428 1054 472 simile,
1090 427 1227 463 etiamsi
1250 426 1433 461 dissimilia
1456 430 1551 468 sunt,

68 491 160 526 quae
184 479 409 514 declinentur
424 479 460 522 9,
484 479 519 521 3,
541 478 601 513 78.
618 477 739 511 'utitur
753 478 821 510 hac
835 475 974 510 ratione
997 474 1197 508 declinandi
1223 477 1255 516 1,
1278 473 1396 524 5,·63;
1425 473 1550 519 figura,

68 538 139 571 qua
164 526 277 562 verba
304 524 478 559 declinata
499 528 708 568 repetuntur
732 523 774 566 9,
799 525 840 564 3,
864 523 921 557 85.
958 522 1085 556 eodem
1109 521 1217 555 modo
1241 520 1417 553 declmata
1441 518 1551 551 multa

67 573 112 615 9,
140 570 186 615 4,
213 570 259 605 42
284 574 328 606 Ζ.
367 571 411 616 β)
436 573 458 604 ι’.
485 582 517 615 q.
547 571 590 603 de
614 571 787 603 verborum
809 567 1035 609 formatione.-
1068 567 1194 601 eadem
1216 565 1355 599 ratione
1379 562 1550 598 declinari

68 617 317 652 cursitare
341 627 410 661 qua
433 614 662 650 lectitare
684 617 719 658 9,
744 618 777 657 1,
804 617 859 648 12.
895 624 987 658 quae
1010 623 1059 647 ex
1083 611 1236 648 vocibus
1261 611 1299 645 in
1322 622 1425 644 usum
1448 620 1551 644 rece—

68 663 138 708 ptis
161 673 375 708 quocunque
399 662 508 696 modo
531 661 753 696 declinantur
775 661 816 703 8,
841 660 883 702 6,
909 662 966 694 32.
1004 659 1066 693 illa
1089 658 1228 693 minora
1252 674 1316 699 —,
1352 667 1443 700 quae
1463 667 1551 700 pau-

67 710 179 744 lulum
202 708 299 753 (Sp.
326 707 387 753 qui
409 708 523 743 verba
545 706 712 751 paulum)
740 706 916 740 declinata
939 705 1039 740 varie
1064 710 1100 739 et
1122 702 1363 748 multipliciter
1385 703 1429 736 ad
1451 702 1552 737 veri-

68 761 177 790 tatem
198 755 373 788 reducunt
397 756 430 796 1,
455 754 490 796 6,
518 755 562 788 32
585 757 629 788 Ζ.
668 753 728 787 illa
752 763 800 787 ex
825 751 970 786 Graecis
996 757 1076 785 orta
1098 767 1144 774 -
1165 748 1427 794 praecipueque
1452 748 1552 782 Aeo-

66 800 139 835 lica
159 800 299 835 ratione
320 805 468 834 tractata
491 802 525 843 1,
549 799 584 842 6,
607 801 651 835 31
674 800 724 835 Ν.
757 797 860 844 origo
878 797 1137 832 declinatorum
1154 795 1300 832 tenendi
1319 794 1430 842 magis
1447 805 1552 829 causa

67 852 122 881 est
146 849 202 890 11,
224 849 261 890 2,
287 848 346 881 31.

19 887 240 959 Decoquo·
285 913 434 948 multum
459 911 543 947 inde
570 913 770 957 decoquent
793 912 876 947 anni
902 915 938 956 2,
959 910 996 956 4,
1019 915 1041 947 7
1068 912 1114 946 Ν.

22 967 179 1012 Decor.
236 978 274 1023 α)
301 982 493 1015 Nominat„-
525 983 581 1023 10,
606 983 640 1024 1,
665 983 743 1016 119.
774 984 829 1024 12,
854 983 888 1023 5,
912 981 946 1015 5.
974 980 1011 1014 in
1035 978 1197 1024 personis
1221 980 1331 1014 decor
1354 981 1411 1022 1ο,
1437 981 1471 1022 1,
1494 981 1552 1013 27.

0 1032 1 1039 ¹
70 1025 333 1074 diligentia
359 1037 402 1060 ac
436 1027 582 1060 decor
608 1026 647 1060 in
671 1028 856 1071 Polycleto
884 1029 949 1069 12,
975 1029 1040 1068 10,
1063 1029 1098 1060 7.
1145 1031 1315 1070 quantum
1343 1024 1450 1058 fuerit
1483 1024 1554 1058 illis

69 1071 159 1108 viris
185 1071 324 1107 decoris
347 1071 387 1106 in
410 1072 517 1106 rebus
542 1078 648 1117 atque
672 1072 834 1117 personis
860 1075 921 1114 10,
945 1075 984 1115 2,
1010 1075 1067 1106 27.
1106 1083 1190 1105 suus
1216 1071 1344 1115 cuique
1369 1072 1478 1104 decor
1500 1076 1556 1104 est

72 1120 138 1162 10,
161 1120 206 1162 2,
228 1121 286 1152 22.
324 1117 452 1152 abierit
473 1118 589 1152 omnis
611 1118 705 1161 vis,
728 1118 1019 1163 jucunditas,
1048 1118 1193 1151 decor
1214 1118 1256 1159 9,
1280 1117 1316 1159 4,
1345 1116 1399 1150 14.
1439 1116 1555 1150 comi-

70 1169 165 1198 tetur
187 1174 330 1208 semper
354 1170 464 1198 artem
488 1165 599 1198 decor
619 1165 662 1207 9,
689 1165 731 1207 4,
759 1167 793 1199 7.
830 1163 923 1197 inest
948 1163 1113 1208 proprius
1140 1162 1349 1207 quibusdam
1382 1164 1491 1196 decor
1514 1162 1553 1196 in

70 1209 196 1244 habitu
221 1220 263 1243 ac
288 1209 392 1245 vultu
410 1209 444 1251 6,
472 1211 507 1252 3,
532 1213 586 1243 12.
624 1220 808 1254 quousque
830 1210 961 1254 patitur
983 1210 1094 1244 decor
1116 1211 1150 1251 1,
1175 1209 1210 1251 5,
1235 1210 1293 1244 63.
1328 1209 1554 1253 hyperbaton

69 1255 278 1300 frequenter
297 1275 346 1281 -
368 1255 478 1289 decor
500 1255 615 1298 poscit
636 1256 671 1298 8,
691 1255 726 1298 6,
749 1257 805 1290 62.
841 1261 946 1299 prout
968 1256 1003 1289 d.
1028 1254 1219 1300 postulabit
1242 1257 1276 1298 5,
1296 1258 1352 1297 11,
1374 1255 1426 1289 16.
1457 1255 1553 1288 unde

70 1311 138 1336 nos
160 1311 235 1335 non
257 1300 295 1334 id
318 1306 463 1348 agentes
488 1301 611 1334 furtim
634 1302 745 1335 decor
767 1301 829 1335 ille
845 1301 1061 1336 discentibus
1084 1301 1233 1334 traditus
1260 1306 1496 1345 prosequatur
1520 1304 1554 1343 1,

70 1350 130 1390 11,
157 1348 214 1383 19.
247 1346 336 1381 vicit
362 1347 627 1391 compositionis
655 1348 688 1380 d.
717 1348 753 1390 9,
779 1347 815 1390 4,
840 1347 898 1381 44.
936 1349 1047 1382 decor
1071 1358 1212 1391 quoque
1237 1358 1258 1380 a
1281 1353 1381 1393 gestu
1405 1352 1510 1390 atque
1535 1358 1557 1381 a

68 1397 168 1427 motu
190 1390 292 1428 venit
319 1394 383 1436 11,
410 1394 451 1435 3,
478 1393 550 1427 67³
594 1393 633 1439 β)
664 1395 771 1428 Gemit.
802 1401 832 1426 et
855 1397 961 1427 Dat„-
993 1393 1134 1428 decoris
1159 1392 1274 1437 gratia
1301 1394 1341 1434 3,
1369 1393 1403 1435 8,
1429 1393 1486 1427 35.
1517 1391 1555 1435 4,

39 1435 106 1481 ’2,
130 1439 175 1474 19
197 1439 245 1472 N.
280 1439 453 1483 quosdam
476 1438 618 1482 (tropos)
643 1439 755 1486 gratia
779 1439 1193 1486 significationis„
1221 1439 1394 1483 quosdam
1417 1439 1555 1472 deco-

69 1483 139 1519 ris
165 1484 295 1518 assumi
323 1485 368 1527 8,
405 1485 449 1527 6,
481 1488 516 1518 2.
565 1486 635 1519 hoc
656 1485 793 1519 faciunt
822 1485 935 1532 gratia
965 1486 1125 1527 decoris,
1163 1484 1223 1528 qui
1259 1490 1313 1518 est
1339 1485 1376 1518 in
1400 1484 1556 1522 ,dicendo

70 1529 329 1574 pulcherrimus
360 1529 432 1570 (sic
455 1533 492 1564 A
500 1544 528 1562 m
540 1533 571 1565 b.
597 1534 646 1573 13⁷
678 1533 745 1575 Sp.
769 1533 865 1575 quod
889 1548 934 1556 -
955 1530 1255 1576 pulcherrimum)
1270 1531 1324 1572 ’8,
1354 1531 1411 1564 Pr.
1437 1531 1480 1564 18
1505 1531 1553 1564 N.

70 1583 104 1609 et
127 1577 164 1609 S.
205 1575 345 1609 decoris
376 1575 439 1609 illa
469 1582 551 1610 sunt
575 1579 642 1619 11,
672 1579 713 1619 3,
743 1577 801 1612 69.
848 1577 1039 1612 decoris
1067 1579 1159 1611 hanc
1186 1576 1298 1623 magis
1325 1582 1361 1609 et
1387 1578 1554 1610 excultae

71 1621 206 1664 cujusd.
241 1621 526 1667 elegantiae
564 1622 836 1667 appellationem
875 1623 947 1666 (sc.
976 1621 1193 1665 facetum)
1225 1629 1311 1666 puto
1339 1623 1381 1664 6,
1417 1624 1460 1663 3,
1494 1624 1552 1655 20.

70 1667 195 1710 hujus,
223 1668 268 1701 de
291 1677 363 1711 quo
384 1668 582 1712 loquimur,
605 1668 745 1703 decoris
769 1669 931 1703 custodia
955 1672 1011 1712 11,
1037 1672 1070 1711 1,
1099 1670 1169 1710 573
1208 1679 1280 1702 non
1307 1673 1556 1701 consuetu-

73 1712 174 1746 dini
198 1718 234 1747 et
256 1712 411 1747 decori
436 1713 678 1748 serviebamus
700 1718 733 1758 1,
757 1715 793 1757 6,
821 1717 876 1750 18.
930 1719 968 1760 y)
991 1718 1139 1748 Aecus„-
1164 1719 1204 1747 ut
1222 1715 1398 1747 humanae
1416 1715 1554 1748 formae

73 1758 239 1792 decorem
264 1759 437 1792 addiderit
460 1771 567 1803 supra
589 1772 740 1803 verum,
778 1761 826 1795 ita
849 1771 925 1794 non
948 1762 1154 1805 explevisse
1181 1761 1328 1794 deorum
1355 1760 1557 1793 auctori-

71 1808 218 1837 tatem
238 1804 383 1838 videtur
411 1808 476 1848 12,
504 1807 568 1848 10,
600 1807 633 1841 8.
685 1807 858 1841 Nullusne
882 1817 968 1853 ergo
994 1807 1098 1841 etiam
1127 1806 1309 1852 frugiferis
1335 1805 1556 1839 adhibendus

74 1854 128 1883 est
151 1849 287 1883 decor?
314 1852 350 1892 8,
372 1852 406 1891 3,
429 1852 452 1886 9
478 1855 522 1885 Ζ.
559 1851 597 1885 in
620 1851 747 1896 quibus
773 1853 936 1887 omnibus
961 1853 1049 1886 mire
1073 1853 1270 1886 custoditur
1292 1852 1334 1884 ab
1357 1853 1426 1885 hoc
1448 1855 1555 1895 poeta

74 1896 184 1928 decor
208 1893 267 1937 (a.
291 1898 313 1928 1.
340 1896 532 1939 decorum)
560 1900 628 1941 10,
657 1901 699 1941 1,
726 1902 768 1933 71
798 1900 846 1936 Ν.
873 1912 920 1933 cr.
953 1898 1080 1943 quibus
1108 1898 1273 1932 omnibus
1297 1898 1446 1931 debetur
1471 1908 1557 1931 suus

74 1941 193 1992 decor·
209 1942 266 1981 11,
291 1943 325 1982 1,
349 1942 408 1974 41.
442 1942 512 1975 hoc
535 1948 598 1984 ut,
625 1954 707 1977 cum
732 1945 950 1978 decorem
974 1945 1026 1987 (α,
1051 1949 1072 1978 1.
1100 1945 1288 1985 decorum)
1311 1944 1431 1983 habet,
1458 1942 1557 1986 peri-

34 2027 39 2029 ·
73 1987 214 2030 phrasis
237 1990 312 2026 est3
344 1985 417 2037 ita,
445 1998 526 2020 cum
550 1988 590 2021 in
615 1989 790 2022 vitium
817 1989 962 2032 incidit,
992 1987 1249 2032 περισσολογία
1271 1990 1313 2031 8,
1336 1990 1370 2030 6,
1395 1990 1453 2022 61.
1493 1989 1557 2021 fir-

0 2051 2 2058 »
31 2059 33 2062 .
75 2031 190 2066 miora
213 2035 318 2064 erunt
342 2041 420 2074 ipsa
447 2031 689 2077 (argumenta)
720 2040 756 2068 et
777 2036 858 2078 plus
881 2036 1061 2069 habebunt
1087 2035 1227 2071 decoris
1255 2036 1294 2076 5,
1322 2038 1383 2074 12,
1407 2035 1441 2067 6.
1481 2044 1556 2067 non

0 2093 1 2101 1
30 2099 35 2103 ·
77 2078 300 2111 decorem
326 2077 592 2120 compositionis
611 2079 832 2122 quaerimus,
860 2082 923 2114 sed
946 2080 1234 2113 facilitatem
1257 2082 1292 2121 9,
1311 2078 1348 2120 4,
1370 2078 1445 2112 145.
1476 2090 1558 2112 cum

32 2154 36 2160 ,
75 2122 267 2168 praecipue
292 2121 332 2155 in
358 2122 497 2156 actione
521 2129 700 2166 spectetur
722 2125 830 2158 decor
856 2124 909 2168 (a.
934 2129 957 2158 1.
984 2123 1166 2166 decorum)
1193 2127 1249 2165 11,
1274 2127 1308 2165 3,
1339 2127 1416 2158 177.
1454 2135 1560 2167 prae-

75 2168 219 2213 cipuum
239 2167 278 2201 in
302 2167 444 2201 actione
467 2188 514 2194 —
539 2174 646 2213 caput
671 2175 745 2212 est,
771 2181 851 2203 cum
876 2171 921 2203 ad
947 2171 1163 2204 decorem
1188 2175 1263 2202 tum
1289 2170 1334 2202 ad
1359 2169 1560 2215 signifi-

76 2214 306 2249 cationem
332 2216 398 2255 11,
421 2215 466 2256 3,
488 2214 546 2248 68.
611 2211 648 2257 δ)
671 2217 812 2248 Alam..-
840 2217 886 2248 ad
910 2217 1004 2259 quod
1029 2215 1207 2258 impetu
1237 2226 1279 2248 ac
1307 2214 1499 2249 viribus
1523 2221 1560 2250 et

77 2261 246 2294 decore
270 2263 323 2292 est
347 2269 436 2303 opus
455 2263 510 2302 12,
533 2263 568 2301 2,
593 2262 649 2294 11.
686 2271 824 2294 morem
844 2260 1041 2294 communis
1061 2260 1234 2294 sermonis
1257 2261 1387 2294 decore
1407 2262 1559 2304 quodam

77 2305 221 2340 scenico
252 2310 429 2338 exornant
452 2307 497 2347 2,
531 2308 596 2348 10,
628 2307 685 2340 13.
734 2317 825 2350 quae
851 2306 891 2340 in
916 2305 1200 2341 oeconomia
1226 2305 1363 2349 virtus,
1401 2318 1492 2351 quae
1520 2307 1561 2342 in

39 2393 41 2395 ι
77 2353 247 2386 decore
274 2349 368 2394 (Sp.
394 2350 550 2395 decoro)
580 2355 612 2395 1,
635 2353 671 2396 8,
696 2355 739 2387 17
768 2356 814 2388 Ζ.

76 2420 238 2448 ecorus.
273 2427 351 2453 vox
376 2423 412 2452 et
436 2418 529 2453 actio
556 2421 688 2454 decora
712 2423 767 2462 10,
796 2423 830 2463 1,
856 2422 911 2454 17.
947 2423 1006 2453 aut
1028 2418 1145 2453 licet
1168 2424 1228 2452 aut
1255 2419 1481 2454 decorum
1504 2425 1559 2455 est

39 2471 53 2514 ζ.
80 2464 123 2506 5,
156 2465 222 2506 10,
251 2461 310 2497 40.
356 2470 538 2508 receptum
561 2466 674 2513 magis
701 2472 789 2510 puto
815 2477 920 2510 quam
946 2465 1080 2498 oratori
1112 2466 1281 2499 decorum
1310 2469 1374 2508 11,
1403 2468 1444 2509 3,
1477 2467 1557 2501 104.

40 2512 59 2559 ἦ
78 2508 338 2562 philosophiam
363 2520 411 2543 ex
434 2512 598 2554 professo
622 2511 882 2546 ostentantibus
905 2522 1030 2555 parum
1047 2511 1168 2545 decori
1191 2517 1272 2544 sunt
1291 2511 1451 2555 plerique
1476 2523 1559 2546 ora-

59 2555 187 2589 ftioms
213 2560 357 2589 ornatus
386 2557 450 2598 11,
480 2559 519 2599 1,
545 2559 600 2591 33.
632 2557 676 2599 cs.
703 2560 746 2600 3,
779 2559 820 2600 8,
853 2558 911 2591 41.
958 2557 1067 2590 robur
1093 2568 1135 2590 ac
1161 2558 1315 2591 lacertos
1340 2565 1400 2591 erc.
1435 2569 1560 2601 parum

42 2596 63 2639 Ρ
80 2600 285 2634 existimant
309 2602 439 2635 decora
467 2602 500 2644 5,
528 2605 583 2644 12,
609 2605 662 2638 18.
706 2604 877 2646 juvenum
903 2603 1153 2636 bellicosorum
1176 2609 1213 2637 et
1239 2604 1446 2637 athletarum
1475 2614 1560 2637 cor-

46 2650 61 2674 k-
79 2655 169 2689 pora
191 2647 323 2681 decora
345 2658 434 2682 vere
460 2647 752 2684 existimaverunt
774 2652 819 2684 ib.
843 2652 900 2683 21.
929 2648 1058 2694 digitus
1081 2654 1136 2683 est
1151 2654 1187 2683 et
1204 2649 1479 2693 approbantibus
1494 2657 1556 2683 etc.

48 2725 57 2734 „
80 2691 232 2725 decorus
256 2695 311 2735 11,
335 2694 370 2736 3,
396 2695 472 2727 101.
506 2706 540 2727 v.
564 2695 729 2729 Decus.

104 2760 262 2788 cresco·
319 2771 367 2794 ne
393 2772 414 2794 a
440 2760 691 2805 potentissimis
716 2762 929 2809 argumentis
956 2760 1206 2796 sid-levissima
1232 2761 1415 2796 decrescat
1441 2760 1557 2795 oratio

54 2801 115 2857 f5,
140 2805 196 2846 12,
221 2802 275 2838 14.
310 2804 355 2846 cs.
381 2807 417 2848 9,
440 2806 475 2850 4,
499 2809 555 2841 23.
589 2807 774 2843 admiratio
799 2806 972 2843 decrescit
996 2810 1030 2851 1,
1053 2808 1088 2850 3,
1113 2809 1146 2843 5.
