1728 3002
126 294 129 300 ,
169 245 258 286 302
654 238 833 296 Excipio
870 264 926 272 -
961 240 1227 286 Exclamatio

285 316 314 332 fl

173 357 373 413 Excipit).
431 364 464 411 1)
487 370 511 402 1'.
535 380 567 413 q.
591 370 748 411 capio,
781 369 983 413 recipio,
1018 370 1226 403 sustineo
1258 374 1345 404 etc(
1373 371 1601 416 q)⁴proprz‘e.·
1640 383 1710 408 ex-

222 421 365 459 ceptum
392 424 473 448 esse
506 414 687 448 venabulo
715 424 839 457 aprum
869 413 905 458 4,
929 417 965 458 2,
992 416 1047 450 17.
1075 415 1176 449 illum
1203 415 1339 460 excipit
1369 417 1563 459 adversarii
1591 419 1711 453 mollis

218 461 387 495 articulus
411 463 447 503 2,
477 462 534 502 12,
558 463 592 493 2.
621 461 751 495 vulnus
781 470 845 495 ore
878 466 1069 505 exceptum
1094 462 1137 505 6,
1166 463 1211 504 3,
1238 462 1296 497 75.
1361 461 1415 506 β)
1439 464 1481 497 de
1504 466 1634 498 am'mo:
1670 464 1711 499 hi

221 506 464 551 (grammatici)
494 516 568 540 non
592 505 677 540 satis
702 507 851 540 credunt
873 507 1147 551 excepisse,
1173 519 1265 552 quae
1291 508 1468 543 relicta
1490 515 1590 544 erant
1611 513 1647 554 2,
1675 513 1710 554 1,

220 556 264 596 23
296 558 468 597 quantum
492 552 661 596 excipere
686 552 794 586 animi
817 553 956 598 possint
979 564 1174 597 puerorum
1198 557 1232 598 1,
1255 557 1291 598 2,
1311 556 1370 589 28.
1405 561 1556 600 excepta
1577 567 1711 600 parvu-

220 600 339 633 lorum
362 598 495 632 indicia
533 600 592 640 (a.
621 603 643 632 l.
670 598 788 643 dicta)
826 599 866 642 5,
887 603 929 642 ⁴7,
961 600 1017 634 36.
1053 606 1092 633 ut
1126 605 1285 634 nostram
1322 611 1452 636 vocem
1486 601 1634 646 provisa
1673 607 1711 637 et

175 684 178 686 ,
217 646 371 683 formata
395 645 564 692 cogitatio
588 644 746 689 excipiat
774 647 828 688 10,
853 649 887 688 7,
914 647 959 688 8;
990 646 1105 680 verba
1127 665 1174 671 —
1195 646 1270 680 risu
1294 652 1330 680 et
1353 648 1478 681 osculo
1510 647 1712 692 excipimus

220 694 254 734 1,
270 695 304 731 2,
323 695 357 726 7.
384 690 579 736 excipimus
594 701 692 727 nova
716 691 781 725 illa
799 703 881 726 cum
904 692 1034 727 favore
1061 703 1103 726 ac
1121 691 1347 727 solicitudine
1363 695 1420 736 10,
1436 696 1469 736 1,
1492 694 1559 737 16;
1583 693 1711 729 iisdem

217 738 353 781 verbis,
377 749 468 782 quae
490 749 541 772 ex
557 737 650 772 Afro
667 737 829 784 Domitio
850 737 991 781 juvenis
1011 738 1139 782 excepi
1159 737 1210 782 (a.
1227 743 1250 773 l.
1269 739 1312 772 ab
1325 759 1372 765 —
1389 739 1527 784 accepi)
1542 742 1587 774 ib.
1604 740 1650 775 86
1662 741 1710 775 Ν.

216 792 258 818 et
282 787 316 817 F
323 797 351 817 r.
392 784 430 828 y)
455 785 645 817 scribendo.-
671 784 745 826 ille,
771 784 831 828 qui
855 784 992 828 excipit
1012 787 1067 825 10,
1087 787 1122 827 3,
1141 787 1198 819 20.
1216 785 1430 831 negligentia
1454 785 1713 830 excipientium

152 866 154 871 ,
215 830 255 864 111
280 836 466 875 quaestum
489 830 710 871 notariorum
737 833 772 871 7,
797 833 831 873 2,
855 829 901 864 24
926 832 974 864 N.
1001 832 1152 865 alterum
1178 831 1339 874 (librum)
1362 831 1466 876 pueri
1489 837 1709 876 exceperant

174 886 177 889 ’
216 878 276 910 Pr.
298 879 343 919 73
371 887 440 910 nec
463 896 509 903 -
534 876 679 910 musicis
703 876 797 910 notis
823 877 871 919 (S
885 889 918 920 p.
943 877 1082 919 modis)
1107 877 1245 911 cantica
1268 876 1424 921 excipiat
1451 879 1483 920 t,
1510 880 1568 920 12,
1592 877 1638 912 14
1659 878 1710 912 Ν.

216 930 248 956 et
273 924 343 965 Sp.
367 921 484 964 Praes.
517 924 613 957 Vol.
642 923 670 958 1.
693 935 728 968 p.
754 923 909 966 LXXX,
956 920 994 965 δ)
1016 925 1040 956 i.
1066 927 1098 968 q.
1125 936 1308 968 sequor.-
1334 922 1496 967 excipit,
1519 925 1567 958 Ut
1589 923 1709 958 cibum

214 968 457 1013 vestitumque
482 976 543 1003 etc.
570 970 614 1012 9,
641 967 686 1012 4,
710 971 768 1004 71.
821 968 872 1012 II)
896 971 918 1003 i.
943 982 975 1014 q.
1012 973 1179 1003 eximo.-
1210 975 1247 1003 et
1281 979 1500 1013 separare
1534 966 1709 1014 quaedam

215 1016 397 1049 schemate
422 1014 561 1059 aliqud,
598 1020 634 1049 et
670 1015 1050 1060 excipere-aliqua
1072 1016 1110 1058 9,
1137 1018 1180 1059 2,
1203 1015 1261 1050 63.
1287 1026 1417 1060 quem,
1449 1020 1490 1049 ut
1515 1015 1708 1060 Achillem,

215 1072 357 1105 semper
382 1061 502 1105 excipi
526 1072 590 1105 par
612 1066 666 1095 est
698 1064 756 1104 10,
781 1064 815 1104 1,
841 1061 898 1096 65.
927 1067 1102 1106 excepto,
1136 1062 1232 1106 quod
1248 1072 1319 1105 pes
1347 1060 1434 1095 mihi
1456 1067 1530 1096 tres
1553 1063 1708 1107 syllabas

213 1118 290 1141 non
312 1108 456 1142 videtur
481 1108 660 1142 excedere
684 1109 720 1150 9,
742 1106 778 1150 4,
804 1108 862 1143 79.
888 1108 1070 1152 exceptis,
1105 1118 1197 1152 quae
1221 1114 1282 1141 etc.
1306 1109 1352 1140 ib.
1377 1110 1455 1142 127.
1489 1109 1554 1151 11,
1578 1110 1620 1151 3,
1647 1110 1721 1143 7'0-

215 1153 378 1196 exceptis
394 1179 405 1195 ,
432 1154 477 1187 de
504 1153 631 1198 quibus
657 1153 733 1188 dixi
758 1155 813 1196 10,
844 1155 878 1197 1,
905 1155 938 1189 9.
966 1153 1230 1196 narrationum,
1255 1159 1407 1198 excepta
1430 1165 1500 1198 qua
1526 1155 1565 1188 in
1591 1154 1707 1188 causis

213 1199 358 1241 utimur,
386 1204 459 1232 tres
491 1200 694 1243 accepimus
719 1199 856 1243 species
881 1202 916 1241 2,
943 1199 979 1241 4,
1004 1203 1037 1233 2.
1064 1205 1227 1244 excepta,
1253 1202 1346 1244 qu'se
1368 1196 1611 1243 potentissima
1639 1206 1707 1243 est,

201 1244 479 1287 ,exercitatione
511 1247 577 1287 11,
613 1248 654 1288 2,
685 1245 741 1279 36.
779 1244 940 1288 exceptis
967 1243 1129 1279 Caesare*
1151 1250 1257 1289 atq-ue
1282 1246 1462 1290 Marcello!
1487 1248 1554 1287 10,
1580 1249 1623 1288 1,
1647 1247 1706 1281 38.

210 1301 284 1324 uno
309 1296 488 1334 excepto,
529 1301 583 1324 ne
617 1302 638 1324 a
664 1290 919 1334 potentissimis
943 1292 986 1323 ad
1011 1290 1192 1325 levissima
1219 1291 1405 1324 decrescat
1429 1291 1544 1325 oratio
1582 1292 1616 1334 5,
1643 1294 1700 1334 12,

211 1335 268 1371 14.
297 1342 450 1380 excepto
466 1362 477 1379 ,
504 1336 545 1370 si
574 1337 731 1371 obscena
757 1336 862 1370 nudis
886 1336 1088 1371 nominibus
1116 1335 1346 1371 enuntientur
1372 1337 1415 1380 8,
1447 1338 1491 1380 3,
1522 1337 1581 1372 38.
1613 1337 1704 1372 nihil

212 1382 426 1427 excipiendo
452 1382 548 1417 idem
572 1382 729 1418 ostendit
753 1385 788 1426 2,
814 1384 871 1426 15,
896 1382 952 1417 16.
1435 1388 1443 1392 ⁷

162 1440 336 1482 Excito.
399 1449 434 1493 Ι)
458 1452 482 1484 ἰ.
509 1464 541 1495 q.
568 1462 723 1484 evoco.-
750 1449 781 1483 si
809 1449 988 1487 excitatus
1011 1449 1122 1485 fuerit
1143 1450 1189 1484 de
1216 1450 1430 1495 spectaculis
1459 1452 1495 1494 3,
1521 1450 1558 1494 6,
1583 1451 1627 1486 19
1649 1451 1698 1485 Ν.

210 1503 340 1532 testem
370 1497 604 1530 subornatum
637 1496 676 1530 in
706 1497 875 1530 subsellia
906 1496 1106 1532 adversarii
1134 1496 1299 1541 mittere,
1339 1502 1379 1531 ut
1406 1496 1492 1531 inde
1523 1497 1703 1536 excitatus

208 1545 288 1588 plus
314 1549 444 1577 noceat
470 1543 504 1586 5,
529 1544 572 1587 8,
597 1545 654 1577 32.
680 1553 764 1576 reos
789 1542 953 1577 excitare
980 1545 1046 1586 11,
1070 1544 1116 1585 3,
1139 1542 1218 1578 174.
1246 1542 1291 1585 cs.
1315 1543 1358 1586 6,
1383 1545 1424 1587 1,
1447 1542 1505 1578 45.
1541 1541 1703 1578 excitare
1713 1569 1718 1578 ,.

208 1589 363 1635 judicem
386 1589 465 1632 (fig.
495 1602 552 1633 ap.
583 1587 713 1632 Cels.)
735 1590 770 1631 9,
795 1591 832 1632 2,
861 1587 938 1623 104.
964 1589 1147 1633 quomodo
1170 1600 1210 1624 se
1234 1589 1384 1633 dicenti,
1424 1589 1485 1634 qui
1511 1589 1702 1633 excitatur,

209 1637 456 1670 accommodet
478 1636 524 1678 6,
551 1638 595 1678 1,
623 1637 681 1669 37.
717 1640 789 1669 tres
816 1634 991 1670 excitavit
1019 1640 1056 1669 et
1077 1635 1155 1679 ipse
1182 1635 1336 1670 lectores
1361 1635 1396 1677 6,
1423 1637 1460 1679 3,
1482 1633 1558 1677 445
1574 1635 1704 1669 defun-

210 1689 288 1717 ctos
312 1681 474 1717 excitare
499 1680 535 1724 4,
562 1684 595 1724 1,
619 1682 676 1716 28.
700 1679 838 1715 inferos
859 1692 942 1715 exc.
966 1682 1001 1723 9,
1018 1684 1054 1724 2,
1071 1683 1139 1723 313
1163 1683 1265 1716 velut
1288 1679 1517 1715 dormitantes
1540 1679 1701 1714 excitare

208 1740 272 1764 eos
297 1727 333 1771 4,
359 1731 391 1771 1,
416 1730 474 1762 73.
510 1726 556 1769 cf.
580 1725 627 1770 4,
650 1729 694 1769 2,
719 1730 774 1761 72.
838 1726 942 1770 11)1·.
968 1740 1000 1772 q.
1033 1738 1293 1760 commoveo.
1356 1727 1405 1768 α)
1428 1727 1472 1759 de
1493 1726 1698 1760 hominibus.-

208 1774 365 1815 excitat,
398 1773 460 1818 qui
484 1773 585 1816 dicit,
611 1773 742 1818 spirita
758 1772 837 1817 ipso
863 1775 920 1814 10,
949 1775 983 1815 1,
1007 1772 1064 1811 16.
1085 1772 1181 1806 hunc
1207 1770 1445 1806 mordebit
1484 1770 1698 1818 objurgatio,

209 1824 305 1855 hunc
337 1821 456 1854 honor
490 1817 735 1854 excitabit
771 1821 810 1860 1,
835 1820 875 1860 3,
900 1821 936 1852 7.
976 1817 1084 1851 istum
1114 1834 1159 1842 —
1191 1819 1356 1852 ardentes
1386 1815 1559 1851 furiarum
1594 1818 1697 1860 faces

207 1866 412 1902 excitarunt
436 1865 489 1908 (a.
512 1869 533 1898 l.
559 1883 604 1888 —
629 1864 774 1900 verunt)
794 1865 831 1906 9,
855 1865 890 1905 3,
913 1861 970 1897 47.
994 1863 1111 1897 femur
1131 1863 1242 1898 ferire
1268 1883 1317 1905 -,
1337 1862 1475 1906 excitat
1499 1861 1699 1898 auditorem

207 1916 271 1956 11,
300 1914 341 1954 3,
370 1913 448 1945 123.
481 1916 616 1945 motum
641 1909 824 1953 corporis,
860 1908 921 1953 qui
949 1914 985 1943 et
1010 1908 1089 1953 ipse
1117 1909 1254 1944 excitat
1277 1914 1457 1944 oratorem
1488 1911 1553 1951 10,
1577 1913 1618 1954 7,
1640 1910 1699 1945 26.

205 1959 299 1993 actio
332 1957 430 2083 aa?
430 1967 533 1990 orum
557 1957 775 2000 frequentia,
801 1961 840 1989 ut
863 1955 965 1989 miles
988 1961 1166 1989 concentu
1192 1956 1275 1999 (Sp.
1299 1953 1490 2001 congestu)
1517 1954 1700 2009 signorum

204 2005 351 2040 excitatl
453 2029 463 2045 ,
489 2006 524 2045 7,
546 2003 589 2037 16
604 2007 646 2036 Ζ.
672 2008 754 2036 sunt
777 2007 812 2035 et
838 2001 900 2035 illa
921 2001 1124 2036 excitandis
1151 2002 1204 2035 ad
1227 2001 1441 2035 audiendum
1462 2007 1538 2035 non
1559 2001 1699 2036 inutilia

203 2051 247 2093 4,
277 2054 320 2089 1.
395 2073 405 2084 .
441 2048 654 2083 excitandus
691 2054 745 2082 est
781 2058 874 2084 voce
917 2050 981 2090 11,
1006 2050 1050 2091 2,
1074 2049 1132 2082 33.
1157 2058 1225 2082 nec
1255 2048 1343 2081 lan.
1372 2056 1484 2081 uere
1516 2047 1697 2091 patiuntur

204 2097 354 2133 subinde
378 2094 494 2139 aliqua
520 2094 668 2128 notabili
696 2095 809 2142 figura
837 2093 1035 2128 excitatum
1068 2091 1308 2138 (auditorem)
1365 2119 1376 2136 ,
1399 2094 1434 2136 3,
1459 2095 1517 2138 27.
1575 2091 1624 2138 β)
1655 2095 1699 2127 de

205 2147 312 2178 animo
342 2149 427 2178 εἰσμ-
466 2141 685 2176 excitabitur
712 2141 817 2174 laude
843 2139 1033 2174 aemulatio
1058 2142 1092 2183 1,
1119 2142 1154 2181 2,
1183 2142 1241 2173 21.
1266 2150 1370 2173 aures
1396 2138 1575 2174 convertit
1596 2138 1636 2172 in
1657 2150 1698 2174 se

203 2197 240 2225 et
259 2189 404 2224 *excitat
437 2187 495 2231 (a.
523 2192 543 2222 ῑ.
574 2190 671 2220 inser.
697 2187 857 2227 animos)
881 2187 917 2229 9,
941 2188 974 2229 3,
1003 2185 1062 2221 66.
1099 2185 1236 2219 animos
1260 2186 1304 2218 ad
1327 2186 1442 2229 lyram
1475 2185 1695 2220 excitare

205 2255 252 2262 —-
277 2237 319 2269 ad
347 2235 495 2269 eandem
532 2234 684 2268 lenire
721 2239 878 2268 mentem
910 2233 945 2275 9,
968 2230 1006 2275 4,
1035 2234 1091 2265 12.
1121 2242 1270 2276 quarum
1299 2230 1503 2264 recordatio
1526 2251 1572 2256 —-
1595 2230 1697 2275 quasi

205 2282 342 2317 excitet
364 2279 575 2315 memoriam
603 2282 658 2322 11,
689 2282 722 2322 2,
751 2280 811 2314 28.
841 2279 898 2314 29.
931 2277 1194 2312 excitanda
1225 2287 1326 2310 mens
1362 2281 1398 2310 et
1431 2277 1694 2311 attollenda
1725 2307 1728 2312 .

205 2339 344 2371 semper
368 2332 442 2369 est,
467 2337 558 2370 (suae
585 2325 623 2359 in
647 2324 851 2369 hujusmodi
874 2323 1021 2358 secretis
1047 2327 1106 2357 aut
1127 2322 1405 2369 languescit
1431 2329 1492 2356 etc.
1519 2325 1552 2365 1,
1576 2325 1611 2365 2,
1638 2325 1696 2358 18.

205 2375 335 2407 salsum
357 2393 404 2398 —
427 2372 562 2406 excitat
592 2378 628 2406 et
653 2383 674 2405 a
697 2371 815 2405 taedio
844 2369 1006 2404 defendit
1030 2368 1228 2403 orationem
1250 2369 1285 2411 6,
1312 2370 1347 2411 3,
1373 2369 1429 2403 19.
1465 2367 1565 2411 cujus
1598 2367 1694 2413 (elo-
1720 2409 1724 2411 ἢ

206 2421 384 2463 quentjae)
408 2419 534 2452 fraude
567 2429 634 2452 nec
672 2417 866 2451 seditiones
897 2416 1005 2450 modo
1036 2414 1231 2458 turbaeque
1254 2414 1466 2459 populares,
1498 2414 1561 2448 sed
1587 2413 1702 2448 etiam*
1726 2414 1728 2421 '

206 2466 299 2498 bella
324 2464 557 2507 inexpiabilia
584 2463 789 2498 excitentur
808 2466 845 2506 2,
874 2463 928 2503 16,
952 2465 995 2504 23
1048 2459 1086 2506 y)
1115 2462 1157 2493 ‹le
1180 2474 1257 2493 sono
1272 2475 1281 2493 .·
1313 2459 1352 2493 hi
1376 2457 1499 2503 (soni)
1523 2471 1606 2494 cum
1629 2428 1728 2535 ιιι-Ι

203 2511 319 2557 genda
344 2510 542 2544 intentione
578 2509 850 2552 excitandi,
884 2518 964 2542 cum
997 2506 1246 2551 summittenda
1277 2511 1359 2543 sunt
1388 2505 1692 2549 temperandi
1724 2537 1728 2545 ,

204 2559 269 2598 11,
294 2558 333 2596 3,
360 2555 416 2588 42.
453 2557 577 2589 ultima
610 2556 750 2599 syllaba
783 2565 851 2588 nec
883 2558 986 2587 acuta
1009 2562 1165 2596 unquam
1194 2551 1460 2594 excitatur,
1490 2561 1559 2584 nec
1594 2551 1694 2586 flexa
1725 2550 1728 2580 i

165 2641 175 2643 -
203 2601 578 2637 circumducitur
602 2605 657 2644 12,
688 2604 742 2643 10,
772 2603 834 2642 33;
877 2599 910 2638 δ)
938 2600 980 2632 <le
1006 2605 1123 2631 ornatu
1150 2599 1300 2631 (licendi.-
1336 2607 1418 2630 cum
1438 2597 1600 2640 pondere
1628 2596 1695 2631 ali-
1726 2603 1728 2643 ξ

201 2658 273 2693 quo
299 2647 448 2680 dicenda
472 2653 576 2688 sunt,
606 2653 642 2681 et
674 2647 763 2690 aptis
801 2645 990 2680 excitanda
1014 2643 1217 2689 sententiis,
1244 2649 1279 2677 et
1303 2641 1424 2688 figuris
1446 2641 1567 2686 utique
1592 2642 1691 2678 vari-
1723 2650 1728 2683 i

202 2690 292 2728 anda
325 2694 367 2733 6,
410 2695 447 2734 1,
478 2695 501 2723 2
532 2693 578 2724 N.
588 2707 599 2734 ,·
635 2696 786 2726 Ρανιὶσ..·
819 2693 930 2725 multo
965 2696 1086 2723 tamen
1114 2686 1186 2723 hoc
1220 2695 1372 2731 utroque
1400 2687 1590 2722 excitatius
1622 2687 1695 2733 (est
1722 2708 1728 2715 -

203 2739 356 2780 schema)
391 2739 434 2777 9,
463 2738 496 2778 3,
523 2740 577 2770 10.
611 2739 701 2771 haec
731 2737 943 2772 excitatiora
969 2735 1102 2769 lumina
1128 2738 1184 2778 12,
1209 2736 1266 2778 10,
1289 2732 1347 2769 49.
1678 2732 1719 2756 ·”

157 2784 440 2829 Exclamatio·
504 2792 614 2836 (fig.)
639 2795 674 2835 9,
700 2796 733 2836 1,
757 2795 813 2828 34.
849 2795 885 2836 9,
911 2796 946 2835 2,
975 2795 1034 2826 27.
1057 2792 1092 2834 9,
1127 2794 1162 2834 3,
1192 2786 1250 2826 97'.
1275 2807 1319 2814 —
1346 2790 1492 2824 affectus
1518 2794 1573 2832 esi
1595 2790 1630 2832 9,
1653 2790 1688 2832 3,
1724 2814 1725 2817 ¹

200 2845 258 2880 97.
284 2843 406 2877 dulces
430 2839 711 2874 exclamationes
736 2839 865 2874 theatri
891 2849 997 2874 causa
1019 2837 1218 2881 producere
1245 2838 1302 2879 11,
1330 2838 1366 2878 3,
1390 2836 1459 2871 179
1483 2836 1530 2895 Ν.
