1728 3002
161 201 244 241 160
617 202 619 204 ’
650 195 876 252 conjungo
904 219 960 227 -
990 195 1207 239 Counecto

206 316 241 357 1,
264 313 321 347 31.
352 310 677 346 detractionis
701 309 814 357 gratia
836 311 969 345 factam
990 312 1110 357 conj.
1134 312 1170 357 9,
1194 311 1310 358 3‚-64.
1343 312 1598 357 confimationi!
1621 314 1724 358 eius-

151 379 154 381 *
204 356 500 403 (antonomasiae)
526 358 566 390 fit
589 363 714 402 tropus
737 358 772 399 9',
797 359 830 401 1,
854 357 878 391 6
900 358 948 396 N.
986 357 1030 394 Ei
1053 360 1284 403 (syllogismog
1312 360 1379 403 Sp.
1401 358 1500 404 ejus)
1525 361 1700 395 nonnulla

205 412 243 440 et
265 416 346 439 cum
368 404 529 438 finitione
553 405 650 448 conj.
677 403 729 447 (α.
755 407 778 436 l.
803 402 985 438 connexio
1012 416 1046 438 a.
1068 405 1256 451 cognatio)
1279 408 1315 448 7,
1338 406 1374 447 8,
1397 407 1431 440 1.
1458 405 1504 448 ‘ff-
1528 407 1564 448 8,
1585 409 1621 450 3,
1635 407 1696 441 46.

206 450 254 494 ll)
282 453 449 494 particula
473 453 655 484 orationis.-
684 453 723 491 1,
749 450 789 491 5,
813 447 905 486 4.,9.
935 452 992 493 11,
1017 452 1052 494 3,
1078 454 1158 486 110.
1191 462 1279 496 quas
1306 451 1581 497 (convinctiones)
1607 462 1700 487 con-

205 497 409 543 junctiones
434 507 454 530 a
478 496 657 540 plerisque
679 495 748 529 dici
776 494 852 528 scio
876 497 910 538 1,
935 494 972 539 4,
999 498 1053 531 18.
1086 508 1176 541 quae
1202 496 1378 541 (fig-um),
1407 497 1490 542 quia
1511 498 1700 542 conjun-

208 543 400 579 ctionib.
428 548 542 584 caret,
574 541 824 576 dissolutio
847 548 1000 576 vocatur
1023 543 1058 583 9,
1083 545 1118 585 3,
1145 544 1201 578 50.
1235 544 1398 587 schema,
1427 545 1525 588 quod
1546 545 1701 589 conjun-

207 589 354 625 ctionib.
379 589 533 623 abundat
561 591 604 623 ib.
632 587 676 630 cf.
716 590 758 622 ib.
782 588 838 622 62.
873 589 1000 632 quaed.
1026 590 1135 624 nullis
1161 589 1361 624 simulacris
1393 588 1586 638 significari
1612 601 1701 636 pos-

205 642 288 671 sunt
303 659 312 677 ,
338 641 378 669 ut
401 641 497 669 certe
525 633 573 680 (a.
597 638 619 670 Ζ.
643 635 737 676 —tae)
767 634 1040 678 conjunctiones
1069 638 1125 680 11,
1148 638 1184 679 2,
1208 636 1267 671 25.
1544 636 1547 643 '

158 694 401 748 Conjungo·
449 701 489 745 α)
515 701 544 736 si
569 703 669 746 plura
689 703 904 747 proderunt,
929 703 1221 751 conjungere
1243 699 1365 738 licebit
1388 715 1467 748 opp.
1490 697 1699 741 dividere

206 751 254 795 4,
279 755 324 793 2,
349 752 428 783 102.
461 748 492 783 si
517 749 699 794 adjuvabit
722 761 803 793 pars
828 750 958 793 altera,
988 750 1296 796 conjungam:
1323 749 1358 788 si
1376 748 1544 793 nocebit,
1571 761 1700 796 sepa-

204 797 326 832 rabo
349 799 391 838 7,
417 797 460 838 2,
486 796 542 830 51.
576 801 694 840 partes
719 795 888 840 deinceps
911 795 1006 840 ipsas
1029 795 1202 840 repetitus
1227 796 1318 830 ordo
1345 796 1544 843 conjungat
1569 798 1635 840 11,
1663 799 1699 839 2,

202 845 263 878 28.
303 843 347 876 ad
371 842 656 889 conjungendam
685 847 784 875 actae
814 842 869 876 rei
897 843 1026 877 seriem
1058 846 1101 885 7,
1138 844 1179 885 1,
1215 840 1273 876 14.
1320 841 1503 886 derivate,
1543 842 1701 885 flectere,

204 890 423 935 conjungere
451 887 600 933 (verba)
626 889 671 930 8,
698 890 739 931 3,
766 889 825 923 36.
854 888 898 930 ej}
925 892 968 932 1,
993 891 1038 931 5,
1063 890 1120 922 26.
1159 888 1204 921 ad
1230 888 1498 936 conjungendas
1523 889 1700 933 subjectas

204 935 274 969 sibi
297 935 446 970 vocales
472 937 535 979 12,
560 937 634 977 10‚'
654 936 711 968 30.
748 935 936 978 conjunxit
957 935 1183 978 παρένθοσιν
1205 939 1243 968 et
1267 929 1502 979 ἀποστροφὴν
1525 933 1591 968 illo
1616 935 1701 969 loco

203 984 241 1024 9,
265 983 300 1025 3,
324 982 383 1016 26.
445 982 490 1025 β)
515 994 543 1014 c.
568 983 675 1013 Dan:
707 982 848 1014 laudem
875 981 991 1014 adhuc
1019 980 1138 1014 dicere
1163 980 1249 1014 artis
1275 978 1536 1024 pulcherrimae
1558 979 1700 1024 videor,

203 1038 279 1061 non
308 1039 386 1061 eam
408 1032 528 1060 tamen
556 1025 691 1060 oratori
719 1028 937 1073 conjungere
974 1029 1014 1070 1,
1050 1028 1116 1070 10,
1146 1027 1204 1060 17.
1242 1025 1404 1061 facultati
1427 1025 1703 1061 instrumentum

204 1074 302 1115 coni.
326 1075 360 1116 5,
386 1075 443 1115 10,
467 1074 525 1107 51.
553 1073 812 1118 conjungentes
834 1073 1014 1117 prioribus
1037 1071 1223 1117 sequentia
1247 1075 1305 1115 11,
1327 1075 1364 1115 2,
1389 1074 1446 1107 20.
1475 1073 1702 1117 conjunctam

205 1120 241 1154 ei
268 1119 517 1163 (proposin‘oni)
540 1119 702 1161 protinus
726 1118 974 1162 probationem
998 1121 1040 1162 5,
1067 1117 1131 1162 14,
1157 1121 1190 1152 1.
1225 1124 1372 1153 nostrae
1396 1129 1524 1156 causae
1547 1119 1703 1164 conjun-

204 1172 301 1200 ctum
325 1165 358 1205 5,
385 1166 443 1208 13,
467 1167 523 1199 17.
553 1175 602 1197 ex
623 1165 822 1207 conjunctis
846 1165 900 1199 rei
923 1165 957 1205 5,
987 1167 1042 1205 10,
1069 1164 1126 1199 45.
1161 1166 1264 1199 locus
1289 1164 1466 1208 superiori
1490 1165 1702 1209 conjunctus

204 1214 246 1254 9,
274 1215 290 1244 1
305 1236 315 1252 ,
342 1213 374 1244 1.
445 1211 489 1254 γ)
525 1210 596 1251 adj,
625 1223 713 1242 cum
740 1215 776 1244 et
801 1212 876 1244 ad.-
918 1210 1087 1254 judicium
1111 1221 1214 1243 suum
1246 1222 1344 1244 cum
1369 1210 1466 1244 illius
1491 1211 1702 1246 auctoritato

203 1256 393 1300 conjunxit
417 1258 474 1298 10,
501 1257 535 1298 3,
561 1258 594 1289 1.
635 1256 886 1303 conjungendo
911 1267 943 1289 c.
965 1255 1144 1300 judicibus
1168 1255 1375 1302 dignitatem
1389 1267 1489 1289 suam
1505 1259 1562 1298 11,
1585 1260 1621 1300 1,
1643 1258 1703 1292 28.

202 1310 244 1337 ut
269 1301 422 1337 oratoris
443 1302 519 1337 vita
548 1312 579 1335 c.
605 1300 793 1336 inscientia
817 1302 1019 1337 divinarum
1041 1302 1346 1346 humanarumque
1371 1312 1492 1336 rerum
1510 1303 1703 1347 conjuncta

203 1350 251 1384 sit
275 1352 333 1393 12,
356 1351 392 1391 2,
415 1349 458 1391 8;
489 1346 520 1381 si
540 1348 682 1382 laudem
708 1349 783 1391 ejus
808 1349 859 1382 ad
880 1347 1068 1381 utilitatem
1090 1352 1235 1381 nostrae
1258 1358 1387 1382 causae
1410 1349 1704 1392 conjunxerimus

203 1394 240 1439 4,
267 1398 300 1438 1,
326 1395 370 1429 16
397 1394 445 1429 Ν.
469 1407 515 1427 cr.
550 1404 626 1427 non
651 1393 804 1428 deformi
826 1395 1012 1437 voluptate
1038 1393 1102 1426 sed
1125 1404 1207 1427 cum
1228 1393 1334 1427 laude
1358 1404 1400 1427 ac
1426 1394 1598 1441 dignitate
1624 1386 1702 1439 ¹(siu

203 1446 246 1477 Ζ.
277 1451 326 1476 ex
348 1442 464 1474 Amb.
491 1442 532 1482 13
569 1442 637 1483 Sp.
668 1441 720 1473 ad
745 1439 968 1487 dignitatem)
997 1440 1190 1483 conjuncta
1213 1439 1259 1482 8,
1286 1439 1343 1473 Pr.
1364 1441 1422 1474 33.
1485 1438 1524 1484 δ)
1551 1444 1700 1476 Par-tic..-

204 1487 390 1529 alienus
414 1497 460 1519 an
487 1486 764 1530 conjunctus
793 1485 936 1531 (homo)
966 1489 1002 1529 7,
1029 1484 1064 1528 4,
1087 1488 1154 1528 213
1194 1490 1327 1520 extra
1346 1496 1538 1531 ,causam
1564 1487 1703 1520 addu-

205 1541 323 1572 ctum
352 1538 388 1567 et
414 1537 551 1566 tantum
579 1532 879 1576 conjunctum
906 1532 951 1576 5,
979 1533 1046 1574 13,
1073 1533 1129 1565 10.
1163 1530 1205 1565 in
1233 1531 1435 1575 conjunctis
1464 1525 1702 1580 ambiguitatis

203 1581 284 1626 plus
308 1582 344 1621 7,
368 1580 414 1622 9,
440 1578 476 1612 6.
513 1579 722 1623 plerumque
745 1580 836 1614 haec
860 1589 940 1613 esse
963 1578 1155 1622 conjuncta
1181 1578 1245 1620 11,
1271 1578 1289 1611 1
1304 1602 1316 1620 ,
1338 1578 1385 1620 83
1424 1578 1548 1622 conj.
1574 1589 1707 1622 causae

206 1640 285 1671 opp.
317 1622 578 1668 simplices
605 1626 648 1667 3,
672 1625 713 1663 6,
739 1623 796 1660 94.
823 1627 864 1668 3,
890 1627 952 1667 10,
977 1626 1011 1658 1.
1049 1622 1352 1667 conjunctam‘ex
1373 1623 1535 1667 pluribus
1559 1635 1703 1663 causam

204 1673 241 1716 6,
267 1675 300 1715 1,
325 1669 371 1706 54
393 1671 441 1704 Ν.
478 1670 574 1714 conj.
601 1670 764 1705 defensio
788 1674 822 1712 7,
849 1673 882 1714 1,
907 1671 951 1706 15
978 1670 1026 1704 N.
1059 1680 1181 1707 retum
1205 1669 1436 1713 conjunctam
1460 1669 1703 1705 diversitatem

204 1720 252 1762 9,
277 1720 318 1759 3,
339 1718 385 1752 38
406 1716 454 1750 Ν.
489 1717 585 1760 conj.
612 1716 658 1750 sit
682 1716 791 1751 lectio
817 1719 858 1760 1,
883 1719 923 1761 1,
947 1717 1005 1751 33.
1044 1713 1139 1749 inter
1170 1715 1265 1758 conj.
1289 1714 1445 1750 maxime
1468 1725 1641 1760 personas
1667 1718 1704 1761 6,

204 1768 240 1806 2,
265 1763 321 1798 14.
352 1774 401 1797 ex
425 1762 521 1806 conj.
547 1763 795 1807 propositione
817 1766 853 1806 7,
880 1765 913 1806 1,
938 1763 972 1798 9.
999 1760 1176 1796 sermonis
1200 1761 1293 1805 conj.
1315 1762 1350 1801 8,
1371 1762 1411 1804 3,·
1433 1758 1491 1795 40.
1519 1762 1618 1796 haec.
1635 1772 1703 1797 ne-

206 1821 308 1846 cesse
326 1815 381 1843 est
397 1814 456 1842 aut
476 1819 524 1842 ex
548 1809 802 1852 praeterito
829 1814 1004 1853 tempore,
1028 1813 1088 1842 aut
1105 1818 1154 1841 ex
1179 1807 1318 1851 conj„
1337 1812 1398 1840 aut
1416 1817 1463 1841 ex
1487 1807 1704 1852 sequenti

204 1862 329 1902 petere
356 1857 390 1899 5,
417 1856 453 1897 8,
480 1854 515 1889 5.
542 1855 670 1889 fluctus
694 1867 795 1900 esse,
824 1866 906 1889 cum
927 1864 1057 1901 magna
1075 1853 1132 1888 vis
1158 1851 1261 1887 venti
1282 1851 1464 1896 incubuit,
1493 1855 1590 1898 quod
1613 1864 1703 1889 oon-

203 1902 317 1948 juncti
345 1901 411 1946 (est
434 1900 608 1945 temporis)
634 1902 669 1944 5,
694 1903 739 1944 9,
763 1901 798 1937 5.
845 1901 1036 1947 Quaestio,
1063 1898 1124 1934 An
1146 1897 1273 1941 fuerit,
1300 1897 1426 1943 incipit
1447 1909 1470 1932 a
1493 1902 1721 1944 secundos

204 1956 388 1992 tempore,
415 1947 454 1981 id
482 1946 842 1992 estLpraesenti,
870 1958 913 1981 ac
939 1946 1068 1981 deinde
1096 1944 1355 1988 conjuncto
1380 1945 1512 1988 (Reg.
1535 1946 1606 1990 adj.
1629 1947 1703 1981 hoc

204 2001 261 2030 est
282 1992 486 2038 insequenti
510 1995 558 2027 N.
585 1993 646 2038 cr.)
673 1997 714 2038 7,
741 1997 790 2037 2,
809 1991 856 2027 46
878 1993 927 2027 Ν.
956 2004 988 2026 v.
1012 1993 1225 2035 Tempus.
1260 1989 1384 2025 verbis
1406 1996 1468 2024 aut
1492 1990 1703 2039 singulis

203 2047 264 2076 aut
291 2039 573 2084 conjunctis
594 2041 630 2083 8,
657 2042 690 2083 1,
717 2042 747 2073 1.
785 2038 871 2084 quid
894 2043 1135 2083 separata,
1162 2036 1249 2081 quid
1271 2036 1531 2081 conjuncta
1557 2036 1704 2086 exigant

204 2086 357 2130 (verba)
380 2088 423 2126 8,
445 2087 487 2128 3,
518 2086 572 2120 15.
605 2096 740 2121 vocum
767 2090 804 2119 et
826 2084 866 2118 in
893 2083 1092 2132 singulis
1123 2082 1221 2117 etin
1249 2081 1539 2127 conjunctis
1566 2084 1611 2127 5,
1645 2087 1703 2128 10,

206 2134 286 2168 106.
312 2137 348 2176 7,
372 2134 408 2175 9,
432 2134 467 2167 2.
497 2132 662 2168 divisis
692 2132 774 2177 (Sp.
798 2129 910 2175 binis)
939 2128 1302 2176 conjunctisque
1323 2124 1447 2165 verbis
1469 2130 1506 2174 6,
1529 2131 1567 2175 3,
1589 2130 1635 2166 55
1657 2133 1701 2166 Ζ.

159 2187 425 2243 conjuratio·
471 2197 510 2234 in
534 2199 767 2244 opprimenda
791 2199 885 2243 conj.
909 2201 966 2243 11,
992 2202 1026 2243 1,
1051 2199 1109 2234 18.
1137 2198 1196 2232 23.

160 2242 366 2299 Conjuro.
422 2258 651 2301 conjurarant
676 2256 716 2291 in
739 2262 892 2292 mortem
917 2255 1028 2302 patris
1056 2253 1093 2300 4,
1119 2256 1155 2298 2,
1181 2256 1239 2290 72·

161 2301 347 2355 conjux.
389 2312 457 2357 (Z.
482 2311 660 2358 conjunx)
684 2314 719 2356 6,
746 2315 781 2357 1,
807 2314 867 2352 33.

161 2367 393 2411 connecto·
434 2381 672 2416 connectendi
693 2381 846 2415 facultas
868 2382 906 2424 2,
933 2381 990 2422 11,
1015 2378 1051 2413 5.
1079 2388 1139 2412 res
1161 2387 1203 2411 ac
1225 2377 1339 2412 verba
1367 2383 1584 2413 connectere
1603 2379 1642 2422 2,
1653 2401 1657 2409 ,.
1666 2376 1704 2418 4,

206 2428 264 2460 15.
291 2427 327 2468 9,
349 2425 385 2468 4,
409 2427 464 2460 58.
499 2439 588 2471 quae
611 2426 856 2471 inexplicabili
877 2424 970 2460 serie
990 2428 1207 2472 connectunt
1227 2425 1262 2467 5,
1288 2422 1345 2467 14,
1369 2426 1427 2459 32.
1464 2423 1703 2460 connectendi

207 2470 384 2505 sermonis
407 2472 579 2515 cupiditas
611 2476 675 2515 10,
701 2475 743 2516 3,
773 2475 830 2506 20.
862 2469 1013 2516 (verbis)
1040 2478 1244 2503 sermonem
1269 2476 1484 2505 connectere
1513 2473 1547 2507 1,.
1574 2473 1607 2513 1,
1633 2471 1700 2512 313

208 2516 329 2551 omnia
351 2516 521 2552 historiae
546 2519 724 2560 (membra)
753 2528 920 2553 connexa
949 2520 1031 2549 sinit
1054 2516 1097 2558 9,
1123 2513 1159 2557 4,
1186 2515 1265 2551 129.
1295 2514 1490 2559 (parabole)
1517 2525 1619 2550 cum
1645 2525 1700 2558 re,

209 2563 309 2607 cujus
334 2567 389 2595 est
413 2563 555 2608 imago,
585 2564 810 2598 connectitur
833 2561 1026 2598 collatione
1048 2562 1083 2601 8,
1107 2562 1141 2603 3,
1164 2563 1223 2595 77.
1258 2562 1343 2606 quid
1367 2562 1494 2606 cuique
1525 2571 1703 2596 conne-

210 2614 390 2650 ctatur,
419 2614 454 2641 et
478 2609 563 2652 quid
586 2609 861 2644 consentiat
883 2611 918 2648 7,
943 2610 979 2651 2,
1005 2607 1050 2641 57
1073 2607 1121 2640 Ν.
1157 2606 1219 2650 qui
1248 2609 1372 2651 (locus)
1399 2606 1557 2652 partibus
1581 2605 1702 2650 operis

210 2654 316 2698 hujus
345 2653 510 2687 omnibus
537 2664 767 2689 connexus
795 2667 837 2690 ac
858 2653 1033 2689 mixtus
1060 2657 1114 2685 est
1139 2651 1182 2695 6,
1207 2652 1247 2695 5,
1273 2655 1306 2687 1.
1338 2653 1389 2687 ita
1411 2658 1493 2686 sunt
1516 2651 1638 2687 inter
1662 2662 1703 2686 se

211 2709 424 2734 connexa
451 2705 487 2733 et
509 2699 763 2735 indiscreta
789 2700 910 2735 omnia
930 2702 986 2743 10,
1004 2701 1037 2741 1,
1052 2699 1086 2730 2.
1119 2695 1181 2731 illa
1198 2708 1365 2733 connexa
1389 2698 1500 2732 series
1524 2700 1559 2741 9,
1582 2697 1620 2741 4,
1642 2701 1702 2732 22.

213 2757 304 2790 quae
328 2756 546 2779 connexa
570 2752 624 2779 est
647 2747 762 2780 oratio
792 2759 869 2791 opp.
894 2746 1169 2787 interrupta
1194 2744 1228 2787 9,
1253 2743 1290 2787 4,
1317 2748 1350 2781 7.
1379 2744 1573 2790 quamlibet
1593 2745 1703 2780 multa

176 2814 177 2817 =
214 2792 305 2836 sint,
333 2791 422 2826 fiunt
444 2791 583 2839 singula
609 2801 775 2827 connexa
798 2793 952 2838 quodam
977 2791 1090 2827 choro
1115 2791 1172 2833 11,
1196 2791 1232 2834 2,
1256 2792 1316 2825 20.
1418 2794 1438 2809 ”
1663 2803 1666 2806 ’
