1728 3002
516 174 842 220 quentiano-ula
867 200 925 208 -
947 174 1130 219 Invideo
1499 179 1580 228 451

112 296 172 339 12,
191 293 226 330 4.
251 293 298 336 cs.
325 295 382 333 12,
407 295 440 335 1,
463 293 524 327 30.
563 290 608 335 β)
631 292 765 326 Genu„-
789 289 876 326 resti
901 295 1001 325 erato
1031 287 1252 326 inventionis
1283 299 1408 326 amore
1438 291 1504 337 Ep.
1540 294 1586 328 ad

112 341 251 386 Tryph.
274 343 310 375 2.
358 337 520 380 dicendi,
542 336 797 382 praeparandi,
821 347 887 381 pro
913 335 995 381 andi
1018 335 1217 380 rationem,
1241 347 1332 380 quae
1352 343 1435 372 sunt
1456 338 1587 374 inven-

109 386 219 422 tionis
242 388 307 428 10,
334 387 376 428 1,
414 384 492 419 106.
549 393 600 419 co
640 381 843 417 nitionis
879 388 983 426 sunt,
1023 391 1099 416 non
1132 381 1442 418 inventionis
1474 384 1587 431 (quae

109 436 234 476 scripta
257 431 429 474 sunt)12,
453 432 488 473 3,
513 431 549 464 7.
574 439 596 464 e
628 427 830 473 oquendi
854 428 1048 470 suavitate,
1078 439 1124 462 an
1151 427 1474 464 inventionum
1499 442 1586 465 scin-

109 478 205 513 mine
230 479 285 519 10,
312 480 346 520 1,
367 477 429 512 83.
453 481 622 519 tanquam
645 473 864 508 inventionis
888 474 989 518 copia
1014 479 1208 520 urgeantur
1233 476 1296 516 11,
1331 477 1378 519 3,
1406 476 1463 511 56.
1510 477 1588 512 inv.

109 523 248 558 ratione
271 525 328 565 12,
352 522 386 564 5,
416 524 433 555 1
461 522 509 555 Ν.
532 519 607 555 vim
633 519 832 554 dicendi
859 525 928 565 atq.
951 519 1250 555 inventionis
1278 523 1340 562 10,
1375 524 1420 565 2,
1455 523 1510 556 16.
1545 524 1586 568 7)

109 572 219 604 Dat..·
249 565 379 603 Cicero
401 566 738 600 inventionem
763 577 804 600 ao
826 565 1191 610 dispositionem
1220 567 1404 610 prudentis
1431 568 1587 604 hominis

108 620 219 660 putat,
243 611 578 658 eloquentiam
613 611 762 646 oratoris
787 612 823 653 8,
853 612 910 645 Pr.
933 610 989 646 14.
1015 623 1048 647 v.
1071 611 1372 656 Dispositio.
1399 615 1589 650 consilium

109 666 166 697 est
186 659 278 694 ratio
300 659 436 693 habens
457 657 496 692 in
518 668 557 691 se
579 662 616 691 et
638 656 966 692 inventionem
990 661 1026 691 et
1046 655 1391 699 iudicationem
1425 661 1460 702 6,
1488 663 1524 703 5,
1548 664 1584 697 3.

111 703 151 750 ὅ)
173 708 312 740 Amat..-
345 705 384 738 in
406 703 614 738 inventione
636 702 750 737 facilis
777 702 988 745 (Isocrates)
1013 704 1070 745 10,
1094 706 1128 744 1,
1151 704 1208 739 79.
1248 714 1320 748 quo
1342 705 1460 739 minus
1487 708 1588 748 adju-

107 757 173 787 vat
197 759 373 792 sermo,
403 760 525 785 rerum
550 748 839 783 inventione
866 748 1095 795 pugnandum
1118 754 1174 783 est
1198 751 1254 791 12,
1282 751 1338 792 10,
1372 752 1428 785 36.
1463 753 1587 796 optimi

107 795 440 832 sensus—interim
461 794 655 830 memoriae
676 804 762 829 suae
784 793 940 830 intentos
962 795 1006 829 ab
1030 792 1100 828 elia
1116 793 1325 831 inventione
1339 797 1519 833 declinant
1530 803 1587 844 10,

106 845 149 886 3,
181 845 238 878 33.

60 894 399 939 Inventiuncula.
445 905 598 942 minimis
621 906 900 944 inventiunculis
925 908 962 951 8,
986 906 1022 949 5,
1044 907 1105 941 22.

61 952 277 995 Inventor.
323 970 416 998 artes
439 963 685 998 inventoribus
708 964 858 998 afferunt
880 963 1022 998 laudem
1043 963 1081 1004 3.
1109 964 1146 1007 7,
1182 963 1239 1000 18.
1284 962 1449 1002 inventas
1481 966 1589 1012 (res)

109 1011 155 1044 ab
177 1009 366 1044 inventore
389 1009 563 1056 significat
586 1011 628 1052 8,
649 1010 685 1052 6,
708 1011 754 1044 23
777 1013 822 1044 Ζ.

61 1051 296 1097 Inventrix.
334 1077 393 1100 ars
414 1065 491 1101 inv.
515 1067 557 1110 2,
582 1067 637 1109 15,
661 1068 719 1099 21.

62 1109 300 1153 Inventum.
346 1129 386 1157 ut
405 1133 472 1157 nos
497 1121 639 1156 illorum
662 1127 800 1157 utamur
821 1121 978 1157 inventis
1003 1122 1061 1156 Pr.
1087 1123 1144 1156 17.
1179 1121 1333 1166 plurium
1368 1122 1517 1159 inventa
1551 1127 1587 1169 3,

109 1172 143 1211 1,
169 1171 228 1202 22.
250 1168 326 1204 vim
347 1169 519 1213 cujusque
542 1166 628 1212 (dei)
656 1172 693 1201 et
714 1167 860 1202 inventa
883 1169 918 1210 3,
941 1170 978 1210 7,
1004 1170 1040 1203 7.
1067 1166 1217 1203 inventa
1244 1168 1370 1204 artium
1399 1188 1444 1196 —
1465 1171 1588 1206 litera-

104 1225 183 1248 rum
207 1230 255 1237 —
275 1213 470 1248 medicinae
491 1229 539 1237 -
563 1214 706 1260 frugum
729 1212 876 1248 —vini
897 1215 942 1247 ib.
965 1214 1001 1248 8.

60 1259 302 1301 luvenuste.
346 1281 420 1305 non
442 1270 520 1306 inv.
544 1269 614 1304 dici
638 1272 672 1313 1,
697 1269 732 1312 6,
757 1271 813 1304 27.

57 1314 361 1357 Inverecunde.
404 1320 486 1361 filiis
523 1331 625 1370 pater
666 1325 706 1360 in
738 1325 872 1370 judicio
905 1324 1139 1361 abdicationis
1171 1333 1236 1362 etc.
1265 1336 1339 1362 non
1369 1326 1447 1364 inv.
1477 1329 1585 1375 dicet,

93 1373 250 1406 'multum
273 1383 337 1406 sua
362 1370 568 1407 interfuisse
589 1374 635 1414 7,
669 1371 714 1415 4,
748 1374 804 1406 10.

57 1415 385 1460 Inverecundus.
423 1449 470 1456 -.
492 1429 594 1463 frons
619 1430 667 1472 2,
698 1428 745 1471 4,
776 1429 833 1464 16.

32 1484 33 1487 ’
56 1473 265 1516 Invenio·
310 1483 526 1519 inversionis
549 1484 676 1521 vitium
703 1481 939 1529 ἐπιστροφὴν
960 1486 1093 1520 vocant
1123 1486 1158 1528 1,
1191 1483 1239 1529 5,
1272 1482 1331 1519 40.
1367 1482 1584 1534 ᾰλὶηγορία,

103 1540 211 1575 quam
235 1530 480 1566 inversionem
505 1531 780 1576 interpretantur
800 1532 837 1574 8,
858 1531 896 1574 6,
919 1529 976 1565 44.

6 1607 26 1630 4
55 1573 280 1668 Ῑιιέοῐξιιςὸ
319 1597 409 1632 quae
450 1587 597 1632 (litera)
633 1588 780 1625 inversa
815 1590 832 1622 1
847 1613 859 1631 ,
889 1589 935 1631 7,
975 1587 1031 1623 28.
1066 1585 1159 1621 haec
1186 1586 1331 1622 inversa
1366 1592 1587 1626 consuetudo

137 1654 150 1676 ,
212 1657 224 1675 ,
281 1656 293 1667 .

60 1672 289 1734 InveSfigO·
335 1689 547 1737 investigata
569 1700 636 1735 per
658 1700 715 1724 me
738 1691 782 1732 9,
816 1691 852 1733 3,
874 1688 921 1725 49
941 1700 976 1723 v.
990 1687 1144 1733 'Comp
1156 1688 1269 1724 erio.

61 1732 339 1783 hvetelfatuss·
391 1746 630 1782 inveteratam
652 1746 834 1781 infamiam
864 1747 914 1781 cz·
926 1758 956 1779 c.
979 1746 1015 1788 6,
1042 1746 1076 1788 5,
1100 1747 1124 1781 9
1148 1746 1198 1780 Ν.

60 1785 262 1829 IssVioem·
299 1801 375 1835 inv.
399 1812 623 1847 consequens
649 1809 686 1837 et
708 1804 805 1847 quod
829 1813 877 1837 ex
905 1801 1057 1837 diversis
1079 1799 1175 1836 idem
1209 1801 1365 1836 ostendit
1388 1803 1422 1847 5,
1447 1805 1504 1848 10,
1525 1806 1585 1841 79.

108 1842 298 1888 petitiones
323 1846 399 1880 inv.
426 1848 589 1883 diversae
621 1850 666 1891 3,
701 1851 767 1891 10,
790 1847 826 1882 4.
850 1859 909 1882 res
933 1847 1034 1892 quasi
1055 1846 1132 1882 inv.
1157 1847 1302 1894 ignotae
1338 1851 1393 1891 7,
1419 1851 1488 1893 10,
1527 1852 1584 1886 17.

109 1896 395 1936 argumentorum
416 1892 492 1928 inv.
515 1893 741 1938 probantium
766 1895 808 1936 5,
842 1896 899 1937 10,
930 1897 988 1928 71.
1018 1898 1079 1926 aut
1108 1893 1209 1926 alteri
1242 1898 1303 1927 aut
1335 1892 1412 1927 inv.
1443 1895 1585 1940 utrique

107 1936 153 1969 de
176 1935 253 1978 jure
273 1935 316 1968 fit
337 1937 516 1972 eontentio
539 1942 574 1980 7,
597 1942 632 1979 7,
662 1940 697 1974 9.
745 1939 879 1981 verba,
906 1949 998 1982 quae
1031 1939 1106 1971 inv.
1142 1940 1421 1982 complectantur
1450 1943 1495 1983 7,
1528 1944 1586 1986 10,

109 1985 167 2016 17.
213 1979 400 2024 plurimum
422 1982 499 2019 inv.
523 1983 690 2016 differunt
713 1985 791 2024 (ars
816 1991 846 2016 et
874 1982 1021 2026 artifex)
1057 1986 1124 2025 12,
1162 1986 1224 2026 10,
1264 1987 1298 2017 1.
1336 1984 1586 2022 inclinationes

110 2024 235 2067 voci8,
278 2037 364 2070 quas
398 2026 473 2062 inv.
524 2029 787 2062 Demosthenes
826 2033 931 2072 atque
972 2027 1172 2062 Aeschines
1206 2029 1428 2072 exprobrant
1461 2034 1519 2075 11,
1547 2035 1584 2078 3,

111 2073 189 2108 168.
212 2071 286 2106 inv.
311 2071 470 2106 mambus
492 2073 722 2116 apprehensis
740 2074 776 2115 9,
798 2071 835 2114 4,
858 2074 938 2108 129.
963 2084 1045 2106 cum
1063 2073 1126 2106 illa
1145 2074 1300 2118 rotunda
1321 2074 1486 2112 insistere
1505 2078 1583 2114 inv.

109 2122 288 2162 nequeant
315 2118 350 2158 8,
378 2117 413 2159 5,
428 2120 497 2169 .27.
541 2123 690 2161 utraque
714 2128 773 2151 res
795 2117 871 2153 inv.
894 2117 1031 2170 juvabit
1047 2117 1108 2170 υ4,
1140 2119 1183 2162 5,
1215 2122 1274 2153 21.
1331 2119 1409 2156 inv.
1446 2124 1584 2167 qualia·-

109 2162 440 2251 3ἓὲῗῖἒίῗέὟὲ
461 2165 654 2251 ἓὲῗὶίοᾱ,
679 2174 731 2250 3¹5¹
732 2163 934 2242 {3⁶1¹}ssss
935 2163 1186 2246 mkizfflffiss.
1201 2167 1403 2246 7ὄπὲοέιῗρι
1428 2168 1583 2260 iffi?

109 2255 168 2290 46.
215 2253 246 2286 Ο
271 2259 341 2295 atq.
367 2253 399 2286 U
424 2258 641 2297 permutatae
666 2253 742 2287 inv.
769 2256 801 2296 1,
823 2252 858 2296 4,
887 2254 943 2288 16.
970 2254 1046 2288 inv.
1075 2253 1206 2298 petitur
1228 2266 1353 2291 manus
1376 2258 1524 2302 injectio
1548 2265 1583 2305 7,

108 2305 144 2344 7,
168 2299 202 2334 5.
228 2297 352 2342 positis
375 2298 451 2333 inv.
475 2298 756 2342 quaestiunculis⁴
775 2302 807 2341 1,
835 2301 870 2342 3,
894 2301 950 2334 11.
973 2298 1096 2334 nescio
1114 2311 1159 2333 an
1181 2305 1368 2347 utrumque
1398 2304 1474 2340 inv.
1497 2317 1586 2350 pro-

111 2347 158 2380 sit
181 2347 238 2388 10,
261 2348 296 2386 7,
318 2345 375 2379 29.
418 2345 508 2378 haec
530 2344 607 2378 inv.
634 2355 790 2389 pugnare
814 2345 847 2385 5,
876 2347 930 2388 13,
953 2346 1008 2381 33.
1033 2345 1124 2379 nihil
1149 2344 1224 2381 inv.
1248 2354 1427 2392 praestent
1459 2353 1516 2395 12,
1546 2356 1582 2396 7,

111 2394 168 2426 10.
215 2389 406 2424 collatione
430 2389 504 2424 inv.
527 2392 765 2433 respondente
786 2391 823 2432 8,
846 2392 880 2432 3,
908 2392 965 2426 77.
991 2396 1035 2425 et
1060 2392 1173 2426 haec
1194 2391 1269 2428 inv.
1292 2395 1328 2437 8,
1358 2394 1395 2439 6,
1420 2397 1487 2440 133
1511 2403 1583 2433 tam

110 2436 384 2471 contumeliosos
407 2435 445 2469 in
468 2446 507 2470 se
527 2435 621 2470 ridet
641 2435 729 2470 inv.
753 2435 956 2480 eloquentia
978 2438 1036 2480 10,
1059 2438 1095 2479 7,
1117 2439 1177 2471 21.
1470 2458 1473 2459 ⁷

0 2485 1 2519 ἰ
63 2481 263 2524 Invictus.
305 2492 471 2525 luctando
495 2493 753 2539 pugnandoque
774 2492 948 2528 invictum
974 2493 1020 2536 2,
1062 2493 1108 2537 8,
1150 2492 1216 2538 14;
1256 2493 1429 2531 invictam
1462 2504 1585 2534 osten-

110 2539 211 2572 deret
233 2537 485 2572 continentiam
505 2539 541 2581 8,
567 2537 604 2581 4,
630 2540 688 2573 23.
1408 2563 1417 2567 -

65 2593 257 2639 anffleo·
300 2604 463 2641 invident
483 2605 708 2649 humiliores,
743 2616 827 2640 nam
848 2605 919 2640 hoc
944 2603 1070 2641 vitium
1092 2611 1147 2643 est
1167 2616 1314 2651 eorum,
1345 2607 1405 2654 qui
1428 2620 1497 2645 neo
1521 2622 1584 2646 ce-

112 2651 196 2685 dere
214 2652 360 2694 volunt,
391 2661 460 2685 nec
483 2657 631 2695 possunt
652 2652 869 2686 contendere
893 2653 949 2693 11,
974 2655 1006 2690 1,
1034 2655 1090 2687 17.
1115 2653 1176 2698 qui
1199 2653 1496 2697 invidebant,
1523 2658 1584 2701 qui

112 2697 497 2738 aemulabantur,
528 2698 792 2732 adulatores
827 2696 934 2731 etiam
965 2699 1023 2740 12,
1053 2700 1110 2741 10,
1143 2701 1199 2733 13.
1224 2700 1308 2733 hac
1333 2711 1379 2736 re
1407 2700 1583 2747 invidere,

113 2751 188 2784 non
210 2747 248 2775 ut
268 2752 393 2777 omnes
414 2748 578 2787 veteres,
612 2747 649 2778 et
671 2742 800 2780 Cicero
821 2742 1034 2788 praecipue,
1065 2744 1181 2778 hanc
1213 2754 1305 2778 rem
1323 2745 1359 2788 9,
1387 2748 1423 2789 3,
1446 2750 1464 2782 1
1490 2749 1537 2782 Ν.

1216 2811 1306 2846 29.
