1728 3002
177 156 229 194 20
702 141 833 188 'Adeo
862 168 918 176 --
946 142 1143 186 Adhibeo

220 266 256 305 9,
283 267 319 307 3,
344 262 402 299 64.
459 261 555 309 Quin
590 261 647 296 ad.
683 258 874 294 similitudo
897 254 1084 290 manifesta
1107 260 1161 290 est
1173 274 1194 299 ‚>
1222 258 1263 289 ut
1285 265 1366 290 eam
1391 252 1600 293 discernere
1620 266 1701 293 mm

222 311 268 344 sit
301 310 339 344 in
365 315 502 354 promtu
528 310 563 351 9,
592 311 625 351 1,
652 308 687 341 3.
724 306 769 340 sit
796 303 920 347 aliquis
948 303 1005 336 ad.
1033 308 1158 336 contra
1183 301 1372 341 veritatem.
1397 303 1621 348 obstinatus,
1657 308 1699 338 ut

224 358 350 390 audeat
386 355 502 389 dicere
536 361 598 388 etc.
636 355 699 394 12,
725 354 768 394 1,
797 352 852 384 10.
897 349 992 392 quod
1022 358 1090 394 ego
1121 348 1176 382 ad.
1209 348 1320 395 longe
1349 353 1438 392 puto
1467 350 1518 386 ab
1551 355 1698 385 oratore

223 404 383 447 perfecto
407 405 473 443 12,
499 400 541 444 9,
566 401 599 434 8.
649 399 791 431 omnibus
819 397 867 428 his
900 397 978 427 locis
1013 396 1157 438 sequitur
1182 400 1248 436 ui,
1284 391 1331 436 eff.
1358 397 1495 430 etiamr
1515 397 1552 440 1,
1573 397 1610 439 8,
1638 397 1696 430 13.
1726 405 1728 440 ᾗ

227 447 282 482 14.
307 451 342 491 2,
369 450 426 490 20,
453 450 486 481 7.
514 447 549 488 9,
576 444 611 487 4,
641 445 707 487 52;
753 455 819 487 seq.
844 452 987 485 quam.-
1011 438 1050 473 in
1074 441 1138 474 ad.
1166 440 1338 474 molestos
1364 439 1554 476 incidimus
1576 452 1699 488 gram-

225 493 391 535 maticos,
417 504 471 537 qu
485 503 548 525 am
575 489 678 534 (veit.
705 489 779 522 edd.
804 484 978 531 quorum)
1002 486 1168 530 fuerunt,
1194 485 1256 530 qui
1278 485 1494 531 Lyricorum
1518 489 1698 532 quorund.

227 539 384 573 carmina
415 538 453 571 in
486 536 605 573 varias
630 544 810 569 mensuras
838 535 1033 578 coegerunt
1057 532 1090 574 9,
1111 531 1148 576 4,
1175 533 1220 567 53
1246 532 1296 567 N·
1321 545 1368 566 cr.
1450 532 1500 576 11)
1522 535 1571 579 In*
1586 540 1699 567 trans·-

226 589 274 618 ῐιη
296 587 455 618 interdum
477 584 502 617 i.
522 596 553 628 q,
583 585 754 625 ifiaque,
785 580 935 621 igitur,
961 591 1024 611 non
1050 585 1202 624 sequente
1225 585 1284 621 ut,
1306 579 1368 612 sed
1390 579 1519 623 majore
1542 590 1617 617 mam
1637 582 1695 614 vi.-

226 631 328 666 Adeo
355 630 493 664 facilius
514 634 570 662 est
593 628 701 661 multa
723 627 865 666 facere,
896 635 1001 668 quam
1028 625 1087 657 diu
1114 627 1148 668 1,
1172 626 1229 667 12,
1254 627 1291 659 7.
1323 623 1361 658 id
1385 626 1442 659 ad.
1468 625 1699 660 manifestum

226 677 314 719 erit,
347 676 378 710 si
409 673 676 722 cogitaverimus
702 675 744 714 2,
770 671 835 712 16,
863 671 907 704 18
936 671 985 703 Ν.
1036 670 1106 704 Ad.
1145 670 1186 704 in
1218 669 1290 704 illis
1323 680 1468 715 quoque
1497 676 1552 705 est
1577 670 1698 716 aliqua

226 723 355 758 vitiosa
388 720 536 755 imitatio
568 722 623 762 11,
649 721 683 759 3,
706 719 762 754 91.
800 716 906 749 etiam
940 716 1110 761 frequens
1144 714 1310 760 (capitis)
1347 722 1464 752 nutus*
1489 727 1565 752 non
1597 721 1699 752 caret

225 768 334 811 vitio,
370 769 458 801 adeo
488 767 617 810 jactare
647 763 683 797 id
715 771 776 797 etc.
811 761 1004 795 fanaticum
1030 767 1082 796 est
1108 764 1151 795 ib.
1179 765 1239 799 71.
1263 761 1343 797 tolli
1370 773 1516 797 manum
1541 762 1697 799 artifices

224 825 329 858 supra
354 814 477 847 oculos
503 831 544 837 -
569 814 710 846 vetant:
745 809 801 842 ad.
827 819 848 841 a
876 808 990 851 capite
1018 818 1095 842 eam
1117 814 1240 852 petere
1264 815 1326 843 eto.
1347 807 1518 844 vitiosum
1543 810 1699 843 habetur

223 863 265 894 ib.
293 862 371 893 112.
395 859 451 892 ad.
478 867 545 891 nec
572 856 649 900 quis
676 865 862 896 numerus,
887 865 956 888 nec
983 865 1074 898 quae
1099 854 1245 888 nomina
1273 857 1323 893 ,—-'
1342 853 1433 898 sint,
1467 854 1639 891 convenit
1658 856 1697 899 3,

222 906 258 946 6,
280 907 336 939 22.
383 903 452 937 Ad.
486 902 525 936 in
559 913 665 936 causa
691 899 827 934 difficili
858 917 899 924 -
924 899 1014 933 nihil
1043 899 1141 944 prius
1165 900 1379 950 intuenduni'
1402 901 1554 949 eredidit
1578 902 1699 946 11,,1,

222 951 279 986 63.
318 950 373 984 ad.
406 947 543 983 dehac
573 964 618 972 -
647 947 736 981 nihil
761 944 975 980 dubitabitur
1005 948 1050 989 2,
1076 948 1142 991 20,
1169 950 1205 981 7.
1245 948 1302 981 ad.
1329 946 1470 988 infinito
1499 946 1618 997 spatio
1652 957 1698 981 ao

223 995 410 1030 traditione
442 1005 530 1038 opus
562 1003 637 1028 non
673 998 726 1028 est
754 994 796 1026 ib.
821 992 864 1026 16
894 993 941 1026 Ν.
978 991 1055 1036 [illa
1091 998 1209 1027 autem
1235 1010 1281 1016 —-
1311 994 1403 1028 adeo
1414 1000 1422 1003 ··
1433 987 1594 1036 infimis,
1631 993 1700 1027 sed

223 1044 326 1086 plane
350 1039 626 1130 necessariaJUz.
653 1043 673 1074 l.
696 1041 783 1072 idem
809 1044 907 1082 esset,
937 1040 1025 1084 quod
1047 1041 1235 1084 quidem,
1257 1040 1287 1073 si
1309 1041 1439 1082 integra
1461 1040 1582 1084 kctio)
1599 1038 1638 1084 6,
1662 1040 1700 1082 3,

224 1090 292 1122 102
314 1088 361 1122 N.
383 1100 429 1121 cr.
457 1092 488 1120 et
517 1087 553 1119 S.
1409 1107 1411 1111 .

179 1144 329 1198 Adeo,
367 1155 427 1187 ire.
465 1152 550 1187 adiit
588 1153 788 1187 sacerdotes
824 1152 982 1201 Aegypti
1016 1156 1050 1196 1,
1085 1155 1142 1199 12,
1177 1154 1233 1191 15.
1265 1151 1438 1189 interim
1454 1146 1575 1202 ‘velut
1597 1149 1701 1187 sacri

224 1201 329 1244 liujus
355 1199 563 1234 adeuntibus
591 1202 624 1242 1,
650 1199 686 1243 4,
717 1200 751 1234 6.
788 1200 939 1234 adeundi
970 1201 1179 1246 plerumque
1212 1199 1331 1246 asperi
1363 1198 1475 1236 colles
1508 1200 1566 1244 12,
1591 1198 1629 1243 9,
1644 1199 1700 1246 ;2;

225 1247 256 1280 si
279 1245 364 1290 juris
387 1246 586 1288 anfractus,
611 1251 670 1278 aut
692 1247 869 1280 eruendae
893 1246 1053 1282 veritatis
1078 1247 1233 1282 latebras
1257 1246 1357 1282 adire
1381 1250 1533 1294 cogetur
1553 1246 1600 1279 iv.
1624 1243 1663 1284 3,

179 1300 337 1356 AdePS·
368 1313 489 1357 adipes
515 1314 713 1347 tenuandae
740 1312 791 1358 (in
815 1312 1027 1358 orationibus)
1051 1316 1087 1358 2,
1112 1317 1170 1360 10,
1196 1315 1232 1352 6.

178 1370 360 1426 Adeptio
391 1381 568 1415 bonorum
594 1393 670 1425 opp.
693 1382 870 1417 malorum
895 1383 1103 1420 evitatio
1131 1384 1165 1426 5,
1193 1385 1251 1428 10,
1274 1384 1335 1418 33.
1597 1413 1599 1415 ,

178 1437 362 1479 Adesus·
396 1448 511 1492 pisces
538 1466 583 1474 —-
608 1457 658 1484 ex
684 1456 783 1494 parte
810 1451 908 1487 adesi
936 1451 989 1498 (a.
1014 1456 1036 1487 1.
1061 1451 1195 1498 adusti)
1217 1451 1254 1495 6,
1277 1452 1315 1494 3,
1339 1449 1389 1487 90
1412 1444 1464 1486 N‘.
1489 1434 1544 1488 vra
1582 1437 1586 1441 .

178 1503 418 1546 Adhaeret).
459 1516 570 1560 juncti
596 1534 640 1543 --
662 1519 883 1554 adhaerentis
910 1537 953 1546 —
979 1520 1201 1566 insequentis
1223 1511 1403 1564 temporis*
1423 1517 1460 1563 5,
1484 1519 1551 1562 10,
1566 1511 1628 1554 46·

178 1570 390 1621 Adhibeo·
428 1584 547 1636 habere
582 1586 706 1631 aliquid
737 1588 782 1620 ad
805 1589 945 1633 aliquem
971 1602 1088 1634 usum,
1112 1592 1137 1623 i.
1165 1602 1197 1635 q.
1221 1589 1290 1622 uti
1325 1585 1369 1631 α)
1391 1600 1422 1622 ο.
1441 1590 1512 1621 solo
1536 1569 1702 1621 Αοὺὶωῦὶο

225 1629 257 1670 a)
283 1631 374 1662 Act„-
413 1638 550 1680 onmia,
586 1643 674 1674 quae
707 1634 749 1666 ad
777 1635 1024 1678 efficiendum,
1062 1637 1159 1680 quod
1182 1633 1436 1679 proposuerit,
1471 1633 1618 1676 valent,
1651 1630 1701 1666 li-

227 1674 352 1726 benter
378 1675 555 1726 adhibebit
582 1680 637 1717 11,
666 1680 699 1721 1,
724 1679 779 1714 35.
823 1681 985 1724 protinus
1020 1682 1189 1715 adhibere
1217 1690 1340 1714 curam
1365 1681 1422 1720 10,
1449 1680 1485 1722 3,
1514 1678 1571 1713 18.
1610 1676 1702 1712 soli-

223 1725 326 1753 citius
354 1721 520 1755 adlubere
554 1722 754 1758 discrimina
778 1728 813 1768 2,
844 1730 898 1770 15,
928 1729 983 1763 19.
1019 1727 1190 1772 judicium
1215 1724 1464 1760 adhibentibus
1491 1725 1553 1768 10,·
1577 1725 1612 1765 1,
1637 1721 1699 1757 40-

224 1767 369 1798 modum
396 1766 562 1801 adhibere
587 1770 622 1811 9,
649 1772 684 1812 2,
708 1771 763 1806 69.
792 1782 865 1806 non
889 1775 1034 1808 eosdem
1061 1773 1231 1807 adhibent
1254 1771 1396 1814 modos,
1422 1780 1506 1804 cum
1529 1767 1714 1812 bellicumj

223 1817 277 1844 est
308 1813 526 1853 canendum,
564 1819 599 1865 et
623 1826 702 1848 cum
727 1817 842 1860 posito
865 1829 959 1865 genu
983 1819 1252 1863 supplicandum
1278 1821 1334 1851 est
1359 1817 1394 1858 9,
1418 1815 1454 1858 4,
1480 1817 1538 1859 11»
1574 1825 1702 1860 quem-

224 1857 412 1890 admodum
440 1859 596 1892 remed1a
631 1862 754 1896 melius
793 1865 972 1899 adhibebit
1005 1869 1072 1908 12,
1101 1868 1144 1908 1,
1172 1863 1229 1898 34.
1247 1875 1292 1904 stt.
1317 1860 1598 1898 Remedium.
1629 1861 1700 1896 hos

222 1900 439 1945 (scrIptorem
454 1911 493 1955 ,εἰ
516 1908 710 1949 sig-naiores)
735 1909 934 1945 adhibuisse
960 1914 997 1955 7,
1023 1910 1063 1954 2,
1088 1911 1145 1945 53.
1174 1907 1404 1943 dubitationis
1429 1917 1569 1951 moras,
1597 1906 1702 1946 votis

223 1948 359 1990 flexus,
385 1960 503 1983 varlas
529 1961 671 1995 manus,
705 1954 864 1990 diversos
891 1963 997 1991 nutus
1025 1962 1125 1991 actor
1153 1952 1334 1989 adhibebit
1360 1957 1418 1998 11,
1442 1956 1478 1998 3,
1503 1955 1584 1989 182.
1613 1952 1699 1988 illue

223 1994 315 2036 apud
346 1993 532 2028 Caesarem
561 2004 620 2029 etc.
645 2000 821 2043 actiones,
855 2002 993 2037 etiamsi
1020 2002 1186 2047 precibus
1210 2005 1429 2044 utuntur,
1465 1999 1607 2035 adhib
1618 2003 1700 2033 ent

222 2043 339 2072 tamen
366 2041 562 2083 patrocinia
585 2043 621 2085 (ἱ.
645 2056 674 2077 e.
701 2047 939 2092 praebent)
967 2049 1001 2092 5,
1029 2051 1086 2092 13,
1109 2050 1144 2083 5.
1198 2048 1240 2089 b)
1267 2050 1386 2080 Passa
1420 2045 1542 2080 omnia
1569 2044 1700 2079 adhi-

222 2084 397 2137 benda,
434 2098 523 2130 quae
552 2090 782 2131 prodesse
813 2095 997 2128 credemus
1026 2097 1082 2138 12,
1111 2096 1168 2137 10,
1193 2095 1250 2128 53-
1286 2091 1332 2134 ff·
1357 2094 1393 2135 2,
1417 2094 1474 2135 17,
1498 2093 1557 2128 29·
1584 2096 1700 2125 tom

222 2130 291 2163 hoc
319 2132 554 2166 adlubendmn
581 2139 634 2167 est
657 2137 691 2178 9,
717 2135 752 2180 4,
780 2140 857 2173 129.
888 2139 955 2174 ista
987 2137 1181 2185 quaerendi
1212 2147 1274 2174 etc.
1306 2138 1470 2173 anxietas
1492 2137 1703 2172 adhibenda·

224 2180 278 2225 ‘2⁸²
308 2177 343 2218 8,
370 2178 426 2211 Pr.
443 2180 507 2229 29.
539 2180 701 2215 adhibitis
733 2182 788 2217 his
815 2185 947 2219 artibus
971 2185 1008 2229 4,
1032 2190 1066 2227 2,
1092 2189 1149 2221 51.
1176 2185 1321 2220 videtur
1346 2194 1404 2218 ars
1430 2182 1546 2218 omnis
1573 2182 1701 2225 dicen-

224 2224 269 2251 tis
295 2227 417 2255 contra
441 2224 592 2265 judicem
618 2227 776 2262 adhiberi
801 2229 837 2272 4,
864 2234 897 2270 1,
925 2233 981 2267 56.
1009 2233 1100 2266 haec
1125 2231 1259 2267 auxilia
1283 2229 1496 2263 adhibentur
1521 2230 1579 2271 10,
1604 2229 1640 2271 3,
1666 2229 1701 2265 1·

227 2264 272 2304 cs.
301 2269 335 2319 ἶ,
360 2266 396 2308 4,
424 2271 478 2301 13.
515 2271 627 2314 major
658 2284 742 2307 cura
775 2276 973 2311 adhibenda
1000 2284 1054 2311 est
1079 2280 1114 2317 2,
1138 2280 1175 2320 2,
1202 2278 1236 2310 3.
1270 2273 1426 2309 adhibita
1452 2273 1635 2327 diligentia
1659 2275 1698 2317 2,

225 2307 269 2360 4,
285 2312 338 2344 1³.
371 2318 482 2346 metus
506 2325 759 2361 nonnunquam
783 2327 837 2354 est
863 2324 1170 2364 amovendus,
1207 2331 1464 2365 nonnunquam
1489 2325 1597 2355 etiam
1623 2320 1702 2355 ad-

226 2354 338 2405 h.¹b‘³
353 2358 466 2390 udus
493 2358 528 2400 4,
555 2364 588 2403 1,
613 2365 669 2396 20.
694 2368 750 2399 21.
783 2368 938 2402 adhibita
962 2369 1066 2404 vocis
1093 2365 1346 2402 observatione
1372 2367 1428 2407 10,
1451 2369 1490 2410 7,
1512 2366 1548 2404 9-
1585 2365 1701 2410 parfi-

226 2404 278 2432 ²¹⁰
300 2407 572 2455 'Opportune
595 2408 749 2443 adhibita
776 2410 811 2454 4,
830 2414 864 2455 5,
891 2417 949 2447 22.
973 2415 1155 2460 paulum
1181 2412 1336 2446 adhibita
1357 2410 1498 2446 ratione
1522 2412 1558 2455 6,
1579 2413 1616 2456 3,
1638 2411 1701 2446 16.

227 2445 392 2495 adhibitus
428 2454 731 2487 extrinsecus
758 2458 923 2492 remediis
949 2462 984 2503 5,
1014 2462 1077 2501 13,
1103 2460 1161 2494 35.
1201 2457 1389 2492 adhibetur
1414 2457 1607 2492 similitudo
1640 2456 1707 2492 iu,-⁴

228 2494 330 2541 terum
363 2493 514 2534 palam
549 2495 584 2538 6,
618 2497 651 2538 5,
688 2501 749 2542 59;
807 2502 1002 2539 Abdicatus
1038 2504 1237 2540 medicinae
1273 2503 1418 2539 studuit.
1475 2502 1566 2538 Cum
1597 2507 1700 2547 pater

226 2546 303 2596 ejus
340 2543 559 2583 aegrotaret,
595 2541 857 2595 desperantibus
893 2550 936 2583 de
969 2561 1014 2585 eo
1050 2550 1179 2586 ceteris
1212 2549 1382 2593 medicis,
1423 2547 1601 2583 adhibitus
1636 2555 1700 2584 etc.

232 2595 262 2623 ι,
287 2585 320 2622 λ,
347 2584 408 2624 17;
458 2596 486 2616 c.
511 2587 726 2621 Praeducato:
750 2591 834 2625 hoc
858 2592 1112 2630 inveniendum
1137 2602 1214 2640 est,
1240 2602 1280 2630 ut
1307 2594 1467 2630 adhiberi
1490 2593 1700 2639 possit‘ar-

228 2634 493 2683 gumentum
518 2631 552 2672 5,
582 2633 637 2673 10,
663 2634 739 2667 115.
785 2637 829 2686 ρ)
854 2640 923 2682 adj.
946 2643 1029 2675 Dat.
1053 2641 1092 2684 a)
1114 2645 1216 2676 Acti..-
1243 2639 1306 2686 qui
1330 2658 1376 2667 —
1400 2640 1486 2675 huic
1513 2639 1700 2686 (verborum

227 2672 439 2717 supellec-1111)
472 2679 582 2708 artem
608 2678 808 2713 collocandi
838 2682 1037 2719 adhibuerit
1066 2688 1102 2728 8,
1125 2688 1184 2720 Pr.
1210 2688 1270 2721 28.
1296 2686 1502 2721 ‚actionibus
1527 2680 1699 2721 adhib'ere

228 2717 305 2760 Plus
331 2719 445 2754 Gultlu
468 2721 504 2763 2,
530 2722 586 2765 10,
611 2724 667 2757 11.
692 2725 805 2768 epulis
830 2727 917 2764 fides
941 2740 984 2764 ac
1007 2730 1111 2765 tibias
1136 2732 1218 2768 adh.
1241 2735 1276 2775 1,
1304 2735 1361 2776 10,
1386 2735 1445 2768 20.
1472 2732 1505 2767 si
1528 2730 1699 2778 judicium
