1702 3054
98 235 184 268 xv!
757 227 981 269 Praefatio.

97 347 252 395 labor
286 358 460 392 totum
499 342 788 411 diligenter
820 330 1318 409 introspicientibus
1342 345 1409 402 Ψ).
1462 341 1647 408 Quam

96 441 317 495 partem
331 424 537 473 Codicis
557 442 655 471 nos
679 423 903 490 quidem
933 424 1170 492 legimus,
1209 427 1501 472 admodum
1525 441 1648 472 cor-

98 523 260 575 rupta
293 508 596 572 apparebat
628 520 681 553 et
706 508 872 571 plane
895 504 1148 572 imperitis
1179 521 1244 552 ac
1277 506 1502 555 rudibus
1534 523 1647 554 ma-

99 591 257 639 nibus
296 605 364 635 ex
400 585 622 637 vetustis
653 600 706 634 et
722 586 1040 635 >'melioribus
1076 588 1297 634 fortasse
1327 586 1470 635 libris
1498 601 1659 635 tran-⁷

101 671 326 736 scripta,
370 670 693 734 plerumque
731 685 856 716 cum
890 667 1179 716 Turicensi
1228 682 1282 716 et
1311 666 1651 728 Florentino,

99 751 297 819 partim
326 764 510 797 tamen
545 766 669 796 eum
694 747 982 797 Codicibus
1014 748 1238 797 secundi
1277 749 1505 811 ordinis,
1552 748 1649 796 im-

100 831 280 899 primis
303 848 426 879 cum
450 830 881 892 Guelferbytano
906 847 1225 898 congruens,
1285 828 1650 901 Interlinearis

70 920 73 924 ’
102 912 369 978 scriptura
405 913 618 959 crebras
655 928 827 976 quum
872 911 1276 960 emendationes
1300 910 1431 960 'tum
1464 928 1652 960 corru-

100 993 313 1060 ptiones
345 991 561 1040 alterius
584 995 675 1039 sed
698 995 847 1040 haud
869 992 1034 1061 magis
1061 993 1258 1042 eruditi
1285 991 1487 1045 libranii
1517 1007 1654 1040 con·
1700 995 1702 1018 ἶ

100 1075 255 1134 tinet,
268 1070 555 1120 translatas
571 1074 895 1138 plerumque
919 1091 985 1121 ex
999 1074 1201 1121 Codice
1221 1074 1408 1140 aliquo
1431 1070 1657 1122 secundi

103 1153 330 1212 ordinis,
378 1167 564 1202 tamen
600 1152 890 1219 ejusmodi,
939 1168 999 1202 ut
1035 1153 1177 1203 viam
1210 1153 1535 1218 Quintiliani
1585 1153 1655 1200 ab

101 1233 413 1284 inveteratis
447 1234 772 1300 quibusdam
820 1233 957 1284 vitiis
998 1234 1342 1302 expurgandi
1382 1233 1658 1281 interdum

101 1315 359 1365 indioent.
430 1315 539 1380 Qui
564 1315 752 1362 Codex
775 1314 863 1362 cui
886 1315 1005 1363 usui
1037 1315 1165 1364 mihi
1192 1315 1355 1363 fuerit
1388 1312 1494 1362 suis
1523 1311 1655 1361 locis

101 1395 414 1462 apparebit,
452 1410 507 1444 at
544 1395 735 1454 velim,
772 1410 835 1443 ut
878 1400 1071 1444 doetus
1111 1395 1304 1462 aliquis
1341 1409 1395 1444 et
1427 1395 1678 1463 diligens>

99 1481 288 1537 homo,
332 1477 421 1525 cui
461 1476 672 1525 facilior
707 1480 779 1523 ad
824 1494 946 1525 eum
979 1477 1155 1525 aditus
1192 1468 1407 1543 pateat,
1443 1488 1655 1542 partem

101 1557 195 1605 otii
219 1558 298 1606 sui
331 1558 626 1624 impendat,
664 1559 734 1605 ad
765 1556 916 1606 illum
935 1573 1113 1607 totum
1143 1558 1200 1606 in
1232 1560 1409 1606 lucem
1437 1570 1653 1623 protra-

102 1641 354 1687 hendum.
424 1641 489 1687 In
525 1652 682 1703 parte
719 1638 893 1704 operis
932 1658 1017 1687 me
1053 1640 1388 1707 adjuverunt
1411 1636 1683 1686 Anffmad»

102 1720 355 1768 versiones
397 1721 469 1768 ad
509 1720 642 1768 locos
687 1722 931 1785 quosdam
983 1721 1298 1781 Quintiliani
1310 1741 1313 1743 “
1326 1717 1654 1785 difficiliores

102 1818 135 1847 a
165 1802 411 1848 Doctore
441 1802 495 1849 H
507 1800 763 1850 einisoh
794 1802 1184 1870 programmati
1222 1794 1499 1864 Gymnasii
1520 1799 1652 1846 Gla-

102 1880 288 1928 ciensis
332 1882 675 1947 praemissae,
722 1901 754 1931 a
787 1883 852 1930 G.
892 1884 1224 1952 Pinzgero
1257 1882 1315 1931 in
1342 1879 1650 1928 Annalibus
1690 1894 1693 1896 ·

102 1961 235 2009 Phil.
262 1977 315 2009 et
337 1964 498 2009 Paed.
523 1965 635 2025 XII,
659 1979 705 2010 2.
730 1964 1027 2012 recensitae
1054 1980 1108 2013 et
1137 1961 1491 2012 examinatae.
1537 1961 1652 2008 Nec

101 2042 643 2106 praetermittendum
707 2044 940 2093 arbitror
1012 2046 1376 2115 fragmentum
1442 2039 1653 2103 Codicis

215 2290 255 2344 *)
288 2291 357 2332 Sic
383 2306 448 2342 10,
477 2306 510 2344 1,
532 2298 585 2335 35
617 2297 687 2336 dat
716 2298 859 2337 Bamb.
890 2312 924 2337 a.
951 2312 1015 2349 pr.
1038 2310 1093 2335 m.
1124 2296 1225 2332 vitio
1249 2293 1415 2344 factum
1444 2283 1514 2348 est>
1533 2303 1650 2329 orum

101 2359 217 2412 (¹⁸8⁸
244 2375 380 2400 eorum
393 2361 422 2415 ),
456 2378 490 2403 a.
520 2379 600 2404 sec.
631 2381 685 2407 m.
718 2382 755 2408 ν.
777 2368 815 2419 f.
838 2382 871 2405 e.
901 2368 992 2405 alia
1020 2372 1250 2410 oratorum;
1294 2374 1357 2410 10,
1388 2373 1424 2408 1,
1445 2360 1501 2399 44
1530 2374 1553 2400 a
1580 2373 1645 2412 pr.

102 2443 156 2470 m·
200 2431 322 2480 plen³a
360 2435 553 2483 spiritus,
593 2449 628 2474 a.
671 2451 750 2475 sec·
782 2451 836 2477 m·
867 2436 910 2475 al
939 2438 1120 2486 spurium
1154 2435 1304 2484 plena,
1349 2431 1498 2483 quibus
1539 2430 1646 2469 locis

99 2512 236 2539 veram
266 2500 490 2540 lectionem
521 2504 607 2542 sola
646 2506 780 2557 prima
815 2519 960 2544 manus
990 2503 1119 2556 hujus
1158 2501 1324 2542 Codicis
1354 2500 1565 2547 continet,
1604 2503 1648 2556 al:

99 2580 204 2617 quae
236 2567 402 2619 irrepsit
431 2570 475 2609 in
504 2579 667 2612 nostras
695 2574 915 2622 editiones,
947 2574 1079 2612 solum
1111 2586 1173 2615 ex,
1195 2586 1322 2623 prave
1351 2562 1566 2609 intellecta
1595 2569 1644 2607 ab

100 2634 284 2675 librariis
318 2644 416 2676 nota
444 2641 546 2680 alius
574 2656 740 2691 manus,
772 2648 862 2683 alia
891 2659 922 2684 s.
959 2643 1024 2690 at,
1056 2649 1147 2681 orta
1178 2648 1264 2693 est3
1308 2654 1412 2694 quae
1440 2654 1508 2680 res
1537 2637 1644 2678 mihi

98 2704 209 2743 viam
240 2709 489 2748 monstravit
527 2712 577 2750 ad
606 2712 832 2765 detegenda
859 2714 940 2754 alia
968 2713 1072 2754 vitia
1100 2711 1289 2765 ejusdem
1318 2709 1496 2766 originis
1527 2709 1568 2758 6,
1602 2721 1640 2757 1,

96 2773 803 2829 38.6,2,14.,‚8657Ncr
