1728 3002
174 233 257 274 270
359 231 363 237 ’
717 197 728 208 -
745 227 880 271 Edico
908 254 965 268 -.——
993 229 1143 274 Edfico
1194 218 1198 223 ⁵

174 345 322 388 Edico.
361 371 409 382 ·-
445 353 562 390 Sociis
604 360 692 390 tuno
737 366 835 390 arma
879 362 1064 399 capessant
1100 357 1235 403 Edico,
1280 363 1318 394 et
1356 359 1432 394 dira
1467 361 1599 396 benum
1633 373 1714 398 cum

218 408 326 457 gente
341 403 536 455 gerendum
560 400 623 446 (V
626 403 742 454 irg.2.
768 402 951 455 Quamvis.
962 403 1058 436 enim
1069 414 1152 447 pars
1178 405 1307 439 bello
1329 406 1508 450 posterior
1522 408 1712 454 participio

211 455 379 493 limmat,
403 455 548 493 utrique
571 454 745 484 convenit
767 449 856 482 illud
880 449 1018 483 edico
1041 450 1076 492 9,
1100 452 1135 494 3,
1160 446 1242 485 64(
1418 459 1423 470 ³
1520 474 1523 477 -
1576 459 1585 467 ·

173 505 346 548 Edisco.
405 516 453 560 α)
487 518 700 560 simpliciter.-
729 527 794 560 per
823 521 943 560 partes
977 515 1139 551 ediscere
1170 519 1229 560 11,
1252 520 1287 560 2,
1311 521 1369 554 27.
1403 502 1566 565 iisdem,
1583 521 1711 571 quibus

218 562 426 607 scripserit,
459 563 550 596 ceris
579 563 635 596 ed.
660 565 704 595 ib.
730 564 785 596 32.
822 563 880 596 ed.
903 558 1011 596 tacite
1039 569 1114 597 erat
1138 563 1310 608 optimum
1334 567 1379 603 ib.
1399 567 1456 600 33.
1487 566 1585 612 quil
1650 574 1712 602 nte

216 609 288 643 alio
313 609 439 643 ediscit
462 612 505 642 ib.
531 607 597 650 343
637 607 811 642 ediscenti
836 611 870 651 1,
896 611 932 651 2,
962 611 1019 642 12.
1052 610 1096 643 ad
1132 610 1284 645 verbum
1315 610 1362 645 sit
1392 611 1589 647 ediscen
1626 614 1711 657 tim,

216 667 264 689 an
296 655 373 690 vim
406 656 516 696 modo
554 666 675 688 rer1m1
710 660 814 699 atque
841 654 1003 688 ordinem
1044 656 1293 699 complecti
1327 657 1481 693 satissit
1506 662 1564 702 11,
1590 661 1628 702 2,
1651 657 1711 694 44.

215 712 263 735 ne
296 707 416 736 errent
449 703 528 735 solo
562 700 744 735 ediscendi
775 701 899 734 labore
931 703 977 735 ib.
1010 703 1068 735 20.
1102 701 1284 736 ediscendi
1316 703 1571 752 negligentiam
1594 707 1652 749 10,
1674 708 1711 748 7,

213 750 260 782 32
298 752 340 782 Z.
378 747 467 781 illud
500 746 693 781 ediscendo
726 747 986 791 scribendoque
1025 758 1214 783 commune
1247 754 1302 783 est
1334 750 1390 784 ib(
1412 753 1471 787 35.
1530 763 1623 796 quiae
1640 755 1712 797 'per

216 795 340 838 plures
379 794 455 828 dies
490 793 676 827 scribimus
717 793 899 827 ediscendi
929 803 1036 827 causa
1061 796 1106 828 ib.
1134 794 1190 829 10.
1208 807 1242 828 υ.
1263 792 1497 831 Contineo
1550 798 1613 832 De
1636 797 1712 832 edi-

215 841 351 874 scendo
390 843 435 883 2,
469 839 554 884 Cap.
591 843 625 875 7.
684 837 734 884 β)
767 853 796 874 c.
829 840 930 883 Olafi:
965 851 1057 884 quae
1088 840 1280 876 ediscenda
1310 847 1392 876 sunt
1433 845 1490 886 11,
1516 846 1552 886 2,
1577 845 1634 878 21.
1663 854 1712 878 ne

215 887 357 930 omnia,
393 898 484 931 quae
520 885 747 930 scripserint,
782 885 941 920 ediscant
973 890 1010 929 2,
1033 889 1069 929 7,
1096 889 1128 920 1.
1161 898 1252 932 qnae
1277 887 1375 926 idem
1397 887 1638 935 significarent
1662 909 1712 915 —-

214 932 376 967 ediscere
406 935 462 975 10,
487 935 520 976 1,
547 937 580 968 7.
618 937 658 965 ut
687 932 742 974 ei,
769 950 814 955 —
838 943 929 976 quae
956 931 1164 976 edidicerit,
1187 933 1227 967 in
1255 933 1408 968 dicendo
1433 935 1540 970 fidem
1563 940 1711 970 servent

211 981 269 1019 10,
293 980 328 1022 6,
352 978 385 1014 4.
421 978 600 1020 ediscere,
634 988 706 1023 quo
738 977 965 1021 exercearis,
997 978 1063 1012 erit
1088 979 1260 1023 optimum
1288 981 1404 1024 1*1,‘3,
1428 982 1493 1025 253
1530 980 1712 1026 interpre—

211 1026 383 1060 tationem
405 1025 549 1072 linguae
574 1024 778 1059 secretioris
812 1025 973 1058 ediscere
1003 1027 1036 1066 1,
1067 1027 1100 1068 1,
1125 1026 1181 1060 35.
1203 1025 1343 1060 facilins
1365 1037 1494 1062 versus
1517 1028 1709 1062 ediscimus

213 1083 320 1116 quam
354 1082 499 1116 prosam
531 1073 729 1105 orationem
769 1073 826 1114 11,
850 1074 885 1113 2,
915 1072 973 1106 39.
1007 1071 1101 1105 dicta
1125 1073 1303 1106 clarorum
1323 1071 1485 1107 virorum
1511 1078 1548 1107 et
1572 1075 1709 1108 electos

209 1119 312 1152 locos
337 1117 497 1152 ediscere
525 1120 556 1159 1,
583 1121 617 1160 1,
643 1118 700 1151 36.
727 1116 772 1158 cs.
799 1119 832 1158 1,
860 1119 916 1160 11,
942 1115 999 1151 14.
1029 1128 1110 1150 cum
1134 1119 1417 1154 Demosthenem
1442 1119 1481 1163 in
1503 1119 1627 1165 primis
1650 1121 1709 1154 le-

213 1166 389 1209 gendum,
417 1165 479 1198 vel
503 1164 734 1196 ediscendum
757 1164 876 1206 potius
895 1169 1017 1207 putem
1046 1165 1102 1207 10,
1130 1167 1164 1207 1,
1192 1165 1271 1200 105.

163 1209 324 1252 Editio.
371 1220 560 1254 temerario
586 1219 751 1253 editionis
776 1221 916 1253 honore
939 1221 997 1253 Pr.
1024 1223 1056 1254 7.
1081 1219 1142 1264 qui
1167 1219 1329 1264 (versus)
1351 1233 1427 1257 non
1448 1221 1487 1256 ifi
1509 1221 1609 1257 omni
1628 1220 1707 1257 edi-

208 1268 307 1302 tione
347 1266 524 1311 reperitur
554 1266 596 1308 5,
631 1268 693 1307 11,
719 1263 776 1299 40.
809 1275 856 1298 ne
890 1265 1146 1309 praecipitetur
1176 1266 1286 1302 editio
1318 1268 1383 1312 Ep.
1417 1269 1463 1302 ad
1494 1269 1637 1312 Tryph.
1667 1271 1706 1305 2.

209 1312 338 1358 quodsi
361 1313 555 1356 impediant
580 1318 762 1355 tempora,
786 1312 938 1344 multum
962 1322 1010 1344 ex
1034 1322 1101 1355 ρο,
1125 1313 1251 1356 quod
1276 1313 1579 1372 ,potuit-eici,
1608 1314 1705 1348 reci-
1720 1313 1728 1322 ⁸

208 1363 331 1403 detur3
363 1358 516 1395 editio
541 1357 687 1391 habebit
712 1357 831 1391 omnia
853 1360 909 1400 12,
938 1359 994 1400 10,
1023 1359 1079 1392 55.

161 1407 270 1450 Edo.
325 1417 358 1462 Ι)
388 1419 430 1451 ‹le
459 1419 549 1451 libris
574 1418 595 1450 i.
624 1429 655 1460 q.
699 1417 870 1448 emitto:
905 1413 955 1447 ita
981 1414 1114 1456 edidit,
1143 1419 1268 1460 estque
1295 1414 1444 1459 melius,
1477 1425 1582 1461 quam
1607 1416 1706 1460 quod

207 1466 416 1499 emendatur
448 1465 483 1507 9,
508 1462 542 1501 4.
566 1461 624 1497 74.
654 1471 742 1495 mox
776 1471 818 1494 ea
842 1459 1034 1504 scriptores
1067 1461 1258 1496 observata
1281 1467 1316 1496 et
1340 1463 1492 1496 collecta
1519 1461 1707 1497 ediderunt

207 1512 243 1554 5,
272 1514 328 1553 10,
359 1512 437 1544 120.
475 1510 571 1554 quod
607 1508 706 1542 libris
741 1506 924 1540 dedicatur
948 1511 984 1540 et
1012 1506 1059 1540 in
1091 1509 1297 1552 exemplum
1329 1508 1446 1542 editur
1477 1511 1533 1551 12,
1561 1510 1619 1551 10,
1645 1509 1703 1543 50.

205 1559 303 1602 quod
337 1556 524 1601 separatim
556 1555 692 1589 editum
727 1553 876 1600 legimus
913 1554 946 1596 5,
971 1555 1007 1596 7,
1033 1553 1068 1587 6.
1099 1553 1211 1596 ipsius
1243 1555 1322 1588 sola
1343 1554 1487 1589 videtur
1508 1555 1583 1594 ,Ars
1607 1553 1702 1588 edita

204 1605 248 1638 ad
272 1604 424 1637 Matium
450 1605 485 1644 3,
513 1605 546 1644 1,
572 1603 628 1636 18.
663 1600 797 1634 artibus
829 1598 932 1633 editis
971 1601 1005 1642 5,
1031 1601 1088 1642 10,
1111 1602 1189 1633 120.
1205 1611 1238 1633 υ.
1257 1601 1347 1634 Ars
1374 1601 1438 1634 111.
1469 1605 1543 1634 tres
1567 1600 1612 1634 de
1634 1601 1705 1634 hao

202 1662 244 1684 re
271 1650 382 1684 libros
407 1648 517 1684 edidit
538 1649 573 1690 6,
599 1650 632 1690 3,
662 1649 697 1681 5.
733 1645 818 1680 editi
844 1645 925 1679 libri
948 1646 1006 1680 Pr.
1029 1649 1064 1680 7.
1088 1657 1120 1679 v.
1142 1646 1294 1680 Liber.
1332 1648 1455 1690 quales
1485 1647 1596 1690 (lovi)
1620 1651 1703 1680 sunt

206 1696 293 1731 editi
317 1708 337 1730 a
363 1697 406 1742 Q.
432 1693 629 1728 Hortensio
657 1696 692 1737 2,
719 1695 751 1734 1,
781 1694 835 1725 11.
866 1691 1082 1735 [orationes,
1112 1703 1202 1735 quae
1229 1690 1383 1725 Charisii
1410 1691 1556 1725 nomine
1588 1692 1703 1724 edun-

202 1749 263 1777 tur
287 1743 377 1787 (Fr.
413 1755 455 1776 ex
498 1743 654 1775 Codicum
690 1742 857 1781 scriptura
883 1738 1001 1778 conjz'c.
1036 1737 1172 1770 nomini
1216 1737 1442 1782 addicuntur-3
1491 1740 1543 1771 H.
1569 1738 1619 1774 11..
1658 1749 1702 1770 ex

139 1807 141 1810 ·
201 1793 307 1824 Alm.
334 1789 425 1821 dedit
448 1787 594 1821 nomine
623 1782 871 1827 adducuntur)
905 1786 960 1824 10,
987 1785 1020 1824 1,
1044 1781 1130 1827 70.]
1164 1781 1379 1824 Apollonius
1405 1799 1450 1807 —-
1477 1792 1554 1816 non
1577 1788 1703 1817 conte-

202 1836 398 1870 mnendum
429 1844 519 1877 opus
554 1832 666 1866 edidit
697 1831 761 1875 (a.
794 1834 816 1862 l.
842 1827 1017 1870 reddidit)
1051 1831 1105 1870 10,
1133 1830 1164 1870 1,
1190 1827 1246 1862 54.
1281 1827 1336 1871 11)
1371 1831 1393 1863 ἰ.
1427 1842 1459 1874 q.
1493 1827 1700 1873 profero:

203 1881 314 1916 edidit
339 1879 501 1926 vagitum
526 1881 559 1920 1,
585 1881 617 1920 1,
643 1880 701 1910 21.
726 1875 874 1909 hebetes
900 1884 974 1908 non
997 1875 1108 1921 magis
1133 1876 1328 1920 secundum
1353 1879 1512 1909 naturam
1638 1881 1699 1909 tur

201 1927 386 1970 homines,
419 1936 525 1969 quam
555 1922 761 1969 prodigiosa
788 1931 940 1964 corpora
963 1922 1006 1954 ib.
1022 1923 1057 1954 2.
1095 1921 1190 1964 quod
1213 1920 1516 1964 praestantissimo
1570 1956 1580 1963 ‚
1620 1921 1700 1955 elo-

202 1973 348 2019 quentia
374 1971 474 2006 viros
502 1969 653 2004 ediderit
686 1965 923 2011 (Academia)
953 1968 1010 2010 12,
1034 1969 1069 2010 2,
1093 1968 1150 2001 25.
1210 1966 1286 2010 111)
1323 1970 1347 2002 i.
1373 1981 1404 2014 q.
1436 1969 1554 2002 dicoe
1599 1966 1698 2001 edito

201 2020 272 2054 alio
296 2025 459 2062 tempore
494 2027 536 2050 ac
565 2017 649 2049 loco
672 2014 707 2057 4,
732 2017 767 2057 2,
792 2014 852 2048 98.
1459 2044 1461 2046 ,

154 2065 264 2107 EdO·
329 2079 352 2109 i.
380 2089 412 2120 q.
437 2086 609 2108 vescor.-
649 2070 810 2116 quamvis
836 2079 920 2104 reus
943 2080 1044 2112 sum,
1074 2074 1110 2104 et
1132 2081 1263 2114 panem
1292 2069 1482 2104 candidum
1507 2069 1576 2109 edo
1600 2069 1636 2112 6,
1658 2069 1696 2112 3,

199 2124 246 2158 60
270 2123 316 2157 Ν.
348 2132 424 2155 non
446 2126 487 2154 ut
511 2121 614 2154 edam
637 2119 746 2160 vivo,
781 2117 844 2151 sed
875 2122 915 2149 ut
949 2115 1073 2150 vivam
1110 2118 1178 2150 edo
1202 2117 1238 2159 9,
1263 2118 1298 2160 3,
1322 2117 1368 2152 85
1391 2118 1439 2151 Ν.
1471 2114 1696 2159 esseinter
1720 2125 1728 2143 a

198 2169 375 2216 agendum
401 2168 444 2203 ab
469 2172 611 2201 oratore
637 2175 720 2199 meo
744 2163 870 2208 procul
891 2161 983 2195 absit
1015 2164 1071 2204 11,
1097 2164 1133 2206 3,
1159 2163 1237 2198 136.
1724 2170 1728 2181 -’

148 2225 375 2267 Educatio.
415 2247 475 2254 —-
512 2234 630 2269 mollis
655 2236 689 2277 1,
716 2236 751 2277 2,
778 2234 813 2269 6.
837 2243 1030 2278 corporum
1052 2241 1141 2266 mox
1161 2229 1269 2270 etiam
1291 2226 1567 2263 fortissimorum
1590 2228 1694 2263 educ.
1716 2236 1728 2268 ⁴,

198 2294 219 2316 a
249 2284 343 2316 lacte
374 2281 546 2325 cunisque
577 2280 717 2314 initium
750 2280 847 2314 ducit
883 2283 929 2322 1,
968 2282 1008 2322 1,
1037 2282 1095 2312 21.
1125 2276 1163 2310 in
1187 2275 1387 2320 praeceptis
1405 2276 1464 2314 ,de
1500 2275 1696 2308 liberorum
1726 2311 1728 2314 ,

199 2329 412 2362 educatione
437 2330 469 2369 1,
501 2330 557 2369 11,
584 2330 639 2361 17.
673 2326 952 2370 impendiorum,
996 2335 1086 2370 quae
1109 2324 1148 2358 in
1171 2316 1420 2371 educationem
1440 2319 1634 2356 contulerit
1659 2322 1696 2365 1,
1724 2321 1728 2359 ζ

199 2376 257 2415 10,
285 2376 340 2407 18.
363 2387 395 2407 v.
417 2372 703 2417 Disciplina.

152 2418 382 2459 Educatol'·
444 2430 505 2464 ille
531 2431 662 2463 ducere
685 2430 765 2464 vult
789 2427 897 2462 filiam
918 2426 1098 2473 pauperis,
1110 2423 1312 2459 educatoris
1335 2427 1369 2467 7,
1394 2426 1428 2467 1,
1453 2421 1512 2458 14.

150 2486 314 2527 EdUCO·
360 2502 482 2530 natum
507 2497 619 2530 filium
644 2496 841 2539 sustuli,
868 2493 1071 2529 educavi
1096 2493 1178 2537 (Sp.
1204 2505 1239 2527 n.
1265 2504 1295 2527 s.
1318 2493 1346 2527 f.
1372 2490 1444 2535 ed.)
1467 2490 1502 2535 4,
1525 2494 1562 2535 2,
1585 2489 1631 2525 42
1654 2492 1696 2530 S.

198 2543 350 2577 educare
374 2543 492 2576 foetus
520 2546 555 2585 2,
583 2544 639 2585 16,
666 2544 709 2577 16
735 2543 782 2576 Ν.
814 2541 959 2575 infantis
983 2551 1003 2573 a
1026 2539 1132 2574 mutis
1166 2538 1363 2573 nutricibus
1384 2539 1482 2583 jussu
1506 2548 1630 2583 regum
1652 2536 1707 2571 ins

196 2587 388 2622 solitudine
419 2589 560 2621 educati
588 2592 644 2631 10,
674 2592 707 2631 1,
734 2591 778 2622 10
805 2589 851 2622 N.
891 2587 1081 2620 Romulum
1120 2586 1309 2619 educatum
1336 2595 1357 2618 a
1391 2585 1475 2626 lupa
1502 2584 1548 2624 3,
1574 2586 1617 2626 7,
1653 2583 1710 2617 5,›.

195 2635 235 2668 in
265 2633 320 2666 his
361 2632 523 2676 (scholis)
560 2636 732 2668 educatur
765 2639 888 2668 orator
909 2634 944 2676 9,
969 2635 1004 2676 2,
1029 2633 1087 2666 81.
1113 2631 1315 2665 educandus
1341 2630 1399 2663 Pr.
1431 2629 1467 2664 5.
1492 2628 1587 2662 inter
1599 2635 1690 2672 quos

195 2677 368 2724 (pueros)
403 2678 611 2712 educabitur
639 2684 680 2721 1,
717 2682 759 2723 1,
795 2682 829 2714 7.
898 2704 915 2711 e
1424 2693 1431 2699 -

148 2726 312 2769 Edfico.
388 2745 477 2779 quos
517 2736 719 2770 educere
749 2735 883 2771 invitos
917 2734 964 2769 in
997 2732 1222 2778 provinciam
1250 2742 1324 2766 non
1360 2729 1498 2775 potuit,
1532 2740 1597 2764 eos
1631 2728 1721 2764 ixi--

195 2783 291 2818 vitos
316 2781 472 2816 retinere
497 2781 557 2825 qui
583 2781 725 2824 potuit?
757 2784 842 2817 Cic.
862 2784 896 2824 5,
923 2783 986 2824 10,
1014 2781 1073 2815 76.
1099 2790 1147 2814 ex
1170 2780 1278 2814 domo
1300 2777 1340 2812 in
1368 2777 1424 2822 jus
1450 2778 1604 2812 educere
1637 2783 1688 2810 ne·
1703 2777 1724 2811 ³.

196 2829 321 2864 liceat:
376 2837 425 2863 ex
455 2827 687 2863 tabernaculo
721 2827 845 2862 eduxit
868 2831 910 2872 7,
937 2827 978 2871 8,
1009 2827 1044 2861 6.
1704 2830 1713 2855 J
