1728 3002
108 163 191 202 632
655 160 810 202 Passus
839 184 895 192 -
924 159 1137 201 Patientia

110 270 358 316 Pastor-alie.
402 294 503 319 musa
526 284 587 319 illa
609 284 870 329 pastoralis
893 291 930 321 et
951 285 1140 321 rustica
1165 287 1221 330 10,
1246 288 1280 330 1,
1293 262 1362 322 ⁵55.

109 341 276 384 Pastor·
324 363 391 386 nec
415 359 596 398 pastorem
618 353 742 398 populi
766 359 914 389 auctore
938 355 1100 390 Homero
1130 353 1282 388 dixerim
1305 356 1341 398 8,
1363 355 1399 400 6,
1426 356 1481 392 18.

110 397 344 441 Patefacio.
383 416 524 454 portum
547 411 776 456 eloquentiae
802 422 875 446 non
899 418 936 447 et
957 412 1080 458 piratis
1102 411 1294 456 patefaciet
1322 415 1378 456 12,
1402 415 1436 455 7,
1458 411 1500 458 43
1523 412 1603 450 inv
1614 425 1658 450 e-.

160 455 368 503 stigata,
400 463 660 503 comperta,
691 459 930 503 patefacta
963 470 1029 504 per
1054 469 1111 492 me
1133 459 1168 502 9,
1193 460 1228 502 3,
1252 457 1310 493 49.

113 513 262 557 Pateo.
318 524 352 570 Ι)
378 529 526 571 proprie.
574 527 616 571 α)
641 533 738 572 patet
760 526 878 561 media
899 528 1027 572 quaed.
1052 526 1113 562 via
1138 527 1174 570 8,
1198 527 1232 571 5,
1255 525 1313 562 34.
1338 537 1408 571 qua
1432 537 1523 563 cava
1545 527 1656 563 funda

159 578 257 617 patet
283 574 372 607 Cic.
395 574 431 615 8,
456 573 492 615 6,
526 575 584 609 73.
630 573 674 608 in
711 579 880 618 quantum
910 579 1007 618 patet
1035 572 1224 620 longitudo
1261 576 1318 616 11,
1348 575 1384 616 3,
1419 574 1497 608 118.
1540 574 1657 621 jugeri

160 629 364 656 mensuram
389 618 537 654 dimidio
560 619 598 654 in
621 619 843 654 latitudinem
875 625 999 664 patere
1034 623 1068 663 1,
1103 622 1160 663 10,
1192 617 1250 654 42.
1295 618 1333 665 β)
1365 619 1532 663 consilia,
1566 631 1657 667 quae
1723 628 1727 631 ’

160 665 233 699 late
258 670 383 710 patent
415 668 456 709 7,
488 669 533 709 2,
563 664 622 701 42.
670 665 721 711 11)
753 670 896 700 tumst..-
940 666 1030 700 illud
1058 671 1179 710 patet,
1217 666 1289 700 hoc
1321 676 1361 699 se
1394 667 1656 710 quodammodo

160 711 318 746 ostendit
337 713 372 755 8,
400 713 435 756 3,
464 712 533 754 613
568 712 606 747 id
636 714 699 748 vel
726 713 797 747 hoc
821 718 1030 759 argumento
1053 717 1151 756 patet
1174 714 1208 755 1,
1234 715 1291 755 12,
1314 712 1349 747 9.
1396 711 1490 746 sicut
1513 713 1659 748 nomine

160 756 242 801 ipso
268 763 366 802 patet
388 759 423 802 9,
450 761 483 800 1,
508 757 544 793 4.
589 759 762 804 plurimae
789 757 984 804 (syllabae)
1009 765 1134 792 natura
1157 757 1235 803 ipsa
1267 757 1371 794 verbi
1404 764 1525 803 patent
1542 772 1546 775 -
1562 761 1595 802 1,
1620 762 1656 802 7,

159 807 196 838 2.
220 809 259 838 ut
284 804 362 849 ipsa
386 804 608 839 oratiuncula
630 811 727 850 patet
749 804 786 849 4,
812 807 847 848 3,
873 808 929 840 17.
973 806 1072 850 quod
1096 805 1236 840 Graeco
1269 805 1384 839 verbo
1414 809 1511 849 patet
1547 805 1583 847 6,
1623 808 1657 848 1,

162 851 197 884 2.
227 852 326 895 quod
351 861 426 885 nno
448 852 565 886 verbo
589 857 705 896 patet,
730 851 890 896 pluribus
915 862 1105 886 oneramus
1131 851 1167 895 8,
1190 851 1250 889 rr.
1267 849 1330 890 24.
1377 855 1416 884 nt
1441 852 1660 895 procedente

161 895 255 931 libro
280 897 415 942 patebit
439 899 472 940 3,
501 901 534 942 1,
559 901 606 940 7,
642 908 715 943 quo
748 899 811 933 vel
844 898 924 933 solo
957 902 1078 942 patet,
1112 907 1189 932 non
1219 896 1456 942 persuadendi
1484 895 1592 931 finem
1620 896 1659 931 in

163 948 308 978 oratore
332 944 547 979 servandum
582 946 638 986 11,
674 947 708 987 1,
745 947 802 978 11.
848 943 886 978 in
917 943 1069 979 collibus
1105 943 1213 979 etiam
1247 941 1412 988 imperito
1446 948 1544 987 patet
1580 943 1660 989 plus

159 988 230 1023 soli
261 1000 340 1024 esse
365 1002 468 1035 quam
496 990 590 1024 coeli
615 993 649 1034 1,
674 993 732 1034 10,
770 989 836 1033 45;
874 1001 985 1024 unum
1019 995 1098 1033 est,
1138 988 1176 1024 in
1214 999 1286 1033 quo
1315 988 1395 1032 ipso
1415 994 1531 1033 patet
1562 990 1657 1033 (Sp.

163 1035 269 1079 om.),
295 1047 438 1081 semper
459 1036 496 1070 id
521 1036 660 1072 servari
683 1047 758 1071 non
782 1037 960 1081 posse(S
966 1049 1001 1081 p.
1031 1037 1103 1082 adj.
1130 1047 1185 1070 ex
1211 1035 1291 1080 ipso
1316 1033 1430 1079 patet)
1450 1038 1487 1077 7,
1509 1035 1546 1078 6,
1570 1037 1592 1071 5
1614 1039 1659 1071 Ζ.

163 1087 335 1126 quantum
361 1084 492 1118 habeat
513 1082 552 1117 in
575 1089 721 1118 oratore
742 1082 937 1128 momenti,
975 1082 1061 1117 satis
1086 1083 1148 1118 vel
1174 1093 1233 1117 ex
1260 1092 1304 1116 eo
1333 1086 1431 1127 patet
1459 1083 1516 1126 11,
1540 1083 1576 1127 3,
1598 1082 1658 1124 65.

114 1133 257 1180 Pater.
314 1161 379 1185 cur
402 1157 543 1195 pater
565 1151 713 1196 patris
736 1151 845 1186 saciat
869 1154 903 1194 1,
930 1150 967 1194 6,
994 1153 1052 1185 13.
1101 1148 1131 1192 Ι)
1158 1152 1200 1184 de
1224 1157 1372 1194 parente.
1397 1147 1661 1194 a),Nominat‚.·

161 1200 263 1239 pater
290 1197 398 1230 durus
422 1197 458 1239 4,
486 1201 520 1241 2,
550 1201 608 1234 73.
636 1210 671 1242 p.
698 1198 867 1232 naturalis
894 1200 927 1240 3,
952 1199 987 1240 6,
1011 1198 1070 1233 96.
1118 1197 1180 1230 ille
1214 1196 1451 1231 Terentianus
1483 1209 1521 1241 p.
1543 1199 1600 1241 11,
1627 1201 1662 1239 1,

162 1242 220 1276 39.
245 1253 280 1285 p.
307 1242 386 1285 ine,
423 1245 523 1286 cujus
548 1240 738 1288 praecipue
762 1251 879 1288 partes
903 1249 998 1286 sunt,
1023 1243 1104 1288 quia
1127 1242 1270 1277 interim
1293 1242 1492 1277 concitatus
1519 1242 1661 1278 interim

160 1286 254 1321 lenis
279 1294 355 1332 est,
393 1291 506 1323 altero
531 1297 653 1323 erecto
677 1292 790 1324 altero
818 1290 1018 1333 composito
1044 1295 1098 1324 est
1121 1289 1312 1333 supercilio
1338 1292 1394 1332 11,
1417 1291 1452 1332 3,
1477 1288 1539 1332 743
1564 1296 1664 1334 pater

163 1333 281 1367 Gallio
306 1336 340 1377 3,
366 1338 399 1377 1,
424 1338 483 1368 21.
509 1338 543 1377 9,
573 1338 609 1378 2,
635 1337 692 1371 91.
738 1348 774 1379 p.
798 1336 953 1379 raptoris
981 1341 1016 1369 et
1039 1341 1161 1379 raptae
1183 1336 1218 1377 9,
1243 1338 1278 1377 2,
1314 1336 1373 1369 91.
1421 1335 1480 1379 qui
1513 1347 1549 1379 p.
1584 1337 1663 1370 vult

162 1379 240 1413 fieri
264 1381 298 1422 3,
322 1382 357 1423 8,
383 1381 440 1414 24.
486 1381 609 1424 licuit,
645 1380 726 1424 quia
750 1394 785 1425 p.
814 1393 911 1414 eram
936 1382 969 1423 5,
997 1383 1051 1423 10,
1076 1380 1134 1414 40.
1183 1386 1218 1413 at
1241 1386 1344 1423 pater
1367 1386 1422 1414 est
1453 1382 1519 1423 (ae
1547 1381 1660 1425 leone)

162 1426 200 1468 8,
223 1425 258 1467 6,
282 1425 329 1460 34
353 1439 385 1461 υ.
411 1427 557 1462 Pario.
608 1438 688 1460 cum
712 1438 747 1469 p.
777 1438 827 1460 ex
850 1426 1038 1460 meretrice
1072 1431 1194 1459 natum
1218 1425 1366 1459 abdicat*
1381 1428 1437 1467 11,
1474 1428 1507 1469 1,
1542 1427 1600 1461 82.
1627 1440 1659 1462 v.

161 1470 362 1507 Abdico.
410 1473 602 1517 quamlibet
626 1472 749 1519 gravia
782 1473 855 1506 filio
890 1484 924 1516 p.
955 1472 1159 1514 objecturus
1193 1473 1236 1504 ib.
1272 1472 1330 1505 58.
1378 1472 1474 1515 quod
1507 1473 1662 1509 maxime
1686 1492 1695 1510 ῃ

162 1523 282 1561 patres
307 1518 468 1565 exigunt,
496 1525 602 1564 atque
628 1520 676 1553 ita
700 1520 842 1552 demum
866 1519 1009 1552 studere
1032 1517 1166 1551 liberos
1190 1527 1286 1560 suos,
1315 1515 1344 1550 si
1365 1529 1472 1561 quam
1490 1518 1663 1563 frequen-

162 1563 299 1599 tissime
323 1566 627 1607 declamaverint,
662 1566 813 1599 credunt
835 1568 871 1607 2,
899 1568 935 1607 7,
962 1567 993 1598 1.
1020 1563 1066 1605 cs.
1094 1566 1148 1606 10,
1178 1564 1212 1606 5,
1237 1566 1295 1597 21.
1319 1563 1362 1606 β)
1389 1565 1524 1599 Genit.:
1548 1566 1662 1599 inter-

154 1610 281 1645 ,sector
303 1611 412 1656 patris
441 1614 475 1654 5,
504 1614 560 1654 10,
588 1613 645 1646 88.
694 1611 762 1645 alia
784 1623 819 1655 p.
844 1611 927 1646 adv.
950 1610 1061 1643 filium
1094 1608 1292 1643 moderatio
1325 1615 1380 1643 est
1413 1610 1449 1653 6,
1479 1613 1515 1653 2,
1552 1611 1597 1645 14
1627 1617 1692 1646 va

163 1655 329 1691 Filius.
374 1656 543 1702 y)Da1.:
580 1658 802 1701 juvenem
832 1668 871 1691 se
895 1656 1017 1700 patri
1043 1654 1200 1689 haesisse
1227 1657 1284 1696 11,
1311 1657 1344 1698 1,
1369 1657 1427 1690 80.
1464 1657 1592 1699 patri
1624 1657 1662 1692 in

165 1702 331 1737 filium
356 1715 480 1738 manus
506 1704 653 1747 injectio
680 1703 726 1737 sit
749 1707 784 1746 7,
807 1706 843 1746 7,
880 1704 918 1739 9.
965 1713 1012 1736 ne
1043 1701 1279 1746 exprobraret
1305 1712 1341 1745 p.
1373 1701 1514 1746 nuptias
1546 1706 1602 1748 11,
1631 1707 1666 1747 1,

166 1749 225 1783 83.
272 1749 334 1794 qui
362 1762 394 1794 p.
425 1750 638 1794 proditionis
662 1760 727 1783 reo
752 1760 827 1783 non
861 1748 1021 1790 affuerit,
1066 1749 1220 1782 exheres
1251 1746 1297 1781 sit
1327 1747 1370 1791 5,
1404 1749 1468 1791 10,
1504 1750 1583 1783 107.
1635 1749 1667 1784 si

163 1805 355 1839 percussus
384 1796 428 1830 sit
453 1815 495 1821 —
520 1797 618 1841 quod
645 1808 679 1840 p.
704 1795 860 1829 affuisset
885 1796 921 1838 6,
960 1797 993 1838 1,
1026 1797 1081 1829 17.
1130 1790 1168 1833 δ)
1193 1796 1354 1827 Accua.-
1386 1799 1427 1828 ut
1460 1794 1499 1828 in
1533 1795 1667 1830 scholis

165 1842 414 1876 luxuriantem
432 1848 612 1887 patrem
636 1842 843 1877 luxuriosus
863 1841 941 1885 ipse
966 1839 1156 1885 juvenis
1180 1844 1322 1873 accusat
1346 1841 1404 1883 11,
1427 1842 1460 1883 1,
1483 1841 1543 1876 79.
1571 1843 1668 1885 quod

165 1898 242 1922 non
266 1889 430 1924 habuerit
454 1901 511 1933 p.,
548 1889 609 1934 qui
641 1894 804 1922 moneret
842 1890 885 1921 ib.
921 1889 977 1922 82.
1027 1886 1088 1930 qui
1121 1891 1256 1929 patrem
1290 1884 1528 1930 interfecerit,
1562 1889 1668 1922 culeo

165 1933 328 1968 insuatur
351 1939 386 1979 7,
411 1936 446 1978 8,
470 1935 505 1970 6.
553 1935 826 1978 competitorem
850 1946 885 1977 p.
910 1933 949 1967 in
976 1932 1151 1977 suffragiis
1178 1931 1314 1967 vicerat
1340 1935 1374 1974 7,
1411 1935 1443 1973 1,
1478 1934 1538 1968 29.
1577 1935 1668 1968 alter

162 1980 364 2023 juvenes
392 1987 428 2015 et
453 1982 568 2015 bonos
596 1988 759 2024 patres
785 1981 917 2024 optime
934 1979 998 2023 (sc.
1023 1979 1201 2022 egi1)·ll‚
1219 1982 1255 2020 3,
1283 1979 1361 2012 178.
1387 1977 1486 2012 inter-
1505 1984 1665 2023 patres

164 2026 271 2061 etiam
295 2028 328 2061 fi
341 2027 437 2061 1¹ios
451 2038 521 2071 que
545 2027 719 2074 litigatum
745 2027 820 2060 scio
852 2029 906 2069 11,
933 2029 965 2068 1,
992 2027 1050 2060 65.
1079 2025 1130 2067 11)
1153 2026 1195 2057 ‹le
1218 2026 1440 2058 senatoribus:
1469 2024 1666 2060 Senatui

166 2083 300 2107 nomen
325 2074 463 2107 dederit
488 2078 604 2117 aetas,
642 2085 725 2107 nam
754 2079 790 2106 et
814 2072 922 2106 iidem
953 2073 1126 2106 Patres
1159 2075 1240 2103 sunt
1274 2072 1307 2113 1,
1345 2070 1381 2114 6,
1416 2072 1474 2104 33.
1519 2077 1667 2116 propter

165 2117 279 2162 ipsam
303 2118 416 2163 (rem)
442 2120 640 2154 deliberant
663 2121 786 2153 Patres
811 2118 1024 2162 conscripti,
1056 2117 1116 2151 An
1153 2116 1370 2159 stipendium
1399 2116 1503 2150 militi
1529 2118 1665 2152 consti-

164 2170 266 2200 tuant
293 2169 327 2209 3,
351 2167 387 2209 8,
418 2167 472 2201 18.
498 2165 543 2208 cs.
566 2167 602 2210 9,
627 2167 662 2208 3,
687 2168 744 2203 72.
777 2165 978 2199 deliberant
998 2163 1039 2198 P.
1067 2161 1123 2207 C.,
1158 2162 1217 2196 An
1242 2161 1371 2196 Fabios
1395 2170 1458 2197 etc.
1484 2164 1518 2206 3,
1545 2164 1582 2207 8,
1607 2165 1663 2200 19.

119 2218 343 2263 Paternus·
387 2245 424 2278 p.
448 2233 552 2267 amici
575 2236 692 2267 Dom.
718 2231 834 2274 Aser
858 2234 894 2276 9,
921 2235 955 2276 2,
979 2234 1036 2266 20.
1061 2243 1097 2275 p.
1121 2231 1216 2265 bona
1241 2231 1276 2274 3,
1303 2233 1358 2274 11,
1385 2232 1441 2266 13.
1460 2242 1495 2275 p.
1517 2231 1666 2275 praedia

163 2279 199 2320 6,
225 2280 258 2322 3,
275 2279 344 2314 44.
391 2280 591 2314 reddidisse
624 2279 663 2313 in
692 2279 874 2323 loquendo
898 2291 934 2324 p.
960 2276 1174 2325 elegantiam
1207 2279 1248 2321 1,
1284 2277 1326 2321 11,
1357 2276 1393 2312 6.
1445 2276 1666 2323 ἰταῐτίξιιίὴϋ

165 2324 250 2359 dare
275 2336 323 2359 ex
347 2326 505 2370 paternis
527 2329 564 2369 7,
590 2328 624 2369 1,
648 2324 706 2360 43.

120 2378 350 2423 patienter.
398 2404 463 2428 cm·
485 2399 558 2427 tam
582 2406 617 2438 p.
643 2395 814 2428 toleraret
840 2394 874 2436 6,
900 2394 934 2436 3,
962 2393 1039 2426 112·

121 2445 344 2489 Patientia·
393 2463 473 2505 plus
498 2460 675 2504 (honoris)
700 2460 961 2503 fortitudo,
993 2458 1232 2504 patientia
1255 2458 1461 2503 (merebitur
1488 2458 1664 2493 Lacedae-

166 2516 260 2537 mone
284 2519 383 2549 quam
412 2507 574 2552 Athenis)
599 2510 633 2547 3,
656 2511 690 2550 7,
717 2507 774 2541 21.
803 2519 832 2540 v.
864 2505 1155 2540 Moderatio.
1205 2507 1301 2549 quod
1328 2504 1406 2540 aliis
1440 2507 1526 2549 pat.
1554 2503 1663 2538 facile
1715 2531 1722 2536 .

166 2551 390 2585 mendacium
419 2553 549 2596 faciat,
585 2553 664 2587 aliis
700 2552 966 2587 infirmitas
999 2551 1239 2585 necessarium
1279 2553 1320 2594 5,
1352 2550 1398 2591 4,
1440 2552 1485 2592 13
1525 2549 1556 2583 si
1589 2560 1666 2584 non

167 2596 340 2638 cupido
365 2599 477 2642 lucis,
513 2605 611 2634 certe
634 2605 725 2643 pat.
752 2600 786 2642 6,
825 2600 882 2632 Pr.
916 2601 972 2632 13.
1020 2598 1187 2631 audiendi
1223 2603 1292 2642 pat.
1325 2593 1442 2630 deficit
1471 2596 1529 2637 11,
1564 2598 1598 2639 2,
1629 2597 1665 2630 8.

165 2641 270 2674 etiam
294 2644 386 2676 male
413 2644 579 2678 audiendi
604 2645 860 2689 praesumenda
883 2649 952 2689 pat.
971 2649 1025 2678 est
1047 2646 1103 2687 12,
1120 2646 1155 2688 9,
1173 2647 1206 2679 9.
1233 2653 1313 2677 cum
1329 2640 1413 2675 saus
1430 2639 1469 2674 in
1486 2640 1664 2675 audiendo

165 2687 355 2732 patientiae
381 2689 592 2733 impenderit
620 2695 674 2734 12,
698 2694 733 2734 8,
765 2694 821 2725 10.

120 2734 274 2775 Patior·
323 2746 351 2788 1,
379 2745 415 2787 α)
441 2749 651 2790 simpliciter.-
689 2748 719 2782 si
744 2758 849 2782 causa
871 2746 1026 2791 patietur
1051 2745 1086 2788 5,
1111 2745 1147 2789 6,
1172 2747 1207 2779 2.
1235 2742 1281 2786 cf·
1306 2745 1342 2786 7,
1365 2740 1401 2786 4«,
1427 2743 1481 2777 31-
1507 2742 1538 2777 si
1563 2754 1662 2778 com-
