1728 3002
171 150 258 189 424
666 145 871 188 lnfitiator
908 171 965 178 -—
1004 146 1227 203 Ingenium

175 247 401 292 Infitiator.
471 271 518 295 an
562 260 752 306 petitorem
798 259 1118 301 calumniari.
1159 271 1206 296 an
1242 272 1348 305 reum
1380 262 1710 301 infitiatorem

223 317 303 342 esse
324 308 387 342 vel
414 307 590 341 furem?
615 308 789 348 (credibile
811 308 871 350 sit)
904 310 940 351 7,
963 310 1000 351 2,
1025 308 1071 343 50
1093 307 1140 343 N.
1210 320 1216 324 ·

176 346 358 395 Infifior.
416 374 484 397 nec
507 363 706 404 infitiabor,
744 362 898 408 aliquem
927 364 975 391 ‘—
997 375 1104 409 posse
1128 358 1251 408 2,'1,
1283 365 1316 400 6.
1351 376 1427 403 non
1459 366 1593 403 infitior
1621 368 1709 414 (seq.

223 413 308 445 Ace.
334 423 363 446 ο.
389 409 472 451 Ins.)
514 413 650 452 12,10,
675 408 742 452 743
781 422 872 454 quae
901 411 1236 445 accusantium
1264 422 1306 446 ac
1329 412 1711 458 defendentium,

224 457 351 490 eadem
379 456 644 500 petentium
677 461 714 490 et
738 456 1056 491 infitiantium
1092 457 1183 491 ratio
1210 458 1245 500 7,
1267 460 1303 500 2,
1327 461 1384 494 27.

175 509 415 553 Inflammo·
462 524 712 558 inflammatum
737 524 927 569 cupiditate
950 527 987 566 8,
1014 526 1051 568 6,
1077 529 1110 560 7.
1134 530 1271 559 tantum
1295 526 1416 566 abest,
1454 530 1494 560 ut
1515 525 1714 565 inflamma-

223 580 282 603 res
310 576 453 604 nostros
477 571 632 604 animos:
667 581 829 604 somnum
852 571 921 606 isto
946 573 1030 606 loco
1058 571 1125 606 vix
1152 572 1359 606 tenebamus
1395 574 1464 606 Cic.
1491 575 1546 616 11,
1571 576 1608 617 3,
1635 575 1718 619 155.

175 613 370 656 lnflsscto·
416 623 536 675 digitis
561 628 692 663 leviter
714 627 858 663 inflexis
894 631 950 671 11,
974 631 1009 672 3,
1035 627 1114 663 142.

176 669 303 713 Infl0.
367 685 400 726 1)
439 688 591 729 proprie.-
631 696 736 719 nares
765 684 889 720 inflare
925 689 992 729 11,
1030 688 1076 729 3,
1104 687 1164 722 80.
1200 679 1351 729 coi-pora
1385 695 1459 719 non
1486 686 1619 731 robore
1652 684 1715 722 sed

223 730 434 765 valetudine
457 731 626 765 inflantur
649 735 691 774 2,
716 733 760 775 3,
782 732 816 766 6.
874 730 935 775 ΙΙ)
967 736 1106 767 tumst..-
1141 730 1347 765 ambitiosus
1381 731 1495 766 inflari
1521 734 1640 776 potest
1678 735 1715 778 5,

221 777 258 818 7,
281 777 340 811 26.
366 777 482 824 gloriz'i
514 777 634 811 inflata
668 783 722 812 est
757 776 882 821 (gens)
915 781 979 820 12,
1019 780 1086 821 10,
1121 780 1176 812 17.
1210 777 1278 811 erit
1308 777 1423 824 gloria
1450 777 1626 812 inflandus
1658 782 1718 824 11,

206 823 267 864 .1,
303 823 361 858 75.
397 823 719 868 condiscipulorum
754 825 906 858 tumultu
939 823 1052 858 inflati
1083 826 1127 868 2,
1161 825 1204 867 2,
1234 825 1296 867 123
1334 823 1510 858 inflati
1539 829 1577 859 et
1621 824 1719 860 ina-

222 877 314 902 nes
353 872 408 908 12,
434 871 492 914 10,
520 871 563 905 16
586 870 822 904 v.1nanis.

176 908 332 955 Influo·
390 925 426 971 1)
450 927 582 961 sensim
605 926 947 961 influentibus
982 926 1044 961 vel
1068 925 1174 960 etiam
1196 924 1463 960 instillatis
1495 925 1718 971 (humoribus)

225 973 258 1013 1,
284 974 319 1014 2,
347 973 404 1008 28.
451 972 503 1017 11)
527 978 664 1008 transm
690 974 859 1017 paulatim
881 983 1047 1008 sermone
1073 971 1210 1007 Graeco
1237 972 1276 1006 in
1309 971 1490 1016 proximas
1521 972 1631 1007 Asiae
1665 974 1719 1008 ci-

221 1016 354 1052 vitates
377 1018 549 1054 influente
578 1022 633 1063 12,
661 1023 716 1062 10,
742 1021 797 1055 16.
1239 1034 1246 1039 ’

175 1058 382 1106 ῙΠΪΟΠῙΙΟ·
439 1077 477 1111 ἱιι
512 1086 585 1122 quo
618 1075 751 1120 (libro)
789 1075 896 1110 nobis
934 1080 1057 1109 orator
1086 1073 1165 1119 ipse
1197 1074 1446 1109 informandus
1485 1080 1539 1109 est
1571 1076 1627 1108 Pr.
1659 1078 1718 1110 22.

224 1117 503 1163 [informandam
541 1124 608 1167 (Z.
642 1123 779 1165 form.)
818 1133 925 1167 quam
964 1120 1108 1166 optimis
1144 1119 1314 1155 institutis
1343 1125 1500 1155 mentem
1527 1120 1719 1156 infantium

225 1168 259 1207 1,
292 1170 332 1211 1,
371 1169 425 1203 16.

178 1208 308 1252 Infra·
358 1223 392 1268 Ι)
417 1168 579 1268 ll‘raepos.
629 1223 667 1266 α’)
696 1226 738 1258 ‹le
771 1229 867 1258 loco.-
902 1229 943 1259 ut
982 1222 1124 1258 tunicae
1155 1222 1334 1266 prioribus
1366 1221 1440 1257 oris
1474 1222 1569 1257 infra
1603 1233 1719 1270 genua

221 1270 381 1312 paulum,
403 1269 661 1315 posterioribus
686 1272 730 1303 ad
753 1270 891 1304 medios
917 1270 1071 1314 poplites
1089 1280 1202 1313 usque
1221 1268 1444 1312 perveniant.
1477 1270 1566 1302 Nam
1587 1269 1664 1303 inf
1669 1281 1720 1304 ra

222 1315 413 1349 mulierum
440 1321 507 1359 est,
537 1327 670 1359 supra
695 1316 944 1349 centurionum
969 1318 1026 1357 11,
1051 1317 1085 1356 3,
1112 1315 1190 1349 138.
1221 1314 1356 1348 demitti
1374 1313 1399 1347 i.
1425 1319 1549 1357 pectus
1572 1325 1717 1348 manum

223 1362 267 1394 ib.
294 1364 371 1395 112.
437 1361 482 1408 β)
510 1363 552 1395 de
577 1363 760 1403 dignita-ie.-
797 1373 920 1395 causas
943 1360 1118 1403 minores,
1157 1365 1323 1404 tanquam
1347 1358 1371 1393 i.
1396 1370 1479 1393 eum
1503 1360 1575 1393 sint
1599 1363 1655 1404 12,
1680 1363 1718 1404 9,

223 1409 258 1441 7.
284 1409 416 1442 multos
442 1407 468 1442 i.
493 1418 560 1441 nos
588 1407 789 1442 videbimus
820 1410 876 1449 12,
903 1409 960 1450 11,
983 1408 1041 1440 30.
1069 1405 1092 1439 i.
1125 1405 1330 1450 dignitatem
1355 1406 1389 1447 8,
1414 1407 1449 1447 2,
1475 1407 1507 1438 2.
1527 1406 1571 1448 ’8,
1593 1407 1636 1448 3,
1659 1408 1719 1441 38.

223 1453 374 1487 multum
396 1453 422 1487 i.
451 1453 609 1487 officium
631 1456 677 1496 2,
703 1456 737 1496 5,
763 1451 797 1486 4.
833 1454 877 1494 cj.
915 1455 949 1495 1,
973 1455 1010 1495 7,
1039 1454 1072 1485 1.
1119 1451 1173 1495 11)
1198 1453 1314 1485 Adia.-
1353 1451 1515 1497 augendo
1544 1453 1639 1494 quod
1664 1458 1719 1486 est

223 1497 378 1542 infra,
407 1510 608 1534 necesse
642 1504 717 1535 est.
748 1499 898 1532 extollat
920 1498 981 1540 id,
1007 1497 1105 1541 quod
1129 1508 1271 1541 supra
1303 1496 1456 1540 positiun
1478 1502 1532 1530 est
1555 1497 1591 1538 8,
1615 1496 1651 1539 4,
1678 1498 1717 1535 9.

224 1543 319 1588 (vox)
349 1545 583 1579 attollitur—
606 1545 753 1578 altius
777 1546 838 1579 vel
870 1543 1082 1578 inferius
1107 1545 1164 1586 11,
1190 1545 1226 1586 3,
1249 1542 1316 1586 65;
1355 1544 1399 1575 de
1419 1548 1587 1585 tempore.-
1612 1541 1728 1602 Cice-n]

224 1591 324 1626 ronis
347 1591 568 1636 temporibus
589 1593 803 1635 paulumque
832 1591 928 1624 infra
942 1593 987 1640 J,
1011 1592 1046 1632 7,
1071 1591 1128 1623 20.
1605 1633 1607 1636 ¹
1716 1620 1721 1627 ,

177 1633 387 1692 Infringo.
436 1647 470 1692 Ι)
493 1647 692 1694 infringere
717 1647 886 1682 articulos
913 1649 954 1681 11
970 1671 980 1688 ,
1004 1648 1049 1689 3,
1075 1646 1142 1695 158
1168 1645 1216 1682 Ν.
1262 1642 1472 1695 Ill-tranum
1507 1643 1546 1678 in
1569 1643 1728 1692 epilogis,

224 1695 435 1739 plerumnque
458 1694 640 1738 dejecti
673 1699 710 1728 et
743 1693 941 1727 infracti
968 1702 1090 1726 sumus
1111 1694 1148 1734 9,
1173 1689 1210 1733 4,
1240 1691 1319 1724 138.

177 1747 380 1792 InfundO.
426 1762 546 1810 imago
570 1761 737 1797 cadaveri
761 1761 880 1795 infusa
902 1761 948 1804 6,
972 1762 1016 1803 1,
1044 1757 1101 1793 40.

178 1805 423 1863 Ingeniose.
464 1838 506 1846 —
535 1818 656 1853 dicere
684 1822 717 1861 1,
741 1819 778 1862 6,
805 1818 863 1853 36.

180 1862 453 1920 Ingeniosus.
497 1894 542 1900 -
565 1874 853 1909 adolescentibus
877 1875 935 1916 10,
958 1873 994 1914 3,
1021 1873 1078 1906 12.
1110 1868 1316 1905 auctoribus
1338 1869 1432 1917 ing.
1458 1869 1621 1916 quidem,
1650 1865 1728 1908 *sel

227 1929 328 1957 arte
352 1921 625 1956 carentibus
650 1924 707 1964 10,
734 1924 767 1964 1,
791 1919 899 1954 4οΝ.
924 1924 1000 1952 tum
1023 1919 1167 1952 demum
1187 1915 1439 1963 ingeniosi
1465 1917 1613 1960 scilicet,
1639 1929 1728 1963 cum¹

227 1969 273 2002 ad
305 1967 557 2015 intelligendos
581 1978 648 2002 nos
671 1978 761 2012 opus
786 1966 832 2000 sit
854 1965 929 2012 ing
939 1963 1046 1999 enio
1069 1965 1105 2005 8,
1128 1964 1184 1997 Pr.
1210 1964 1269 1998 25.
1305 1961 1551 2008 ingeniosi
1581 1973 1701 1998 vocen

229 2019 311 2056 tur,
336 2015 420 2047 dnm
440 2020 559 2048 tamen
584 2019 750 2056 constet,
783 2010 1044 2046 contumeliose
1081 2009 1134 2044 sic
1164 2007 1291 2044 vocari
1322 2008 1552 2042 disertum
1582 2011 1625 2052 2,
1662 2013 1679 2044 1
1710 2015 1711 2019 ’

225 2063 249 2095 7
273 2060 319 2094 Ν.
345 2072 378 2094 υ.
401 2060 700 2095 Ineruditus.
738 2058 918 2104 probus
948 2067 1092 2102 quoque
1113 2054 1152 2089 in
1172 2053 1296 2099 primis
1319 2054 1386 2089 erit
1408 2054 1470 2087 ille
1503 2065 1620 2089 vere
1655 2055 1704 2090 in

225 2105 460 2152 geniosus
497 2109 539 2149 1,
563 2108 607 2149 3,
630 2108 670 2147 2;
706 2103 959 2152 ingeniosa
991 2103 1083 2137 haec
1107 2107 1143 2136 et
1179 2100 1333 2136 fortia
1368 2104 1405 2134 et
1438 2109 1495 2134 ex
1525 2100 1704 2146 ancipit

229 2151 413 2187 diserta
446 2153 643 2187 creduntur
673 2153 717 2196 8,
741 2154 784 2193 2,
808 2153 867 2184 21.

185 2195 420 2253 IngenitUS·
460 2228 507 2235 --
533 2210 734 2254 adjumenta
755 2210 814 2242 Pr.
840 2210 897 2241 27.
925 2216 1023 2240 arma
1046 2188 1096 2238 iis*
1117 2202 1192 2250 ing.
1221 2201 1395 2247 quaedam
1418 2203 1452 2245 2,
1481 2202 1538 2246 16,
1566 2200 1621 2236 14.
1646 2201 1684 2237 in

189 2295 191 2297 Ι
230 2255 362 2288 bonum
390 2258 426 2299 2,
450 2257 484 2298 8,
508 2259 564 2290 10.
599 2255 707 2290 animi
732 2254 907 2299 quaedam
931 2252 1004 2299 ing.
1029 2256 1154 2284 natura
1179 2248 1222 2291 5,
1250 2249 1314 2290 10,
1343 2248 1421 2280 123.

184 2308 425 2367 Ingeniunl·
473 2325 507 2366 1)
531 2325 678 2357 humana
714 2324 859 2364 indoles.>
912 2318 965 2363 α)
997 2310 1027 2352 ὁ.
1061 2317 1230 2360 Adjecfln'
1266 2314 1290 2348 i·
1322 2313 1428 2367 satin-e
1455 2316 1502 2368 “et
1538 2314 1728 2368 ΟΟΡῙΟΒΠΠζ

230 2372 287 2411 10,
315 2372 347 2411 1,
373 2371 452 2404 128.
480 2370 559 2404 elati
587 2370 611 2403 i.
638 2372 683 2403 ib.
710 2371 787 2403 102.
817 2365 977 2402 eminens
1003 2364 1028 2398 i.
1051 2363 1095 2405 6,
1124 2363 1182 2399 Pr.
1213 2363 1245 2394 1.
1276 2361 1421 2412 humani
1453 2372 1477 2395 1.
1506 2363 1547 2402 1,
1584 2365 1648 2405 12,
1684 2365 1728 2397 2.]

234 2417 291 2457 10,
319 2419 352 2458 1,
384 2417 440 2452 50.
473 2419 525 2457 12,
551 2418 607 2458 11,
633 2417 688 2449 10.
724 2416 820 2447 forte
847 2412 990 2456 quidem
1015 2409 1077 2443 sed
1110 2406 1320 2441 indomitum
1342 2416 1379 2458 ἰ.
1412 2419 1491 2460 opp.
1526 2413 1633 2442 tenne
1665 2406 1728 2476 104

228 2463 263 2501 2,
291 2461 344 2495 19.
370 2460 578 2496 immortalis
602 2460 624 2494 i.
656 2463 712 2503 10,
740 2463 772 2501 1,
800 2459 878 2493 109.
907 2455 989 2490 mali
1012 2455 1035 2488 i.
1069 2457 1100 2496 1,
1134 2455 1167 2495 3,
1198 2456 1230 2486 2.
1257 2452 1427 2486 medmcn
1451 2463 1475 2486 ι.
1505 2455 1561 2494 12,
1585 2456 1640 2495 11,
1661 2451 1728 2494 24.,

231 2505 319 2550 ing.
343 2507 464 2541 veloci
499 2519 540 2541 ac
568 2506 705 2548 mobili,
729 2505 885 2538 animo
912 2500 1091 2546 praesenti
1116 2504 1152 2532 et
1177 2498 1250 2532 acri
1274 2499 1308 2539 6,
1336 2496 1430 2549 4,·8.
1454 2498 1643 2532 mobiliore
1668 2492 1728 2541 (11⁸⁴

231 2554 254 2582 1.
278 2552 444 2594 meliore)
467 2554 621 2598 quodam
638 2552 661 2586 i.
689 2554 745 2593 10,
761 2554 798 2593 7,
813 2551 871 2583 21.
894 2547 987 2595 pigri
1005 2547 1029 2585 i.
1051 2549 1108 2588 10,
1130 2548 1165 2586 2,
1181 2545 1216 2578 4.
1234 2543 1363 2588 promti
1377 2554 1402 2577 1.
1423 2545 1480 2585 11,
1497 2547 1532 2585 2,
1553 2542 1610 2578 46.
1636 2555 1684 2588 pu

231 2594 311 2628 rilia
342 2596 366 2629 i.
395 2601 427 2640 1,
449 2598 484 2641 4,
503 2600 537 2634 6.
559 2599 698 2632 tardum
721 2597 743 2631 i.
771 2599 805 2639 1,
830 2597 865 2637 3,
887 2597 922 2628 2.
946 2599 1054 2628 tenue
1070 2592 1094 2625 i.
1121 2593 1177 2633 10,
1198 2593 1234 2633 2,
1261 2590 1317 2624 19.
1347 2590 1402 2630 12,
1420 2589 1455 2631 8,
1470 2591 1501 2623 1.
1525 2590 1702 2623 vehemen

233 2645 268 2672 et
291 2642 472 2684 poeticum
493 2644 516 2678 i.
546 2648 602 2686 10,
629 2647 661 2686 1,
684 2644 742 2679 90.
787 2641 831 2687 β)
853 2641 1024 2675 Nominat.
1050 2639 1086 2680 a)
1113 2639 1219 2678 sing„
1243 2634 1350 2687 ing„
1376 2633 1613 2687 inventio,
1633 2635 1691 2688 yi-

231 2686 448 2720 facilitas
482 2690 537 2730 (fn
574 2697 706 2723 oratore
739 2687 915 2730 maxima)
951 2687 1016 2728 10,
1050 2687 1094 2725 2,
1129 2685 1190 2722 123
1221 2686 1385 2724 quotiens
1420 2691 1508 2725 ing.
1545 2681 1717 2727 Judlcy

234 2737 330 2764 caret
356 2733 391 2774 8,
410 2734 444 2775 3,
466 2734 520 2767 56.
547 2735 606 2768 cni
628 2735 718 2781 ing„
740 2733 908 2769 valetudo
933 2739 995 2765 etc.
1020 2740 1094 2763 non
1117 2729 1267 2762 deerunt
1291 2728 1349 2769 12,
1366 2727 1424 2768 11,
1442 2727 1499 2762 26.
1523 2725 1569 2768 cs}
1587 2727 1644 2761 Pr.
1699 2726 1707 2736 '

1716 2779 1728 2815 Ἰ.
