1742 2964
519 204 523 215 1
586 233 726 277 Verro
756 257 813 266 —
845 233 985 276 Verso
1463 236 1546 275 949

16 339 20 346 ⁷
70 349 111 385 in
140 343 259 385 ensis
286 351 335 384 τ.-
359 347 463 384 etiam
493 349 652 392 pluribus
689 354 878 384 versantur
908 349 1074 393 (leru'ores
1104 344 1264 390 (ἔθει-ιω)
1285 345 1328 389 6,
1353 348 1394 388 2,
1419 347 1482 388 10;
1513 347 1546 378 in

71 398 234 430 ὑπηοίη,-
265 395 393 436 Jocum
423 405 461 430 v.
487 395 678 439 accipimus
703 403 764 430 etc.
792 396 835 438 6,
859 398 902 438 3,
924 398 968 428 21
993 395 1060 437 N.,·
1105 394 1199 428 Novi
1229 404 1267 427 v.
1290 397 1331 444 ‘et
1357 391 1547 444 praecipue

73 442 328 487 apuluuawres
350 442 393 483 9,
416 442 457 483 2,
481 439 539 475 42.
565 440 612 482 cs.
637 443 680 483 5,
704 445 749 484 7,
772 442 827 476 26.
855 440 1083 485 praecipuum
1107 451 1143 474 v.
1170 439 1209 472 in
1231 443 1371 472 actione
1396 443 1487 471 stcut
1509 448 1547 472 ln

72 496 224 531 more
254 492 359 531 capnt
382 488 444 529 11,
468 487 513 530 3,
536 486 591 521 68.
621 492 661 520 nt
687 498 733 522 ne
757 486 868 531 possit
904 486 1045 531 quidem
1073 485 1222 529 (natura
1245 486 1379 516 humani
1406 482 1546 525 ingenii)

71 532 204 577 ffiquid
228 543 334 579 agere
354 537 489 566 tantum
513 542 640 566 unum:
674 532 712 566 in
741 533 842 577 plura
867 543 905 567 v.
929 553 975 558 —
997 531 1070 566 vim
1094 542 1191 564 suam
1225 530 1401 573 impendat
1425 532 1466 571 1,
1492 532 1548 572 12,

69 578 264 623 2.,ῐοηὶιιο
278 591 331 622 v.,
355 577 439 623 quid
463 577 735 622 incompositum
759 583 874 622 potest
897 589 988 621 esse,
1012 589 1122 622 quam
1135 577 1291 611 vinctum
1315 583 1376 609 etc.
1401 575 1436 616 9,
1453 574 1488 616 4,
1511 575 1547 608 6.
1594 594 1597 597 -

70 624 310 669 turpissimum
331 635 371 659 v.
398 623 443 665 4,
467 625 513 666 5,
536 625 591 658 28.
617 624 662 664 cs.
690 627 754 667 11,
780 627 822 667 3,
847 626 883 659 8.
909 627 974 662 12,
996 625 1036 666 8,
1058 626 1090 662 5.
1121 621 1302 669 Significat
1324 633 1360 655 v.
1387 619 1548 664 plurimis

0 697 9 701 -
69 669 186 704 modis
210 673 276 713 11,
301 672 344 709 3,
371 672 428 704 71.
447 668 649 704 'cedendum
675 680 789 705 vero
817 669 856 703 in
882 671 953 704 hoc
975 668 1188 714 quidem,
1213 668 1310 712 qnod
1334 674 1395 700 etc.
1421 669 1488 708 10,
1508 669 1548 708 1,

71 716 153 752 108.
211 719 261 760 β)
289 722 363 760 post
386 718 508 749 Prom:
543 715 620 762 Ego
654 727 693 751 v.
722 715 894 750 confiteor
916 718 959 758 2,
989 717 1031 755 3.
1052 717 1088 749 7.
1127 727 1160 749 v.
1183 714 1243 759 Eg
1255 723 1290 746 o.
1326 723 1366 746 se
1396 723 1434 746 v.
1458 711 1547 745 nihil

70 759 207 797 dixisse
229 761 263 804 5,
290 763 345 802 13,
368 760 426 795 46.
453 771 519 795 nos
539 773 576 796 v.
600 767 753 796 armatos
780 768 874 796 stare
896 761 935 795 in
958 760 1035 794 acie
1058 763 1122 803 10,
1147 763 1190 803 1,
1210 761 1267 795 29.
1295 759 1426 792 Noster
1447 769 1484 792 v.
1504 776 1548 783 —

66 807 209 843 habitus
232 813 287 842 est
308 806 437 840 nimius
461 807 552 840 risus
575 807 757 842 affectator
779 808 823 850 6,
848 809 891 849 3,
918 809 960 849 33
996 805 1041 848 cs.
1066 807 1108 848 5,
1132 806 1167 848 6,
1191 807 1225 840 3.
1251 807 1305 846 11,
1331 808 1365 847 1,
1390 805 1445 838 13.
1483 803 1549 836 llla

69 865 110 889 v.
129 851 221 888 'mira
242 853 434 899 figurarum
455 852 611 886 mixtura
633 855 675 896 9,
698 855 741 896 3,
766 852 824 887 40.
852 853 897 894 qs.
927 855 968 895 5,
996 855 1064 893 13,
1090 853 1147 885 41.
1173 852 1207 894 9,
1230 853 1266 894 2,
1295 851 1351 886 29.
1377 849 1434 884 40.
1464 848 1548 883 illae

0 915 9 919 -
69 911 107 934 v.
133 899 307 944 pessimae
329 905 422 932 artes
445 900 486 940 5,
510 901 546 940 7,
571 900 626 932 32.
655 898 698 940 cs.
720 900 766 942 6,
793 902 827 942 1,
854 899 887 932 4.
910 900 951 940 8,
978 899 1019 940 6,
1043 897 1101 933 49.
1128 899 1184 939 10,
1208 899 1241 938 1,
1265 899 1323 929 22.
1350 898 1407 938 11,
1430 897 1464 934 3,
1487 894 1547 929 45.

69 944 169 979 Illius
190 956 252 987 v.,
273 943 468 988 respondit.
499 947 577 978 Cic.
602 945 645 987 5,
671 947 734 987 11,
757 946 815 980 28.
844 944 917 990 qui
941 956 977 979 v.
1000 943 1153 987 judicem
1177 953 1303 986 rapere
1327 949 1388 975 etc.
1413 945 1547 985 posset,

68 1001 171 1025 rarus
202 990 270 1024 fuit
291 991 336 1032 6,
359 993 403 1032 2,
425 991 458 1024 3.
492 1002 527 1023 v.
547 990 646 1034 Qui.
693 992 738 1034 γ)
768 998 844 1033 post
872 993 1097 1023 Par-ticulum.-
1140 999 1257 1031 neque
1288 999 1327 1022 v.
1361 993 1431 1020 tam
1463 992 1546 1020 sunt

69 1036 234 1071 intuendi
258 1037 367 1079 pedes
396 1047 501 1079 quam
531 1035 700 1069 universa
727 1035 996 1083 comprehensio
1023 1038 1068 1077 9,
1093 1033 1136 1076 4,
1166 1036 1244 1068 115.
1280 1033 1324 1074 qs.
1349 1035 1414 1075 10,
1438 1034 1492 1084 6..
1509 1035 1544 1065 2.

68 1093 138 1117 nec
158 1082 343 1127 quisquam
366 1093 403 1117 v.
429 1087 617 1115 contentus
642 1087 696 1115 est
718 1083 763 1124 8,
786 1082 829 1124 6,
854 1084 911 1116 75.
938 1094 970 1115 v.
987 1082 1102 1123 Νοῦς
1127 1081 1202 1113 Jam
1225 1091 1262 1113 v.
1292 1079 1435 1112 affectus
1458 1078 1548 1110 mint

66 1128 180 1175 magis
205 1127 300 1162 ducit
321 1129 367 1168 9,
391 1130 432 1170 1,
456 1130 513 1160 21.
539 1127 660 1171 ntique
686 1139 724 1162 v.
751 1128 795 1160 ad
822 1128 933 1170 ejusd.
959 1127 1011 1161 rei
1035 1126 1281 1170 probationem
1314 1123 1432 1158 omnia
1466 1134 1548 1166 spe-

70 1174 202 1209 ctantia
228 1176 262 1216 5,
287 1176 343 1215 12,
366 1175 400 1210 5.
427 1183 508 1206 eum
534 1184 571 1207 v.
590 1184 717 1220 magna
745 1184 826 1216 pars
850 1175 1103 1215 estwshausta
1126 1170 1296 1205 orationis
1322 1174 1377 1211 11,
1405 1172 1440 1212 3,
1468 1168 1546 1221 147.

67 1232 104 1258 v.
123 1219 238 1254 Gum.
267 1218 304 1253 Si
326 1230 365 1254 v.
391 1217 559 1262 judicium
586 1219 642 1252 his
666 1219 841 1262 corruptis
864 1218 979 1252 acrius
1003 1218 1169 1252 adhibeas
1195 1220 1250 1260 12,
1277 1219 1334 1260 10,
1352 1217 1408 1251 76.
1433 1228 1466 1249 v.
1490 1215 1546 1248 Si.

71 1265 221 1312 Quasi.
258 1264 327 1299 Ubi
347 1276 387 1300 v.
412 1263 639 1298 miseratione
663 1276 752 1308 opus
776 1265 843 1298 erit
863 1267 898 1308 6,
921 1267 956 1307 2,
984 1263 1041 1298 34.
1078 1276 1110 1297 v.
1129 1263 1226 1297 Ubi.

23 1319 180 1364 verro·
227 1323 305 1368 Cid-
327 1331 367 1366 in
385 1332 537 1366 Verrem
557 1331 846 1375 7—suturum,
874 1339 916 1365 ut
940 1333 1079 1365 omnia
1100 1337 1306 1364 verreret
1330 1329 1367 1372 6,
1386 1331 1422 1372 3,
1443 1329 1548 1364 55N·

22 1387 232 1431 verruca.
276 1409 387 1434 saxea
420 1405 475 1434 est
506 1411 604 1435 verr.
634 1400 672 1434 in
702 1408 839 1434 summo
868 1398 999 1434 montis
1034 1398 1172 1435 vertice
1202 1396 1545 1443 (ταπείνωσις)

65 1447 161 1489 8,.3,
183 1445 230 1481 48
252 1447 300 1492 N.
330 1444 376 1487 es.
400 1447 436 1488 8,
460 1446 495 1488 6,
519 1445 610 1494 14.-.

20 1499 281 1593 νὲῐδῖῧθιὲἔ·
326 1523 364 1547 V.
393 1518 532 1548 vestem
562 1515 626 1556 10,
664 1514 682 1545 1
698 1537 710 1555 ,
743 1513 806 1553 333
842 1511 1057 1545 translucida
1090 1517 1127 1545 et
1158 1510 1358 1547 versicolor
1391 1509 1546 1545 elocutio

101 1583 113 1601 ,
163 1569 192 1591 r.
264 1584 272 1591 .

21 1611 291 1705 virsificzull'ls·
334 1623 448 1670 redigi
480 1623 518 1658 in
548 1624 671 1668 quaed.
702 1622 962 1659 versiculorum
998 1634 1129 1670 genera
1159 1624 1222 1658 vel
1255 1622 1293 1657 in
1322 1624 1479 1657 membra
1509 1624 1545 1667 9,

103 1696 115 1714 ἱ

22 1725 312 1769 Vei-sificatio.
355 1732 510 1780 παρωδῆ
534 1756 580 1762 -
599 1735 746 1771 abusive
771 1736 875 1771 etiam
897 1736 937 1771 in
957 1724 1232 1773 versificationis
1251 1735 1447 1772 imitatione
1469 1748 1546 1772 ser-

66 1789 175 1819 vatur
195 1784 232 1826 9,
247 1786 290 1833 ,2,
314 1784 371 1819 35.
406 1796 439 1816 v.
462 1782 771 1827 Compositio.

22 1831 317 1882 Versific'ator.
361 1863 396 1886 v,
423 1852 450 1884 P
463 1861 486 1885 ο
500 1854 520 1884 ὃ
530 1857 545 1884 t
555 1863 588 1886 a.

23 1905 273 2000 V3182fi033
282 1918 506 1954 versificandi
529 1930 642 1967 genus
669 1925 734 1964 est,
757 1931 866 1954 unam
887 1921 1004 1968 legem
1028 1919 1190 1956 omnibus
1218 1917 1438 1954 sermonibus
1462 1917 1546 1952 dare

104 1989 115 2006 ,
170 1989 180 2006 ‚
276 1987 286 1998 .

25 2019 180 2063 Verso.
226 2030 269 2073 1)
311 2034 467 2076 proprie.-
507 2044 588 2066 cum
623 2031 756 2069 versa'ti
782 2055 829 2062 --
855 2035 1004 2080 appositi
1041 2039 1160 2068 essent
1191 2033 1307 2077 pisces
1336 2033 1381 2075 6,
1413 2035 1457 2075 3,
1490 2032 1547 2068 90,

71 2077 132 2119 11)
160 2081 274 2110 transt.
307 2080 355 2117 a)
385 2091 479 2111 sensu
502 2082 648 2112 Activo:
682 2081 872 2114 sententias
896 2082 1019 2125 quasd.
1043 2090 1227 2115 versemus
1252 2089 1357 2123 quam
1380 2089 1550 2112 numero-

71 2122 210 2156 sissime
235 2125 298 2164 10,
326 2124 426 2163 5,·9.
459 2130 581 2158 verset
615 2137 720 2169 saepe
751 2126 869 2160 multis
893 2128 1008 2160 modis
1036 2127 1158 2160 eadem
1185 2127 1229 2166 9,
1254 2129 1271 2158 1
1287 2150 1298 2167 ‚
1321 2123 1365 2157 41
1389 2128 1430 2158 Z.
1455 2124 1550 2157 intra

72 2179 112 2202 se
137 2168 285 2212 quisque
310 2170 372 2203 vel
391 2170 460 2202 hoc
483 2170 545 2204 vel
568 2170 662 2203 aliud
685 2183 750 2215 per
771 2183 894 2206 omnes
918 2173 1063 2206 affectus
1086 2176 1207 2205 verset
1230 2173 1287 2212 11,
1311 2173 1346 2212 3,
1372 2171 1450 2204 176.
1475 2180 1550 2204 non

70 2213 312 2259 minerfiguris
338 2214 498 2248 variet
521 2227 563 2249 ao
584 2223 746 2251 verset
773 2218 957 2260 tumim->2
983 2219 1023 2259 5,
1051 2217 1118 2259 14,
1143 2219 1205 2258 32;
1231 2214 1377 2258 (testes)
1400 2216 1549 2249 muitum

72 2259 167 2293 domi
199 2265 280 2292 ante
311 2261 475 2295 versandi
500 2262 540 2303 5,
565 2265 608 2304 7,
634 2265 689 2296 11.
719 2270 907 2297 versentur
936 2263 1032 2296 omni
1059 2263 1166 2296 modo
1194 2261 1332 2295 numeri
1356 2264 1416 2303 10,
1447 2261 1492 2303 4,
1515 2262 1548 2296 5.

71 2305 134 2338 ubi
158 2305 311 2338 maxima
334 2317 453 2343 renim
476 2304 654 2341 momenta
674 2315 862 2342 versantur
884 2312 929 2351 8,
953 2311 987 2351 3,
1014 2311 1068 2341 13.
1113 2309 1168 2350 ῥ’)
1196 2320 1290 2340 sensu
1316 2309 1548 2350 deponentiali.

70 2350 107 2390 a)
133 2352 259 2383 circa
288 2363 309 2382 a
321 2354 482 2394 liquid.-
513 2352 606 2386 circa
627 2365 810 2387 mensuras
828 2366 868 2388 ac
885 2365 1051 2388 muneros
1070 2364 1145 2387 non
1162 2354 1363 2388 versabitur
1378 2351 1549 2395 (ormor)?

72 2398 109 2437 2,
133 2398 188 2431 21.
214 2397 279 2437 19;
304 2397 392 2429 haec
406 2408 488 2440 pars
503 2397 710 2441 (tragoedia)
731 2401 824 2433 eirca
840 2400 940 2442 iram,
965 2401 1098 2441 odium,
1121 2404 1266 2440 metum,
1290 2398 1551 2433 miserationem

71 2442 150 2474 fere
166 2447 239 2474 tota
258 2447 422 2475 versatur
436 2443 469 2485 6,
488 2445 523 2485 2,
541 2446 597 2477 20.
613 2456 642 2477 c.
655 2457 744 2488 quae
760 2446 896 2480 versari
908 2445 1073 2479 videatur
1090 2444 1205 2478 omnis
1219 2444 1377 2488 quaestio
1390 2446 1423 2487 3,
1442 2447 1475 2487 6,
1493 2447 1549 2479 23.

63 2485 119 2527 'cdl
141 2489 184 2520 ib.
202 2486 262 2520 42.
276 2488 309 2529 5,
331 2489 387 2529 10,
404 2489 461 2521 33.
482 2488 623 2531 quidam
640 2501 671 2523 c.
692 2502 749 2524 res
770 2502 905 2533 omnes,
930 2490 1070 2534 qnidam
1090 2501 1123 2523 c.
1144 2490 1269 2523 civiles
1289 2490 1396 2523 modo
1414 2491 1552 2525 versari

63 2532 276 2576 ‚rhetoricen
299 2538 511 2575 putaverunt
536 2537 571 2575 2,
597 2536 651 2575 15,
680 2538 736 2570 15.
783 2536 824 2579 b)
847 2540 888 2570 in
912 2539 1059 2580 aliqua
1085 2548 1150 2577 re;
1182 2537 1224 2568 cle
1246 2537 1414 2578 personis.-
1438 2538 1553 2570 adhuc

71 2581 255 2612 vei-samur
272 2578 307 2611 in
328 2579 502 2612 confessis
511 2583 545 2619 7,
562 2583 595 2621 1,
612 2579 668 2614 48.
689 2581 726 2614 in
746 2587 866 2615 nostra
883 2581 1028 2614 materia
1042 2586 1231 2615 versentur
1242 2583 1277 2623 2,
1292 2583 1349 2622 21,
1365 2583 1419 2620 13,
1437 2581 1483 2623 211¹.
1496 2585 1551 2619 10.

71 2622 149 2658 cic.
160 2630 324 2658 versatur
343 2625 495 2657 maxime
511 2624 549 2657 in
567 2626 632 2658 hac
652 2632 751 2669 parte
775 2628 956 2665 (suasoria)
973 2629 1005 2662 3.
1027 2628 1062 2667 8,
1077 2626 1131 2659 14.
1156 2625 1202 2666 cs.
1214 2628 1248 2668 3,
1269 2625 1304 2669 4,
1322 2629 1355 2660 3.
1379 2630 1434 2663 10.
1448 2631 1482 2669 1,
1494 2628 1552 2662 36-

71 2668 111 2702 in
139 2669 296 2703 consiliis
319 2680 437 2703 rerum
464 2670 696 2704 maximarum
727 2683 767 2705 ac
793 2673 902 2706 totius
925 2671 1225 2705 administratione
1247 2672 1336 2716 reip.
1359 2673 1553 2708 clarissime

71 2715 205 2749 versati
228 2716 285 2749 Pr.
305 2714 360 2748 14.
386 2714 431 2756 cs.
452 2718 509 2758 12,
534 2719 569 2755 2,
590 2718 625 2749 7.
650 2718 711 2761 qui
736 2724 839 2751 erunt
862 2718 899 2750 in
922 2717 1123 2751 difficiliore
1146 2718 1249 2761 hujus
1272 2719 1404 2753 laboris
1421 2730 1553 2765 genere

71 2760 206 2794 versati
229 2763 264 2804 2,
287 2763 322 2803 7,
347 2762 381 2797 3.
405 2761 449 2794 ab
472 2760 575 2794 initio
598 2770 759 2797 versatus
782 2763 818 2797 in
842 2764 952 2797 literis
975 2767 1011 2804 2,
1038 2766 1093 2804 17,
1119 2766 1181 2805 12;
1218 2766 1261 2797 de
1290 2766 1408 2798 rebus.-
1436 2763 1554 2798 omnia

73 2816 164 2848 quae
189 2805 228 2840 in
253 2817 358 2841 causa
379 2812 608 2841 versarentur
625 2811 660 2852 7,
684 2813 716 2852 1,
743 2809 778 2844 4.
805 2808 849 2851 cs.
875 2812 908 2853 3,
934 2810 970 2853 6,
994 2811 1050 2844 51.
1074 2808 1111 2854 4,
1133 2808 1169 2852 4,
1193 2813 1227 2847 2.
1251 2817 1289 2844 ut
1314 2811 1428 2854 ipsum
1453 2810 1552 2851 illud,
