1728 3002
616 186 757 245 Talpa
784 212 838 220 —
868 185 979 230 'ram
1476 188 1556 227 885

76 305 145 343 bus.
164 305 279 347 8,-3,
303 304 350 341 39
370 305 419 340 Ν.
445 303 541 350 pleni
578 303 706 338 talibus
732 301 866 347 antiqui
889 303 934 346 9,
959 303 1000 344 3,
1030 300 1082 335 16.
1118 298 1165 342 cs.
1191 303 1232 343 1,
1261 298 1302 342 6,
1325 298 1383 335 36.
1427 299 1557 340 Sullae,

24 366 37 386 ’.
75 351 208 387 Bur'rhi
229 371 276 377 —-
297 351 453 396 taliaque
481 354 513 394 1,
535 349 572 393 4,
595 351 662 392 253
685 351 830 383 fuerunt
853 355 968 383 autem
994 348 1082 381 tales
1111 345 1377 381 controversiae
1399 349 1435 389 7,
1459 350 1495 389 2,
1522 346 1555 381 5.

77 396 124 438 cs.
145 401 182 441 7,
205 398 243 440 6,
267 397 306 433 6.
334 399 377 440 9,
401 400 443 441 2,
469 399 528 432 73.
551 407 610 430 res
632 395 783 441 proponi
806 394 960 442 singulas
985 394 1031 427 ad
1057 394 1226 437 juvenum
1249 393 1354 426 talem
1379 391 1556 426 exercita-

76 438 213 488 tionwi
237 442 282 487 6,
335 468 350 488 ,
372 445 427 478 15.
458 453 522 477 0111·
545 443 637 478 haec
658 441 803 486 proprie
826 447 852 475 t.
877 441 1022 475 nomine
1046 439 1176 473 notarit
1202 439 1247 482 9,
1269 439 1314 481 3,
1336 437 1394 473 47.
1427 437 1474 479 qs.
1500 440 1555 482 10,

77 489 112 532 5,
137 489 195 526 13,
214 491 276 532 12,
300 445 335 532 ἱ
359 487 428 531 44,
455 489 544 523 Tale
561 488 735 522 Lucretii:
757 506 799 512 —
823 492 858 521 et
882 485 1043 533 Virgilii:
1067 486 1110 527 8,
1138 485 1179 527 6,
1202 482 1260 518 45.
1289 483 1333 525 cs.
1362 484 1406 527 5,
1433 484 1497 526 14,
1522 486 1556 518 2.

75 536 113 578 9,
129 533 169 579 4,
187 536 247 570 73.
273 534 354 569 Non
378 541 433 570 est
453 536 544 578 tale,
568 535 695 568 Habeo
719 534 773 576 jus
798 533 966 576 actionis3
991 539 1053 566 etc.
1078 533 1114 574 3,
1137 532 1172 572 6,
1196 533 1253 564 73.
1279 531 1347 564 1310
1373 535 1427 564 est
1450 529 1556 572 enim,

77 579 254 625 quo'Cic.
278 581 387 614 utitur
407 582 453 623 9,
475 578 522 624 4,
547 583 625 614 122.
661 579 705 620 cs.
732 582 774 622 9,
803 582 848 622 2,
872 580 931 615 96.
966 581 1032 620 11,
1059 579 1102 619 3,
1131 577 1209 611 168.
1242 586 1384 629 rin-non
1410 577 1556 610 talem

76 616 200 671 que‘n
212 627 249 661 d.
269 626 413 660 videtur
436 626 583 661 finxisse
605 625 789 673 Virgilius,
815 636 921 670 quem
942 623 982 659 in
1004 623 1179 659 seditione
1201 622 1300 675 vulgi
1323 641 1370 648 —
1393 622 1558 656 modera-

75 677 191 707 torem
214 672 336 717 dedit?
363 676 419 715 12,
447 675 480 716 1,
503 674 559 707 27.
585 671 628 714 csl
652 675 687 713 3,
707 671 742 715 4,
767 673 799 706 6.
825 677 862 706 et
884 677 979 706 totus
1002 669 1062 704 hic
1083 671 1185 704 locus
1212 668 1292 702 13113
1315 673 1370 702 est
1392 669 1471 711 (Sp.
1492 680 1558 701 om.

73 723 102 753 t.
125 715 199 761 est)
223 718 259 762 9,
284 720 319 760 3,
344 719 389 753 50
404 722 448 752 Ζ.
495 718 537 763 β)
565 720 610 752 ml
632 731 768 764 sequens
794 721 951 762 per-tinet.-
982 718 1021 750 Id
1044 716 1114 750 tale
1139 721 1213 750 est:
1246 713 1416 749 Occidisti
1441 713 1559 748 horni-

76 774 161 806 nem
187 767 236 807 7,
261 767 304 807 1,
327 765 360 799 6.
403 765 671 808 Praeponebant
695 763 790 798 enim
813 763 914 807 talia,
943 762 1088 798 Credite
1112 771 1182 796 vos
1203 759 1333 794 intueri
1358 761 1403 803 9,
1428 762 1474 801 2,
1497 758 1558 793 41.

76 807 125 851 cs.
150 811 185 852 5,
214 811 268 852 10,
294 811 351 844 82.
382 815 421 843 ut
443 810 481 844 in
505 822 545 844 re
561 810 622 844 tali
647 814 683 853 7,
707 814 741 853 7,
765 811 800 845 9.
827 808 908 844 tota*
925 821 981 853 ap.
1006 808 1084 843 Cio.
1106 808 1186 842 talis
1211 812 1265 840 est
1289 804 1499 848 (allegoria)
1523 807 1558 848 8,

74 856 121 899 6,
144 857 202 890 47.
236 855 388 899 adjectio
411 861 436 890 t.
462 861 516 889 est
532 857 572 900 ⁴'7‚
596 857 638 898 9,
664 859 720 890 11.
746 861 989 902 argumentum
1012 861 1038 889 t.
1064 859 1117 888 est
1140 854 1183 896 5,
1209 855 1272 895 10,
1295 853 1329 888 9.
1368 851 1411 893 cs:
1436 854 1477 894 2,
1503 854 1559 892 17,

74 901 109 936 6.
136 904 172 943 7,
196 903 231 943 3,
255 905 311 935 12.
339 901 425 935 1113
446 901 675 948 interrogatio
698 902 838 936 talis:
863 903 898 945 5,
923 905 980 945 11,
1002 900 1035 934 4.
1059 898 1295 945 Syllogismus
1320 898 1417 932 talis:
1443 900 1477 933 5.
1504 896 1559 939 14,

12 969 16 977 ·
74 947 132 982 25.
180 945 225 990 y)
260 961 335 980 eum
372 949 555 982 Corra-lai„-
585 949 675 982 illa
707 959 806 991 esse,
844 958 935 992 quae
957 946 1184 982 adversarius
1211 943 1328 986 dixit,
1363 949 1398 978 et
1431 942 1558 985 talia,

75 992 237 1038 qualia
264 992 375 1035 dixit,
401 995 523 1028 credat
545 1005 692 1028 necesse
716 1000 770 1028 est
791 993 827 1037 4,
851 997 886 1036 2,
911 994 969 1028 76.
1000 991 1211 1031 exercitatio
1234 990 1346 1024 talis
1370 989 1436 1030 sit,
1460 1001 1559 1034 qua-

32 1049 33 1052 *
76 1037 140 1079 113
165 1049 251 1072 113113
275 1041 332 1080 11,
361 1041 396 1081 3,
419 1038 478 1073 24.
513 1039 591 1083 1113,
618 1041 662 1074 de
687 1050 755 1084 qna
777 1039 973 1084 loquimur,
996 1038 1197 1077 rhetorice,
1220 1035 1337 1069 talis
1355 1041 1559 1086 ,031,.ε]113-

75 1083 141 1118 lis
164 1084 368 1128 eloquentia
389 1088 431 1128 2,
455 1084 517 1125 14,
545 1089 568 1119 2
589 1088 636 1119 Ν.
660 1086 696 1120 id
719 1087 819 1120 tale
843 1091 896 1119 est
918 1091 1138 1127 monstrum,
1165 1083 1306 1128 quale
1329 1081 1500 1115 Horatius
1517 1097 1561 1105 —

74 1130 177 1177 fingit
199 1132 244 1173 8,
270 1133 314 1174 3,
336 1130 395 1165 60.
429 1141 503 1165 11011
533 1137 653 1165 tamen
678 1132 799 1166 talia
829 1133 914 1175 (Sp.
941 1130 1043 1173 om.),
1080 1128 1237 1174 qualia
1266 1127 1361 1161 dicto
1393 1128 1562 1171 factoque

79 1179 115 1218 1,
141 1175 178 1218 4,
201 1177 248 1211 29
269 1180 313 1213 Ζ.
341 1175 387 1218 ‹ff-
412 1179 447 1220 2,
470 1180 506 1220 2,
536 1177 590 1211 14.
618 1178 659 1220 8,
683 1179 727 1220 3,
751 1179 808 1212 32.
831 1179 868 1220 9,
895 1179 930 1218 2,
959 1177 1178 1219 100;ta1e
1202 1178 1278 1215 est,
1310 1172 1443 1217 quasi
1466 1174 1560 1216 (sp.

77 1220 196 1266 quale)
219 1221 250 1256 zi
274 1241 321 1249 ·—
342 1222 435 1257 velis
463 1224 499 1266 6,
525 1226 559 1266 1,
584 1224 628 1258 36
648 1225 694 1257 Ν.
712 1237 759 1257 cr.
777 1231 809 1256 et
831 1225 867 1257 S.
915 1221 959 1266 δ)
989 1235 1058 1268 seq.
1082 1230 1145 1256 ut.-
1181 1219 1342 1254 discendi
1366 1218 1457 1252 ratio
1485 1218 1564 1252 talis

41 1307 44 1310 ¹
77 1272 155 1311 est,
178 1273 227 1301 ut
248 1278 321 1302 non
345 1270 477 1302 multos
501 1279 615 1302 annos
641 1274 765 1312 poscat
787 1272 851 1310 12,
874 1272 931 1311 11,
958 1269 1012 1303 16.
1038 1267 1083 1310 eff.
1107 1270 1153 1312 3,
1175 1268 1220 1310 6,
1241 1267 1300 1302 99.
1324 1263 1367 1309 4,
1390 1266 1433 1308 5,
1459 1266 1494 1301 9.
1528 1265 1562 1306 5,

77 1315 148 1357 10,,
165 1314 285 1358 77.,7,
308 1317 345 1355 2,
368 1313 427 1349 45.
451 1315 487 1359 8,
509 1315 545 1358 6,
569 1313 627 1349 41.
654 1318 710 1358 11,
740 1317 773 1358 1,
798 1313 855 1349 14.
889 1327 921 1348 v.
946 1315 1022 1348 Ne.

20 1367 186 1424 ,Talpffl
225 1379 333 1415 oculis
360 1380 455 1425 capti
476 1386 593 1428 talpae
615 1399 660 1408 -·
686 1389 832 1428 tamque
864 1393 982 1417 mares
1014 1392 1092 1416 esse
1123 1381 1236 1427 talpas
1265 1389 1371 1424 quam
1400 1378 1563 1421 feminas,

77 1432 218 1460 oertm*
236 1432 292 1461 est
317 1428 354 1470 9,
378 1429 414 1471 3,
441 1428 476 1462 6.

30 1480 181 1524 Talus·
222 1494 267 1539 1)
292 1501 479 1540 praetexta
507 1495 660 1530 demissa
684 1497 729 1530 ad
756 1496 849 1530 talos
872 1496 918 1540 5,
943 1497 1006 1539 13,
1030 1497 1087 1530 39.
1135 1493 1188 1539 ll)
1212 1497 1244 1527 in
1269 1499 1363 1529 alea.-
1392 1494 1452 1539 qui
1475 1494 1566 1529 talos

75 1539 164 1583 iet-it
181 1539 222 1574 in
241 1541 396 1576 medium
421 1542 457 1584 6,
484 1543 520 1584 1,
546 1540 603 1576 47.
1262 1558 1266 1562 —

31 1592 159 1636 Tam·
200 1619 235 1642 v.
258 1609 366 1641 Jam.
407 1607 444 1649 α)
469 1619 559 1651 quae
582 1618 690 1641 causa
713 1607 843 1641 frontis
866 1613 892 1640 t.
918 1607 1118 1641 adductae?
1144 1610 1210 1650 10,
1234 1610 1279 1650 3,
1304 1609 1362 1642 13.
1394 1613 1422 1642 t.
1446 1606 1566 1641 candi-

77 1653 163 1686 dum
186 1658 222 1687 et
243 1654 327 1687 lene
349 1658 386 1687 et
409 1653 608 1696 speciosum
634 1653 776 1686 dicendi
799 1663 910 1698 genus
936 1655 1003 1695 10,
1032 1656 1070 1695 1,
1101 1656 1178 1686 121.
1203 1654 1242 1686 in
1266 1654 1517 1696 Theophrasto
1540 1658 1565 1686 t.

78 1705 135 1732 est
156 1698 327 1744 loquendi
362 1699 459 1732 nitor
490 1698 552 1732 ille
587 1699 751 1742 divinus,
784 1705 824 1731 ut
847 1706 907 1732 etc.
941 1700 983 1732 ib.
1014 1699 1072 1733 83.
1100 1700 1145 1733 Ν.
1176 1706 1207 1732 et
1234 1702 1285 1733 H.
1322 1701 1418 1744 quod
1447 1699 1516 1732 sint
1540 1704 1566 1732 t.

77 1745 202 1824 {ravin
227 1744 399 1788 (crimina)
422 1745 458 1787 9,
482 1747 519 1787 2,
544 1746 599 1778 53.
629 1755 776 1778 securus
801 1750 826 1777 t.
853 1755 986 1788 parvae
1011 1744 1273 1778 observationis
1296 1746 1331 1788 8,
1356 1747 1392 1788 3,
1416 1747 1470 1779 51.
1497 1755 1570 1778 non

107 1790 226 1824 abebit
255 1791 294 1824 in
325 1790 448 1834 primis
478 1801 599 1823 curam
630 1790 734 1825 vocis
768 1790 917 1824 orator?
963 1790 1057 1835 Quid
1080 1795 1150 1823 tam
1176 1791 1330 1825 musices
1355 1790 1567 1834 proprium?

82 1839 116 1879 1,
142 1839 199 1879 10,
222 1839 280 1871 27.
306 1841 420 1869 aetate
446 1841 518 1869 tam
545 1834 637 1879 (Sp.
663 1835 726 1879 ea)
751 1835 900 1879 puellari
925 1835 968 1878 6,
996 1837 1054 1869 Pr.
1079 1836 1100 1870 5
1118 1840 1160 1870 Ζ.
1196 1848 1313 1881 neque
1337 1836 1432 1870 enim
1457 1837 1570 1869 ullum

82 1881 150 1916 erit
174 1887 266 1916 tam
288 1881 453 1923 difficile,
478 1883 603 1925 qnod
627 1893 700 1916 non
722 1883 909 1915 commode
938 1881 1047 1915 inseri
1071 1883 1184 1926 possit
1209 1883 1243 1924 9,
1267 1882 1302 1926 4,
1328 1882 1413 1925 1453
1438 1887 1571 1916 tanta

80 1928 140 1963 vis
161 1930 201 1960 in
223 1937 290 1968 eo,
314 1934 407 1960 tam
433 1928 542 1961 densa
565 1928 683 1961 omnia
698 1954 709 1970 ‚
733 1930 796 1961 ita
822 1927 984 1972 quibusd.
1010 1928 1132 1962 nervis
1155 1928 1289 1961 intenta
1312 1933 1416 1971 sunt,
1439 1933 1481 1961 ut
1507 1935 1567 1962 etc.

83 1977 150 2016 10,
178 1977 194 2007 1
209 1999 221 2016 ,
245 1973 310 2013 76;
340 1972 413 2007 Sed
437 1973 513 2016 ipsa
535 1973 625 2007 ratio
649 1984 766 2018 neque
791 1980 862 2007 tam
884 1984 951 2006 nos
976 1974 1137 2016 juvaret,
1166 1985 1282 2018 neque
1305 1980 1393 2007 tam
1417 1979 1510 2017 esset
1533 1973 1572 2007 in

11 2026 17 2029 “
83 2019 188 2054 nobis
211 2017 412 2062 manifesta,
435 2018 504 2052 nisi
528 2026 589 2052 etc.
612 2022 648 2061 2,
675 2021 731 2062 16,
756 2020 810 2054 15.
836 2018 880 2060 cf.
905 2021 940 2061 8,
965 2022 998 2060 3,
1026 2021 1059 2054 5.
1106 2020 1158 2065 β)
1184 2034 1211 2054 c.
1244 2023 1413 2053 Correlaio
1437 2033 1572 2065 quam.

83 2067 120 2105 a)
145 2064 225 2109 quis
252 2064 364 2098 discet
388 2070 415 2098 t.
446 2065 560 2107 bene,
588 2076 691 2109 quam
714 2071 884 2110 patronus
909 2068 975 2108 12,
999 2067 1034 2108 8,
1057 2064 1091 2098 4.
1120 2068 1209 2099 haec
1233 2071 1259 2098 t.
1283 2065 1431 2111 frigida,
1459 2078 1494 2110 q.
1519 2070 1574 2099 est

74 2111 269 2146 ‘nominum
293 2109 390 2144 fictio
413 2111 447 2152 6,
471 2112 504 2153 3,
530 2112 586 2144 53.
612 2110 701 2144 nihil
724 2118 778 2145 est
801 2117 826 2144 t.
851 2111 1033 2153 indecens,
1064 2122 1098 2154 q.
1127 2123 1208 2145 cum
1231 2111 1351 2145 mollia
1375 2112 1463 2145 dure
1484 2112 1575 2145 fiunt

85 2159 144 2200 10,
171 2160 206 2200 2,
232 2158 287 2191 19.
313 2155 357 2196 err.
382 2156 416 2198 5,
443 2159 498 2199 12,
521 2158 556 2190 8.
581 2158 636 2192 16.
663 2159 697 2200 5,
724 2159 782 2199 13,
806 2159 860 2190 32.
889 2158 924 2198 9,
949 2159 982 2198 3,
1009 2159 1086 2190 100.
1114 2157 1202 2191 nihii
1226 2163 1279 2191 est
1301 2163 1390 2190 tam
1417 2168 1574 2202 occupa-

85 2208 182 2243 tum,
217 2207 301 2236 tam
336 2201 575 2245 multiforme,
607 2208 680 2236 tot
709 2214 750 2236 30
785 2207 810 2236 t.
843 2202 954 2237 variis
987 2202 1168 2237 affectibus
1202 2203 1406 2245 concisum,
1442 2214 1572 2247 quam

86 2250 180 2283 mala
208 2259 309 2282 mens
334 2250 391 2290 12,
421 2251 451 2290 1,
474 2251 510 2282 7.
534 2253 604 2281 13111
627 2259 700 2282 non
723 2248 841 2293 pigeat
864 2249 986 2282 facere
1011 2249 1118 2291 istud,
1146 2260 1250 2294 quam
1278 2259 1351 2282 non
1375 2248 1575 2293 displicebit

86 2297 123 2337 2,
144 2295 255 2337 5‚1’7;
284 2294 390 2326 Tam
414 2305 478 2327 ma
519 2293 561 2327 is
584 2297 666 2327 illa
689 2301 873 2327 tremens
898 2300 940 2327 et
965 2297 1170 2327 tristibus
1194 2294 1350 2336 effera
1370 2294 1575 2337 flammis,

87 2341 229 2384 Quam
256 2339 398 2386 magis
430 2304 586 2381 esjguso
620 2341 903 2373 crudescunt
935 2343 1152 2382 sanguine
1188 2353 1367 2384 pugnae
1391 2339 1575 2384 (P'irg.).

89 2387 199 2432 Quod
223 2391 276 2419 est
299 2396 445 2419 versum
467 2396 516 2419 ex
540 2385 616 2422 1110.
641 2386 776 2430 Quam
801 2386 949 2432 magis
977 2397 1144 2420 aerumna
1167 2393 1287 2433 urget,
1321 2392 1411 2419 tam
1433 2386 1575 2434 magis

90 2432 135 2466 ad
159 2431 453 2465 malefaciendum
476 2430 576 2477 viget
598 2431 633 2472 9,
657 2433 691 2473 3,
716 2433 759 2466 15
783 2431 828 2466 N.
875 2431 912 2474 b)
937 2431 1121 2466 Corinthia
1144 2444 1225 2467 aera
1250 2432 1439 2476 accipimus
1462 2438 1488 2466 t.
1512 2444 1576 2466 au-

89 2488 167 2511 rum
195 2483 230 2511 et
258 2483 439 2522 argentum
465 2488 500 2521 ‹1-
524 2488 584 2511 aes
611 2475 831 2511 Corinthium
856 2479 899 2519 8,
919 2480 967 2519 ,2,
993 2479 1029 2512 8.
1068 2479 1233 2522 quoniam
1268 2478 1438 2514 orationis
1466 2484 1491 2513 t.
1516 2489 1576 2512 or-

90 2529 195 2557 natus
222 2535 257 2567 q.
285 2522 519 2566 perspicuitas
554 2528 613 2555 aut
646 2522 683 2555 in
710 2523 858 2568 singulis
889 2522 1008 2556 verbis
1032 2530 1085 2557 est
1113 2531 1171 2557 aut
1195 2524 1231 2558 in
1256 2524 1413 2568 pluribus
1439 2523 1575 2569 positus

90 2571 127 2611 8,
151 2571 186 2610 3,
211 2569 264 2603 15.
294 2569 428 2602 utinam
456 2574 482 2601 t.
504 2570 597 2601 bona
621 2567 797 2601 imitantes
822 2568 980 2602 dicerent
1006 2570 1143 2611 melius,
1166 2581 1202 2614 q.
1223 2571 1312 2604 mala
1333 2571 1434 2615 pejus
1454 2570 1575 2604 dicunt

30 2637 36 2640 -
95 2617 163 2657 10,
189 2617 234 2657 2,
259 2615 316 2650 15.
348 2613 394 2656 cs.
419 2617 463 2656 1,
490 2617 532 2656 7,
558 2615 616 2648 28.
650 2624 722 2647 non
753 2613 846 2647 enim
875 2620 900 2647 t.
925 2615 1026 2648 obest
1050 2616 1171 2649 audire
1198 2627 1440 2660 supervacua,
1471 2628 1575 2660 quam

93 2660 260 2705 ignorare
287 2659 488 2694 neccssaria
517 2662 580 2700 12,
603 2660 643 2698 8,
668 2661 704 2692 7.
729 2671 810 2693 cum
834 2660 959 2694 flentes
984 2672 1054 2694 non
1080 2668 1104 2695 1.
1131 2668 1289 2696 narraret
1315 2675 1349 2707 q.
1374 2664 1579 2697 ostenderet

40 2748 44 2751 .
96 2706 132 2748 4,
154 2710 189 2747 2,
212 2705 291 2740 114.
317 2706 362 2747 cs.
383 2709 417 2747 2,
444 2705 480 2747 4,
505 2707 560 2739 30.
586 2707 642 2747 10,
667 2707 700 2743 3,
729 2708 784 2739 10.
811 2717 877 2739 nec
901 2711 925 2740 t.
949 2717 987 2740 se
1004 2708 1173 2751 majorem
1200 2719 1235 2754 q.
1259 2718 1415 2744 mnores
1439 2715 1578 2744 ceteros

94 2753 214 2787 facere
236 2755 291 2795 11,
320 2755 352 2796 1,
380 2753 435 2787 16.
461 2750 507 2793 cf.
531 2753 565 2794 3,
591 2754 648 2794 11,
671 2752 727 2786 26.
759 2754 814 2795 11,
838 2753 874 2795 3,
900 2755 933 2786 2.
