1728 3002
175 187 258 227 662
698 180 912 225 Plectrum
940 205 996 214 —-
1026 180 1223 239 Plerique

179 298 407 342 Plectrum.
453 308 611 344 Alcaeus
639 319 749 344 aureo
771 310 821 354 pl.
848 308 977 344 merito
1002 310 1154 344 donatur
1178 311 1236 352 10,
1257 311 1293 352 1,
1314 308 1372 344 63.

182 355 469 413 [PlenaribUS.
494 366 597 410 (hanc
624 373 845 411 portentosam
867 379 980 401 vocem
1005 369 1163 412 praebent
1187 379 1296 401 omnes
1323 367 1441 410 Coela„
1463 369 1496 401 in
1520 379 1584 412 quo
1612 378 1719 401 emen-

227 416 338 447 dando
362 415 426 447 vin·
453 415 541 447 docti
560 413 693 455 frustra
717 414 781 446 huc
804 426 909 458 usque
935 426 970 447 se
1002 421 1241 456 exercuerunt,
1274 415 1337 446 nisi
1358 424 1438 447 vero
1467 414 1720 449 Gernhardi

227 459 448 504 plenioribus
469 459 619 504 probes.)
645 460 679 503 5,
705 461 762 504 13,
788 461 834 494 50
858 461 904 495 N.
930 458 991 504 cn]

183 514 370 559 Plenius·
427 539 504 563 vox
530 528 591 563 alit
613 531 664 573 pl.
690 522 726 573 2,
749 533 786 573 2,
809 531 843 564 8.
876 529 916 563 in
939 528 1010 563 alio
1038 527 1142 562 nobis
1166 538 1276 573 opere
1312 528 1362 572 pl.
1390 526 1524 561 dictum
1547 533 1602 562 est
1625 529 1661 571 8,
1686 529 1722 571 3,

230 574 287 608 58.
335 573 456 608 dicent
473 575 563 609 haec
586 577 636 620 pl.
660 577 780 610 futura
803 577 924 610 secula
939 577 995 618 10,
1015 577 1048 618 1,
1062 576 1121 610 92.
1145 575 1191 619 pl.
1217 585 1257 609 se
1281 575 1364 609 loco
1387 584 1454 608 suo
1477 574 1722 618 expositurum

231 631 311 654 esse
336 621 370 663 4,
396 623 431 664 2,
460 623 540 656 128.
563 623 622 666 pl.
651 623 722 657 hoc
747 628 852 667 atque
884 622 1097 667 apertius
1126 620 1257 656 intueri
1286 632 1337 666 ex
1365 619 1452 664 ipsis
1493 621 1662 663 operibus
1687 623 1724 664 2,

231 668 289 709 20,
314 667 348 700 8.
374 668 422 710 pl.
445 668 547 701 labor
575 669 725 712 gratiam
751 670 864 703 refert
890 671 924 713 2,
949 668 1005 711 16,
1038 668 1095 705 18.
1125 669 1170 702 de
1192 666 1248 701 his
1271 669 1321 712 pl.
1355 677 1421 701 suo
1451 665 1607 712 quidque
1638 668 1723 701 loco

232 713 460 747 tractabimus
485 717 520 757 2,
549 716 606 757 13,
632 714 688 750 14.
715 714 760 756 cf.
792 717 827 758 8,
858 715 894 758 6,
927 716 985 756 76;
1028 714 1098 748 Per
1129 718 1216 759 quot
1247 719 1365 748 autem
1397 717 1434 746 et
1466 723 1553 757 quas
1587 713 1724 748 accidat

228 758 484 802 (soloecismus)
510 761 671 805 species,
706 772 780 796 non
807 761 891 795 satis
915 760 1100 795 convenit.
1146 759 1219 808 Qui
1252 758 1478 805 plenissime,
1514 759 1725 806 quadriper-

228 804 328 839 titam
354 807 482 841 volunt
507 817 586 842 esse
609 808 786 843 rationem
811 810 843 851 1,
868 809 906 851 5‚·
928 808 986 843 38.

184 859 356 903 Plenus·
404 874 438 919 Ι)
464 877 623 910 absolute.
648 875 687 919 α)
713 890 742 911 c.
769 878 878 914 subs-1,
905 874 938 918 a)
963 877 1005 909 ιῑε
1036 876 1219 920 qualitate.-
1250 875 1299 919 pl.
1320 874 1390 917 iam
1405 873 1492 910 satis
1516 875 1623 910 alveo
1649 871 1728 907 fluit

231 922 268 963 2,
298 922 331 962 1,
355 919 390 954 4.
419 922 582 965 pleniore
606 924 696 957 haec
715 922 831 956 canali
853 923 967 956 fluunt
993 924 1049 964 11,
1068 923 1102 964 3,
1127 921 1204 956 167.
1227 921 1295 955 erit
1313 920 1403 955 ilrud
1417 920 1558 966 plenius
1581 919 1726 955 interim

233 976 384 1011 corpus,
420 967 517 1012 quod
540 979 630 1003 mox
653 970 771 1002 adulta
791 974 890 1003 aetas
917 967 1085 1015 astringat
1107 970 1142 1010 2,
1165 966 1202 1011 4,
1227 968 1248 1003 5
1272 968 1321 1003 Ν.
1343 968 1393 1011 pl.
1417 965 1545 1002 messis
1568 967 1605 1009 8,
1620 967 1655 1008 3,
1678 966 1725 1008 83

232 1023 314 1046 cum
342 1013 499 1047 sermoni
526 1015 627 1049 deest
650 1015 798 1059 aliquid,
833 1025 903 1059 quo
927 1014 1044 1048 minus
1071 1015 1198 1058 plenus
1218 1013 1263 1047 sit
1286 1015 1330 1048 ib.
1361 1015 1419 1048 50.
1465 1011 1608 1057 plenior
1627 1011 1726 1057 quid.

233 1069 342 1092 sonus
366 1062 399 1102 1,
426 1063 482 1103 11,
509 1062 532 1095 6
555 1074 588 1095 v.
615 1061 796 1096 Clarus.
825 1067 862 1095 et
891 1062 1067 1108 longus
1099 1065 1136 1094 et
1207 1061 1347 1094 lenus
1377 1064 1415 1094 et
1448 1060 1612 1094 clarus
1641 1056 1727 1092 satis

234 1104 378 1148 spiritus
405 1109 460 1149 11,
486 1109 520 1150 3,
547 1108 602 1142 55.
649 1109 800 1152 plena
824 1113 859 1141 et
898 1106 1046 1141 exilis
1076 1072 1199 1150 (υοκς
1229 1108 1274 1139 ib.
1308 1106 1364 1141 15.
1410 1104 1450 1140 in
1480 1104 1584 1140 laetis
1618 1104 1728 1139 rebus

234 1152 375 1195 plena
401 1152 462 1196 (Z.
494 1154 580 1196 conj.
605 1154 731 1198 plana)
757 1159 794 1188 et
816 1153 1016 1198 simplex
1038 1152 1116 1186 fluit
1140 1151 1239 1196 (vox)
1265 1154 1309 1186 ib.
1338 1152 1397 1187 62.
1420 1162 1519 1196 vox,
1542 1157 1583 1185 ut
1610 1149 1728 1194 nervi,

233 1208 305 1240 quo
330 1198 600 1241 remissior,
634 1201 705 1234 hoc
729 1200 929 1247 gravior
954 1205 990 1233 et
1014 1198 1204 1244 plenior
1229 1200 1273 1232 ib.
1297 1197 1364 1241 423
1394 1208 1512 1242 neque
1535 1203 1608 1232 tam
1630 1197 1728 1242 ple-

234 1254 335 1276 num
360 1250 396 1277 et
422 1251 630 1279 erectum
657 1254 717 1280 eto.
743 1248 975 1292 (eloquentiae
997 1243 1145 1289 genus),
1180 1256 1286 1290 quam
1312 1255 1529 1289 pressum
1559 1250 1597 1279 et
1618 1242 1728 1278 mite

234 1296 298 1322 etc.
327 1292 382 1329 11,
408 1293 440 1333 1,
465 1293 522 1324 31.
572 1291 612 1334 b)
637 1294 679 1325 de
708 1296 913 1336 quantitate:
950 1291 980 1325 si
1012 1296 1072 1325 aut
1094 1292 1218 1325 falsa
1241 1297 1296 1325 est
1331 1296 1393 1325 ant
1429 1302 1554 1335 parum
1591 1290 1728 1334 plena

233 1335 388 1377 (finitio)
427 1339 461 1378 7,
488 1338 522 1378 3,
552 1340 609 1371 23.
666 1349 757 1381 quae
793 1338 823 1371 si
854 1337 933 1382 quis
967 1337 1114 1371 dilatare
1144 1337 1251 1379 velit,
1294 1338 1424 1379 plenos
1455 1336 1595 1382 singula
1625 1337 1728 1369 locos

231 1380 363 1414 habent
386 1382 420 1424 8,
439 1380 474 1424 4,
491 1381 547 1416 14.
576 1393 643 1416 nec
669 1383 829 1425 protinus
854 1383 1070 1429 exigendam
1090 1384 1139 1423 pl.
1154 1388 1301 1424 operam
1321 1385 1354 1425 1,
1375 1384 1409 1425 1,
1434 1383 1490 1416 20.
1515 1379 1728 1423 pleniori

231 1426 406 1471 obsequio
428 1427 486 1460 Pr.
513 1430 546 1462 3.
573 1428 692 1462 officia
716 1429 948 1463 liberiora
980 1428 1272 1472 plenioraque
1296 1429 1330 1470 6,
1356 1430 1390 1470 1,
1415 1428 1451 1462 9.
1486 1427 1727 1472 eloquentiam

231 1483 312 1506 cum
340 1473 662 1514 plenissimam
686 1474 850 1510 diversae
874 1474 983 1516 partis
1008 1473 1191 1509 advocatis
1212 1473 1441 1517 concederet,
1466 1473 1533 1508 sibi
1547 1485 1728 1518 nunquam

231 1517 270 1552 in
297 1520 436 1564 agendo
460 1519 714 1555 immodice
743 1521 923 1568 arrogavit
958 1523 1024 1563 11,
1055 1522 1098 1562 1,
1133 1521 1189 1555 19.
1235 1519 1438 1561 pleniss.
1472 1519 1620 1566 gratiam
1651 1532 1728 1563 opp.

231 1564 463 1599 minorem
489 1567 693 1601 mercedem
724 1570 789 1610 12,
823 1570 891 1609 11,
927 1568 985 1602 29.
1016 1578 1052 1603 υ.
1084 1567 1272 1600 Planus.
1317 1564 1360 1610 β)
1389 1567 1592 1610 simpliciter.
1625 1564 1662 1609 a)
1687 1567 1728 1599 de

231 1614 412 1656 qualitate.-
447 1610 483 1645 in
508 1613 714 1647 narratione
735 1613 870 1655 pleni
906 1618 978 1656 atq.
1003 1611 1233 1654 expressi
1255 1622 1379 1645 sumus
1401 1612 1438 1655 9,
1465 1610 1501 1656 4,
1526 1613 1605 1646 138.
1629 1612 1728 1653 ple-

234 1657 337 1691 nior
360 1657 560 1692 Aeschines
586 1665 621 1693 et
646 1661 795 1707 magis
814 1660 952 1692 fusus
977 1663 1013 1692 et
1037 1656 1290 1704 grandiori
1321 1656 1467 1702 similis,
1505 1667 1580 1702 quo
1610 1657 1728 1692 minua

234 1703 436 1738 strictus
465 1711 519 1738 est
546 1707 600 1748 10,
629 1708 663 1749 1,
691 1707 941 1749 77;,ρ10113
961 1705 1118 1740 sentiunt
1149 1710 1186 1738 et
1216 1713 1372 1746 parum
1405 1704 1600 1746 expleta
1633 1703 1728 1737 desi-

234 1750 359 1784 derant
383 1749 532 1795 (aures)
554 1752 590 1795 9,
613 1750 650 1795 4,
678 1752 758 1790 116,
804 1764 869 1786 cur
893 1752 962 1785 alia
997 1752 1164 1796 (spatia)
1195 1749 1424 1792 paucioribus
1455 1750 1577 1786 verbis
1609 1750 1728 1784 satis

234 1797 377 1837 plena
415 1799 478 1832 vel
514 1797 728 1842 nimium,
769 1798 838 1832 alia
868 1797 1030 1839 pluribus
1066 1796 1235 1832 brevia
1260 1802 1295 1830 et
1320 1795 1509 1843 abscisa
1541 1796 1650 1830 sunt?
1683 1798 1728 1831 ibi

236 1844 311 1877 118.
339 1842 383 1884 cs.
409 1845 466 1879 93.
494 1845 573 1879 119.
604 1845 714 1879 fuerit
746 1856 897 1879 necesse
931 1849 986 1879 est
1022 1843 1156 1887 aliquid
1186 1842 1381 1886 plenius
1419 1847 1455 1876 et
1489 1841 1728 1886 erectius,

236 1900 316 1922 cum
340 1889 426 1923 dicit
444 1897 507 1926 etc.
524 1893 581 1933 11,
601 1893 636 1933 3,
653 1890 723 1933 483
748 1890 944 1932 plenius
970 1891 1086 1924 adhuc
1110 1895 1146 1923 et
1166 1888 1352 1922 lentius
1376 1888 1530 1933 ideoque
1546 1888 1728 1923 dulcius

237 1934 293 1977 (in
319 1938 529 1969 accendendo
554 1936 690 1979 iudice)
717 1939 773 1979 11,
799 1939 833 1980 3,
861 1938 938 1971 167.
985 1934 1168 1969 subtili
1197 1934 1390 1976 plenius
1417 1941 1472 1969 est
1496 1933 1628 1980 aliquid
1655 1939 1728 1980 atq.

234 1981 461 2015 subtilius
488 1986 543 2026 12,
571 1986 627 2026 10,
651 1984 708 2018 67.
755 1983 819 2017 illo
844 1981 1019 2016 subtili
1042 1981 1234 2023 praecipue
1268 1980 1361 2014 ratio
1384 1981 1551 2015 narrandi
1575 1981 1728 2026 proban-

237 2027 343 2071 dique
368 2028 559 2071 consistet,
585 2030 649 2063 sed
674 2031 770 2074 quod
795 2029 914 2071 etiam,
939 2028 1106 2064 detractis
1131 2027 1260 2061 ceteris
1282 2027 1486 2071 virtutibus,
1509 2038 1576 2061 suo
1599 2037 1728 2074 genere

237 2075 320 2109 satis
343 2076 528 2118 plenum
554 2078 610 2117 12,
638 2078 694 2114 10.
720 2077 764 2111 59
790 2077 833 2109 N.
885 2074 926 2119 b)
949 2077 992 2108 de
1015 2077 1221 2120 quantitate:
1259 2084 1460 2118 quanquam
1484 2073 1615 2115 omnia,
1639 2083 1728 2119 quae

239 2127 335 2155 recta
362 2127 461 2157 sunt.
495 2121 534 2155 in
562 2122 634 2155 suis
661 2121 880 2156 auditoribus
904 2121 994 2157 velit
1018 2131 1096 2155 esse
1129 2131 1231 2164 quam
1261 2119 1470 2163 plenissima
1507 2122 1562 2162 10,
1597 2121 1633 2162 2,
1670 2122 1728 2157 21.

238 2187 283 2192 —
307 2168 484 2201 Plenus
511 2169 647 2210 (nomen
673 2181 715 2201 ex
739 2181 843 2201 causa
879 2170 1012 2209 datum3
1053 2163 1141 2202 Edd.
1177 2167 1321 2209 Planus,
1359 2170 1404 2200 Z.
1439 2166 1525 2209 conj.
1559 2164 1673 2209 Pius]
1697 2165 1728 2214 5.

240 2216 295 2256 10,
321 2215 366 2247 30
391 2214 437 2247 Ν.
474 2220 507 2246 et
529 2216 565 2247 S.
597 2213 643 2258 11)
672 2217 820 2247 relative.
849 2213 891 2257 α)
917 2227 944 2248 c.
974 2215 1104 2248 Genii„-
1130 2213 1177 2255 pl.
1205 2219 1258 2246 est
1285 2211 1486 2256 (Horatius)
1503 2210 1728 2256 jucunditatis

238 2265 273 2292 et
308 2259 440 2305 gratiae
466 2262 534 2303 10,
573 2263 615 2303 1,
650 2262 717 2302 963
773 2261 811 2293 fit
835 2262 979 2304 plenum
1006 2258 1224 2293 auctoritatis
1250 2260 1295 2301 9,
1327 2257 1373 2300 4,
1412 2259 1490 2293 108.
1535 2257 1597 2291 illa
1620 2269 1728 2301 quan-

239 2317 340 2349 quam
370 2307 474 2348 plena
498 2307 680 2352 sanguinis
699 2305 832 2349 (verba)
861 2310 915 2349 11,
943 2308 976 2349 1,
1003 2305 1062 2339 34.
1102 2310 1216 2337 totum
1238 2306 1309 2338 hoc
1333 2305 1382 2347 pl.
1408 2308 1464 2338 est
1488 2302 1672 2349 varietatis
1695 2304 1728 2348 Q

240 2355 274 2391 2,
302 2354 353 2385 10.
383 2351 443 2384 alti
465 2351 608 2396 spiritus
631 2354 679 2396 pl.
710 2351 788 2396 (vis
808 2353 954 2395 ingenii)
980 2352 1045 2391 10,
1079 2353 1120 2393 1,
1154 2348 1212 2384 44.
1260 2349 1302 2393 β)
1335 2363 1365 2383 ο.
1390 2351 1542 2383 nablat„-
1586 2351 1728 2394 plenum

239 2396 358 2431 vino
383 2407 455 2430 non
480 2398 582 2432 vini
617 2399 807 2438 (recentior
848 2395 978 2441 sermo)
1008 2398 1042 2437 9,
1076 2398 1110 2438 3,
1152 2398 1184 2429 1,
1234 2395 1434 2440 cujusmodi
1472 2395 1648 2440 exemplis
1682 2395 1728 2446 phj

242 2449 324 2475 sunt
348 2443 467 2476 omnia
491 2444 526 2487 9,
551 2448 585 2486 2,
614 2445 669 2479 19.
695 2445 742 2488 pl.
760 2443 896 2478 >talibus
924 2442 1059 2486 antiqui
1082 2443 1117 2485 9,
1144 2443 1178 2484 3,
1202 2442 1257 2476 16.
1283 2443 1334 2486 pl.
1367 2440 1488 2484 pueris
1512 2438 1728 2488 gymnasium

240 2490 274 2530 2,
303 2489 338 2530 8,
363 2491 396 2522 3.
426 2491 474 2531 pl.
502 2496 584 2524 sunt
608 2490 781 2534 ejusmodi
805 2487 1064 2531 impedimentis
1089 2487 1396 2534 granunaticorum
1423 2485 1669 2522 commentarii

239 2535 275 2573 8,
301 2536 356 2570 19.
380 2535 527 2575 paeonis
547 2554 591 2560 —
615 2536 833 2578 temporibus
859 2535 942 2568 satis
965 2533 1065 2576 pleni
1092 2536 1129 2578 9,
1167 2533 1203 2578 4,
1237 2536 1326 2576 1363
1366 2547 1396 2568 c.
1431 2534 1572 2576 Empdt
1605 2532 1690 2574 plen

241 2584 321 2611 sunt
346 2580 526 2615 orationes
555 2588 716 2617 veterum
741 2593 783 2616 ac
807 2591 986 2616 novorum
1012 2581 1047 2624 5,
1074 2579 1109 2624 4,
1138 2582 1170 2614 1.

245 2691 422 2736 plerisque
451 2704 528 2733 pars
560 2676 709 2729 membri
737 2698 771 2738 9,
796 2694 830 2737 4,
860 2675 938 2728 122.
985 2693 1230 2736 pronuntiatio
1253 2705 1272 2726 a
1298 2691 1441 2734 plerisq.
1478 2689 1572 2724 actio
1603 2689 1672 2725 dic'

246 2740 299 2777 ¹1,
325 2739 360 2778 3,
392 2740 424 2770 1.
471 2738 511 2780 β)
540 2741 679 2774 Neam-..-
712 2742 882 2784 pleraque
906 2739 1063 2789 gratiora
1096 2745 1202 2781 sunt,
1237 2738 1268 2771 si
1301 2738 1448 2771 inventa
1477 2735 1595 2770 subito
1623 2733 1659 2776 4,

244 2781 277 2814 4·
304 2781 348 2822 ‘fs-
372 2786 406 2824 ⁷3
434 2786 466 2823 2.
495 2786 550 2818 ‘29-
578 2788 633 2826 11,
660 2789 692 2827 1,
717 2787 771 2821 15.
798 2787 948 2830 pleraq„
973 2796 1064 2830 quae
1088 2790 1212 2819 natura
1238 2793 1311 2818 non
1335 2787 1417 2816 sunt
1439 2782 1687 2823 reprehenden
