1728 3002
193 187 274 229 862
645 180 945 224 Subabsurdus
975 205 1030 214 —
1053 181 1267 240 SubJaceo

235 302 272 345 6,
302 304 334 344 1,
358 299 406 333 26
427 309 461 332 v.
486 298 709 340 Persona,
732 299 778 331 in.
828 297 876 336 11)
898 301 1014 330 transt.
1039 296 1078 339 α)
1105 297 1296 343 dividetur,
1320 298 1381 345 qui
1405 312 1435 336 s.
1458 313 1532 337 uno
1555 303 1727 340 misceba-

234 354 313 390 tur,
342 346 442 379 labor
465 346 506 387 2,
532 348 551 378 1
566 369 577 387 ,
604 345 659 377 13.
694 355 724 377 s.
750 343 831 379 eod.
855 342 1024 390 magistro
1050 344 1179 378 eruditi
1200 348 1244 388 2,
1269 348 1333 388 17,
1358 348 1413 382 33.
1468 351 1518 393 β)
1541 360 1572 384 ι.
1593 357 1725 386 conatu

233 395 269 435 6,
295 392 330 433 4,
354 393 388 426 8.
415 402 443 424 s.
469 402 538 435 qua
560 391 640 436 lege
663 393 698 433 7,
724 388 759 433 4,
783 390 840 424 38.
869 401 899 423 s.
922 389 1068 424 nomine
1091 401 1173 425 meo
1194 392 1251 426 Pr.
1277 395 1312 426 7.
1337 395 1382 436 7,
1405 396 1448 436 2,
1478 393 1536 430 24.
1559 407 1592 430 s.
1619 403 1726 442 pacto

233 437 436 473 abolitionis
458 438 504 480 9,
535 439 578 479 2,
601 438 668 478 973
709 446 738 470 s.
761 446 834 469 una
857 435 1066 479 quaestione
1089 438 1210 481 plures
1244 448 1324 473 esse
1348 439 1506 475 rationes
1529 443 1575 486 3,
1599 445 1666 488 11,
1689 444 1725 479 6.

232 497 261 519 s.
284 486 355 518 hoc
380 482 486 518 etiam
509 488 600 516 statu
625 487 707 515 sunt
730 483 917 528 generales
940 482 1167 527 quaestiones
1190 487 1224 527 7,
1249 486 1294 528 6,
1321 487 1375 520 12.

186 529 503 573 subabsurdus.
544 551 615 585 quo
651 538 727 573 Cic.
760 539 891 582 utitur,
930 540 1278 575 subabsurdum
1305 543 1349 586 1,
1374 542 1420 587 5,
1443 543 1501 579 65.
1537 518 1579 578 ut
1609 545 1725 580 verbo

233 587 419 623 Ciceronis
442 593 542 629 utar,
571 585 720 620 dicimus
744 585 861 630 aliqua
885 587 1103 620 subabsurda
1129 587 1172 630 6,
1198 589 1241 631 3,
1269 590 1326 622 23.
1363 600 1398 623 v.
1423 590 1620 626 Stultus,

185 644 504 687 Subassentior.
552 666 676 689 manus
705 654 1046 691 subassentientibus
1072 655 1231 690 humeris
1258 662 1427 692 movetur
1450 661 1508 703 11,
1531 661 1581 704 3,v
1599 661 1679 694 100.

185 713 428 756 Subcoeno.
477 723 590 757 Galba
616 723 660 757 de
682 722 860 766 piscibus,
896 724 956 768 qui
984 735 1064 758 cum
1090 724 1205 769 pridie
1227 736 1278 760 ex
1299 731 1400 770 parte
1423 726 1543 767 adesi,
1579 733 1616 762 et
1639 738 1727 763 ver-

230 771 297 805 sati
319 776 462 815 postera
491 769 549 803 die
573 769 724 814 appositi
751 775 891 813 essent,
917 770 1158 816 Festinemus,
1188 770 1249 806 alii
1272 772 1495 808 subcoenant
1522 773 1580 819 (a.
1600 778 1624 809 1.
1645 786 1726 809 suc-

229 820 423 859 coenant),
451 815 566 861 inquit
589 817 624 859 6,
648 817 684 860 3,
708 817 754 851 90
776 817 824 850 Ν.
849 830 896 851 cr.

182 863 460 906 SubditiCiUS·
501 885 539 908 v.
566 873 732 908 Subdo.

181 930 342 975 Subdo·
389 941 424 975 id
450 941 554 976 nobis
584 941 742 976 acriores
766 943 811 976 ad
840 941 957 976 studia
981 941 1122 977 dicendi
1154 942 1253 977 faces
1286 942 1485 978 subdidisse
1517 947 1559 987 1,
1583 946 1630 987 2,
1654 941 1722 988 25}

225 989 263 1023 in
289 991 417 1023 horum
448 988 556 1021 trium
582 989 703 1022 locum
736 988 898 1023 subditae
928 995 1095 1033 quattuor
1123 989 1259 1035 legales
1284 992 1326 1032 3,
1352 991 1395 1033 6,
1420 989 1477 1026 54.
1509 990 1621 1024 libros
1644 996 1723 1034 tan-7

226 1048 332 1080 quam
356 1034 516 1069 subditos
541 1033 628 1079 (Sp.
657 1033 873 1078 subdititios)
904 1046 1132 1071 summovere
1155 1035 1292 1070 familia
1317 1039 1355 1085 1,
1378 1035 1422 1080 4,
1448 1038 1470 1071 3
1493 1040 1538 1071 Ζ.

179 1080 395 1123 Subduco·
438 1092 666 1126 subducenda
692 1092 798 1126 etiam
821 1104 903 1137 pars
929 1092 1048 1137 aliqua
1072 1092 1215 1127 tunicae
1237 1095 1292 1135 11,
1309 1095 1344 1136 3,
1365 1092 1431 1127 140
1447 1095 1494 1127 N.
1521 1104 1589 1128 nos
1613 1105 1724 1139 quae-

224 1139 336 1219 gignxps
358 1138 463 1220 Sillzi),r
472 1144 639 1219 ῒῖἳιῃὲω
663 1140 729 1173 lat
741 1150 761 1174 e
770 1151 790 1173 a
801 1150 825 1172 n
836 1145 869 1183 t,
905 1149 1057 1185 seseque
1079 1137 1176 1184 (Sp.
1201 1150 1365 1184 semper,
1390 1138 1528 1184 seque)
1551 1151 1569 1175 s
1579 1151 1604 1173 u
1616 1141 1640 1174 b
1652 1141 1675 1173 d
1684 1151 1726 1200 ut

383 1211 393 1227 ,
465 1209 473 1218 .
598 1210 606 1219 .

176 1230 336 1272 Subeo.
371 1241 413 1285 Ι)
438 1244 593 1285 proprie:
623 1253 806 1287 nunquam
828 1247 923 1276 tecta
944 1242 1132 1276 subeamus
1151 1244 1187 1285 2,
1210 1242 1266 1285 16,
1283 1241 1319 1277 6.
1367 1240 1420 1285 11)
1443 1246 1561 1276 transl.
1588 1240 1627 1285 α)
1650 1245 1673 1277 ἰ.
1690 1256 1723 1288 q.

224 1289 487 1330 aggredior.-
520 1288 665 1321 interim
697 1288 804 1322 etiam
833 1289 1082 1322 fallendus
1116 1293 1171 1322 est
1203 1288 1341 1332 judex,
1377 1285 1414 1323 Gt
1441 1288 1554 1323 variis
1586 1288 1721 1323 artibus

221 1334 493 1369 subeundus
517 1333 552 1375 4,
571 1335 604 1375 5,
625 1335 657 1367 5.
705 1332 748 1377 ῥ’)
771 1336 836 1377 i.q.
862 1336 1085 1376 suscipio.-
1110 1333 1267 1376 affectus,
1292 1343 1383 1378 quos
1402 1345 1478 1368 non
1494 1340 1534 1367 ut
1553 1334 1728 1377 advocati,

222 1380 286 1414 sed
304 1384 343 1412 ut
366 1378 461 1422 passi
490 1378 648 1411 subimus
675 1381 738 1420 11,
768 1382 810 1419 1,
834 1379 878 1413 55
898 1380 946 1411 N.
972 1379 1194 1424 cognituram
1224 1380 1316 1412 male
1345 1379 1487 1413 dicendi
1513 1378 1635 1414 subire
1662 1378 1728 1425 12,}

219 1428 265 1468 9,
293 1426 330 1460 9.
352 1435 480 1471 magna
504 1423 667 1468 responsi
693 1423 830 1459 invidia
854 1425 1040 1458 subeunda
1065 1430 1120 1458 est
1145 1427 1209 1467 12,
1235 1427 1275 1467 1,
1302 1424 1358 1458 14.
1386 1424 1425 1458 in
1446 1425 1632 1461 subeundo
1655 1423 1728 1461 neq*³

218 1471 317 1517 gotio
342 1469 386 1513 4,
414 1474 452 1512 1,
475 1474 510 1505 7.
538 1471 601 1504 has
623 1476 743 1514 partes
768 1469 863 1503 subit
884 1470 925 1512 6,
953 1473 996 1513 1,
1023 1468 1081 1503 24.
1104 1471 1226 1514 plures
1249 1470 1369 1505 subire
1392 1482 1564 1515 personas
1593 1475 1658 1516 10,
1684 1468 1728 1545 Ἢ

218 1521 276 1552 71.
307 1527 460 1561 poenam
497 1517 616 1550 subire
648 1519 694 1559 7,
723 1519 768 1559 2,
795 1514 853 1551 42.
891 1522 1060 1559 quantum
1091 1526 1183 1550 onus
1213 1515 1394 1553 subiturus
1433 1516 1478 1551 sit
1506 1518 1556 1560 6,
1587 1521 1630 1561 1,
1661 1517 1684 1551 4
1715 1531 1719 1534 ⁴

220 1565 259 1607 y)
286 1565 310 1597 i.
336 1577 366 1607 q.
394 1564 568 1596 accido.-
606 1563 677 1595 duo
700 1561 834 1606 pariter
859 1561 1044 1595 subierunt
1074 1562 1303 1596 incommoda
1327 1563 1370 1605 5,
1395 1565 1459 1606 10,
1486 1565 1565 1598 100.
1599 1563 1707 1606 hin,

218 1610 279 1643 illa
304 1619 447 1653 quoque
471 1608 682 1642 exercitatio
706 1607 804 1641 subit:
824 1607 1100 1651 comparationis
1125 1610 1188 1651 10,
1211 1607 1256 1652 4,
1285 1608 1319 1642 5.
1355 1614 1438 1653 post
1469 1609 1594 1644 subeat
1623 1610 1691 1644 rati
1714 1643 1716 1646 ,

218 1655 420 1690 collocandi
447 1657 512 1697 10,
541 1653 585 1696 4,
610 1655 644 1688 5.
693 1650 738 1698 ὃ)
762 1655 804 1687 de
828 1661 934 1687 mente
959 1657 984 1687 i.
1010 1667 1043 1699 q.
1069 1656 1241 1688 incido.-
1279 1653 1310 1688 si
1333 1665 1410 1689 non
1432 1654 1593 1689 subirent
1614 1656 1676 1691 vel

218 1702 373 1737 otiosum
401 1700 555 1734 animum
583 1700 673 1734 aliae
694 1699 929 1746 cogitationes
955 1703 1019 1743 11,
1047 1701 1091 1742 2,
1115 1701 1174 1734 33.
1212 1698 1255 1741 ej:
1281 1701 1321 1742 3,
1349 1701 1393 1744 8,
1417 1699 1476 1736 41.
1499 1701 1636 1744 majora
1657 1701 1696 1735 in

216 1750 365 1782 tellectu
393 1749 496 1783 velut
517 1758 642 1791 parum
676 1742 819 1790 apertos
852 1747 897 1780 ad
929 1744 1196 1790 percipiendum
1220 1745 1359 1781 animos
1385 1756 1461 1781 non
1485 1745 1656 1794 subibunt
1673 1750 1714 1791 ¹1,

215 1797 252 1837 2,
277 1796 334 1828 28.
360 1804 538 1837 personae
566 1793 719 1826 subeunt
747 1795 804 1836 11,
830 1795 867 1836 2,
893 1794 950 1826 17.

171 1850 379 1894 Subinde·
411 1862 600 1905 loquentes
626 1861 672 1894 de
697 1866 825 1894 ornatu
849 1859 1020 1902 subinde,
1044 1869 1134 1904 quae
1160 1858 1230 1892 sint
1252 1858 1398 1894 vitanda
1421 1858 1550 1895 similia
1570 1858 1716 1896 'simiti-

216 1909 282 1943 bus
311 1908 412 1950 vitia,
440 1909 598 1941 dicemus
627 1907 663 1950 8,
686 1909 721 1949 3,
749 1908 806 1941 58.
830 1907 869 1940 in
895 1917 1000 1940 causa
1025 1917 1053 1939 s.
1082 1905 1292 1948 dicentibus,
1315 1905 1501 1944 Celsinam,
1517 1907 1563 1940 de
1583 1917 1626 1941 re
1650 1917 1715 1947 co,

217 1954 390 2002 gnovisse
414 1954 449 1996 6,
475 1956 509 1997 3,
534 1955 591 1988 85.
627 1964 674 1986 ne
695 1954 811 1999 legem
837 1953 967 1997 quand.
993 1951 1066 1986 suis
1090 1961 1233 1995 quoque
1257 1962 1287 1984 s.
1312 1950 1436 1985 liberis
1454 1953 1564 1998 'daret
1587 1955 1650 1995 11,
1679 1956 1696 1986 1

215 2003 274 2036 83.
310 2011 378 2034 nec
405 2001 638 2046 languescere
661 1999 844 2042 patiuntur
869 2009 897 2033 s.
921 1997 1038 2042 aliqua
1068 1996 1217 2030 notabili
1251 1997 1364 2044 figura
1389 1997 1585 2032 excitatum
1610 1999 1652 2041 9,
1677 1999 1713 2042 3,

216 2050 271 2082 27.
298 2047 491 2080 nonnullos
519 2057 548 2083 s.
575 2044 708 2090 aliquid
733 2045 838 2079 etiam
863 2044 1057 2088 spatiantes
1085 2045 1147 2086 11,
1177 2044 1220 2086 3,
1245 2045 1324 2078 135.
1360 2043 1435 2077 suis
1458 2043 1550 2083 locis
1575 2055 1606 2079 s.
1628 2055 1670 2078 sn

214 2092 447 2138 jecimus'll,
474 2095 507 2134 1,
531 2095 565 2127 7.
593 2097 632 2125 ut
656 2102 723 2126 nos
748 2103 778 2125 s.
807 2096 983 2125 tentemus
1013 2092 1069 2132 11,
1096 2091 1130 2132 2,
1154 2088 1221 2131 34;
1256 2101 1290 2123 υ.
1315 2089 1426 2124 Sub.

169 2149 335 2194 Subito.
391 2171 420 2193 s.
446 2160 567 2193 fronte
591 2159 744 2193 conficta
768 2161 835 2203 12,
859 2161 900 2203 3,
926 2161 980 2192 12.
1004 2156 1168 2192 subito
1194 2156 1388 2200 defecerit,
1417 2168 1464 2191 an
1487 2157 1682 2204 longior

213 2206 508 2243 valetudine
534 2211 741 2239 consumtus
765 2208 811 2248 7,
837 2206 884 2248 2,
911 2203 966 2239 14.
1007 2214 1100 2249 quae
1125 2214 1154 2237 s.
1181 2202 1331 2237 dicenda
1355 2205 1552 2246 erunt⁷11‚
1580 2206 1624 2245 3,
1654 2206 1696 2238 12

216 2252 262 2295 cs.
292 2255 357 2296 10,
386 2254 428 2295 3,
452 2254 509 2289 30.
535 2263 626 2296 quae
651 2263 680 2286 s.
705 2251 816 2285 effusa
840 2256 922 2285 sunt
947 2252 1010 2293 10,
1036 2253 1072 2293 7,
1096 2251 1131 2282 7.
1157 2249 1187 2283 si
1209 2248 1358 2284 inventa
1379 2254 1462 2282 sunt
1484 2260 1514 2285 s.
1537 2248 1577 2292 4,
1605 2250 1645 2293 5,
1673 2248 1699 2283 4

214 2310 307 2344 quae
338 2309 366 2333 S.
396 2303 480 2331 sunt
507 2303 588 2332 nata
616 2300 680 2341 10,
704 2297 752 2341 6,
775 2298 809 2332 5.
842 2296 889 2339 cf.
915 2299 981 2341 12,
1010 2297 1051 2340 3,
1075 2298 1109 2330 2.
1143 2295 1247 2340 pulso
1275 2294 1461 2340 suspiritu
1488 2298 1552 2338 11,
1581 2297 1626 2339 3,
1650 2296 1706 2338 80,

212 2358 247 2380 v.
269 2344 385 2380 Cito.
1704 2360 1705 2363 =

168 2391 360 2432 subitus·
408 2405 447 2434 ut
472 2399 597 2435 subitis
623 2411 673 2435 ex
695 2405 855 2444 tempore
882 2403 1073 2434 occurrant
1096 2399 1162 2441 10,
1185 2400 1221 2441 7,
1249 2399 1306 2432 30.
1333 2397 1378 2431 ad
1403 2408 1433 2432 s.
1463 2408 1566 2432 casus
1593 2399 1650 2439 10,
1672 2390 1702 2432 3¹

213 2451 248 2482 3.
275 2460 303 2482 s.
328 2446 573 2494 indignatione
599 2449 656 2491 11,
686 2448 721 2489 3,
748 2449 827 2480 103.
851 2457 881 2480 s.
907 2455 1004 2479 mors
1028 2448 1062 2487 7,
1087 2446 1131 2486 2,
1157 2443 1212 2478 14.
1240 2443 1518 2478 innumerabiles
1543 2442 1692 2477 aonidum

213 2506 243 2526 s.
272 2494 502 2527 necessitates
524 2495 590 2535 10,
615 2496 660 2536 7,
685 2496 721 2527 2.
753 2491 796 2533 cs}
822 2495 881 2527 22.
906 2491 1002 2525 sub.
1029 2501 1169 2535 pugna,
1195 2501 1269 2524 non
1296 2494 1588 2534 praeparata
1611 2491 1645 2531 7,
1672 2491 1690 2522 1

213 2540 271 2574 35.
295 2551 323 2572 s·
348 2539 527 2573 silentium
551 2542 606 2580 12,
630 2540 664 2581 5,
688 2541 727 2582 3;
768 2549 844 2572 non
868 2547 1058 2582 percussor
1081 2537 1143 2571 ille
1167 2536 1304 2570 subitus
1329 2535 1518 2580 erumpet?
1538 2535 1573 2577 6,
1590 2537 1626 2577 2,
1646 2535 1689 2577 3,

168 2593 394 2647 subjaceo.
442 2606 669 2651 quaestiones
704 2607 804 2641 velut
840 2606 1062 2649 subjacentes
1089 2606 1132 2648 3,
1156 2604 1203 2647 6,
1237 2607 1304 2647 913
1353 2616 1380 2637 c.
1407 2606 1513 2636 Dat..-
1551 2611 1635 2635 caus
1692 2594 1694 2597 ’

213 2650 270 2684 cui
295 2653 466 2694 plurimae
490 2654 673 2696 subjacent
697 2652 777 2686 lites
802 2654 836 2695 3,
859 2653 894 2695 6,
922 2654 979 2686 27.
1004 2650 1048 2690 cf.
1074 2649 1132 2684 41.
1166 2651 1326 2693 subiacet
1350 2646 1492 2682 utilitati
1516 2646 1622 2681 etiam
1642 2646 1683 2680 ill

214 2697 377 2730 defensio
396 2701 430 2740 7,
454 2698 490 2741 4,
515 2702 568 2733 12.
594 2698 770 2743 quantitas
793 2700 1002 2742 plerumq-ue
1026 2696 1095 2731 eid.
1122 2694 1308 2741 (qualitati)
1335 2694 1495 2736 subjacet
1516 2695 1553 2736 7,
1579 2691 1616 2735 4,
1644 2691 1687 2726 41

211 2741 297 2822 guig
327 2743 484 2821 sgabjacet
507 2744 564 2787 (a.
590 2749 610 2777 1.
639 2745 789 2787 subjecta
814 2743 885 2787 est)
909 2744 1024 2779 virtus
1048 2749 1170 2787 aperte
1194 2741 1350 2785 ponendi
1373 2750 1449 2773 rem
1474 2744 1556 2773 ante
1579 2748 1602 2772 0

236 2813 247 2831 5
298 2812 309 2831 2
381 2810 391 2821 ⁰
1555 2807 1557 2810 ⁴
