1742 2964
627 171 742 214 Vere
770 194 820 201 —-
852 151 1015 214 Vereoi·
1498 172 1582 212 94⁷

74 326 78 329 ,
111 297 203 333 quae
225 286 394 330 facimus,
424 285 580 331 patiendi
604 287 711 320 modo
733 295 840 329 saepe
864 283 1003 328 dicere,
1028 288 1068 318 ut
1091 285 1316 326 arbitror,
1350 285 1580 327 suspicor.-

72 347 81 352 ·
108 340 147 369 et
170 338 294 368 contra
317 332 483 376 faciendi,
509 342 599 377 quae
621 332 794 376 patimur,
815 335 856 364 ut
880 334 1047 374 vapulo
1073 331 1108 372 9,
1132 331 1168 372 3,
1193 332 1228 363 7.
1248 329 1286 363 id
1313 327 1360 372 (ί.
1389 342 1419 363 e.
1445 332 1582 362 immu-

110 378 351 423 tationem)
374 389 440 432 per
461 389 584 413 omnes
617 377 787 412 orationis
809 381 926 420 partes
951 376 1264 420 deprehendimus,
1297 374 1583 420 frequentissime

106 424 148 463 in
168 425 301 467 verbu,
327 435 409 469 quta
438 425 588 468 plurima
616 425 701 458 huic
732 422 916 463 accidunt3
948 421 1099 466 ideoque
1129 420 1168 456 in
1199 431 1245 455 eo
1271 421 1359 455 fiunt
1381 421 1582 455 soloecismi

107 482 175 516 per
190 481 332 518 genera,
355 476 526 514 tempora,
551 480 733 515 personas,
756 469 882 504 modos
899 471 931 511 1,
951 468 986 510 5,
1006 466 1062 501 41.
1087 479 1167 502 cum
1190 478 1245 510 ap.
1268 467 1425 501 Graecos
1444 466 1583 511 (dualis)

109 516 207 551 etin
229 515 363 551 verbi
387 521 461 550 tota
484 517 562 550 fere
581 516 716 553 rat'mne
741 521 776 548 et
797 514 835 550 in
860 526 883 548 n
897 513 1136 548 ominibus
1159 514 1442 556 deprehendatur
1467 515 1508 546 ib.
1524 512 1583 547 42.

108 573 144 596 v.
171 563 360 596 Nomen.
386 563 498 597 verbo
521 573 664 596 sensum
688 561 832 595 eludere
859 561 970 593 multo
999 559 1167 604 optimum
1197 565 1250 593 est
1274 559 1317 602 9,
1343 558 1387 601 4,
1414 559 1470 594 26.
1503 570 1585 592 cum

74 625 81 629 ⁵
106 606 247 650 infinito
270 607 413 642 verbo
436 607 482 641 sit
498 619 582 642 usus
606 618 672 655 pro
700 605 1022 650 appellatione
1038 607 1074 647 9,
1099 607 1134 646 3,
1156 606 1180 640 9
1206 618 1238 638 v.
1259 604 1582 649 Participium.

108 653 398 699 Appellatio.
421 653 460 687 in
481 653 602 688 verbis
626 653 704 698 quis
730 658 784 686 est
811 652 900 686 adeo
924 650 1128 695 imperitus,
1150 656 1191 684 ut
1212 651 1353 706 ignoret
1374 661 1523 698 genera,
1549 655 1585 684 et

105 699 319 744 qualitates,
342 705 378 734 et
399 710 589 744 personas,
618 705 654 734 et
676 698 868 732 numeros?
895 700 929 740 1,
952 697 989 740 4,
1017 700 1075 731 27.
1105 696 1150 739 cs.
1170 700 1203 740 1,
1217 699 1252 740 b,
1276 700 1311 732 7.

64 753 195 797 Ver&
235 765 278 810 α)
305 778 341 802 v.
362 765 479 801 Attica
510 769 565 810 10,
591 769 623 810 1,
647 765 703 801 44.
731 777 769 800 v.
792 767 885 800 bona
912 768 967 808 12,
991 767 1027 808 2,
1050 765 1108 800 28.
1140 763 1387 800 circulatoriae
1412 776 1451 800 v.
1476 765 1585 809 jacta-

109 811 218 846 tionis
243 817 298 847 est
319 815 370 854 2,
390 812 433 855 4,
459 814 502 847 15
523 813 568 846 N.
597 824 634 847 v.
660 812 802 847 civilem
828 812 947 847 virum
974 814 1035 852 12,
1060 813 1104 853 2,
1130 814 1164 846 7.
1197 811 1256 846 vir
1280 811 1397 846 civilis
1426 821 1585 855 vereque

109 858 250 902 sapiens
267 860 324 900 11,
346 861 378 897 1,
401 860 458 893 35.
482 869 615 893 verene
638 860 743 905 longa
770 858 827 900 sit,
855 868 945 902 quae
973 857 1096 900 cludit,
1121 868 1165 891 an
1189 867 1256 901 pro
1279 859 1384 904 longa
1408 857 1442 900 9,
1461 855 1498 900 4,
1517 858 1584 898 933

104 903 198 938 haec
219 909 274 938 est
294 914 333 939 v.
362 903 414 948 (a.
433 903 574 947 Lvera)
596 903 737 938 dicendi
762 905 909 939 facultas
930 905 985 946 12,
1013 905 1068 941 10,
1091 903 1146 937 65.
1173 903 1306 945 oratio,
1331 914 1420 949 quae
1445 903 1586 946 quidem

108 948 226 983 oratio
249 955 304 984 est
324 961 364 984 v.
392 951 460 992 12,
482 953 527 994 2,
549 951 606 984 20.
629 961 721 995 quae
747 955 801 984 est
823 961 862 984 v.
888 950 936 992 (S
945 963 978 991 p.
1003 950 1115 990 vera)
1140 948 1318 983 rhetorice
1339 952 1383 990 2,
1407 950 1472 992 20,
1494 948 1518 982 4
1544 952 1586 983 Ζ.

109 993 163 1074 gg
186 994 218 1028 si
239 1006 278 1030 v.
303 996 468 1048 ageretur
493 997 537 1040 9,
560 999 600 1038 2,
628 997 687 1030 83.
711 1007 803 1039 quae
829 1007 867 1029 v.
893 995 1042 1028 dicimus
1067 1007 1144 1037 opp.
1170 1006 1260 1039 quae
1287 994 1450 1041 fingimus
1477 992 1520 1036 4,
1552 997 1585 1036 2,

156 1063 168 1074 .
242 1041 438 1075 tennssima
464 1046 541 1084 est,
564 1051 724 1086 quaeque
744 1053 783 1076 v.
809 1041 936 1074 dicitur
958 1039 1208 1082 oeconomica,
1233 1040 1340 1073 totius
1365 1050 1491 1074 causae
1514 1039 1588 1073 dis-

79 1111 81 1113 -
106 1085 245 1130 positio
264 1089 300 1130 7,
328 1090 391 1130 10,
419 1089 474 1120 11.
499 1097 567 1121 nec
589 1086 628 1120 in
651 1087 836 1132 cogitando
860 1085 1056 1128 laborabit,
1083 1091 1118 1119 et
1141 1085 1224 1129 (Sp.
1244 1086 1341 1128 sed),
1366 1085 1462 1130 quod
1485 1085 1587 1128 sciet,

109 1140 150 1167 v.
173 1131 270 1166 dicet
302 1134 367 1175 12,
390 1134 437 1175 2,
461 1135 505 1167 17
526 1136 572 1166 Ζ.
605 1145 639 1166 υ.
655 1133 779 1167 Dico.
819 1132 969 1166 aliorum
1004 1142 1146 1176 quoque
1178 1131 1347 1175 juvenum
1370 1151 1416 1156 —-
1437 1141 1588 1175 corpora

0 1200 2 1203 -
109 1174 242 1212 decora
265 1189 306 1214 v.
333 1175 625 1213 existimaverunt
649 1173 682 1222 5,
707 1181 764 1222 12,
786 1180 830 1211 21
852 1179 899 1211 Ν.
928 1188 967 1213 vx
985 1176 1200 1211 imitabimur
1222 1179 1289 1220 10,
1312 1179 1353 1220 2,
1378 1178 1436 1211 27.
1469 1188 1506 1211 v.
1532 1176 1590 1210 in-

108 1222 225 1258 tuenti
247 1225 306 1267 12,
328 1225 385 1267 11,
409 1226 462 1258 12
486 1224 669 1258 materiam
691 1236 729 1259 v.
756 1222 922 1257 laudandi
942 1225 1006 1266 10,
1032 1226 1073 1266 1,
1099 1225 1177 1257 122.
1203 1222 1264 1268 qui
1286 1234 1325 1259 v.
1345 1222 1528 1266 patiuntur
1552 1224 1588 1265 6,

39 1270 49 1274 ”
109 1271 156 1312 2,
181 1271 242 1304 27.
286 1269 335 1314 y>
359 1269 483 1306 verius
504 1268 612 1316 igitur
634 1275 670 1304 et
690 1269 856 1311 brevius,
885 1268 946 1313 qui
964 1285 1008 1293 —
1025 1269 1218 1303 voluerunt
1239 1270 1282 1312 3,
1306 1270 1363 1312 11,
1388 1269 1442 1304 19.
1466 1268 1590 1304 verius

108 1314 330 1350 tradiderunt
347 1315 385 1358 4,
409 1318 444 1359 1,
467 1317 535 1358 71;
558 1313 744 1351 verissime
769 1314 951 1359 praecepit
975 1315 1010 1358 5,
1035 1317 1072 1357 7,
1098 1317 1133 1349 7.

63 1367 349 1415 Verecundia-
382 1394 437 1428 v»,
455 1394 550 1430 guae
578 1389 632 1418 est
655 1382 790 1416 timor
812 1381 955 1426 quidam
977 1382 1152 1416 reducens
1174 1380 1330 1415 animum
1352 1380 1402 1415 ab
1420 1379 1477 1423 iis,
1500 1392 1589 1425 quae

107 1427 273 1466 findenda
294 1433 376 1462 sunt
401 1431 456 1469 12,
481 1431 516 1473 5,
538 1431 573 1464 3.
596 1429 730 1464 invitus
752 1429 957 1462 mehercule
984 1427 1085 1469 dico,
1107 1427 1220 1471 ipsam
1243 1439 1336 1470 ver„
1359 1426 1487 1462 vitium
1510 1427 1590 1471 qui-

48 1491 57 1497 ν
85 1473 205 1518 -ᾱοιιι,
231 1475 297 1508 sed
319 1474 482 1518 amabile,
508 1480 544 1509 et
570 1486 660 1520 quae
682 1474 832 1510 virtutes
855 1474 1024 1508 facillime
1047 1480 1207 1520 generet,
1231 1484 1310 1507 esse
1330 1473 1424 1506 inter
1441 1474 1590 1507 adversa

109 1521 156 1552 ib.
171 1521 206 1554 2.
235 1525 276 1555 v.
304 1520 457 1565 negandi
485 1521 543 1554 Pr.
564 1523 599 1554 3.
633 1531 671 1555 v.
695 1519 936 1562 respondendi
962 1521 1006 1562 3,
1031 1520 1071 1560 5,
1097 1520 1153 1553 15.
1176 1518 1318 1552 tacitam
1340 1530 1376 1552 v.
1398 1520 1442 1560 8,
1465 1520 1507 1554 3.
1531 1519 1589 1556 65.

109 1569 151 1597 ut
169 1574 218 1599 ne
240 1570 421 1598 auctorem
444 1568 592 1608 ponam,
614 1576 692 1599 ver.
716 1565 827 1608 ipsius
850 1564 938 1598 fecit
958 1564 1004 1606 6,
1028 1566 1073 1606 3,
1101 1564 1166 1605 643
1195 1562 1432 1599 verecundiae
1457 1563 1591 1606 (motus)

111 1607 191 1644 noti
222 1614 261 1643 et
287 1619 493 1644 communes
527 1610 691 1644 omnibus
716 1613 782 1652 11,
807 1612 853 1651 3,
878 1612 944 1651 713
979 1609 1075 1642 dictu
1107 1609 1280 1642 deformia
1311 1614 1348 1643 et
1375 1619 1463 1643 mox
1484 1620 1589 1643 vere—

111 1654 263 1689 cundiae
284 1655 404 1688 futura
427 1658 467 1698 1,
491 1657 535 1698 3,
560 1656 616 1690 16.
642 1655 762 1689 mitior
792 1656 885 1688 solet
910 1665 1028 1699 poena
1051 1655 1200 1701 irrogari
1225 1655 1465 1690 verecundiae
1487 1656 1531 1697 6,
1554 1654 1590 1697 4,

112 1700 178 1745 16,
214 1711 291 1734 non
311 1701 600 1744 probitatem
623 1712 644 1734 a
670 1712 727 1735 me
750 1700 963 1744 reprehendi
985 1701 1050 1734 sed
1073 1711 1164 1735 ver.
1190 1703 1257 1743 12,
1280 1701 1324 1743 5,
1353 1702 1386 1734 3.
1420 1702 1590 1735 adversa-

111 1745 186 1780 rius
215 1746 436 1780 fiduciam
469 1751 578 1791 partis
607 1757 691 1780 suae
726 1747 850 1791 jactat,
880 1752 1049 1790 patronus
1082 1746 1183 1780 timet
1210 1746 1459 1793 cognoscentis
1488 1757 1589 1781 ver.
1659 1746 1666 1749 ”

112 1789 150 1832 4,
173 1793 209 1834 1,
235 1793 280 1827 19
299 1804 332 1826 υ.
346 1791 555 1826 Fiducia.
581 1792 723 1826 silentio
745 1792 996 1827 verecundiam
1019 1792 1212 1826 vindicabo
1235 1794 1277 1834 8,
1301 1794 1335 1832 3,
1361 1793 1425 1834 39;
1449 1794 1590 1826 Amat..-

110 1834 204 1876 niffl
226 1838 289 1875 ‘est
316 1838 362 1871 ad
396 1837 657 1872 conciliandum
685 1838 817 1885 gratius
847 1837 1067 1872 verecundia
1091 1841 1152 1881 11,
1176 1840 1216 1881 3,
1241 1839 1320 1872 161.
1355 1839 1455 1872 velut
1486 1837 1592 1871 tacita

111 1882 220 1927 quad.
246 1882 448 1935 inliibemur
472 1895 511 1918 v.
538 1887 613 1936 10,.
628 1887 669 1926 1,
698 1885 755 1918 18.
790 1885 886 1917 nulla
909 1883 1036 1917 tardati
1057 1895 1096 1918 v.
1123 1886 1164 1927 1,
1187 1886 1230 1927 3,
1251 1883 1288 1917 4.
1317 1894 1397 1917 cum
1420 1883 1592 1917 infirmam

55 1940 58 1942 ’
114 1922 332 1963 verecundia
355 1935 472 1963 cutem
494 1935 631 1973 accepit
653 1928 822 1973 (sanguis)
849 1932 914 1973 11,
941 1932 990 1973 3,
1013 1931 1070 1964 78.
1095 1929 1133 1964 in
1157 1934 1287 1963 metu
1320 1935 1356 1963 et
1382 1940 1435 1964 ve
1447 1940 1478 1966 r.
1503 1939 1592 1963 con-

113 1972 347 2063 tupictwlpvox)
370 1977 413 2009 ib.
440 1973 498 2010 64.
525 1987 560 2009 v.
584 1974 757 2019 Color-3
786 1988 882 2009 sensu
909 1978 1062 2020 passivo.-
1090 1976 1134 2017 6,
1158 1978 1202 2019 3,
1224 1977 1269 2009 33
1290 1975 1338 2009 N.
1371 1974 1591 2010 v.Aucto-

110 2029 155 2052 ri
185 2029 232 2052 aa
280 2042 291 2053 .

70 2073 378 2117 verecundius·
409 2087 455 2121 de
490 2087 617 2132 quibus
649 2086 812 2131 (meritis)
843 2100 882 2123 v.
916 2088 1104 2122 dicendum
1137 2087 1204 2122 erit
1235 2098 1298 2121 sua
1334 2097 1437 2131 quam
1476 2085 1592 2120 aliena

112 2131 269 2165 laudanti
291 2130 335 2173 4,
359 2134 400 2174 1,
429 2134 484 2168 13.
506 2135 578 2168 hoc
599 2133 748 2177 injuriae
780 2145 892 2180 genus
917 2135 960 2179 (i.
984 2147 1015 2168 e.
1048 2132 1274 2178 stuprum)
1297 2138 1334 2167 v.
1359 2132 1452 2166 inest
1482 2132 1592 2177 passis

115 2188 221 2221 quam
244 2177 337 2210 ausis
362 2180 419 2222 11,
443 2181 477 2222 1,
500 2179 558 2214 84.
830 2185 836 2192 “

71 2231 363 2275 verecundor.
409 2247 696 2282 verecundantur
720 2243 870 2290 (manu.)
899 2248 957 2289 11,
986 2247 1021 2288 3,
1045 2247 1102 2280 87.
1172 2254 1183 2257 v

71 2301 365 2344 verecundus·
410 2314 590 2357 probos
622 2314 750 2357 quosd.
786 2319 821 2347 et
850 2325 940 2348 ver.
967 2315 1010 2355 5,
1043 2316 1088 2355 7,
1114 2313 1159 2346 27
1168 2325 1178 2356 3
1212 2313 1283 2346 hoc
1309 2311 1429 2345 dicere
1459 2309 1593 2345 rustico

49 2401 55 2403 -
115 2358 360 2391 verecundum
382 2364 436 2392 est
456 2362 500 2402 7,
527 2361 568 2402 1,
594 2361 641 2394 56
658 2361 704 2394 Ν.
733 2358 883 2393 transire
915 2359 954 2392 iu
982 2359 1124 2393 diversa
1148 2358 1314 2392 subsellia
1340 2368 1464 2401 parum
1485 2368 1590 2391 vere-

117 2403 272 2438 cundum
296 2409 350 2437 est
370 2406 434 2446 11,
455 2406 502 2447 3,
518 2407 611 2447 -1333
642 2416 746 2439 causa
769 2416 891 2447 parum
916 2415 993 2440 ver.
1018 2403 1061 2448 4,
1087 2406 1129 2448 5,
1153 2405 1208 2439 19.
1231 2415 1266 2438 v.
1292 2401 1443 2437 orationi
1466 2405 1530 2444 11,
1555 2404 1592 2444 3,

115 2448 175 2484 96.
200 2449 331 2490 verba,
363 2460 454 2493 quae
483 2456 565 2484 sunt
595 2461 718 2494 parum
751 2461 827 2485 ver.
862 2453 906 2483 10
920 2475 931 2492 ,
958 2453 999 2491 1,
1021 2451 1044 2485 9
1066 2451 1110 2483 N.
1146 2446 1326 2484 consessio
1354 2448 1594 2483 verecundior

117 2493 481 2575 quamffietxgosgtiodk
506 2498 543 2540 2,
566 2497 601 2531 8.
625 2497 716 2530 haec
742 2495 923 2530 translatio
946 2501 1142 2539 temporum
1165 2494 1404 2530 verecundior
1426 2505 1482 2539 ap.
1500 2494 1593 2539 prio·

117 2550 177 2573 res
320 2565 332 2583 ,
381 2565 391 2583 ,
465 2562 476 2573 .

822 2576 830 2590 Ι

79 2594 254 2637 Vereor·
290 2618 407 2640 rarum
431 2613 505 2651 est,
531 2612 570 2640 ut
588 2607 676 2642 satis
699 2619 739 2642 se
765 2608 914 2652 quisque
938 2613 1105 2643 vereatur
1130 2610 1188 2648 10,
1212 2611 1246 2649 7,
1270 2607 1326 2641 24.
1358 2617 1462 2652 quem
1486 2604 1595 2639 disci-

118 2652 194 2696 puli
215 2658 250 2686 et
273 2658 420 2686 amant
443 2658 478 2687 et
502 2659 729 2688 verentur
751 2653 803 2696 (a.
819 2658 842 2688 l.
862 2656 1095 2695 venerantur)
1113 2657 1146 2690 2.
1163 2657 1198 2695 2,
1214 2655 1290 2687 8N.
1309 2666 1356 2687 cr.
1377 2653 1592 2687 v.Metuo.

56 2722 67 2730 .
118 2697 158 2732 in
181 2699 254 2732 hoc
277 2698 447 2732 desidiam
469 2710 648 2743 nunquam
669 2700 826 2734 verebor
847 2702 881 2742 1,
904 2702 939 2742 3,
963 2703 998 2734 7.
1020 2699 1157 2735 veritus
1180 2698 1385 2744 opinionem
1407 2697 1594 2742 jactantiae

116 2744 162 2787 9,
190 2746 234 2787 2,
266 2742 324 2778 74.
367 2755 484 2790 neque
518 2745 612 2778 enim
642 2744 800 2780 verebor
814 2746 1059 2789 ‚explicandae
1092 2745 1145 2779 rei
1177 2745 1288 2791 gratia
1316 2742 1595 2789 frequentiorem

1083 2811 1162 2846 60*
