1728 3002
426 116 655 182 EJecratio
692 136 746 146 —
784 112 1038 170 Exemplum
1492 117 1574 156 305

46 221 289 266 Exemtio.
338 230 442 276 (fig.)
463 231 500 275 9,
523 233 558 274 1,
582 231 640 266 32.
655 229 708 273 v9,
725 231 763 271 2,
788 230 824 265 3.
1314 277 1317 279 Β

43 288 267 343 Exmtio.
333 298 622 334 committendum
654 307 853 343 nunquam,
889 300 931 329 ut
965 293 1255 329 adversariorum
1291 292 1385 329 dicta
1409 302 1466 324 ·—
1496 295 1569 330 loci

51 345 236 389 elimina
258 345 475 381 executione
500 345 708 388 adjuvemus
731 343 766 386 5,
794 344 852 385 13,
878 343 936 376 27.

42 388 230 433 Exedra.
274 412 344 436 nec
366 400 539 436 aniculis
559 401 668 436 modo
689 405 750 434 ant
771 397 919 434 exedris
943 398 1002 440 11,
1025 397 1062 439 2,
1084 398 1144 431 20.

40 454 287 512 Exemplar·
338 467 371 502 si
391 469 437 502 ad
461 469 645 512 exemplar
671 466 732 512 (α.
761 470 786 503 1.
816 465 985 510 exempla
1017 466 1064 497 al.
1087 463 1316 509 exemplum)
1347 463 1454 509 primi
1484 464 1566 500 libri

48 531 56 534 -
88 514 220 548 bellum
244 513 404 550 Siculum
426 513 690 559 perscripsisset
713 515 771 556 10,
797 515 831 556 1,
855 512 915 548 89.

10 604 15 608 ,
40 556 311 614 Exemplum.
376 572 468 614 Ex„
501 570 539 605 id
562 576 637 613 est,
660 569 714 604 rei
736 575 876 617 gestae,
910 571 972 602 aut
993 570 1034 600 ut
1054 570 1194 613 gestae,
1224 563 1321 600 utilis
1348 566 1391 600 ad
1417 577 1568 610 persua-

87 617 243 651 dendum
264 616 320 660 id,
342 617 439 662 quod
465 616 672 659 intenderis,
695 609 983 650 commemoratio
1003 613 1046 655 5,
1076 615 1117 646 11
1131 637 1142 655 ,
1165 613 1202 647 6.
1226 614 1250 646 ἰ.
1275 625 1305 656 q.
1331 610 1567 658 παράδειγμα.

85 663 132 697 ib.
155 664 190 696 1.
228 663 288 697 De
313 661 488 705 exemplis
510 665 545 706 5,
571 662 657 707 cap.
681 664 737 696 11.
762 663 891 702 rebus,
915 669 1007 704 quae
1029 657 1218 703 aliquando
1242 669 1293 691 ex
1316 658 1460 703 paribus
1481 669 1567 692 cau-

84 706 136 742 tiu
155 713 241 743 sunt
258 707 455 752 judicatae,
488 720 580 753 quae
603 709 768 752 exempla
795 707 927 742 rectius
961 704 1128 738 dicuntur
1158 706 1192 746 5,
1217 706 1251 744 2,
1277 706 1311 737 1.
1344 709 1399 738 est
1428 703 1467 737 in
1492 715 1565 738 ex-

85 752 260 798 emplis
284 753 539 801 allegoria,
562 754 594 788 si
613 764 688 788 non
711 753 891 798 praedicta
911 751 1051 785 ratione
1073 755 1251 794 ponantur
1272 750 1360 793 8,,6,
1383 750 1442 784 52.
1466 750 1564 794 (fig)

80 799 120 842 9,
133 799 168 839 1.
181 799 240 833 31.
262 799 300 842 9,
317 802 352 843 2,
370 803 404 835 2.
450 798 493 843 α)
516 813 546 834 ο.
571 802 766 834 Auributis:
790 798 827 843 a)
853 799 938 842 Adj.
953 811 965 831 .·
987 797 1190 840 exemplum
1213 796 1376 830 deforme
1398 797 1434 838 3,
1451 798 1488 839 7,
1505 800 1563 830 11.

81 860 130 887 7-
150 844 384 879 donatiuum
413 847 449 889 9,
475 848 511 887 3,
539 848 595 882 73.
632 845 864 879 familiaribus
896 842 1009 890 magis
1042 842 1077 876 ei
1112 841 1219 875 aetati
1254 843 1310 883 (a.
1338 845 1360 875 1.
1385 852 1432 875 m.
1458 853 1564 885 quam

82 889 238 933 usitatis)
258 901 320 924 ex.
344 893 380 933 5,
405 894 460 934 10,
494 892 541 927 96
565 892 612 925 Ν.
641 904 689 925 cr.
715 909 760 917 -
785 888 1110 935 frequentissimum
1131 889 1167 929 8,
1190 889 1227 927 6,
1250 888 1307 921 38.
1332 905 1379 913 -
1402 887 1562 934 ignobile

86 934 122 977 5,
142 938 200 978 11,
215 934 273 970 40.
295 956 344 962 -
363 935 509 971 indubia
533 939 569 980 5,
589 939 645 979 13,
662 935 719 970 24.
740 954 787 961 -
809 938 919 970 multa
939 941 976 968 et
999 933 1185 967 manifesta
1203 936 1238 974 7,
1252 932 1288 974 4,
1308 932 1364 967 15.
1386 949 1433 957 —
1453 933 1564 967 multa

68 978 150 1024 (ap.
165 981 335 1024 poetas)
360 984 416 1024 10,
435 986 469 1026 1,
478 981 536 1017 49.
562 1001 607 1008 -
629 988 704 1015 non
726 983 906 1015 mediocre
920 980 957 1022 4,
974 983 1008 1021 1,
1024 983 1059 1014 7.
1084 997 1127 1003 -
1152 978 1374 1012 notissimum
1395 981 1431 1021 7,
1450 981 1486 1022 3,
1502 982 1561 1012 21.

82 1042 133 1053 --
161 1024 363 1070 potentiora
393 1029 457 1070 10,
490 1030 534 1070 1,
567 1029 623 1061 15.
657 1026 714 1062 34.
748 1047 796 1052 -
833 1026 1020 1061 vetustatis
1057 1024 1128 1058 fide
1166 1029 1240 1057 tuta
1272 1027 1334 1065 12,
1368 1021 1412 1066 4,
1445 1027 1479 1058 2.
1515 1041 1564 1049 —

81 1070 172 1106 utile
201 1073 265 1114 10,
290 1075 335 1114 7,
359 1073 416 1108 19.
449 1090 496 1098 -
527 1078 654 1106 vetera
685 1074 725 1114 5,
751 1075 813 1114 10,
842 1074 909 1106 120
949 1071 992 1112 5,
1017 1071 1082 1111 13,
1107 1067 1164 1103 24.
1198 1070 1448 1112 exemplorum
1480 1080 1563 1104 cum

79 1122 245 1151 veterum
277 1119 353 1151 tdm
388 1117 495 1152 etiam
527 1128 707 1152 novorum
733 1121 790 1160 12,
816 1116 853 1161 4,
879 1121 912 1151 1.
933 1115 998 1158 -cs.
1023 1118 1078 1158 12,
1106 1118 1163 1157 11,
1187 1115 1251 1156 29;
1283 1120 1337 1148 tot
1373 1116 1561 1160 exemplo-

79 1173 163 1196 rum
192 1161 319 1197 circa
346 1163 584 1205 voluntariam
606 1169 755 1197 mortem
784 1163 826 1203 9,
849 1166 890 1206 2,
913 1163 961 1197 86
985 1162 1031 1195 Ν.
1091 1161 1139 1202 b)
1178 1173 1207 1193 c.
1243 1161 1378 1194 Germ..-
1420 1160 1561 1196 Pisonis

225 1218 286 1242 nm
299 1209 448 1251 9,2,61.
471 1228 518 1235 --
539 1209 655 1243 Ulixis
668 1212 723 1251 11,
734 1209 857 1251 3,158.
881 1225 925 1232 ——
946 1207 1052 1241 fictae
1070 1205 1338 1240 controversiae
1350 1208 1384 1247 7,
1400 1208 1436 1248 3,
1449 1208 1562 1240 30.—

71 1252 239 1298 (geuen‘n)
252 1254 442 1288 honorifici
458 1254 489 1296 6,
506 1256 543 1296 3,
560 1255 639 1289 108.
659 1275 705 1280 -
732 1253 894 1289 lectionis
907 1255 963 1294 10,
978 1255 1058 1294 1,2.
1083 1268 1128 1277 —
1151 1251 1272 1294 operis
1294 1251 1349 1285 sui
1367 1252 1402 1294 5,
1422 1254 1480 1295 12,
1502 1254 1559 1288 21.

79 1300 128 1326 '-
147 1303 270 1335 rernm
300 1301 337 1343 9,
360 1299 396 1342 4,
422 1300 480 1334 44.
506 1303 572 1343 12,
597 1303 662 1342 11,
686 1302 743 1335 17.
772 1299 892 1337 -,ι“εἰ
914 1297 1099 1342 utriusque
1126 1299 1174 1338 2,
1196 1296 1241 1339 4,
1268 1297 1322 1331 39.
1352 1301 1397 1340 7,
1424 1296 1469 1340 4,
1503 1301 1559 1333 15.

78 1345 140 1388 11,
156 1345 269 1389 3,’34.
290 1364 339 1371 —
362 1346 535 1380 virtutum
557 1345 716 1380 omnium
739 1348 797 1388 10,
819 1348 856 1388 2,
883 1348 913 1379 1.
938 1343 983 1386 cf.
1008 1345 1044 1386 8,
1067 1345 1102 1386 3,
1124 1343 1182 1377 66.
1206 1360 1251 1366 -
1274 1341 1444 1377 vitiorum
1468 1347 1501 1386 1,
1526 1346 1559 1386 5,

58 1420 61 1425 l
81 1394 141 1428 17.
162 1408 209 1418 -
230 1393 323 1427 bene
345 1391 486 1426 dicendi
510 1394 568 1435 10,
595 1394 642 1434 2,
666 1393 723 1427 28.
761 1391 806 1432 cs.
842 1394 908 1434 12,
932 1393 978 1433 2,
1002 1393 1069 1432 27;
1104 1389 1353 1432 exemplorum
1384 1390 1437 1422 ad
1467 1390 1560 1425 haec

71 1436 140 1486 (ο.
158 1438 295 1482 Lm)
317 1437 474 1471 infinitus
497 1444 552 1471 est
574 1448 742 1471 numerus
765 1439 800 1479 5,
828 1440 885 1480 10,
909 1437 968 1472 91.

84 1502 89 1512 ¹
115 1491 182 1540 ’βὶ
205 1507 266 1538 per
297 1497 441 1536 singulos
477 1497 593 1529 Casus.
617 1494 653 1534 a)
677 1494 874 1527 Nominm..·
902 1491 1081 1533 omnium,
1108 1500 1342 1534 quaecunque
1376 1490 1559 1532 docemus,

80 1540 156 1574 hoc
180 1545 264 1574 sunl:
291 1541 502 1584 exempla
526 1540 727 1584 potentiora
752 1540 859 1573 eliam
883 1539 984 1583 ipsis,
1005 1548 1096 1582 quae
1127 1537 1335 1577 traduntur,
1365 1535 1561 1578 artibus,

81 1595 164 1620 eum
185 1595 251 1628 eo,
273 1585 335 1630 qui
357 1585 479 1628 discit,
500 1586 692 1629 perductus
714 1592 788 1628 est,
812 1591 853 1618 ut
873 1584 1074 1630 intelligere
1096 1592 1140 1616 ea
1176 1581 1254 1615 sine
1282 1581 1560 1624 demonstrante,

77 1631 122 1666 α’
140 1630 243 1675 aqui
263 1630 334 1675 jam
354 1630 429 1666 suis
451 1631 589 1666 viribus
619 1630 749 1675 possit:
790 1631 893 1674 quia,
925 1641 1017 1674 quae
1043 1630 1171 1662 doctor
1204 1627 1406 1670 praecepit,
1437 1633 1562 1661 orator

55 1679 57 1682 ⁴
82 1673 249 1717 ostendit.
287 1679 349 1719 10,
381 1679 423 1719 1,
459 1678 519 1712 15.ι
548 1678 625 1720 ejus
655 1678 715 1719 (α.
747 1681 771 1710 1.
801 1676 860 1718 id)
894 1673 1222 1720 frequentissimum
1251 1674 1457 1716 exemplum
1493 1679 1560 1716 est,

60 1725 217 1764 'cantu
238 1730 387 1765 eunio,
410 1724 517 1756 dico
540 1724 576 1765 8,
591 1723 627 1765 6,
642 1723 697 1756 38.
722 1733 806 1764 ex„
826 1733 917 1766 quae
933 1726 1016 1755 sunt
1037 1721 1076 1753 in
1099 1718 1197 1753 omni
1219 1729 1352 1765 genere
1374 1729 1562 1752 causarum

206 1766 324 1801 ‘sainna
351 1770 387 1810 2,
409 1767 444 1807 4.
467 1770 524 1802 20.
545 1774 627 1801 sunt
650 1769 761 1801 multa
784 1769 860 1811 ejus
882 1767 937 1801 rei
960 1767 1125 1809 exempla
1151 1769 1184 1807 1,
1206 1767 1243 1805 2,
1270 1763 1295 1797 4
1317 1768 1361 1797 Ζ.
1387 1763 1432 1804 cs.
1462 1767 1497 1804 7,
1523 1764 1559 1807 4,

83 1814 143 1847 15.
166 1813 331 1856 exempla
350 1813 541 1856 plurimum
567 1813 607 1847 in
629 1813 786 1848 consiliis
810 1819 962 1857 possunt
982 1815 1017 1854 3,
1040 1813 1077 1854 8,
1100 1811 1159 1845 36-
1194 1810 1359 1843 omnibus
1382 1810 1437 1843 his
1461 1810 1560 1843 suffi-

85 1857 137 1892 cit
154 1858 217 1891 vel
237 1868 347 1890 unum
367 1857 551 1892 Ciceronis
573 1869 633 1893 ex.
655 1860 698 1900 8,
721 1858 764 1902 4,
786 1858 823 1892 4.
853 1870 935 1892 cum
964 1863 1064 1891 tanto
1088 1858 1190 1900 plura
1217 1856 1309 1889 bene
1332 1854 1475 1889 dicendi
1498 1867 1559 1889 ex.

84 1901 279 1946 supersim,
308 1913 414 1945 quam
440 1903 530 1945 illis,
563 1904 624 1947 qui
656 1904 772 1937 adhuc
805 1904 931 1937 summi
954 1909 1056 1944 sunt,
1089 1900 1315 1946 contigerunt
1349 1903 1414 1942 10,
1437 1903 1478 1944 2,
1501 1903 1559 1936 28.

82 1957 204 1991 neque
236 1952 291 1980 eut
313 1947 322 1954 ’
349 1947 469 1981 nobile
496 1959 555 1982 ex.
579 1949 770 1994 Megareus
803 1948 919 1983 victos
941 1947 1092 1982 Homeri
1123 1957 1236 1982 versu
1257 1947 1291 1986 5.
1315 1949 1371 1988 11,
1395 1946 1452 1980 40.
1485 1957 1562 1987 exq

85 1993 182 2038 quod
204 1991 243 2025 in
265 2002 304 2025 se
342 1997 479 2025 ortasse
499 1992 635 2026 recidat
663 1994 707 2034 5,
729 1996 766 2035 2,
789 1996 822 2027 2.
881 1995 926 2032 b)
957 1996 1088 2028 Genii„-
1134 1991 1291 2034 exempli
1323 1991 1436 2038 gratia
1463 1990 1500 2034 4,
1524 1995 1560 2034 2,
1587 2027 1593 2029 ,

85 2041 146 2074 17.
171 2040 207 2079 5,
225 2039 281 2078 10,
298 2039 377 2075 110.
396 2038 434 2079 6,
451 2038 485 2078 5,
498 2037 534 2071 6.
557 2038 646 2071 haec
663 2038 819 2081 exempli
842 2038 953 2082 gratia
975 2037 1152 2071 sufficient
1174 2038 1209 2078 9,
1223 2039 1259 2077 2,
1276 2037 1339 2079 56,
1364 2047 1413 2070 ex
1436 2037 1563 2082 cogni-

85 2083 187 2119 tione
218 2093 372 2117 rerum
405 2083 789 2126 exemplorumque
817 2085 874 2123 10,
898 2087 931 2124 1,
956 2082 1015 2119 34.
1047 2083 1173 2115 ductus
1196 2082 1318 2115 officio
1346 2097 1391 2105 -
1414 2081 1564 2125 alicujus

86 2139 164 2163 non
192 2127 383 2162 mediocris
414 2127 567 2171 exempli
597 2126 632 2170 4,
658 2130 691 2170 1,
713 2131 736 2162 7
761 2129 798 2160 S.
828 2128 1009 2161 abundare
1035 2127 1285 2169 exemplorum
1307 2125 1411 2169 copia
1445 2129 1502 2168 12,
1525 2126 1563 2169 4,

85 2177 124 2209 1.
158 2175 404 2218 exemplorum
436 2172 594 2206 infinitus
622 2182 790 2207 numerus
822 2174 865 2214 5,
889 2174 955 2215 10,
976 2173 1035 2208 91.
1064 2182 1169 2204 usum
1199 2172 1447 2214 exemplorum
1474 2173 1564 2205 nulli

85 2220 255 2262 materiae
278 2218 390 2264 magis
412 2218 608 2252 convenire
632 2216 750 2262 (quam
771 2218 956 2259 suasoriae)
983 2218 1019 2257 3,
1031 2217 1068 2259 8,
1082 2217 1140 2251 66.
1181 2214 1217 2259 c)
1239 2219 1321 2248 Dat.
1334 2230 1345 2249 .-
1371 2222 1411 2250 ut
1425 2215 1474 2250 sit
1495 2228 1563 2251 ex·-

85 2266 207 2310 empto
229 2264 302 2298 suis
319 2263 535 2297 auditoribus
557 2266 592 2305 2,
617 2263 651 2304 5,
677 2264 733 2298 16.
756 2261 941 2297 Ciceronis
961 2263 1024 2297 vel
1045 2273 1117 2295 una
1139 2261 1331 2305 quamlibet
1351 2261 1471 2295 multis
1496 2274 1564 2296 ex-

89 2309 215 2353 emplis
237 2308 418 2343 suffecerit
439 2308 555 2342 oratio
577 2309 613 2351 6,
632 2308 666 2349 5,
682 2310 718 2344 9.
751 2309 841 2342 baec
870 2307 901 2341 si
922 2318 968 2342 ra
976 2307 1102 2342 tione
1124 2306 1310 2340 manifesta
1336 2317 1409 2341 non
1432 2315 1563 2350 essent,

91 2353 319 2398 exemplis
350 2359 467 2387 tamen
493 2354 676 2388 crederem
699 2356 755 2396 12,
779 2356 815 2396 2,
838 2356 895 2387 22.
939 2354 980 2394 d)
1002 2357 1125 2386 Aecus.
1140 2366 1151 2385 .-
1185 2352 1217 2386 si
1242 2353 1339 2396 quod
1361 2354 1563 2396 exemplum

90 2399 138 2432 ed
159 2398 389 2434 imitationem
411 2399 719 2433 demonstrandum
745 2398 809 2442 sit,
831 2399 946 2433 solum
968 2405 1043 2442 est,
1067 2398 1164 2442 quod
1186 2409 1234 2432 ex
1257 2397 1409 2444 dialogis
1432 2399 1563 2432 Socra-

90 2442 244 2477 ticorum
265 2444 490 2488 maximeque
509 2444 667 2478 Platonis
690 2445 771 2479 duci
793 2450 911 2488 potest
934 2445 969 2486 5,
995 2447 1031 2486 7,
1054 2445 1111 2478 28.
1135 2444 1230 2487 quod
1253 2449 1307 2477 est
1330 2444 1563 2488 frequentius,

90 2499 198 2533 quam
219 2494 259 2523 ut
280 2490 482 2534 exemplum
504 2490 681 2524 derideret
701 2492 738 2534 9,
759 2493 796 2533 2,
825 2491 882 2525 53.
917 2489 978 2523 hic
1000 2488 1200 2534 (Homerus)
1227 2508 1275 2516 --
1297 2490 1461 2524 omnibus
1486 2492 1560 2524 elo-

90 2533 257 2614 ffnentine
278 2534 437 2579 partibus
458 2537 660 2580 exemplum
683 2541 720 2570 et
741 2542 859 2570 ortum
881 2535 979 2569 dedit
1012 2537 1067 2578 10,
1093 2538 1125 2577 1,
1147 2534 1206 2569 46.
1232 2540 1271 2568 ut
1298 2546 1347 2569 ex
1370 2535 1449 2570 aliis
1473 2536 1564 2583 legi-

46 2597 51 2601 ·
116 2590 159 2614 m
191 2581 355 2625 exempla
388 2581 556 2615 ducamus
581 2585 625 2624 7,
654 2582 697 2624 6,
720 2585 757 2618 7.
793 2592 862 2615 nec
897 2581 1050 2615 libenter
1080 2581 1301 2624 exemplum,
1331 2583 1426 2624 quod
1455 2580 1494 2615 in
1525 2593 1564 2615 se

15 2643 17 2646 ·
84 2625 244 2660 somne
266 2626 422 2670 recidat,
443 2626 532 2661 ficit
553 2627 596 2668 5,
619 2629 663 2670 2,
685 2630 720 2660 2.
752 2626 937 2669 (exempla)
960 2626 1004 2660 ab
1034 2625 1238 2660 hominibus
1258 2626 1395 2673 magnis
1417 2638 1565 2670 praece-

0 2662 7 2692 s
44 2668 46 2670 ¹
89 2675 233 2715 mum
253 2671 448 2707 lom'ficta
477 2674 535 2715 12,
556 2670 594 2716 4,
622 2675 659 2706 2.
699 2672 1006 2717 narralolPisonis
1029 2673 1195 2715 exemplo
1223 2673 1265 2714 9,
1289 2675 1333 2714 2,
1358 2672 1417 2706 61.
1448 2673 1564 2716 poetis

0 2765 22 2802 l¹⁴

140 2741 224 2773 ια.
249 2739 363 2783 (nam.
699 2749 703 2752 ·
1106 2741 1152 2773 20
