1702 3054
510 955 1191 1028 PRAEFATIO

366 1117 516 1168 AD
613 1113 1366 1202 LEc'ronsssg

91 1382 286 1483 Quod
322 1423 576 1492 promissa
616 1420 813 1471 abhinc
851 1421 1231 1490 quinquennio
1266 1437 1415 1474 sexta
1452 1436 1506 1472 et
1535 1424 1621 1473 ul-

23 1564 25 1566 ,
87 1509 243 1570 tima,
284 1523 426 1573 quae
457 1503 708 1567 Lexicon
738 1503 1006 1565 continet,
1050 1522 1174 1571 pars
1203 1504 1624 1573 Spaldingianae

23 1587 32 1599 ‘
90 1587 333 1649 editionis
369 1584 719 1651 Quintiliani,
774 1584 884 1650 jam
923 1587 1023 1633 sub
1057 1585 1228 1643 finem>
1255 1585 1626 1635 antecedentis

90 1669 256 1728 seculi
290 1668 602 1726 inchoatae,
636 1681 789 1713 nunc
827 1667 1042 1714 demum
1077 1666 1363 1727 emittitur,
1405 1682 1626 1714 excusa-

90 1755 231 1809 bunt
261 1762 430 1808 certe,
467 1746 562 1813 qui
580 1748 792 1794 malunt
815 1762 940 1795 cum
961 1762 1092 1806 cura
1115 1761 1168 1794 et
1190 1748 1400 1807 labore,
1438 1748 1627 1812 quoad

88 1833 145 1881 id
171 1835 440 1878 humanae
467 1825 761 1875 industriae
787 1826 1102 1894 contingere
1123 1841 1327 1893 potest,
1360 1825 1630 1893 perfectis,

91 1928 255 1978 quam
273 1907 528 1957 festinatis
551 1922 604 1956 et
622 1909 777 1957 velut
795 1906 1147 1972 praecocibus
1166 1906 1248 1955 uti
1267 1907 1425 1955 libris.
1452 1905 1629 1958 Velim

93 1989 366 2054 equidem,
400 2002 464 2035 ut
494 1987 573 2047 id,
609 1990 761 2052 quod
792 1986 1071 2053 Philippus
1098 1989 1469 2036 Buttmannus
1503 1985 1631 2034 olim

94 2070 246 2130 (Vol.
274 2068 363 2116 IV.
398 2067 567 2113 Praef.
604 2083 657 2131 p.
683 2067 828 2131 VII.)
878 2070 945 2114 de
979 2066 1174 2132 quinto
1212 2066 1490 2118 volumine
1524 2082 1630 2114 nec

90 2150 286 2196 frustra
309 2157 623 2210 optaverat,
657 2145 798 2192 idem
822 2149 890 2193 de
911 2149 1018 2194 hoc
1045 2161 1196 2194 sexto
1222 2148 1630 2211 quodammodo

94 2225 259 2294 possit
297 2222 619 2290 praedicari,
675 2225 977 2288 perfectum
1026 2241 1134 2272 esse
1180 2241 1314 2274 cura
1363 2227 1531 2295 digna
1574 2241 1630 2274 et

94 2305 428 2372 Quintiliano
477 2319 531 2351 et
568 2303 899 2371 SpaldingiO.
992 2305 1438 2370 Demandaverat
1487 2306 1631 2355 enim

46 2419 50 2424 v
93 2386 219 2446 mihi
246 2385 562 2452 jamdudum
592 2385 647 2431 C.
669 2383 903 2432 Timoth.
925 2385 1233 2451 Zumptius,
1270 2404 1383 2452 quo
1414 2385 1630 2454 egregio

95 2466 227 2526 viro,
262 2479 616 2531 praeceptore
639 2478 803 2512 antea
824 2481 960 2526 meo,
997 2467 1064 2512 ab
1090 2464 1183 2513 illo
1205 2480 1450 2532 tempore
1473 2465 1630 2514 fami-

97 2544 274 2606 liarius
323 2549 402 2592 uti
445 2544 571 2593 mihi
618 2544 871 2611 contigit,
930 2562 1100 2611 quum
1149 2545 1261 2611 ipse
1307 2547 1549 2596 relictam
1596 2564 1631 2594 a

94 2627 433 2674 Buttmanno
476 2624 647 2691 operis
685 2640 896 2690 partem
933 2625 1275 2690 suscepisset,
1335 2644 1532 2692 meque
1571 2625 1631 2674 in

97 2704 388 2772 digerenda
415 2718 469 2752 et
497 2709 877 2770 componenda
909 2705 1195 2773 largissima
1227 2706 1487 2754 Codicum
1516 2723 1631 2754 ma-

94 2782 491 2850 nuscriptorum
510 2801 660 2850 penu
679 2784 981 2850 adjutorem
1003 2785 1330 2848 adscivisset,
1353 2784 1633 2854 negotium
