1728 3002
182 116 238 154 44
632 105 887 150 Alimentum
915 128 968 138 -
994 104 1238 165 Aliquando

224 234 310 258 num
343 222 524 265 videatur,
563 223 657 266 quod
683 220 830 256 dicimus
860 220 895 262 6,
931 220 966 263 3,
994 220 1050 253 33.
1086 216 1256 263 [judicem
1282 199 1343 254 eut
1368 219 1424 254 tra
1453 226 1515 255 eut
1546 226 1692 266 propter

225 270 368 314 aliquod
399 268 619 303 commodum
652 279 672 301 a
698 278 802 302 causa
834 282 877 290 —
908 264 1059 299 alienum
1090 264 1164 309 (nic
1186 269 1229 300 Z.
1260 273 1449 310 corruptum
1472 268 1560 301 hunc
1585 271 1692 302 locum

225 313 422 358 emendavit)
450 317 502 357 11,
529 317 562 356 1,
587 313 660 355 75.]
1377 349 1390 358 .
1629 321 1633 323 “

179 369 452 412 Alimentum.
496 391 670 424 reponere
703 378 740 413 in
772 378 921 413 hiemem
953 376 1118 412 alimenta
1144 380 1179 422 2,
1211 378 1267 420 16,
1296 378 1351 412 16.
1436 371 1510 423 ter,
1542 379 1690 425 exposi-

224 433 298 461 tum
325 428 384 472 qui
410 426 610 474 agnoverit,
637 425 759 469 solutis
783 422 971 466 alimentis,
994 422 1143 467 recipiat
1164 427 1199 467 7,
1226 426 1260 467 1,
1287 422 1322 458 4.
1357 389 1459 468 esini),
1481 427 1518 469 2,
1541 426 1600 462 89.

180 481 293 524 Alio·
336 495 406 529 alio
437 496 546 528 relata
575 493 718 534 (n‘ovum
748 494 976 526 sententiarum
1005 490 1131 534 genus)
1160 492 1197 534 8,
1230 493 1266 534 5,
1296 493 1351 527 16.
1383 491 1455 526 alio
1484 490 1692 527 transenndi

247 540 334 573 ralia
356 542 390 583 9,
419 543 453 583 2,
482 541 536 574 55.
570 540 645 573 aliis
678 540 742 572 sed
776 549 847 571 non
877 537 948 570 alio
980 537 1206 571 tendentibus
1233 538 1354 574 verbis
1386 539 1422 582 9,
1443 540 1480 581 3,
1503 537 1562 574 45.
1593 539 1691 572 nulla

223 550 453 633 {isti-ingente
474 592 576 630 atque
600 586 668 619 alio
697 586 846 618 ducente
871 594 976 616 causa
1002 586 1056 627 12,
1082 586 1116 627 1,
1144 586 1178 619 5.
1572 604 1581 607 s

175 641 363 697 Alioqui·
419 652 452 698 1)
477 653 518 698 α)
539 655 562 686 1‘.
585 666 615 698 ‹1-
643 655 752 685 aliis
778 654 818 684 in
848 653 1008 684 rebus.-
1039 649 1173 696 alioqui
1195 650 1471 687 malmn'oiyem
1494 653 1552 695 12,
1576 654 1610 696 1,
1632 649 1689 695 43.

219 699 398 733 hominem
431 701 476 733 al.
506 698 767 732 disertissilmun
793 699 828 740 8,
861 699 894 738 1,
925 699 960 731 2.
997 695 1042 738 cs.
1066 700 1122 740 11,
1148 700 1182 739 1,
1205 699 1262 732 73.
1292 698 1464 742 juvenem
1494 697 1693 733 studiosum
1726 728 1727 731 ,

167 737 177 758 ¹
221 746 266 780 al.
293 747 347 788 10,
373 747 407 787 3,
430 746 486 779 82.
519 744 686 778 eruditam
712 745 757 776 al.
786 743 903 777 virum
929 743 964 784 9,
993 745 1027 786 1,
1053 744 1109 778 18.
1145 742 1278 788 alioqui
1306 743 1366 779 vir
1388 744 1564 778 facundus
1594 744 1633 787 6,
1654 746 1689 787 1,

220 791 276 826 39.
315 790 373 825 vir
399 792 442 823 al.
471 790 604 824 subtilis
628 793 662 833 3,
689 792 744 832 11,
769 792 823 822 22.
861 789 961 832 cujus
995 794 1032 823 et
1065 789 1196 823 multae
1227 790 1272 823 al.
1303 795 1340 830 et·
1360 800 1510 837 magnae
1535 789 1689 826 virtutes

218 836 361 870 fuerunt
396 838 449 880 10,
479 838 511 878 1,
539 837 616 870 128.
655 835 791 881 maguis
821 835 865 868 al.
893 833 996 868 malis
1028 834 1173 881 gravius
1201 846 1281 871 esse
1304 835 1342 871 id
1363 836 1401 879 6,
1422 837 1541 881 2,,22.
1577 835 1689 870 ratio-

217 892 299 916 nem
334 887 430 916 recte
459 881 650 925 loquendi,
687 892 758 914 non
790 892 915 924 parum
944 882 988 914 al.
1021 881 1202 924 copiosam
1233 884 1269 925 2,
1302 884 1336 925 1,
1366 879 1400 916 ,4.
1437 891 1529 927 quae
1555 881 1689 927 alioqui

216 933 340 961 natura
364 932 444 961 sunt
466 934 594 971 aspera'
616 931 650 969 2,
672 926 707 969 4,
738 930 790 961 12.
822 937 956 960 novum
978 925 1017 960 in
1044 933 1156 970 statu,
1191 927 1324 972 alioqui
1345 927 1514 965 usitatum
1535 927 1572 971 6,
1595 927 1631 971 5,
1654 929 1690 962 3.

217 972 264 1014 ef.
291 973 323 1015 5,
349 975 404 1015 10,
433 976 488 1007 27.
536 974 660 1017 Neque
687 973 780 1006 enim
801 973 1031 1016 jurejurando
1059 983 1150 1016 opus
1172 973 1305 1018 fuisse,
1338 973 1379 1009 si
1410 972 1504 1008 alio
1515 973 1598 1019 qui¹
1614 973 1688 1007 hoc

215 1019 342 1052 mentis
372 1019 575 1053 habuissent
601 1019 644 1062 4,
675 1022 718 1061 2,
748 1018 804 1053 74.
862 1021 1023 1061 excipitur
1059 1020 1293 1063 Consano-tione
1321 1027 1388 1056 et:
1413 1019 1493 1063 ·i·,
1530 1018 1595 1064 qui
1624 1019 1690 1053 de-

216 1065 306 1107 fert,
341 1064 524 1109 alioqui
549 1075 652 1111 agere
674 1066 833 1098 modeste
857 1064 1002 1098 videtur
1024 1082 1091 1108 —,
1116 1071 1162 1100 et
1182 1077 1287 1110 enm,
1313 1066 1416 1110 cuitu
1438 1064 1599 1113 cognitio
1621 1071 1690 1108 est,

216 1111 294 1154 jure
322 1109 445 1144 liberat
469 1112 502 1151 5,
527 1111 563 1153 6,
586 1109 620 1144 4.
676 1109 719 1156 β)
745 1113 766 1143 ι’.
791 1124 820 1154 q.
846 1118 1099 1153 praeterea.-
1136 1117 1191 1145 tot
1223 1112 1358 1156 alioqui
1388 1111 1543 1158 negotiis
1569 1110 1690 1146 distri-
1713 1145 1715 1149 ,

217 1155 282 1190 ctis
309 1156 373 1199 Ep.
406 1157 448 1189 ad
476 1157 611 1200 Tryph.
647 1158 679 1189 1.
716 1156 800 1200 quid
831 1156 957 1202 melius
989 1157 1034 1190 al.
1069 1157 1227 1191 facient?
1267 1161 1301 1201 1,
1335 1160 1368 1201 1,
1408 1159 1464 1193 18.
1498 1157 1595 1203 quod
1626 1156 1690 1191 illa

215 1201 510 1244 speciosissimum
540 1203 584 1235 al.
617 1212 745 1246 corpus
779 1202 920 1236 diducta
952 1203 1150 1238 nudaverat
1182 1202 1304 1237 tunica
1333 1206 1371 1247 2,
1394 1205 1459 1246 -15,
1485 1204 1510 1239 9
1537 1205 1573 1237 S.
1607 1214 1690 1245 cnm

215 1247 420 1290 praesertim
446 1247 604 1292 plurimis
637 1249 680 1282 al.
707 1248 850 1282 Graecis
880 1249 925 1282 sit
953 1250 1125 1282 utendum
1148 1251 1184 1292 2,
1210 1247 1266 1291 14,
1289 1247 1326 1283 4.
1362 1249 1425 1283 sed
1448 1249 1494 1283 al.
1516 1248 1569 1283 sic
1601 1258 1689 1292 pro-

215 1293 309 1327 cedit
332 1293 445 1336 ipsum
469 1305 556 1337 opus
578 1293 602 1327 4
624 1295 680 1327 Pr.
706 1295 740 1330 6.
765 1296 812 1328 Ν.
845 1295 890 1328 al.
915 1306 1007 1338 quae
1029 1300 1102 1328 tam
1127 1295 1316 1330 manifesta
1341 1300 1377 1329 et
1402 1294 1522 1329 lucida
1549 1299 1606 1329 est
1627 1305 1690 1328 ra-

215 1337 291 1372 tio?
338 1339 412 1386 Ego
436 1345 571 1382 autem,
606 1351 750 1385 magnos
782 1342 827 1373 al.
861 1346 1004 1374 secutus
1035 1345 1223 1384 auctores,
1258 1357 1306 1366 -
1329 1339 1498 1375 existimo
1520 1338 1558 1384 4,
1576 1342 1618 1384 ³2,
1643 1342 1685 1374 11

214 1385 263 1418 Ν.
283 1383 318 1426 4,
343 1386 376 1427 5,
401 1387 434 1420 3.
477 1384 622 1429 Alioqui
647 1391 728 1420 sunt
751 1387 922 1430 quaedam
952 1386 1053 1433 signa
1084 1386 1226 1432 utrique
1252 1386 1345 1432 parti
1367 1385 1570 1421 communia
1593 1385 1629 1430 5,
1650 1386 1688 1430 9,

217 1432 272 1463 11.
305 1435 340 1462 et
366 1431 410 1463 al.
434 1429 472 1464 in
493 1437 590 1474 patre
613 1431 722 1478 figura
750 1433 830 1476 plus
846 1432 942 1477 *facit
968 1444 1074 1477 quam
1095 1432 1180 1467 licet
1205 1434 1242 1476 9,
1265 1435 1301 1476 2,
1325 1433 1382 1468 88.
1419 1432 1554 1467 Asiana
1586 1442 1688 1479 gens,

216 1474 382 1508 tumidior
407 1478 450 1509 al.
479 1483 581 1521 atque
606 1477 810 1520 jactantior,
847 1478 998 1513 vaniore
1022 1477 1159 1513 etiam
1184 1477 1329 1513 dicendi
1377 1478 1470 1513 lotia
1490 1478 1611 1513 inflata
1633 1483 1690 1512 est

214 1519 267 1563 (a.
294 1525 316 1554 1.
342 1521 494 1565 alioquin
519 1525 565 1556 N.
592 1525 654 1565 cr.)
681 1527 734 1566 12,
764 1526 820 1566 10,
849 1527 903 1558 17.
948 1523 987 1570 y)
1010 1528 1032 1557 ἰ.
1061 1538 1092 1569 q.
1119 1532 1278 1563 antea:
1307 1536 1349 1558 su
1390 1524 1530 1561 ciebant
1554 1523 1689 1568 alioqui

213 1566 297 1599 libri
321 1568 390 1601 duo
423 1579 443 1601 a
467 1568 624 1602 Domitio
655 1569 745 1603 Afro
777 1570 814 1603 in
841 1571 934 1604 hanc
960 1582 1037 1605 rem
1064 1571 1252 1614 compositi
1274 1571 1311 1614 5,
1340 1574 1377 1614 7,
1399 1574 1434 1607 7.
1468 1581 1565 1615 quw
1593 1568 1688 1613 (107·

214 1613 338 1655 iuna),
381 1612 410 1646 si
434 1614 516 1657 quid
543 1614 772 1649 mediocriluu
799 1617 844 1650 al.
874 1616 912 1650 in
936 1622 1062 1651 nostro
1087 1616 1234 1664 ingenio
1256 1616 1389 1652 virium
1420 1616 1513 1660 fuit,
1550 1620 1591 1650 ut
1610 1625 1688 1650 non

215 1658 427 1702 extinxerit,
452 1659 643 1695 debilitavit
668 1667 782 1695 tamen
805 1662 828 1696 6
856 1663 909 1696 Pr.
939 1662 996 1697 15.
1042 1659 1087 1709 δ)
1112 1665 1136 1697 i.
1160 1676 1191 1708 ‹1-
1220 1666 1260 1695 εἰ
1293 1665 1444 1696 aliter
1469 1660 1555 1704 sit.-
1589 1662 1686 1706 quod

213 1702 284 1736 ita
306 1703 411 1738 fieri
438 1706 636 1749 oportebit,
663 1707 693 1740 si
719 1719 777 1741 res
803 1708 1058 1742 dubitationem
1081 1718 1156 1742 non
1181 1707 1347 1752 habebit,
1380 1706 1564 1752 alioqui
1586 1706 1687 1750 prius

215 1754 287 1791 est,
319 1751 413 1793 quod
437 1751 601 1794 objicias,
634 1764 759 1787 venun
785 1754 950 1797 efficere,
985 1766 1089 1798 quam
1114 1765 1280 1800 magnum
1303 1751 1339 1797 4,
1364 1755 1400 1797 3,
1423 1753 1459 1788 6.
1506 1753 1548 1786 Id
1570 1757 1688 1786 autem

213 1795 234 1827 f
240 1794 305 1827 iet
343 1797 530 1831 memoriae
562 1797 695 1832 viribus
730 1811 788 1832 -ε
828 1800 999 1845 alioqui
1038 1801 1102 1835 vel
1138 1799 1418 1844 extemporalem
1452 1796 1688 1832 macritatem

214 1841 306 1873 malo
338 1844 388 1879 10.
417 1843 450 1885 6,
477 1844 510 1876 6.
545 1843 675 1887 alioqui
708 1846 926 1888 pereundum
961 1851 1015 1880 est
1047 1847 1082 1889 3,
1111 1846 1147 1889 8,
1170 1847 1228 1879 23.
1258 1844 1530 1898 ‘ih-indubitata
1553 1849 1687 1887 essent,

213 1891 593 1976 3⁰5¹..a25f'3133ss3035
613 1890 1455 1981 ¹0‘1'ss1uff1‘32'1finividessfbssiisi‘ffi,3333?ssss
1473 1892 1517 1978 ¹3:
1541 1890 1686 1979 ἒῖῗοέἰ

213 1976 344 2019 operiri
368 1979 549 2013 humerum
575 1992 654 2014 cum
684 1988 758 2016 toto
790 1984 912 2029 jugulo
944 1993 1018 2017 non
1043 1988 1204 2026 oportet,
1241 1983 1287 2017 al.
1314 1981 1462 2016 amictus
1483 1982 1546 2016 fiet
1574 1991 1687 2027 nngu-
1722 2007 1725 2010 -

213 2027 289 2074 stus
317 2026 369 2065 11,
391 2027 426 2067 3,
452 2024 527 2058 141.
555 2026 598 2066 cs.
621 2030 655 2070 2,
680 2030 714 2071 9,
741 2030 773 2062 3.
800 2032 834 2071 2,
864 2031 920 2071 10,
947 2032 981 2064 7.
1005 2027 1042 2071 4,
1065 2032 1101 2071 2,
1127 2031 1186 2063 23.
1215 2030 1272 2071 11,
1295 2031 1330 2071 2,
1354 2027 1415 2063 45.
1470 2026 1511 2071 ε),
1531 2026 1688 2071 adju-etur

215 2073 396 2110 conjunctio
428 2073 671 2106 conditionalis.-
720 2074 802 2117 quid
845 2074 1035 2119 alioqui
1068 2075 1151 2118 fiet,
1193 2073 1235 2108 si
1263 2074 1415 2118 spatium
1448 2072 1687 2118 componendi

212 2113 407 2148 orationem
431 2116 511 2150 stilo
534 2128 607 2151 non
632 2119 738 2152 suerit
763 2122 795 2159 3,
823 2123 859 2163 9,
885 2122 917 2156 9.
956 2120 1241 2154 immutescamus
1271 2121 1349 2164 ala,
1380 2119 1419 2153 si
1447 2118 1538 2153 nihil
1562 2111 1687 2153 diceti-

213 2159 294 2192 dum
316 2160 496 2204 videatur,
528 2162 596 2196 nisi
623 2166 716 2207 quod
742 2176 813 2199 non
838 2166 1040 2201 invenimus
1068 2168 1124 2209 10,
1151 2167 1186 2208 3,
1213 2167 1256 2200 16
1280 2167 1328 2199 Ν.
1376 2164 1472 2212 Quid
1498 2163 1688 2208 alioqui

212 2204 291 2246 fiet,
332 2217 436 2240 cum
466 2207 503 2241 in
527 2209 643 2243 medio
675 2212 757 2244 foro
788 2212 857 2245 erit
882 2213 1093 2254 dicendum,
1137 2211 1176 2245 si
1202 2211 1392 2255 particulas
1418 2209 1581 2253 reperire
1610 2216 1689 2244 non

212 2253 420 2291 possumus?
456 2256 511 2295 10,
541 2256 576 2297 3,
608 2257 666 2289 30.
711 2256 939 2301 Alioqui,
973 2257 1050 2291 nbi
1086 2256 1176 2291 nihil
1207 2268 1255 2292 ex
1287 2254 1544 2311 significatione
1572 2259 1687 2290 muta-

214 2299 286 2327 tum
306 2302 378 2337 est,
409 2315 451 2320 —
473 2298 582 2345 figura
605 2300 722 2344 potins
744 2303 937 2338 verborum
960 2303 1031 2338 dici
1055 2308 1173 2348 potest
1195 2304 1232 2346 8,
1254 2302 1292 2346 6,
1315 2304 1375 2337 67.

170 2336 457 2392 Aliquamdiu.
495 2358 530 2398 2,
554 2358 588 2398 3,
616 2359 649 2391 1,
672 2360 728 2400 12,
754 2361 789 2401 2,
816 2359 851 2394 6,

171 2392 423 2459 Αιῐίιῠὲὶῐὶἀῼ·
467 2411 495 2450 l)
528 2415 660 2455 proprie
693 2417 855 2459 aliquo
890 2423 1110 2460 tempore.-
1154 2425 1223 2449 neo
1253 2425 1356 2457 eum,
1401 2413 1463 2459 qui
1495 2412 1687 2460 flliqlumdq

215 2459 436 2501 peccaverit,
461 2454 581 2499 utique
605 2459 821 2494 commisisse
848 2462 966 2495 omnia
990 2465 1024 2505 7,
1047 2465 1082 2504 2,
1106 2462 1164 2496 30.
1197 2460 1374 2494 neminem
1396 2470 1472 2494 non
1493 2458 1576 2505 aliq.
1601 2469 1689 2494 coe-

217 2507 310 2546 pisse
334 2508 479 2540 peccare
504 2503 546 2534 ib.
570 2503 622 2535 33.
660 2504 742 2537 dum
766 2506 908 2548 timent,
945 2518 992 2540 ne
1026 2507 1152 2551 aliqu
1163 2507 1284 2540 ando
1311 2506 1460 2548 cadant,
1496 2515 1688 2550 semper

217 2547 332 2583 jacent
354 2545 389 2584 ὅ,
415 2545 448 2584 5,
472 2547 523 2597 32
562 2546 622 2598 qni
647 2547 809 2593 (orator),
837 2551 867 2584 si
891 2551 1018 2586 suisset
1041 2552 1124 2596 aliq.
1149 2553 1356 2597 perfectus.
1382 2561 1457 2585 11θῦ
1483 2562 1505 2584 ⁸
1525 2550 1688 2595 Philmo‘

217 2587 365 2638 phorum
402 2590 532 2623 scholis
564 2593 702 2626 virtutis
737 2603 924 2639 praecepta
957 2603 1164 2641 peterentur
1194 2599 1252 2632 Pr.
1290 2599 1344 2632 17.
1378 2598 1574 2630 futurus
1608 2596 1688 2629 elo-

218 2632 481 2686 quentissimus,
509 2635 615 2687 edidit
639 2638 746 2683 aliq.
772 2641 926 2686 vagitum
952 2646 984 2683 1,
1012 2646 1045 2685 1,
1069 2645 1126 2676 21.
1159 2654 1228 2688 qua
1261 2641 1386 2687 (sunm)
1417 2641 1497 2675 diu
1521 2639 1688 2686 prittceps

219 2684 357 2721 orator,
389 2680 490 2724 aliq.
513 2681 695 2717 Ciceronis
724 2686 880 2721 aemulus
910 2687 1130 2724 existimatus
1153 2695 1231 2733 est,
1265 2686 1525 2725 novissime
1555 2696 1687 2722 semin-
