1728 3002
152 121 231 160 552
626 117 844 161 Naturalis
875 145 930 153 —
962 118 1255 170 Naturaliter}
1303 130 1305 132 '

197 234 232 267 8.
259 235 314 275 11,
339 232 478 275 3,·151.
503 233 649 267 fuerunt
674 234 765 268 haec
789 221 1084 278 quer'nadmodnm
1112 236 1233 280 juncta
1251 242 1381 280 'nat-,¹
1418 236 1470 280 sic
1510 234 1686 282 officio
1726 273 1728 275 ,

200 288 343 323 quoque
369 281 534 324 copulata
559 281 613 312 Pr.
649 281 704 313 13.
753 280 904 315 virtutes
934 280 967 315 ei
1005 280 1183 325 defuisse,
1214 281 1306 317 *sive
1337 281 1448 328 ipsius
1483 289 1587 328 nat„
1623 296 1688 319 seu

199 326 299 372 lege
324 324 476 360 civitatis
502 329 558 367 12,
584 327 640 368 10,
667 326 723 360 26.
770 328 891 373 leges,
916 338 1006 371 quae
1028 339 1064 362 ιι,
1090 333 1172 362 sunt
1194 329 1358 363 omnibus
1381 329 1482 364 datae
1507 333 1563 374 12,
1586 333 1622 373 2,
1649 333 1685 366 3.

198 381 235 405 n.
264 371 425 405 ducimur
449 372 491 405 ad
516 372 642 405 modos
667 373 701 414 9,
722 370 757 413 4,
784 375 838 407 10.
885 372 932 406 ita
962 384 998 406 n.
1031 374 1108 408 fieri
1150 377 1182 416 1,
1216 375 1251 416 5,
1282 377 1338 408 70.
1372 377 1551 423 <translata
1573 371 1687 411 verba

198 416 305 452 alium
331 423 413 452 nat.
439 419 678 458 intellectum,
715 418 823 452 alium
847 419 960 454 loco
985 421 1157 463 praebent
1180 422 1223 453 ib.
1256 423 1314 455 71.
1362 421 1460 454 nasci
1495 427 1531 456 et
1553 433 1687 467 prove«,-

197 463 274 497 nire
298 474 333 496 ιι.
362 465 395 506 5,
423 462 479 507 14,
505 465 561 498 32.
589 475 679 508 quae
704 476 739 497 ιι.
766 475 840 498 ιιοιι
865 470 947 499 sunt
967 466 1260 509 reprehendenda
1285 469 1341 508 11,
1370 469 1403 510 1,
1427 466 1689 512 47.j‹1uanmm

196 515 286 543 nat.
312 510 476 543 studio
488 521 558 553 que
581 513 699 544 valeat
723 511 897 545 memoria
921 514 975 551 11.
1001 515 1035 549 2,
1068 513 1133 555 50,
1177 513 1273 557 quod
1309 512 1416 556 ipsa
1446 519 1537 550 nat.
1565 514 1684 558 potius

197 567 239 589 ac
261 557 374 593 maius
403 562 457 589 est
482 559 539 600 12,
566 559 600 600 1,
624 560 657 590 1.
682 568 882 603 quanquam
906 563 998 592 nat.
1027 557 1130 602 ipsa
1154 557 1271 593 divisa
1306 558 1377 593 sint
1409 559 1445 602 9,
1474 558 1511 602 4,
1542 562 1600 595 70.
1636 560 1683 603 os.

195 603 230 643 9,
254 607 289 645 2,
315 603 372 644 59,

289 669 341 714 Π)
386 671 428 703 de
475 673 562 704 omni
602 673 775 716 qualitate.
823 669 866 716 a)
902 685 932 706 c.
977 674 1109 706 Genii„-
1166 671 1311 706 ablativi
1350 683 1386 706 n.
1422 691 1469 697 -
1499 672 1612 709 dativi
1647 677 1682 718 1,

196 715 242 758 4,
274 718 332 750 26.
364 715 603 760 (affectuum)
636 727 711 751 non
741 718 895 762 simplex
925 730 961 752 ιι.
993 720 1026 758 6,
1066 723 1102 760 2,
1138 720 1171 752 2.
1214 719 1247 761 5,
1282 720 1316 760 8,
1350 721 1386 753 2.
1434 730 1526 764 quae
1562 731 1596 754 n.
1630 726 1686 755 est

195 762 359 796 omnium
378 763 668 809 argumentorum
694 765 726 802 5,
754 766 811 806 10,
838 765 872 798 8.
918 766 1172 798 secundum
1202 775 1237 798 n.
1272 764 1498 808 eloquentiae
1534 768 1591 806 12,
1627 769 1686 808 10,
1716 788 1718 791 ν

194 806 250 841 44.
275 809 353 852 ipsa
376 808 518 842 honesti
543 821 578 843 n.
602 811 637 852 3,
660 811 695 853 8,
722 811 778 845 39.
803 810 891 857 legis
914 822 950 844 ιι.
975 813 1011 853 2,
1035 809 1071 854 4,
1100 811 1157 846 39.
1205 810 1310 853 hujus
1339 809 1490 843 nominis
1525 823 1561 845 ιι.
1588 811 1624 855 6,
1642 814 1687 856 ’2,

195 857 251 888 12.
277 856 311 896 7,
342 857 396 896 10,
418 858 452 889 3.
500 855 572 890 vis
596 863 631 889 et
655 862 742 890 nat.
769 857 928 890 omnium
951 868 1071 890 rerum
1100 858 1134 898 5,
1159 857 1216 898 10,
1242 858 1297 891 15.
1319 857 1375 890 53.
1408 856 1522 900 qualis
1546 857 1592 891 sit
1620 869 1686 892 cu-

193 901 321 944 jusque
349 901 402 935 rei
424 912 457 934 n.
482 903 516 941 3,
542 903 577 944 6,
603 904 660 936 29.
685 901 717 941 4,
742 905 775 944 2,
802 904 881 938 116.
904 906 939 946 7,
963 901 999 946 4,
1025 905 1058 936 1:
1084 902 1128 943 cs.
1144 901 1269 944 'inst-113
1296 901 1548 936 sententiarum
1563 914 1600 938 n.
1626 907 1685 950 1-1,

194 949 229 988 ὀ,
254 946 312 981 46.
360 960 397 981 ιι.
425 947 596 983 virtutum
619 948 861 994 vitiorumque
888 952 923 990 2,
948 947 984 991 4,
1022 951 1079 982 21.
1128 948 1280 992 simplex
1308 947 1459 982 canendi
1488 959 1524 983 ιι.
1555 949 1590 992 5,
1627 950 1684 994 10,

195 991 251 1026 24.
301 995 482 1038 quomodo
509 995 644 1028 duabus
669 995 811 1028 demum
834 995 1020 1030 vocalibus
1044 994 1081 1028 in
1114 1005 1153 1028 se
1186 994 1282 1038 ipsas
1311 993 1466 1028 coeundi
1500 1005 1537 1029 ιι.
1569 994 1617 1029 sit
1650 998 1683 1038 1,

195 1038 231 1082 4,
262 1042 317 1073 11.
365 1038 409 1085 β)
437 1053 498 1083 per
524 1044 635 1074 varios
662 1043 784 1076 Casus.-
821 1042 884 1075 Est
907 1043 998 1075 haec
1033 1040 1072 1074 in
1108 1039 1292 1083 metalepsi
1323 1051 1372 1082 n.,
1405 1045 1450 1074 ut
1485 1048 1545 1074 etc.
1580 1042 1626 1084 8,.
1651 1042 1686 1082 6.

195 1086 260 1127 38;
299 1086 410 1130 ejusd.
441 1092 559 1120 tamen
584 1098 634 1129 n.,
665 1088 765 1129 cujus
791 1094 874 1121 sunt
905 1099 947 1121 ea
977 1087 1211 1130 (schemata),
1254 1086 1300 1119 de
1331 1085 1605 1131 quibussdictum
1632 1093 1687 1122 est

193 1133 228 1173 9,
253 1134 288 1173 2,
313 1135 391 1167 107.
438 1138 520 1166 sunt
547 1133 615 1166 alia
641 1132 792 1176 (verba)
817 1135 922 1177 hujus
946 1144 994 1176 n.,
1030 1139 1068 1166 ut
1093 1133 1188 1166 idem
1211 1132 1370 1176 pluribus
1394 1132 1544 1166 vocibus
1568 1134 1687 1168 decla-

163 1184 167 1197 ¹
193 1182 274 1211 rent
299 1180 353 1220 10,
381 1181 414 1220 1,
442 1181 494 1211 11.
521 1179 592 1212 hoc
616 1179 806 1224 (sequens)
841 1179 1069 1222 temporis
1096 1189 1197 1220 esse,
1230 1179 1318 1212 illud
1340 1177 1589 1223 (consequens)
1613 1191 1685 1213 na-

192 1228 328 1256 turae
354 1224 388 1265 5,
416 1226 470 1265 10,
495 1227 558 1264 753
589 1236 667 1258 vox
705 1231 740 1258 et
771 1232 892 1270 gestus
928 1227 1215 1259 accommodatur
1244 1230 1390 1258 naturae
1425 1224 1600 1268 ipsarum,
1639 1226 1683 1260 de

194 1269 322 1312 quibus
350 1268 521 1310 dicimus,
549 1281 670 1303 rerum
696 1272 731 1313 9,
756 1269 791 1314 4,
822 1274 908 1314 139;
943 1272 1094 1314 pedibus
1128 1271 1171 1303 ad
1204 1272 1298 1304 hanc
1331 1281 1367 1303 n.
1409 1271 1684 1304 accommodatis

192 1316 235 1346 ib.
263 1315 352 1356 1353
386 1314 531 1358 proprie
555 1316 641 1348 mihi
665 1317 769 1359 hujus
794 1316 948 1350 nominis
972 1317 1202 1359 exprimenda
1234 1327 1270 1348 n.
1308 1321 1363 1348 est
1392 1316 1428 1359 6,
1461 1318 1497 1359 2,
1529 1320 1583 1350 12.
1615 1327 1683 1350 nec

191 1370 281 1394 vero
308 1360 344 1394 iu
370 1360 481 1393 literis
505 1361 722 1409 syllabisque
750 1374 784 1396 n.
813 1367 968 1395 mutatur
993 1363 1028 1403 9,
1052 1360 1088 1403 4,
1114 1364 1172 1396 91.
1205 1361 1317 1404 ipsam
1351 1361 1404 1394 rei
1438 1372 1474 1395 ιι.
1507 1363 1684 1404 spectanti

192 1406 228 1448 6,
250 1410 285 1447 2,
310 1407 344 1442 9.
373 1405 519 1450 (litera)
544 1406 579 1439 in
610 1413 768 1440 naturam
797 1409 873 1450 ejus
896 1407 1142 1450 (insequentis)
1168 1405 1406 1449 corrumpitur
1428 1407 1463 1448 8,
1497 1408 1532 1450 3,
1551 1405 1606 1441 45.
1642 1407 1682 1453 7)
1726 1415 1728 1418 “

192 1454 330 1486 Alunt..-
366 1454 526 1496 (ironia)
554 1458 612 1485 aut
641 1454 920 1496 pronuntatione
949 1452 1178 1498 intelligitur,
1219 1457 1279 1484 aut
1316 1462 1490 1500 persona,
1526 1458 1595 1486 ›aut
1629 1454 1684 1488 rei
1724 1452 1728 1488 Ξ

191 1504 316 1532 natura
341 1501 375 1537 8,
403 1499 437 1535 6,
466 1498 522 1532 54.
571 1500 664 1542 quod
690 1511 724 1532 n.
749 1500 800 1532 rei
826 1499 911 1532 satis
935 1505 1054 1541 aptum
1079 1503 1132 1531 est
1157 1499 1213 1539 11,
1239 1501 1272 1540 1,
1297 1498 1339 1532 91
1366 1509 1398 1531 v.
1434 1498 1607 1533 Modum
1643 1500 1682 1534 in
1721 1510 1728 1552 Ξ

191 1546 288 1587 quod
314 1544 388 1588 ipsa
411 1544 463 1578 rei
490 1557 524 1578 ιι.
551 1545 700 1578 ducetur
724 1546 758 1585 6,
782 1550 817 1588 2,
842 1545 898 1579 24.
923 1543 968 1585 cf.
995 1547 1029 1586 9,
1058 1546 1092 1585 1,
1118 1545 1150 1576 1.
1183 1543 1221 1576 in
1252 1554 1288 1576 ιι.
1323 1545 1518 1577 verborum
1550 1551 1603 1579 est
1636 1562 1684 1569 —-

191 1590 312 1624 dicere
338 1594 373 1634 9,
397 1592 432 1632 3,
457 1594 489 1625 7.
518 1601 597 1624 esse
623 1602 681 1624 ex
707 1592 786 1625 ead.
809 1603 846 1625 ιι.
873 1592 908 1633 6,
934 1593 969 1633 2,
994 1593 1048 1625 12.
1085 1591 1139 1624 15.
1185 1588 1222 1622 id
1254 1591 1349 1633 quod
1382 1595 1521 1623 secreto
1554 1591 1690 1625 dicitur
1719 1595 1722 1599 ’

181 1638 345 1678 factum,
381 1636 467 1670 satis
492 1642 586 1671 nat.
614 1648 698 1671 sua
722 1637 899 1671 infirmum
923 1641 977 1670 est
1009 1636 1045 1678 5,
1082 1637 1138 1678 13,
1172 1635 1226 1669 16.
1265 1633 1310 1676 cs.
1346 1638 1402 1678 11,
1437 1637 1476 1685 3,
1508 1637 1586 1670 152.
1624 1640 1680 1681 12,

193 1686 231 1725 1,
271 1685 327 1717 30.

147 1727 379 1770 Naturali-3·
419 1738 460 1784 α)
484 1741 695 1774 athletarum
722 1750 872 1784 corpora
896 1750 969 1774 ιιοιι
999 1750 1078 1772 esse
1102 1749 1138 1772 ιι.
1173 1740 1228 1780 12,
1262 1738 1319 1782 10,
1353 1733 1412 1790 41..
1447 1743 1549 1782 pater
1579 1748 1617 1773 ιι.
1648 1741 1684 1782 3,

190 1788 225 1828 6,
250 1787 316 1828 96;
353 1798 388 1819 ιι.
415 1786 631 1830 amphibolia
653 1790 688 1828 7,
712 1787 747 1828 9,
771 1789 827 1820 10.
852 1797 889 1819 ιι.
915 1784 1123 1828 ιιοιιηιειιιὸ,
1158 1786 1193 1826 7,
1219 1784 1276 1818 28.
1307 1793 1421 1817 causis
1459 1794 1497 1817 ιι.
1531 1784 1590 1817 Pr.
1622 1785 1683 1820 16.

189 1842 225 1864 n.
252 1833 403 1877 quodam
429 1838 557 1867 conatu
587 1836 642 1874 11,
668 1835 703 1872 3,
726 1831 784 1866 49.
815 1843 850 1865 ιι.
879 1830 1119 1875 eloquentiam
1144 1831 1200 1872 10,
1225 1832 1259 1871 1,
1281 1827 1340 1864 43.
1371 1841 1407 1863 v·
1439 1829 1683 1877 Eloquen-

187 1878 262 1911 tia.
311 1879 418 1912 favor
442 1890 480 1912 n.
505 1878 539 1917 4,
572 1881 604 1922 1,
631 1880 665 1913 9.
694 1879 848 1922 quodam
869 1889 904 1910 ιι.
930 1877 1032 1911 initio
1060 1879 1116 1918 11,
1141 1877 1176 1918 3,
1200 1876 1256 1910 60.
1280 1886 1316 1909 ιι.
1341 1874 1566 1909 intervallum
1595 1875 1681 1923 9,4,

187 1926 245 1959 61.
275 1935 311 1957 ιι.
337 1926 491 1970 quadam
513 1924 713 1958 mobilitate
739 1927 795 1966 10,
819 1927 854 1961 7.
882 1924 918 1958 8-
945 1934 981 1956 ιι.
1006 1923 1153 1956 modum
1176 1922 1212 1963 8,
1235 1921 1270 1964 6,
1294 1922 1352 1956 76.
1377 1932 1412 1955 ιι.
1439 1922 1530 1955 ordo
1568 1922 1603 1964 9,
1643 1921 1679 1965 4,

188 1972 244 2004 23.
272 1982 352 2014 pars
380 1982 415 2004 n.
443 1969 724 2015 (philosophiae)
749 1973 805 2012 12,
836 1973 870 2010 2,
895 1971 952 2002 20.
977 1981 1011 2002 v.
1038 1965 1369 2010 Philosophia.
1394 1977 1430 2001 ιι.
1453 1966 1680 2011 quaestiones
1704 1982 1706 1984 ·

190 2020 221 2055 1.
244 2014 280 2056 4,
308 2015 340 2050 4.
369 2027 404 2050 ιι.
434 2028 514 2051 esse
538 2017 741 2050 rhetoricen
767 2020 801 2057 2,
830 2018 887 2058 17,
919 2015 952 2049 5.
986 2015 1085 2047 illum
1116 2013 1302 2046 horridum
1336 2022 1537 2046 sermonem
1570 2013 1680 2047 modo

186 2062 296 2108 magis
321 2068 431 2106 nat.‚
464 2063 573 2096 modo
613 2062 718 2096 etiam
755 2061 866 2107 magis
897 2060 1098 2096 virilem
1137 2069 1216 2092 esse
1248 2059 1283 2100 9,
1317 2056 1354 2099 4,
1391 2059 1440 2092 3.-
1475 2069 1495 2091 a
1519 2065 1608 2092 nat.
1644 2063 1682 2093 et

186 2108 447 2152 principali
474 2108 732 2154 significatione
755 2109 791 2149 9,
819 2111 851 2149 1,
876 2106 911 2139 4.
958 2105 1115 2140 flebilem
1145 2103 1372 2146 suavitatem,
1408 2113 1499 2147 quae
1525 2106 1680 2139 est'ma·

186 2153 284 2189 xime
307 2165 343 2191 ιι,
378 2158 430 2195 11,
455 2156 488 2195 3,
516 2157 592 2188 170.
623 2166 654 2187 ιι.
681 2153 825 2195 νίιίειλ,
853 2153 888 2194 5,
913 2154 944 2188 5.
967 2163 1004 2184 n.
1029 2152 1216 2193 voluptate
1241 2151 1296 2190 12,
1318 2151 1390 2192 »10,
1423 2148 1491 2190 74ς
1518 2153 1559 2197 j‘a
1589 2160 1682 2184 oon..

184 2209 321 2245 gressu,
352 2200 411 2244 qui
440 2210 512 2234 non
536 2200 743 2233 hominibus
774 2200 911 2240 solum,
945 2198 1008 2231 sed
1033 2196 1138 2230 mutis
1162 2204 1303 2239 quoque
1331 2194 1538 2229 animalibus
1563 2206 1600 2229 ιι.
1626 2200 1699 2230 θεῖ’

186 2248 218 2287 1,
242 2249 278 2288 2,
302 2248 358 2279 20.
384 2246 543 2281 maxime
568 2257 603 2278 n.
631 2246 702 2279 illis
727 2245 900 2279 aetatibus
927 2243 1079 2287 impetus
1105 2245 1139 2283 1,
1167 2242 1200 2280 3,
1234 2242 1292 2292 10:
1337 2241 1380 2285 β)
1415 2241 1535 2276 Νείιτν.
1582 2241 1619 2282 a)
1641 2241 1680 2275 id

185 2296 237 2323 est
261 2291 397 2325 homini
424 2294 586 2325 naturate
614 2295 646 2333 1,
676 2295 708 2334 1,
739 2293 771 2325 1.
802 2291 834 2324 si
856 2290 893 2323 id
917 2290 1056 2322 deinum
1084 2298 1119 2319 ιι.
1149 2297 1228 2320 esse
1259 2287 1400 2329 dic-unt,
1440 2287 1536 2330 quod
1567 2298 1678 2337 mna-

183 2343 260 2370 tura
283 2337 434 2381 primum
460 2342 576 2371 ortum
603 2343 677 2379 est,
710 2342 786 2370 tota
811 2337 902 2369 haec
927 2345 984 2368 ars
1008 2332 1134 2368 orandi
1156 2332 1374 2366 subvertitur
1396 2333 1432 2373 9,
1460 2331 1495 2371 4,
1518 2333 1552 2366 3.
1603 2332 1698 2366 νει

180 2393 259 2415 rum
282 2385 319 2416 id
344 2389 397 2417 est
421 2382 576 2417 maxime
603 2394 651 2425 n.,
676 2384 771 2427 qnod
797 2381 874 2415 fieri
899 2385 1022 2413 natura
1047 2377 1178 2421 optime
1202 2377 1333 2421 patitur
1358 2379 1404 2411 ib.
1428 2379 1463 2411 6.
1489 2378 1527 2411 in
1546 2377 1691 2412 'dicen-1

182 2429 228 2460 ‹lo
257 2439 408 2463 curam
433 2435 468 2462 et
493 2434 638 2463 artem
662 2435 699 2462 et
722 2428 928 2461 nitorem
961 2430 998 2458 et
1032 2423 1203 2469 quidquid
1236 2422 1402 2457 studio
1436 2430 1674 2467 comparatur,

182 2478 217 2504 ut
244 2475 491 2508 affectata
520 2480 556 2507 et
578 2485 742 2518 parum
771 2477 860 2506 nat.
899 2470 1103 2514 improbare
1137 2473 1192 2512 11,
1227 2471 1261 2511 3,
1299 2471 1354 2503 10.
1389 2481 1423 2502 v.
1458 2468 1589 2505 (bura,
1639 2469 1691 2511 b).

180 2520 338 2552 oo'orem
363 2522 504 2554 trahere
528 2521 687 2553 naturale
703 2523 767 2553 ‘est
791 2520 848 2560 12,
875 2519 931 2559 10,
954 2514 1012 2550 44.
1059 2515 1144 2559 quid
1168 2526 1202 2548 ιι.
1238 2516 1300 2556 sit,
1343 2514 1494 2566 primum
1526 2525 1675 2559 respon—

178 2563 251 2595 deri
277 2567 312 2606 7,
342 2569 374 2607 1,
403 2569 467 2608 26;
506 2577 586 2600 cum
610 2565 657 2599 sit
679 2577 702 2598 n
718 2590 728 2606 ‚
753 2570 802 2597 ut
826 2563 961 2607 judices
986 2560 1053 2602 iis,
1081 2571 1171 2605 quos
1195 2560 1361 2594 libentius
1385 2561 1541 2602 audiunt,
1566 2560 1674 2594 etiam

179 2608 319 2642 facilius
345 2613 491 2644 credant
514 2610 550 2654 4,
576 2614 609 2653 1,
636 2613 689 2645 12.
716 2609 874 2643 maxime
902 2619 935 2642 n.
963 2612 1038 2650 est,
1072 2612 1107 2640 et
1130 2606 1206 2640 fieri
1240 2605 1528 2649 frequentissime
1551 2605 1670 2648 debet,

177 2659 228 2685 ut
253 2661 314 2687 210.
344 2654 378 2695 4,
407 2659 441 2697 2,
468 2660 500 2689 1.
528 2656 572 2697 cst
598 2660 634 2699 7,
659 2659 694 2698 2,
724 2657 780 2690 15.

132 2696 404 2740 Naturaliter·
447 2711 601 2758 ideoque
630 2713 714 2747 huic
742 2699 1068 2753 loco'subjicienda
1096 2706 1212 2752 (suni),
1251 2717 1330 2740 cum
1357 2711 1391 2740 et
1415 2705 1491 2751 ipsa
1515 2718 1550 2741 n.
1580 2698 1677 2757 con-³·
