1728 3002
162 258 244 299 322
708 251 907 296 Faciliter
947 278 1003 285 —
1042 252 1172 296 Facio

209 368 431 414 assequimur
453 367 550 403 illam
569 366 708 403 firmam
728 367 935 404 facilitatem
961 371 1017 413 10,
1037 371 1070 414 1,
1087 368 1144 405 59.
1169 368 1215 412 ff.
1229 369 1333 414 10,7‚
1345 367 1390 406 19
1408 372 1452 405 Ζ.
1475 368 1514 406 in
1528 369 1612 406 foro
1630 376 1712 406 tan-

207 421 281 451 tam
303 416 402 449 illam
424 414 633 449 facilitatem
651 415 738 449 olim
753 415 1034 451 desideravimus
1052 419 1088 460 7,
1107 418 1142 460 2,
1160 416 1217 451 55.
1243 415 1311 451 erit
1329 427 1434 451 suum
1454 418 1632 461 parandae
1653 419 1714 452 fa-

211 461 336 496 cilitati
350 467 487 505 tempus
500 460 580 504 2,4,
592 464 647 496 17.
675 463 899 497 consuetudo
914 467 950 496 et
973 461 1186 497 exercitatio
1210 461 1419 497 facilitatem
1440 463 1598 498 maxime
1620 463 1724 508 paritr

213 511 270 551 10,
282 511 317 551 7,
332 509 366 542 8.
391 519 478 552 prae
503 518 542 541 se
561 508 633 542 fert
649 507 892 548 felicissimam
915 509 986 542 fac.
1008 512 1065 552 10,
1083 511 1116 552 1,
1130 511 1209 543 111.
1233 514 1308 543 n'on
1337 510 1544 543 decorem
1566 519 1716 554 compo-

210 554 349 589 sitionis
374 553 577 598 quaerimus
602 555 665 588 sed
689 555 707 588 f
717 567 737 588 a
750 554 989 589 cilitatem
1009 557 1044 598 9,
1069 554 1112 597 4,
1138 554 1215 590 145.
1253 556 1440 590 redeamus
1463 556 1507 588 ad
1530 554 1711 599 judicium,

213 607 248 635 et
271 606 505 635 retractemus
529 607 729 645 suspectam
755 598 961 635 facilitatem
995 604 1059 645 10,
1088 603 1129 642 3,
1159 605 1194 636 7.
1234 607 1402 646 tanquam
1428 600 1624 635 utiliora
1647 601 1712 635 eli-

211 653 336 695 gentes
360 652 603 691 ea,'quorum
627 649 739 681 solam
772 647 1062 682 facilitatem
1087 649 1327 692 sequebantur
1354 650 1418 691 12,
1445 649 1485 691 3,
1511 650 1576 689 11,
1600 647 1715 681 faci-

210 694 271 728 lit
284 699 326 727 at
336 703 356 727 e
383 693 515 726 famam
539 692 585 727 in
598 704 620 739 g
631 705 683 728 en
695 693 731 727 ii
756 699 861 741 auget
885 692 925 738 4,
957 696 973 727 1
987 721 997 737 ,
1023 692 1079 729 54.
1115 694 1335 729 somniorum
1360 699 1396 728 et
1421 692 1716 738 superstitionum

214 741 357 774 colores
375 738 453 784 ipsa
476 740 548 783 jam
571 740 744 774 facilitate
767 739 1000 784 perdiderunt
1021 740 1128 774 fidem
1150 739 1185 783 4,
1204 744 1239 784 2,
1255 739 1314 777 94.
1350 751 1459 774 cura
1481 741 1716 787 Protogenes,

203 797 259 836 Xra
268 785 364 820 tion
373 797 393 820 e
414 785 631 831 Pamphilus,
653 787 673 820 1·
679 797 699 820 a
710 786 749 820 ci
761 786 815 821 lit
826 792 893 821 ate
910 786 1116 832 Antiphilus
1133 792 1188 822 est
1200 786 1523 831 praestantissimus
1536 788 1594 830 12,
1609 788 1665 830 10,
1679 786 1715 822 6.

165 841 201 884 F
204 840 383 883 acilitel'·
446 852 635 888 inhaerent
676 854 819 899 quidam
858 849 1110 889 molestissima
1140 854 1344 902 diligentiae
1380 853 1616 901 perversitate
1652 874 1717 889 —-.

213 899 281 933 His
304 898 549 944 permittamus
575 919 618 925 —
645 906 680 935 et
703 901 925 936 faciliter
949 901 1068 936 dicere
1094 903 1127 944 1,
1152 902 1188 945 6,
1213 904 1269 937 17.

165 945 365 988 Facinus.
415 968 464 991 ex
487 957 723 994 affirmatione
747 959 913 1003 probatio
937 980 985 985 ——
1013 959 1044 994 Ο
1069 958 1209 992 facinus
1235 957 1420 1004 indignum
1445 958 1479 1002 5,
1499 959 1554 1000 12,
1568 957 1625 994 12.
1651 966 1717 1001 po-

210 1003 331 1037 nendo
356 1003 462 1037 etiam
488 1003 526 1037 id
551 1015 630 1039 esse
659 1005 882 1051 facinus,
912 1006 1009 1050 quod
1038 1011 1114 1039 erat
1135 1004 1286 1039 inferius
1309 1006 1344 1048 8,
1372 1002 1408 1047 4,
1435 1001 1471 1038 4.
1605 1022 1607 1025 ·

166 1047 311 1102 Facio·
361 1060 388 1102 Ι)
411 1063 593 1095 Activum:
625 1062 706 1096 face
733 1064 772 1103 1,
796 1063 842 1106 6,
870 1065 929 1101 21,
961 1061 1091 1096 faciam
1117 1067 1152 1096 et
1175 1061 1306 1096 faciem
1334 1063 1368 1104 1,
1393 1064 1428 1104 7,
1453 1061 1512 1094 23.
1547 1059 1645 1093 factu
1667 1073 1713 1083 —·

212 1106 310 1139 facto
335 1104 457 1149 (verba
480 1106 727 1151 participialia)
752 1111 786 1152 1,
810 1107 846 1151 4,
869 1110 925 1144 29.
977 1108 1018 1153 α)
1050 1111 1261 1153 simpliciter.-
1297 1107 1380 1141 colli
1408 1106 1416 1113 '
1445 1107 1562 1141 solent
1585 1116 1634 1139 ex
1657 1103 1714 1152 iis,

213 1162 308 1196 quae
339 1152 547 1196 faciunt,
581 1164 643 1197 ea,
678 1165 768 1199 quae
803 1154 1095 1189 efficiuntur
1123 1157 1166 1199 5,
1192 1157 1261 1197 10,
1283 1155 1339 1189 80.
1408 1149 1712 1194 acere„Pafi,

213 1198 404 1232 Habere
433 1198 620 1238 (elementa
648 1203 847 1245 quaestionis
876 1214 931 1244 ap.
959 1199 1132 1245 Aristot.)
1165 1202 1207 1244 3,
1234 1200 1282 1243 6,
1302 1198 1360 1234 24.
1397 1198 1459 1244 qui
1489 1197 1646 1236 dicere
1670 1206 1713 1230 80

213 1243 383 1277 facere
409 1244 536 1278 doceat
558 1247 594 1288 2,
620 1247 654 1288 3,
682 1248 737 1279 11“.
773 1257 841 1280 nec
866 1247 1106 1292 cogitare,
1132 1247 1196 1280 sed
1217 1246 1382 1280 facere
1404 1246 1441 1288 6,
1459 1244 1578 1287 2‚30;
1603 1242 1716 1277 semel

217 1289 357 1323 auditos
386 1289 580 1333 quamlibet
602 1292 733 1324 multos
757 1303 886 1326 versus
906 1291 1070 1335 protinus
1100 1291 1230 1325 dicitur
1250 1291 1448 1325 reddidisse
1473 1290 1714 1323 Theodectes.

212 1333 436 1369 Dicebantur
470 1335 575 1370 etiam
608 1347 704 1370 nunc
739 1347 841 1380 esse,
877 1337 939 1381 qui
971 1338 1155 1380 facerent,
1190 1337 1254 1370 sed
1280 1343 1341 1369 etc.
1371 1339 1428 1378 11,
1451 1338 1490 1377 2,
1513 1336 1569 1369 51.
1603 1335 1714 1368 multa

215 1391 291 1415 non
329 1381 461 1415 facturi
491 1380 729 1426 promittimus
765 1385 826 1426 12,
855 1385 894 1426 1,
921 1384 979 1418 38.
1019 1382 1132 1417 faciet
1157 1387 1198 1416 ut
1223 1381 1381 1416 medicus
1405 1384 1448 1424 2,
1476 1382 1546 1423 21,
1569 1382 1636 1423 17;
1673 1385 1714 1414 ut

216 1426 362 1471 quidam
393 1427 530 1461 faciunt
561 1430 623 1471 11,
652 1432 693 1472 1,
717 1430 774 1463 33.
807 1434 846 1462 ut
870 1429 958 1463 facit
988 1427 1117 1463 Cicero
1142 1431 1184 1471 7,
1208 1429 1250 1470 3,
1281 1428 1337 1462 16.
1368 1426 1413 1469 cfi
1442 1429 1500 1470 10,
1522 1427 1556 1469 5,
1580 1428 1638 1462 20.
1674 1432 1715 1460 ut

216 1472 293 1508 Cic.
318 1474 470 1507 Brutum
492 1475 614 1508 facere
638 1474 746 1508 tradit
771 1477 826 1517 10,
848 1478 884 1518 7,
907 1478 964 1510 27.
999 1480 1038 1508 ut
1060 1473 1149 1509 fecit
1171 1484 1238 1518 pro
1261 1472 1406 1520 Ligario
1435 1472 1511 1509 Cic.
1537 1473 1572 1516 8,
1597 1474 1631 1516 3,
1655 1473 1714 1507 85.

214 1525 255 1553 ut
289 1518 365 1554 Cic.
401 1521 445 1554 de
477 1520 759 1565 proscriptorum
786 1521 909 1556 liberis
939 1520 1027 1555 fecit
1059 1523 1127 1564 11,
1153 1522 1194 1563 1,
1218 1519 1276 1555 85.
1319 1525 1358 1553 ut
1384 1519 1462 1554 Cic.
1485 1529 1552 1562 pro
1577 1518 1715 1552 Scauro

215 1565 311 1599 circa
335 1568 394 1608 (a.
421 1570 442 1600 l.
470 1565 617 1610 contra)
643 1569 831 1602 Bostarem
853 1566 941 1601 facit
968 1567 1012 1608 5,
1039 1569 1105 1610 13,
1129 1567 1185 1601 28.
1222 1572 1263 1600 ut
1284 1564 1322 1600 in
1345 1567 1499 1601 Verrem
1525 1563 1600 1599 Cic.
1626 1563 1716 1598 fecit

215 1612 261 1654 6,
290 1614 330 1654 1,
357 1610 416 1646 54.
452 1618 492 1646 ut
525 1613 645 1647 Attius
679 1614 759 1649 adv.
785 1613 988 1649 Cluentium
1011 1612 1101 1647 facit
1132 1613 1176 1655 5,
1209 1614 1272 1655 13,
1299 1610 1346 1646 42
1369 1615 1412 1646 Ζ.
1448 1615 1489 1644 ut
1513 1609 1587 1645 Cic.
1611 1610 1713 1654 fecit,

218 1668 300 1692 cum
323 1657 356 1691 ei
383 1677 429 1684 --
458 1658 611 1693 dixisset
625 1660 659 1702 6,
677 1661 712 1702 3,
731 1661 788 1696 98.
813 1659 904 1694 sicut
928 1660 1040 1693 cauda
1061 1660 1187 1693 leones
1208 1659 1330 1692 facere
1356 1658 1521 1699 dicuntur
1539 1658 1594 1698 10,
1607 1656 1713 1700 7‚*26.

308 1703 349 1749 β)
365 1704 534 1747 adj-Adv.
545 1719 555 1738 .·
576 1705 718 1749 quidam
733 1705 870 1740 faciunt
886 1711 1018 1749 aperte,
1033 1706 1129 1750 quod
1144 1704 1306 1739 rixemur
1318 1704 1353 1747 6,
1362 1702 1398 1747 4,
1407 1705 1440 1739 9.
1454 1703 1500 1737 Ν.
1513 1714 1547 1737 v.
1558 1700 1644 1736 Rix
1654 1711 1714 1739 or.

214 1748 259 1784 in‘
277 1750 348 1784 hoc
372 1749 505 1794 optime
520 1751 656 1786 facient
682 1754 737 1796 10,
750 1754 783 1795 5,
799 1755 853 1787 11.
879 1751 923 1793 cs.
935 1750 1015 1795 9,4,
1033 1753 1111 1786 120.
1126 1755 1169 1785 Ζ.
1194 1750 1336 1795 parcius
1361 1756 1397 1784 et
1424 1747 1715 1792 circumspectius

216 1795 422 1830 faciendum
447 1802 501 1830 est
523 1798 560 1840 9,
583 1800 618 1841 2,
643 1798 700 1836 69,
730 1810 811 1833 cum
828 1798 971 1832 fortiter
995 1797 1141 1832 fecisset
1167 1800 1203 1840 7,
1231 1799 1264 1840 1,
1288 1796 1345 1831 42.
1370 1795 1415 1838 cs:
1437 1796 1477 1840 9,
1495 1797 1530 1838 2,
1549 1795 1615 1844 85.
1650 1794 1716 1827 fa-

217 1853 327 1876 cere
359 1854 401 1876 ac
437 1842 593 1877 dicere
619 1844 772 1878 honeste
793 1864 837 1870 —
860 1844 1012 1888 turpiter
1039 1846 1100 1886 11,
1128 1846 1166 1886 1,
1188 1841 1222 1877 4.
1251 1841 1296 1884 esi
1323 1845 1387 1887 12,
1412 1841 1454 1885 5,
1479 1842 1512 1876 3.
1552 1838 1638 1875 boni
1661 1845 1716 1874 est

215 1889 367 1922 honeste
390 1891 438 1932 (a.
465 1893 487 1922 l.
511 1889 680 1934 honesta)
703 1890 844 1934 facere,
871 1889 1131 1934 mali'turpiter
1157 1891 1198 1931 5,
1226 1891 1288 1931 10,
1313 1889 1372 1924 82.
1402 1893 1443 1922 tu
1465 1885 1715 1931 impiefecisti

215 1937 252 1977 7,
276 1937 311 1977 1,
338 1935 393 1969 53.
429 1933 586 1969 faciendi
611 1935 742 1980 injuste
768 1935 804 1980 4,
823 1939 857 1979 1,
879 1937 933 1971 18.
966 1935 1027 1981 qui
1050 1946 1126 1969 rem
1148 1935 1275 1978 justam
1298 1933 1452 1977 faciant,
1478 1933 1570 1976 juste
1594 1933 1716 1967 facere

217 1980 252 2023 5,
283 1983 347 2023 10,
375 1981 432 2015 85.
464 1979 509 2021 cs.
534 1982 576 2024 3,
602 1982 645 2023 6,
669 1980 726 2016 45.
754 1983 798 2025 3,
823 1984 889 2025 11,
914 1980 949 2016 4.
984 1982 1078 2016 male
1106 1981 1237 2015 fecisse
1264 1991 1355 2023 nos,
1385 1980 1448 2014 sed
1471 1979 1568 2013 bono
1595 1977 1714 2012 animo

215 2028 251 2069 7,
277 2024 313 2068 4,
343 2026 398 2061 15.
433 2027 496 2061 vel
519 2026 702 2062 veteribus
725 2029 788 2063 vel
813 2027 920 2063 novis
946 2027 1122 2072 exemplis
1148 2029 1265 2071 palam
1288 2027 1410 2061 facere
1436 2028 1493 2070 12,
1519 2027 1576 2068 11,
1599 2025 1654 2059 29.
1679 2036 1716 2062 v.

215 2073 242 2105 P
257 2073 385 2105 alam.
421 2071 576 2116 pessime
600 2074 723 2108 facere
750 2076 806 2117 11,
830 2076 866 2117 3,
890 2075 947 2109 91.
976 2079 1075 2108 recte
1098 2073 1170 2107 feci
1194 2075 1228 2114 3,
1250 2073 1286 2116 6,
1311 2075 1366 2107 10.
1389 2073 1446 2106 20.
1475 2069 1520 2112 cs}
1544 2073 1578 2113 1,
1603 2072 1636 2112 1,
1653 2072 1711 2105 22.

217 2119 252 2160 5,
283 2120 339 2160 10,
367 2117 423 2153 35.
447 2117 506 2153 64.
545 2119 654 2154 tutius
679 2119 808 2155 Cicero
835 2119 922 2154 facit
946 2119 979 2163 5,
1000 2122 1054 2162 10,
1072 2120 1129 2155 68.
1163 2118 1296 2154 vitiose
1325 2119 1364 2153 in
1386 2116 1519 2152 scholis
1546 2115 1712 2159 facimus,

217 2165 336 2250 29¹⁰?
362 2164 513 2244 ‘1³³1‘0r‘iiz?
537 2163 1529 2256 ⁸5.¹¹0¹.¹2‘³:.5{;².2¹1}}¹⁰.3¹5m22²4.23ssssfiuiesszz31sseg5
1548 2164 1584 2242 ³4
1598 2161 1710 2242 ⁶333·

256 2234 265 2243 ·
325 2235 336 2252 9
419 2236 429 2252 ν
507 2234 516 2244 ·
1524 2234 1534 2253 2
1593 2233 1605 2252 υ
1699 2232 1709 2242 ·

218 2255 249 2290 si
272 2261 462 2300 utrumque
490 2267 572 2291 cum
595 2269 681 2292 cura
705 2264 740 2293 et
760 2258 877 2292 studio
903 2257 1094 2292 fecerimus
1120 2260 1175 2299 10,
1199 2261 1232 2299 7,
1260 2257 1317 2291 29.

309 2303 348 2347 y)
380 2315 409 2335 c.
432 2305 556 2338 Aecus.
589 2307 814 2339 Pronominis:
855 2303 894 2349 a)
917 2305 1090 2339 adversus
1113 2305 1185 2337 hoc
1211 2301 1403 2336 facientem
1428 2302 1484 2343 11,
1501 2301 1537 2342 3,
1558 2300 1638 2334 133.
1662 2296 1710 2340 cs.

217 2346 252 2388 6,
278 2349 313 2389 3,
338 2347 416 2383 105·
443 2351 500 2392 10,
525 2353 560 2392 7,
587 2351 644 2385 19.
682 2362 764 2385 cum
787 2352 878 2385 haec
903 2350 1023 2384 omnia
1051 2349 1242 2383 fecerimus
1273 2350 1328 2391 11,
1353 2350 1387 2390 3,
1413 2339 1447 2382 32
1481 2347 1552 2380 hoc
1575 2344 1712 2398 faciunt

217 2397 251 2425 et
279 2392 362 2427 illae
387 2394 678 2438 praeparationes
698 2395 742 2440 4,
766 2399 808 2439 2,
834 2397 890 2432 55.
926 2395 1098 2441 plurimos
1124 2400 1243 2428 tamen
1269 2394 1358 2428 haec
1382 2394 1482 2428 salva
1504 2391 1711 2427 innocentia

216 2437 338 2471 facere
362 2443 402 2482 7,
427 2443 462 2483 2,
487 2443 543 2474 37.
581 2442 732 2476 facimus
756 2444 828 2476 hoo
848 2452 954 2485 saepe
982 2441 1031 2475 in
1057 2440 1102 2474 iis
1126 2439 1382 2475 controversiis
1404 2437 1446 2483 ’7,
1473 2441 1512 2482 1,
1537 2437 1594 2472 55.
1623 2435 1728 2470 facit·

218 2483 288 2515 hoc
313 2483 387 2518 Cic.
414 2496 480 2528 pro
506 2487 623 2531 Oppio
646 2489 679 2530 5,
702 2489 828 2531 1Ο,69.
867 2499 947 2522 cum
970 2486 1079 2521 iidem
1106 2485 1202 2519 docti
1227 2486 1348 2520 facere
1371 2485 1480 2528 illud,
1513 2482 1649 2517 indocti
1673 2487 1710 2516 et

217 2527 444 2564 inexercitati
480 2543 554 2566 non
582 2534 760 2577 possimus
788 2536 852 2576 11,
880 2536 924 2575 2,
951 2534 984 2568 9.
1018 2532 1126 2576 idq-ue
1150 2531 1285 2566 faciant
1314 2530 1447 2565 similes
1475 2527 1623 2563 medicis
1651 2529 1725 2571 10,.

216 2572 260 2616 4,
285 2575 318 2607 3.
357 2575 418 2625 qui
444 2581 654 2613 testamento
683 2577 767 2624 quid
792 2579 908 2624 jussus
932 2589 1007 2613 non
1030 2577 1158 2613 fecerit
1190 2581 1235 2621 7,
1259 2577 1302 2620 4,
1328 2575 1384 2611 14.
1424 2576 1520 2620 quod
1543 2573 1635 2607 nihil
1658 2584 1706 2608 ex

215 2620 389 2652 mandans
412 2621 540 2656 fecerit
562 2624 604 2666 4,
627 2624 670 2668 4,
695 2627 730 2660 5.
766 2636 840 2659 non
863 2625 977 2671 magis
1005 2624 1152 2667 faciam,
1181 2635 1271 2668 quae
1293 2621 1385 2667 petis
1407 2622 1453 2665 6,
1481 2623 1522 2664 3,
1545 2619 1603 2656 95.
1638 2618 1706 2654 ali-

217 2664 302 2709 quid
326 2675 449 2699 eorum
473 2678 614 2711 quoque
638 2682 742 2705 causa
765 2672 886 2705 facere
915 2674 969 2714 11,
991 2673 1023 2714 1,
1047 2670 1112 2712 853
1142 2670 1239 2714 quod
1261 2667 1369 2714 igitur
1387 2673 1426 2701 tu
1448 2677 1522 2701 non
1543 2665 1704 2708 fecisses,

215 2721 283 2757 ego
306 2710 426 2745 facio?
455 2712 488 2754 5,
515 2715 571 2756 12,
598 2717 654 2748 10.
689 2722 794 2760 caput
819 2728 918 2760 esse,
946 2718 1098 2759 decere,
1125 2715 1228 2760 quod,
1242 2713 1354 2748 facias
1380 2715 1435 2756 11,
1450 2715 1484 2755 3,
1507 2715 1586 2747 177.
1614 2720 1705 2757 quae

215 2757 374 2791 facturus
405 2757 514 2791 fuerit
544 2760 588 2800 9,
617 2762 662 2802 2,
685 2760 742 2795 41.
776 2763 885 2805 quod
902 2762 941 2796 in
975 2761 1097 2796 coenis
1121 2760 1312 2808 grandibus
1337 2770 1443 2803 saepe
1466 2758 1617 2792 facimus
1647 2758 1704 2798 10,

171 2809 179 2819 ⁶
216 2805 248 2846 1,
274 2804 330 2838 58.
359 2801 403 2843 cs.
426 2801 462 2846 4,
487 2806 521 2847 2,
545 2804 601 2838 51.
638 2807 732 2848 quod
758 2806 887 2841 Cicero
907 2808 994 2840 facit
1017 2807 1142 2842 circa
1166 2808 1283 2852 legem
1306 2802 1527 2851 judiciariam
1544 2802 1630 2846 ‘4‚5,
1646 2803 1710 2834 205

218 2848 262 2889 cs.
289 2850 332 2892 9,
355 2852 389 2890 2,
419 2847 475 2883 34.
513 2851 609 2893 quod
632 2850 807 2885 facientes
833 2858 892 2885 aut
915 2854 1106 2888 evademus
1131 2852 1169 2886 in
1198 2863 1374 2886 summum
1398 2858 1460 2884 etc.
1486 2852 1542 2891 12,
1567 2850 1624 2889 1-1,
1648 2848 1704 2880 30.
