1728 3002
537 247 773 292 summisse
803 270 859 278 —-
887 246 1018 288 Sumo
1460 247 1542 288 875

48 355 264 400 ammisse.
305 376 336 400 s.
360 362 459 409 loqui
478 360 524 407 6,
551 363 592 407 5,
617 363 640 398 5
670 373 703 397 v.
725 332 920 406 Aspero.

19 423 258 475 “ammitto-
303 432 344 475 Ι)
371 434 524 477 proprie:
562 431 640 468 sive
662 430 919 465 satisfacientes
941 434 1000 463 aut
1024 427 1265 473 supplicantes
1297 438 1393 462 sum
1405 426 1547 464 mitti-

24 486 38 506 -‘
58 490 154 515 mus
181 477 248 522 (sic
271 481 340 524 Sp.
367 483 474 513 zoam
498 480 650 512 conditui
673 479 803 519 voluit)
831 476 910 511 sive
939 476 1128 509 adorantes
1153 475 1429 514 attollimus
1453 473 1547 518 (ma-

60 529 144 567 nus)
169 527 234 566 11,
265 527 309 568 3,
332 526 400 560 115
421 528 465 559 Z.
497 524 611 559 fasces
633 524 767 568 populo
792 522 1008 556 summittere
1034 523 1077 565 3,
1100 524 1145 563 7,
1171 523 1234 562 18;
1274 522 1383 554 latum
1414 522 1549 556 haben-

59 570 148 604 tium
173 571 316 607 clavum
340 571 467 606 modus
489 575 566 614 est,
597 575 636 603 ut
660 569 706 603 sit
735 571 878 613 paulum
911 567 1036 603 cinctis
1067 567 1288 601 summissior
1311 570 1351 601 11
1367 591 1379 610 ,
1403 570 1445 610 3,
1473 569 1551 603 139.

60 612 114 657 11)
135 622 252 652 transl.
287 616 325 660 α.)
350 619 392 651 de
414 618 615 651 hominibus.-
646 616 850 659 abjectos
875 620 935 649 aut
959 614 1310 648 summittentes
1334 624 1373 647 se
1397 613 1550 648 libenter

19 663 328 724 &allevamus
352 665 418 706 11,
445 666 484 706 1,
512 663 569 697 16.
602 661 876 697 summittentem
900 671 939 695 se
964 661 1020 695 ad
1050 671 1251 695 mensuram
1274 659 1486 696 discentium
1514 663 1549 702 2,

62 710 109 754 3,
136 711 170 744 7.
194 710 247 743 ad
270 709 456 743 utilitatem
483 719 540 743 me
565 708 745 743 summitto
772 707 980 742 discentium
1009 710 1046 749 7,
1073 709 1112 749 1,
1137 705 1201 747 543
1242 715 1310 740 nos
1338 705 1553 740 adversariis

22 753 310 795 ,summittimus
331 755 377 797 6,
400 755 534 798 2,,16;
570 755 610 789 in
632 754 827 799 prooemiis
855 755 1065 798 plerumque
1097 751 1274 786 summissi
1297 763 1417 786 sumus
1444 753 1489 795 9,
1515 751 1552 794 4,

21 805 35 841 ἰ
63 801 145 835 138.
190 802 233 844 β)
257 803 299 835 de
323 803 436 835 rebus.-
465 801 503 835 in
527 801 687 836 oratione
711 802 821 834 multa
844 799 1143 842 summittere,
1167 798 1368 841 variare,
1394 797 1552 842 dispo-

61 856 176 880 nere
202 849 239 889 2,
268 850 334 890 12:
352 849 417 881 10:
439 858 576 891 causas,
598 847 636 882 in
665 847 791 891 quibus
818 846 1180 888 confitendum,
1206 845 1554 886 excusandum,

25 935 29 938 .
64 892 444 935 summittendum
482 893 550 936 sit,
591 894 688 938 quod
723 893 934 937 exponimus
965 891 1011 935 4,
1034 894 1076 935 2,
1101 891 1158 926 62.
1191 896 1232 924 ut
1259 890 1346 924 illud
1378 891 1461 924 lene
1493 896 1553 924 aut

65 938 279 974 ascendit
308 939 352 972 ad
383 939 554 982 fortiora,
587 945 647 974 aut
675 940 726 973 ad
757 939 922 973 tenuiora
955 937 1260 972 summittitur
1290 940 1354 979 12,
1391 938 1459 979 10,
1497 937 1556 971 67.

63 981 186 1029 (soni)
211 996 291 1018 cum
314 985 512 1020 intentione
536 985 881 1019 summittenda
911 989 991 1018 sunt
1017 983 1324 1027 temperandi
1348 985 1413 1025 11,
1438 984 1481 1025 3,
1509 981 1555 1015 42

65 1041 100 1064 v.
114 1028 284 1077 Augeo.
321 1029 366 1076 sit
389 1042 642 1075 nonnunquam
666 1030 998 1064 summittenda
1021 1035 1058 1063 et
1082 1029 1416 1063 contrahenda
1440 1028 1556 1062 oratio

66 1078 125 1118 11,
150 1079 184 1119 1,
208 1075 265 1112 45.
290 1078 431 1121 quando
455 1077 736 1111 attollenda
763 1077 823 1111 vel
847 1074 1176 1110 summittenda
1203 1074 1248 1108 sit
1271 1084 1348 1109 vox
1377 1077 1418 1117 1,
1442 1075 1483 1116 8,
1517 1076 1555 1116 1;

65 1125 219 1156 Par-tic.=
253 1123 438 1157 summissa
464 1125 579 1157 lentas
603 1129 639 1157 et
660 1123 739 1167 ipsa
760 1123 824 1156 sed
849 1121 965 1156 minus
989 1122 1233 1155 exclamantes
1256 1120 1407 1166 exigunt
1430 1119 1558 1164 (sylla-

28 1206 30 1211 ,
65 1166 145 1211 bas)
168 1168 203 1210 9,
225 1166 264 1212 4,
287 1171 354 1204 137
374 1169 421 1202 Ν.
446 1168 586 1212 (sermo)
610 1169 763 1203 miscens
787 1169 917 1203 elata
943 1166 1212 1202 summissis
1241 1169 1298 1210 11,
1319 1168 1354 1208 3,
1381 1164 1439 1200 43.
1464 1165 1558 1200 actio

68 1224 98 1247 s.
120 1216 157 1256 7,
181 1212 216 1256 4,
240 1217 286 1249 27
308 1227 342 1248 v.
370 1214 643 1248 Satisfatio.
677 1226 705 1248 s.
731 1215 883 1248 adulatio
908 1216 972 1255 11,
999 1216 1043 1256 1,
1070 1215 1128 1247 30.
1153 1223 1282 1246 causae
1306 1223 1450 1246 reorum
1479 1212 1560 1245 tri-

67 1263 173 1293 stes
203 1264 276 1305 atq.
310 1272 461 1295 summ.
496 1263 559 1304 11,
587 1263 633 1303 3,
658 1261 724 1295 153
748 1273 782 1294 v.
804 1259 1045 1294 Sublimis.
1083 1270 1228 1292 summ.
1260 1259 1413 1299 (dicendi
1434 1256 1560 1300 genus)

68 1304 339 1340 concitatis
363 1308 423 1347 (in
448 1307 575 1349 causis)
600 1308 662 1349 11,
690 1308 734 1347 1,
759 1307 794 1342 3.
830 1317 859 1340 s.
886 1315 1066 1339 murmure
1090 1307 1154 1347 11,
1180 1305 1227 1348 3,
1249 1303 1307 1338 45.
1344 1303 1508 1338 oratione
1532 1315 1562 1338 s.

67 1351 176 1386 ἰὼίθ.
201 1349 241 1387 iu
262 1350 326 1387 iuo
351 1351 532 1386 timido
556 1350 898 1395 summissoque
929 1353 980 1394 (a.
1006 1354 1029 1384 1.
1053 1348 1213 1392 demiss.)
1236 1349 1413 1394 principio
1438 1353 1481 1384 ib.
1501 1351 1559 1385 97.

25 1395 35 1401 ''
60 1396 370 1443 ¹tutati-'actum
393 1403 465 1443 atq.
491 1410 645 1432 summ.
671 1396 921 1440 (principium)
949 1399 993 1431 ib.
1021 1396 1068 1431 48
1099 1409 1133 1430 v.
1160 1395 1422 1430 Contraho.
1452 1396 1561 1430 Ere-

22 1439 189 1485 *V-itttt's.
209 1443 332 1485 lehis
361 1449 398 1482 et
422 1455 569 1478 summ.
595 1443 686 1486 (vox)
713 1446 776 1485 11,
803 1445 843 1486 3,
868 1444 933 1485 63;
967 1442 1131 1476 lenior
1154 1448 1225 1485 atq.
1251 1442 1563 1476 summissior

19 1496 35 1530 ‚³
53 1487 188 1530 :metio
210 1487 268 1532 11,
292 1492 328 1533 1,
350 1488 408 1524 64.
430 1489 709 1525 summissiorem
735 1489 864 1534 quend.
886 1490 1032 1523 modum
1056 1490 1091 1531 3,
1115 1489 1151 1531 8,
1176 1487 1222 1522 48
1238 1489 1285 1521 Ν.

59 1538 302 1590 QDVOO·
348 1544 387 1588 1)
414 1549 568 1590 proprie:
600 1550 718 1590 neque
745 1545 904 1579 mulieris
931 1545 1050 1591 imago
1081 1546 1156 1578 ullo
1189 1556 1276 1578 casu
1298 1543 1411 1588 poni
1435 1549 1565 1587 potest,

69 1595 140 1630 nec
162 1590 407 1634 tyrannicidae
433 1593 507 1625 ullo
531 1591 601 1625 alio
624 1601 711 1624 casu
735 1588 1015 1624 summoveri
1034 1594 1067 1632 7,
1083 1594 1119 1632 7,
1140 1590 1173 1624 5.
1220 1590 1278 1631 11)
1302 1593 1440 1623 transh:
1467 1600 1566 1622 sum-³

23 1643 39 1656 ¹·
63 1635 291 1670 'movendum
315 1641 369 1670 est
392 1641 580 1680 utrumque
607 1632 811 1669 ambitionis
834 1646 946 1682 genus
972 1639 1028 1678 12,
1051 1639 1087 1678 7,
1110 1636 1146 1670 6.
1179 1646 1258 1668 cum
1284 1635 1352 1668 alia
1375 1632 1421 1678 (in
1440 1628 1566 1676 causis)

36 1681 152 1725 ‚iure
177 1687 580 1716 summoveantur
615 1678 677 1716 vel
706 1681 1069 1715 transferantur
1097 1683 1159 1723 12,
1183 1683 1225 1723 2,
1250 1682 1315 1723 15;
1353 1681 1463 1714 libros
1487 1686 1567 1714 tan-

73 1737 179 1772 quam
202 1724 362 1763 subditos
385 1738 610 1761 summovere
631 1726 767 1760 familia
792 1730 810 1759 1
825 1753 835 1770 ,
858 1726 901 1770 4,
923 1729 945 1761 3
961 1731 1002 1761 Ζ.
1030 1737 1233 1760 sermonem
1256 1738 1277 1760 a
1298 1737 1451 1769 persona
1474 1726 1567 1769 judi-

43 1772 128 1806 «εἰς
153 1783 369 1808 aversum
394 1793 441 1799 —
468 1772 610 1818 quidam
634 1772 672 1806 in
697 1778 810 1806 totum
835 1784 856 1806 a
880 1773 1065 1816 prooemio
1089 1777 1381 1808 summovent
1403 1771 1438 1815 4,
1458 1775 1492 1816 1,
1509 1773 1567 1807 63.

77 1817 123 1860 cs.
149 1817 184 1863 5,
206 1819 265 1852 Pr.
289 1821 327 1852 2.
351 1830 372 1853 a
391 1830 469 1863 rep.
498 1819 716 1854 summoveri
746 1821 802 1860 11,
828 1821 861 1862 1,
888 1819 946 1853 85.

32 1859 181 1906 sumo·
229 1875 276 1920 α)
301 1889 332 1908 c.
353 1879 479 1910 Aecus.
528 1874 566 1919 a)
586 1878 745 1919 proprie:
781 1887 880 1909 arma
898 1873 1066 1910 sumsisse
1088 1874 1135 1917 5,
1160 1877 1224 1917 10,
1247 1876 1306 1908 71.
1333 1886 1433 1909 sume
1455 1886 1571 1919 vetle-

76 1932 165 1955 num
193 1922 236 1964 8,
268 1922 311 1963 5,
347 1923 403 1957 23.
450 1933 599 1966 quarum
628 1921 808 1956 orationes
836 1922 876 1955 in
903 1933 1030 1955 manus
1062 1920 1292 1955 sumserimus
1331 1923 1399 1964 10,
1432 1923 1477 1964 1,
1510 1924 1569 1956 22.

76 1965 127 2010 b)
151 1970 268 2000 transl.
299 1970 456 2011 imprimis
479 1970 512 2000 in
537 1969 696 2002 dicendo.-
723 1973 842 2002 utrum
867 1969 969 2002 volet
994 1971 1108 2001 sumat
1132 1966 1343 2011 compositio
1372 1968 1418 2010 9,
1442 1965 1484 2009 4,
1514 1967 1571 2002 59.

51 2050 57 2054 ,
79 2023 163 2046 cum
186 2017 305 2047 essent
326 2012 383 2047 usi
405 2013 525 2058 aliquo
547 2034 593 2040 —
618 2019 798 2048 sumerent
822 2013 917 2047 aliud
942 2016 998 2056 10,
1027 2016 1061 2055 1,
1083 2016 1117 2047 7.
1154 2014 1281 2057 quaed.
1307 2014 1422 2048 adhuc
1445 2018 1573 2047 vetera

79 2063 259 2094 vetustate
291 2058 368 2102 ipsa
400 2059 534 2108 gratius
567 2059 702 2102 nitent,
725 2061 863 2104 ¹quaed.
897 2065 933 2094 et
965 2058 1169 2094 necesSario
1198 2058 1341 2093 interim
1373 2064 1572 2102 sumuntur,

82 2117 338 2148 nuncupare
362 2111 424 2140 eie.
453 2107 496 2148 8,
520 2107 560 2148 3,
585 2108 642 2141 27.
663 2106 774 2143 multa
797 2105 842 2148 (in
865 2103 1168 2147 declamationibus)
1194 2105 1380 2145 sumimus,
1403 2110 1444 2138 ut
1466 2105 1573 2139 vide-

83 2155 155 2194 tur,
179 2156 311 2184 aetates
329 2157 390 2184 etc.
412 2154 448 2195 2,
473 2153 530 2195 10,
554 2150 599 2185 14
616 2152 665 2185 Ν.
689 2153 786 2196 quod
808 2151 882 2185 illic
906 2152 955 2194 (in
974 2152 1213 2195 disputniione)
1238 2151 1572 2196 interrogatur,

40 2206 43 2209 ·
82 2195 144 2230 hie
168 2195 219 2239 (in
244 2196 348 2240 orat.)
372 2197 450 2231 fere
472 2196 668 2231 sumitur
691 2198 734 2240 5,
759 2200 826 2241 11,
850 2200 884 2231 3.
917 2209 974 2232 ars
996 2196 1182 2231 inventrix
1206 2202 1242 2230 et
1264 2196 1454 2239 iudicatrix
1480 2197 1569 2240 ejus,

135 2243 181 2276 od
204 2241 242 2275 in
266 2253 408 2287 quoque
429 2248 548 2288 potest
570 2242 660 2276 sumi
684 2243 917 2286 persuasibile
941 2247 983 2286 2,
1010 2244 1076 2285 15,
1100 2245 1168 2284 213
1192 2253 1302 2275 unum
1325 2248 1485 2286 paratum
1509 2243 1575 2276 af-

116 2299 247 2331 erre,
269 2306 312 2312 —
338 2289 486 2323 alterum
507 2287 558 2322 ibi
582 2300 760 2323 sumere
785 2292 850 2332 12,
874 2290 918 2331 9,
943 2290 988 2324 19
1012 2301 1045 2323 v.
1062 2287 1252 2330 Affer03
1279 2287 1308 2321 si
1334 2288 1489 2331 judicum
1515 2300 1573 2322 su—

87 2339 226 2368 merent
251 2334 405 2368 animum
421 2335 458 2377 9,
474 2337 509 2375 2,
529 2332 586 2370 80.
611 2334 655 2376 cf.
674 2338 709 2378 2,
726 2338 762 2378 2,
779 2334 814 2369 4.
840 2333 1157 2369 contradictionem
1180 2345 1322 2367 sumere
1346 2334 1385 2376 (i.
1400 2347 1431 2378 q.
1451 2347 1574 2378 prae—

86 2378 271 2422 sumere)
298 2383 354 2423 11,
376 2382 411 2422 3,
437 2381 502 2415 163
523 2381 570 2414 Ν.
594 2381 694 2416 velut
717 2391 852 2415 novum
874 2386 988 2415 sumet
1014 2380 1202 2414 exordium
1224 2383 1257 2419 1,
1276 2382 1332 2421 12,
1352 2381 1407 2415 19.
1432 2393 1466 2413 v.
1486 2379 1575 2414 Ex-

88 2425 289 2459 ordium.
314 2427 416 2460 vetut
437 2425 592 2470 repetito
614 2426 727 2470 spatio
742 2426 855 2465 ¹sumit
877 2427 1046 2470 impetum
1071 2428 1134 2468 10,
1161 2427 1202 2467 3,
1228 2426 1250 2458 6
1286 2425 1413 2471 agendi
1436 2425 1575 2460 initium

89 2472 283 2505 secundnm
306 2472 404 2506 vires
427 2473 599 2516 cujusque
621 2474 839 2515 sumendum,
853 2478 907 2506 est
931 2475 986 2515 12,
1011 2473 1047 2515 6,
1072 2475 1105 2505 1.
1131 2482 1221 2515 opus
1245 2476 1299 2505 est
1321 2471 1411 2505 locis
1436 2472 1481 2516 (in
1505 2480 1577 2505 arie

89 2516 300 2560 memoriae),
332 2529 423 2562 quae
446 2519 507 2552 vel
530 2518 806 2564 finguntur,
840 2519 902 2552 vel
924 2523 1173 2552 sumuntur
1196 2520 1261 2559 11,
1286 2519 1331 2559 2,
1355 2520 1412 2551 21.
1435 2528 1577 2552 sumere

90 2562 272 2596 materiam
305 2563 571 2597 controversiae
593 2564 640 2604 6,
665 2562 707 2606 4,
733 2565 789 2601 21.
824 2569 865 2596 ut
891 2575 938 2597 ex
969 2562 1140 2596 industria
1173 2571 1353 2596 sumamus
1385 2564 1578 2598 sententias

22 2607 39 2639 ξ
91 2610 213 2652 quasd.
241 2611 304 2650 10,
329 2611 370 2652 5,
394 2611 428 2644 9.
458 2615 498 2642 ut
520 2619 594 2642 non
619 2610 730 2643 breve
751 2611 878 2643 ‘saltem
907 2615 1045 2652 tempus
1066 2629 1111 2634 —
1135 2609 1179 2642 ad
1203 2620 1245 2642 ea
1278 2608 1495 2652 dispicienda
1518 2621 1578 2643 su-

21 2658 38 2679 “«
92 2665 226 2688 mamus
252 2657 307 2695 10,
330 2659 365 2698 7,
388 2657 454 2697 2ος
489 2654 518 2688 si
544 2655 627 2698 quid
650 2654 747 2688 tibi
771 2667 907 2696 sumas,
930 2655 1152 2699 probandum
1175 2660 1230 2689 est
1254 2658 1311 2698 12,
1334 2655 1371 2697 6,
1396 2656 1417 2690 5
1437 2657 1483 2690 Ν.
1506 2669 1577 2699 cn,-

92 2699 249 2744 inanima
272 2712 355 2744 pro
381 2701 459 2734 aliis
481 2699 623 2748 generis
646 2701 757 2744 ejusd.
783 2707 968 2735 sumuntur
989 2702 1024 2744 8,
1047 2702 1082 2741 6,
1107 2703 1163 2735 10.
1205 2699 1248 2744 β)
1272 2713 1302 2734 c.
1329 2702 1493 2745 Praepos.
1518 2705 1575 2735 in}

95 2746 245 2791 elegiam
276 2747 324 2780 in
360 2758 484 2780 manus
514 2758 653 2780 sumere
679 2749 741 2789 10,
776 2750 816 2790 1,
841 2748 905 2789 583
943 2745 1112 2789 (causas)
1143 2757 1230 2791 quas
1261 2745 1308 2781 in
1336 2752 1580 2794 argumentum

25 2812 33 2818 -
97 2798 211 2826 sumet
232 2795 254 2826 7
265 2819 275 2836 ‚
300 2796 342 2836 2,
366 2795 422 2827 35.
455 2799 493 2826 ut
517 2794 675 2838 Bagoam
701 2792 851 2836 aliquem
876 2793 920 2826 iu
946 2795 1147 2837 exemplum
1174 2793 1293 2838 operis
1317 2793 1370 2827 sui
1401 2799 1581 2828 sumerent

100 2836 187 2870 sibi
210 2837 256 2881 5,
280 2841 344 2880 12,
364 2841 421 2877 21,
483 2837 517 2884 γ)
542 2852 570 2872 c.
594 2842 685 2882 loco,
719 2841 806 2873 unde
829 2842 976 2873 sumitur.
1013 2839 1048 2881 a)
1076 2837 1186 2873 hinc
1209 2845 1359 2874 sumlam
1380 2836 1580 2874 libertatem
