1728 3002
862 42 882 52 x

520 189 694 240 ··‘Illado
720 214 778 224 -
804 188 953 249 Imago
1037 215 1038 218 =
1438 194 1522 236 399

91 340 94 342 .
140 318 142 320 ’
190 303 438 352 [mnu-uum,
457 305 631 359 qnod-est
653 303 993 350 Safflm‚ssudenu
1015 302 1078 349 (Ζ.
1097 316 1139 338 ex
1159 305 1277 341 Amo„
1293 307 1329 357 1⁸.
1350 303 1518 349 irridens)

40 352 191 391 Cio-,ex
216 351 391 388 industria
414 350 504 388 dixit
530 353 564 395 1,
587 351 621 394 5,
645 349 695 395 8.]
833 380 840 388 ,
932 368 953 387 ..-
971 369 986 382 -ι
1041 375 1044 379 «
1315 357 1318 360 ’
1439 372 1454 393 -,

50 399 209 441 umine.
233 407 533 454 pulchritudinem
555 418 675 442 rerum
698 407 841 442 claritas
862 405 1037 441 orationis
1058 405 1093 440 il
1106 406 1311 442 luminat
1331 407 1446 451 2,,16,
1462 410 1520 444 10.

40 455 186 493 laudare
213 449 334 499 aliqui
349 463 418 495 ,-’
445 453 644 489 illuminare
671 453 942 498 interponendo,
962 452 1095 496 aliquid
1119 452 1175 486 sui
1208 455 1270 494 (de
1287 453 1521 498 praeceptore)

8 499 76 549 2²2,
98 501 136 544 4,
161 503 219 534 11.
253 499 368 534 oratio
392 501 642 535 translatorum
664 499 819 538 nitore
846 498 1154 533 illuminanda
1178 500 1374 541 12,10,36.
1400 499 1519 543 debet,

11 555 17 563 ’
40 547 139 591 quod
159 543 482 581 illustrandae
504 546 648 581 alterius
670 544 724 580 rei
747 545 860 593 gratia
881 544 1081 587 assumitur,
1105 544 1221 590 ipsum
1243 555 1325 579 esse
1347 545 1519 580 clarius

38 603 99 640 eo,
118 590 221 637 ‘quod
242 591 478 633 illuminat
498 593 536 635 8,
554 594 589 635 3,
611 593 669 627 73.
1027 613 1030 616 «
1457 619 1506 654 ⁸„

51 638 159 679 uuio.
193 643 366 691 (fig.·‘''.
396 646 500 690 cic.)
532 649 568 692 9,
593 651 627 693 1,
648 649 707 684 28.
738 647 797 693 ‚in
820 658 865 682 eo
889 656 1021 695 genere
1042 645 1197 681 ironia
1220 651 1298 690 esti,
1332 645 1520 682 innno-

41 793 762 896 illssll'gkgfzmequeture’vdoyua,
791 862 883 896 quae
909 861 931 885 a
955 849 1033 885 Cic.
1065 847 1337 885 illustratio
1358 855 1397 885 et
1423 849 1520 890 eyi-

41 897 195 932 dentia
217 896 421 941 nominatur
443 898 480 941 6,
498 900 534 940 2,
558 899 613 930 32.

49 942 190 984 nstris·
224 951 318 986 fines
340 952 542 987 maxime
567 952 778 986 illustres
805 955 847 996 2,
875 953 941 996 15,
962 954 1019 987 37.
1055 950 1087 986 si
1110 950 1202 985 desit
1221 949 1370 987 illustris
1387 943 1519 996 *expla-

42 1043 176 1079 tionem
198 1048 311 1086 putat,
338 1043 487 1085 delecta,
511 1045 679 1086 translata
695 1051 756 1077 etc.
781 1046 815 1086 8,
831 1047 866 1087 3,
878 1042 1122 1096 433-illustres
1143 1046 1271 1087 poetae
1295 1043 1331 1086 5,
1345 1044 1473 1087 11‚36.

50 1096 184 1130 nstro·
229 1097 280 1142 a)
313 1099 356 1132 ἀι
379 1102 633 1142 perspicuitate.-
668 1105 708 1133 ut
733 1099 893 1134 modicus
918 1101 997 1142 ejus
1022 1097 1275 1144 (translationis)
1296 1109 1381 1132 usus
1404 1099 1518 1137 illu-

39 1149 162 1179 strat
193 1143 412 1178 orationem:
447 1145 497 1178 ita
522 1146 690 1189 frequens
713 1146 1019 1187 etobscurat,
1055 1149 1092 1179 et
1114 1143 1280 1180 taedio
1312 1145 1518 1188 complet

38 1192 76 1233 8,
98 1191 136 1232 6,
158 1189 216 1226 14.
250 1199 296 1223 eo
324 1192 536 1234 (expoliandi
557 1190 693 1234 genere)
724 1193 785 1225 vel
814 1190 971 1224 maxime
999 1189 1240 1225 illustrari
1279 1190 1516 1236 ornarique

39 1235 237 1270 orationem
259 1234 305 1277 4,
337 1236 386 1280 3,
410 1235 444 1268 4.
481 1242 626 1269 ornatus
652 1235 823 1270 orationis
844 1256 891 1262 —
917 1246 992 1270 non
1011 1237 1121 1270 modo
1145 1247 1218 1269 non
1245 1234 1518 1271 illustrabit

39 1280 136 1339 {ca-⁴1.
162 1279 282 1323 lustr.)
306 1290 396 1322 eam,
422 1281 486 1314 aed
509 1282 616 1315 etiam
639 1282 854 1316 destruet
878 1284 934 1324 11,
960 1284 1053 1324 1,·2.
1078 1293 1111 1316 v.
1140 1281 1362 1315 illumino.
1406 1281 1518 1334 52112

18 1356 232 1409 munitur
256 1371 389 1414 forum,
406 1370 554 1418 'ingenia
580 1375 636 1415 10,
653 1376 684 1412 1,
702 1375 781 1407 122.
806 1374 914 1420 louge
937 1371 1114 1408 clarius
1136 1373 1517 1408 illustraverunt

24 1415 108 1473 ¹'too
131 1427 221 1462 opus
244 1416 441 1461 Sophocles
466 1424 571 1462 atque
593 1418 780 1462 Euripides
804 1421 861 1462 10,
887 1422 920 1462 1,
943 1419 1000 1453 67.
1309 1422 1311 1425 ’

19 1471 23 1474 ”
75 1471 92 1517 J
113 1462 221 1508 ’11οΒ
253 1474 307 1508 Μ.
331 1474 472 1508 Tullius
495 1475 634 1520 quaerit
655 1475 770 1508 adhuc
796 1485 879 1508 eum
904 1473 1159 1519 (eloquentem),
1192 1479 1228 1509 et
1249 1479 1386 1508 tantum
1407 1474 1517 1509 ima-

69 1518 221 1558 inatur
245 1531 288 1555 ac
309 1519 452 1568 fingit
476 1524 535 1564 12,
554 1524 587 1563 1,
604 1523 662 1554 21.
693 1531 767 1554 nec.
784 1522 899 1554 solum
923 1531 1013 1565 quae
1036 1522 1133 1554 facta
1155 1520 1227 1554 sint
1248 1526 1310 1553 aut
1329 1520 1429 1563 fiant,
1452 1522 1516 1560 sed

13 1529 144 1646 Q
167 1566 408 1646 vanam
425 1566 583 1647 Ἢῒ
601 1564 1518 1659 fufflfflazaffffiamffa

111 1652 157 1690 42
426 1638 437 1656 ’
819 1666 822 1667 ⁷

119 1752 121 1754 q
143 1729 157 1741 ·
201 1712 244 1755 1)
273 1716 427 1756 proprie.-
466 1724 614 1748 necesse
643 1718 698 1748 est
722 1713 841 1747 minus
861 1713 907 1748 sit
929 1712 1047 1760 imago
1071 1712 1165 1747 facie
1193 1715 1258 1756 10,
1281 1715 1325 1756 2,
1350 1715 1414 1756 113
1449 1715 1515 1749 de-

38 1755 170 1800 pic-tam
191 1757 232 1790 in
253 1758 372 1792 tabula
394 1759 572 1803 sipariove
594 1759 783 1805 imaginem
807 1759 860 1793 rei
890 1759 934 1801 6,
969 1762 1011 1800 1,
1038 1761 1094 1792 32.
1142 1758 1333 1805 imaginem
1358 1760 1453 1794 Galli
1474 1763 1516 1794 in

31 1805 143 1834 rccuto
168 1799 347 1852 §imbrico
369 1803 498 1848 pictam
523 1805 559 1847 6,
586 1807 621 1846 3,
647 1806 704 1840 38.
737 1805 799 1841 im.
823 1804 920 1838 senis
946 1804 1113 1838 cadaveri
1138 1804 1257 1838 infusa
1279 1805 1315 1848 6,
1342 1808 1374 1847 1,
1399 1806 1446 1839 40
1464 1808 1513 1840 N.

39 1846 284 1889 tyrannicidae
306 1846 367 1881 im.
394 1849 432 1881 in
458 1850 642 1894 gymnasio
664 1857 816 1894 ponatur
844 1853 877 1892 7,
890 1853 924 1891 7,
939 1850 972 1884 5.
1000 1849 1159 1884 mulieris
1182 1850 1243 1885 im.
1266 1850 1305 1883 in
1326 1852 1515 1896 gymnasio

38 1900 92 1927 ne.
110 1895 262 1934 ponatur
293 1893 338 1925 ib.
382 1893 528 1936 Apelles
556 1894 745 1940 imaginem
769 1895 941 1942 Antigoni
963 1897 1075 1929 latere
1099 1901 1235 1928 tantum
1257 1897 1369 1930 altero
1393 1892 1516 1934 osten-

38 1933 94 1977 dit
115 1938 151 1978 2,
179 1937 236 1979 13,
259 1937 326 1978 1¹23
373 1937 471 1980 Opus
497 1944 552 1971 est
574 1955 617 1961 —
640 1940 871 1986 imaginib.
895 1942 956 1974 vel
981 1940 1253 1981 simulacris,
1279 1953 1369 1985 quae
1392 1943 1515 1986 utique

33 1979 210 2026 ,fingenda
233 1986 324 2014 sunt.
365 1982 538 2028 Imagines
563 1989 667 2017 notae
690 1990 792 2024 sunt,
835 1984 959 2028 quibus
986 1996 1050 2028 ea,
1089 1997 1179 2029 quae
1203 1986 1392 2020 ediscenda
1419 1993 1514 2030 sunt,

33 2031 205 2063 notamus
229 2029 285 2069 11,
308 2029 343 2067 2,
369 2029 438 2069 213
476 2028 635 2071 quamvis
658 2029 776 2074 fulgor
796 2029 858 2062 ille
878 2030 1038 2063 sinistras
1058 2030 1230 2076 imagines
1250 2033 1375 2064 reddat
1399 2035 1456 2074 11,
1479 2035 1515 2076 3,

39 2071 99 2107 68.
145 2072 194 2111 11)
218 2074 241 2106 ι’.
265 2084 296 2116 q.
322 2074 594 2106 similitudo.-
617 2073 735 2119 imago
765 2075 847 2115 (fig.
872 2087 929 2118 ap.
958 2075 1054 2117 Cic.)
1081 2077 1117 2117 9,
1142 2079 1176 2118 1,
1197 2077 1256 2110 35.
1282 2076 1516 2120 improvisum

40 2115 124 2159 (ml.
151 2115 359 2160 improvisa)
385 2117 500 2164 imago
523 2117 541 2161 (
545 2117 575 2159 s
577 2121 588 2150 ἰ
597 2118 654 2160 g.)
676 2120 712 2160 9,
741 2120 776 2160 3,
797 2120 855 2153 90.
898 2119 940 2162 a)
964 2132 993 2152 c.
1022 2122 1153 2154 Genua
1187 2121 1397 2155 declamatio
1419 2121 1515 2166 judi-

38 2161 178 2196 ciorum
196 2162 495 2208 consiliorumque
514 2163 576 2197 im.
600 2167 647 2204 2,
669 2166 738 2206 20,
764 2166 818 2201 12.
857 2163 916 2196 im.
940 2164 1019 2198 veri
1043 2165 1255 2199 discriminis
1285 2169 1351 2209 12,
1377 2170 1434 2210 11,
1457 2171 1514 2204 15.

40 2207 103 2242 im.
126 2207 202 2252 ipsa
225 2208 449 2250 eloquentiae
472 2211 506 2250 1,
530 2211 586 2251 12,
611 2209 666 2243 18.
698 2208 840 2248 honesti
863 2220 1030 2253 praesens
1051 2210 1113 2244 im.
1140 2213 1195 2252 12,
1219 2214 1252 2254 1,
1275 2214 1332 2246 28.
1359 2213 1513 2256 justitiae

35 2251 102 2291 vim.
127 2255 163 2295 2,
185 2255 243 2295 20,
267 2254 301 2286 6.
343 2256 398 2295 12,
420 2255 454 2296 3,
480 2253 537 2288 40.
578 2254 691 2287 laudis
717 2255 807 2289 falsa
828 2257 890 2287 im.
921 2257 965 2298 5,
988 2256 1034 2298 8,
1064 2259 1100 2289 2.
1147 2255 1208 2289 illa
1230 2258 1330 2291 velut
1353 2258 1424 2292 litis
1448 2259 1510 2298 im.

35 2295 78 2340 4,
102 2299 136 2341 1,
158 2296 206 2331 4.Δ
240 2298 300 2332 im.
325 2299 477 2342 perfecti
501 2299 650 2334 oratoris
678 2302 709 2341 1,
738 2302 794 2342 10,
817 2298 852 2334 4.
884 2298 946 2334 illa
968 2311 1056 2335 vera
1080 2301 1139 2334 im.
1169 2302 1294 2336 orandi
1317 2305 1351 2345 5,
1376 2307 1432 2347 12,
1456 2308 1513 2340 17.

39 2341 102 2377 im.
129 2343 268 2387 pietatis
304 2346 372 2386 12,
400 2346 448 2388 3,
478 2343 535 2379 40.
583 2345 950 2387 similitudines,
970 2364 1013 2371 —
1037 2347 1083 2379 ad
1106 2347 1372 2391 exprimendam
1393 2361 1512 2385 rerum

41 2387 281 2434 imaginem
304 2389 518 2433 compositae
542 2391 578 2433 8,
594 2393 628 2433 3,
648 2394 705 2426 72.
730 2392 826 2435 quod
850 2387 1004 2425 εἰκόνα
1028 2392 1156 2426 Graeci
1179 2399 1321 2433 vocant,
1346 2406 1418 2439 quo
1445 2407 1513 2431 ex-

37 2433 203 2477 primitur
223 2445 342 2468 rerum
364 2441 423 2469 aut
443 2446 673 2480 personarum
695 2436 842 2482 imago
871 2439 914 2479 5,
940 2440 1004 2479 11,
1033 2436 1090 2471 24.
1127 2437 1267 2476 interim
1296 2442 1510 2484 parabole

39 2488 123 2513 cum
144 2490 204 2521 re,
239 2480 339 2522 cujus
362 2486 415 2515 est
445 2481 624 2528 imago,
657 2482 880 2517 connectitur
901 2483 938 2524 8,
966 2484 1006 2523 3,
1030 2486 1087 2517 77.
1118 2482 1236 2532 imago
1258 2486 1312 2520 rei
1333 2489 1368 2528 2,
1391 2490 1450 2529 20,
1472 2487 1509 2522 4.

37 2521 76 2566 4,
99 2525 135 2566 2,
159 2527 237 2559 120.
273 2526 308 2568 6,
332 2528 369 2568 2,
392 2527 449 2560 33.
483 2528 519 2570 8,
543 2529 578 2569 3,
601 2528 658 2563 63.
694 2531 749 2568 11,
774 2530 809 2570 2,
832 2530 890 2562 20.
938 2528 1029 2562 falsa
1061 2539 1181 2563 rerum
1210 2530 1270 2564 im.
1298 2532 1449 2567 detineri
1473 2540 1509 2568 et

37 2567 202 2621 inanibus
228 2570 496 2606 simulacris
530 2575 587 2616 10,
610 2575 644 2616 5,
671 2577 726 2608 17.
761 2571 944 2607 credibilis
963 2584 1084 2608 rerum
1104 2574 1167 2609 im.
1190 2574 1232 2619 4,
1262 2578 1304 2620 2,
1328 2580 1406 2612 123.
1438 2590 1507 2613 nec

27 2615 241 2661 ,amagine
264 2621 299 2649 et
322 2618 493 2651 ambitu
514 2629 585 2652 rer.
610 2620 673 2653 sed
699 2619 834 2653 rebus
859 2618 945 2662 ipsis
970 2622 1073 2663 10,1,
1097 2621 1152 2656 16.
1181 2633 1312 2665 renim,
1336 2635 1509 2666 persona-

19 2660 176 2707 ’ᾔει-ωτι,
197 2671 329 2695 vocum
351 2662 402 2706 (a.
415 2667 436 2696 2.
457 2665 754 2707 personarumve)
780 2664 951 2710 imagines
973 2666 1009 2707 9,
1036 2667 1071 2708 2,
1093 2667 1139 2700 33
1162 2668 1210 2700 Ν.
1228 2667 1413 2714 imagines
1435 2682 1509 2704 rer.

25 2705 232 2742 ,absentium
257 2708 292 2749 6,
315 2710 351 2750 2,
372 2709 429 2742 29.
458 2715 621 2744 recentes
645 2722 716 2745 ner.
743 2710 916 2757 imagines
939 2712 994 2753 10,
1018 2713 1052 2750 7.
1076 2711 1132 2747 14.
1163 2711 1225 2747 im.
1247 2714 1393 2748 sceleris
1415 2716 1452 2757 6,
1472 2718 1507 2758 1,

38 2748 96 2795 31.
131 2751 241 2787 futuri
265 2753 435 2799 temporis
459 2754 520 2791 im.
543 2758 587 2791 ib.
613 2756 667 2792 19.
714 2766 857 2791 omnem
877 2756 973 2791 vitae
995 2755 1056 2790 im.
1087 2759 1142 2802 10,
1168 2761 1202 2802 1,
1227 2759 1285 2796 69.
1318 2759 1507 2807 imaginem

40 997 384 1042 natio,-propositio
409 1006 469 1031 etc.
493 1000 528 1040 9,
556 1000 592 1040 2,
618 1000 654 1032 2.
689 1009 869 1032 assumere
891 1009 957 1041 ea,
992 997 1120 1042 quibus
1144 997 1315 1031 illustrem
1337 997 1416 1031 fieri
1439 1008 1520 1033 ora-
1586 1024 1601 1032 -

38 1329 215 1361 ctantate:
243 1325 410 1360 humilius
431 1337 543 1372 genus
564 1327 838 1361 illustrasse
863 1327 966 1360 factis
992 1326 1027 1370 3,
1055 1330 1091 1370 7,
1116 1329 1171 1361 10.
1216 1338 1363 1370 summa,
1390 1328 1518 1371 quibus
1577 1350 1587 1361 .
