1728 3002
499 219 716 263 invalesco
753 241 802 248 -
835 217 1012 260 Invenio
1438 219 1521 258 449

43 351 185 388 qnoque
207 338 321 384 (quod
345 346 434 373 mox
457 334 645 389 Cornelius
670 333 796 368 Celsus
818 341 931 378 prope
953 341 1062 377 snpra
1085 331 1230 365 modum
1252 327 1399 373 invasit)
1425 331 1463 374 3,
1481 332 1517 373 7,

43 388 103 423 2⁵.-
146 386 206 422 hic
229 383 282 420 illi
303 385 511 428 eloquentes
532 398 578 409 —
599 381 771 416 invadent
794 389 966 425 personas
990 376 1205 413 favorabiles
1227 379 1262 420 7,
1290 379 1322 419 1,
1344 374 1401 411 43.

0 441 238 488 invalesco.
283 449 489 486 invaluit
513 448 574 484 mc
596 449 742 484 affectus
765 461 844 493 opp.
869 446 958 481 nihil
984 444 1146 480 efficit
1166 445 1202 487 6,
1223 447 1257 487 1,
1278 442 1336 478 44.
1365 453 1519 478 comme-

42 502 144 543 tudo,
167 509 259 544 quae
281 497 413 533 cotidie
437 495 622 532 invalescit
647 498 684 538 2,
710 498 743 538 1,
767 497 800 528 1.
832 505 914 528 cum
934 491 1047 529 verba
1066 490 1368 526 intercidant
1393 489 1519 525 inva-

43 547 302 589 lescantque
324 541 541 587 temporibus
567 544 623 586 10,
645 546 681 585 2,
707 543 750 575 13
773 541 820 574 N.

0 589 201 634 Invehor·
235 603 352 635 transt.
383 602 408 634 ι’.
428 612 462 644 q.
488 601 692 642 increpo.-
736 597 773 630 in
802 596 995 631 advocatos
1028 594 1202 646 adversae
1229 591 1340 637 partis
1366 591 1521 626 libenter

44 648 264 686 invehuntur
287 649 353 688 12,
371 646 416 688 9,
438 647 495 679 11.
532 643 571 678 in
596 644 686 678 iuud
709 642 891 678 hominum
916 651 1027 687 genus
1052 645 1215 675 invectus
1239 645 1293 672 est
1315 641 1351 681 2,
1377 638 1434 681 15,
1459 640 1519 674 29.

43 700 96 737 ut,
119 693 150 727 si
171 692 296 726 merita
315 691 354 725 in
377 690 618 725 adversarium
641 689 756 733 aliqua
777 686 1001 731 exposueris,
1022 684 1061 719 in
1082 685 1258 733 ingratum
1276 683 1460 719 inveharis
1483 681 1520 727 4,

43 741 79 783 3,
102 741 140 774 7.
161 739 396 774 vehementer
417 736 455 770 in
481 747 559 771 eam
583 734 717 779 (adem)
738 733 861 770 invehi
886 736 921 776 2,
954 732 1011 774 16,
1036 734 1071 767 1.

0 781 193 826 Invenio·
213 795 248 838 Ι)
270 796 313 828 de
335 795 452 835 rebus,
478 805 564 838 quae
587 799 722 826 extant.-
766 792 803 834 α)
834 789 946 832 sorte.-
982 789 1027 822 Et
1052 787 1133 822 illos
1155 787 1298 831 quidem
1321 797 1395 821 non
1418 784 1523 821 inve·

44 839 99 875 nit
120 843 178 883 11,
202 842 239 883 2,
267 842 322 873 12.
355 845 516 873 mortuus
545 844 598 872 est
622 837 790 873 inventus
812 840 846 875 7,
868 839 904 878 2,
926 834 984 869 48.
1018 834 1204 868 inventum
1227 844 1309 867 eum
1332 833 1372 867 in
1393 832 1521 867 solitu-

46 885 131 920 dine
153 885 191 928 4,
215 888 250 928 2,
279 887 336 920 13.
370 886 543 929 spiculum
569 890 668 917 tuum
689 883 727 916 in
752 892 901 926 corpore
929 879 1037 914 occisi
1063 878 1248 913 inventum
1273 884 1326 913 est
1346 880 1380 922 5,
1407 882 1463 921 12,
1486 882 1522 914 2.

48 931 120 979 Qui
139 936 247 964 nocte
271 942 352 964 cum
374 931 473 965 ferro
502 930 829 973 deprehensus
858 925 988 969 fuerit,
1031 924 1205 971 alligetur.
1264 923 1353 959 Cum
1389 925 1521 959 annulo

46 977 169 1019 ferreo
192 976 428 1010 inventum
451 975 675 1023 magistratus
701 973 856 1019 alligavit
879 976 923 1015 7,
946 972 989 1010 6,
1015 972 1048 1006 8.
1090 976 1126 1004 et
1147 970 1285 1004 inventi
1308 971 1402 1004 forte
1424 976 1460 1004 et
1483 970 1522 1004 in

15 1053 19 1056 .
46 1021 159 1056 libros
181 1021 308 1067 digesti
337 1021 592 1064 (commentarii)
622 1023 684 1063 10,
706 1023 742 1061 7,
766 1021 831 1060 3ος
868 1016 1014 1052 invenio
1037 1018 1107 1050 hoc
1131 1017 1224 1060 apud
1248 1015 1460 1050 Ciceronem
1486 1019 1522 1058 2,

47 1069 107 1110 21,
131 1064 187 1102 14.
221 1065 267 1107 cs.
290 1068 326 1108 8,
352 1069 388 1109 2,
412 1068 468 1102 18.
503 1071 558 1106 11,
588 1069 621 1109 2,
646 1067 681 1101 9.
715 1069 770 1107 12,
797 1067 851 1107 10,
875 1063 930 1098 48.
954 1063 1104 1096 -·mehe
1130 1072 1196 1106 pro
1224 1073 1288 1096 me
1313 1062 1406 1106 apud
1430 1061 1523 1095 anti-

98 1123 139 1146 ω
160 1112 199 1145 in
220 1112 404 1147 veteribus
427 1112 526 1146 libris
548 1111 750 1146 invenimus
766 1113 798 1152 1,
818 1111 850 1151 5,
863 1112 919 1142 21.
946 1107 1129 1142 invenitur
1152 1119 1207 1151 ap.
1232 1113 1356 1150 poetas
1380 1118 1523 1152 quoque

67 1156 251 1201 gradatio)
277 1159 322 1200 9,
345 1160 390 1200 3,
421 1159 478 1193 57.
527 1168 608 1191 cum
630 1156 819 1192 Parrhasio
837 1164 955 1188 sermo
978 1153 1135 1188 Socratis
1162 1164 1216 1196 ap.
1244 1154 1525 1196 Xenophontem

47 1202 231 1239 invenitur
256 1206 324 1245 12,
348 1205 412 1245 10,
439 1202 474 1238 4.
525 1203 650 1237 ceris
674 1201 830 1236 Platonis
853 1201 1000 1234 inventa
1023 1203 1106 1232 sunt
1127 1203 1294 1242 quattuor
1316 1198 1376 1232 illa
1398 1199 1530 1242 verba,

48 1248 176 1294 quibus
196 1268 245 1275 —-
269 1248 442 1295 significat
463 1249 505 1291 8,
528 1249 568 1291 6,
591 1247 648 1283 64.
687 1253 851 1281 veterum
877 1244 1096 1279 comicorum
1119 1245 1234 1278 adhuc
1255 1244 1354 1277 libris
1377 1243 1526 1278 invenio

47 1298 85 1338 1,
106 1297 143 1337 7,
164 1296 222 1328 22-
260 1295 324 1327 lias
348 1299 409 1328 aut
431 1293 595 1337 accepi
622 1293 783 1337 species,
818 1297 876 1325 aut
899 1290 1072 1325 inveni
1096 1290 1399 1334 frequentissimas
1422 1291 1465 1333 6,
1489 1292 1525 1333 3,

49 1341 129 1374 101.
166 1338 213 1381 ‹J-
239 1341 283 1380 3,
305 1339 350 1382 6,
375 1340 432 1377 62.
480 1340 576 1384 quod
600 1349 675 1373 non
700 1338 840 1372 ratione
865 1335 1196 1378 scrutabimur,
1231 1346 1305 1369 non
1330 1335 1525 1380 poterimus

38 1384 64 1420 «ἰ
76 1385 280 1420 Invenire
302 1384 371 1419 nisi
393 1397 477 1419 casu
500 1386 535 1428 5,
561 1387 616 1428 10,
639 1387 697 1418 22.
722 1383 764 1429 β)
797 1386 925 1416 ratione
954 1389 1012 1415 aui
1035 1394 1138 1426 opem
1165 1383 1329 1415 adhibita.-
1356 1383 1451 1426 quod
1468 1383 1529 1417 ,le-

47 1436 172 1478 gentes
197 1441 271 1465 non
292 1430 495 1465 invenimus
520 1433 560 1464 11
576 1457 586 1473 ,
611 1433 653 1473 3,
682 1431 717 1465 8.
768 1429 863 1463 inter
885 1428 1023 1462 medios
1049 1438 1168 1461 rerum
1193 1433 1291 1461 actus
1314 1427 1446 1471 aliquid
1463 1422 1526 1461 ‘in-

44 1475 150 1511 venit
170 1476 276 1511 vacui
299 1479 355 1518 10,
373 1477 410 1519 6,
427 1479 460 1510 1.
484 1482 697 1520 praeceptor
714 1476 883 1517 adjuvare
908 1474 1025 1515 debet,
1053 1484 1144 1517 quae
1170 1472 1209 1506 in
1234 1484 1376 1517 quoque
1400 1484 1526 1507 eorum

19 1521 188 1557 2-‘invenit
209 1523 303 1562 bona
329 1524 385 1564 10,
411 1525 445 1564 2,
471 1525 527 1556 20.
573 1532 640 1555 nos
666 1521 801 1555 tirones
826 1521 866 1554 in
884 1520 967 1553 foro
991 1518 1181 1553 inveniunt
1205 1521 1239 1560 2,
1267 1522 1322 1561 10,
1352 1520 1386 1553 9.
1423 1519 1527 1554 inve-

47 1565 151 1601 ninnt
173 1567 213 1602 in
235 1566 399 1601 omnibus
423 1568 479 1601 his
504 1567 594 1601 locis
617 1567 746 1613 figuras
768 1568 810 1608 9,
835 1569 877 1607 1,
905 1564 963 1601 24.
1011 1566 1193 1608 quomodo
1224 1565 1454 1598 Metrodorus
1486 1565 1526 1599 in

18 1613 135 1647 axn.
155 1612 286 1660 signis,
320 1624 385 1657 per
407 1624 498 1657 quae
533 1614 588 1646 soi
621 1618 735 1654 meat,
775 1617 942 1645 trecenos
978 1616 1014 1643 et
1037 1610 1446 1657 sexagenos’invenerit
1471 1612 1526 1645 lo-

19 1666 26 1680 2
50 1667 114 1692 ωε
137 1660 201 1701 11,
221 1661 268 1702 2,
290 1660 347 1692 22.
371 1664 507 1694 cetera
532 1658 661 1692 deinde
683 1659 884 1704 relegentes
906 1656 1107 1698 inveniunt,
1130 1655 1191 1689 ubi
1215 1656 1398 1700 posuerint
1420 1655 1471 1699 (a.
1497 1661 1521 1690 l.

22 1728 24 1730 v
48 1703 257 1747 punierunt)
278 1706 323 1736 ih.
341 1705 399 1738 23.
430 1703 597 1738 invenire
618 1704 655 1737 in
678 1703 816 1737 actione
841 1701 1047 1743 adversarii,
1074 1713 1167 1745 quae
1189 1701 1284 1735 inter
1306 1712 1346 1735 se
1367 1707 1527 1748 pugnent

0 1770 1 1783 ³
26 1763 29 1772 ¹
50 1749 99 1789 5,
121 1749 188 1790 18,
210 1750 268 1782 30.
306 1748 347 1783 in
370 1748 471 1783 libris
492 1749 782 1784 observationum
804 1748 951 1781 affuisse
979 1747 1191 1781 Ciceronem
1218 1747 1282 1780 tali
1313 1759 1439 1781 causae
1469 1747 1528 1780 in-

50 1791 164 1844 venio
182 1791 268 1834 4,1,
283 1794 338 1827 19.
368 1794 488 1827 multis
511 1794 667 1828 millibus
683 1805 852 1829 versuum
881 1804 960 1827 esse
982 1793 1193 1837 quaesitum,
1220 1794 1401 1836 quomodo
1421 1793 1529 1827 inve-

50 1847 233 1878 iuremus,
259 1843 343 1870 utra
366 1850 449 1882 pars
475 1840 622 1875 deberet
643 1840 743 1884 prior
766 1839 885 1873 dicere
919 1842 960 1880 7,
995 1841 1037 1880 1,
1066 1840 1124 1872 37.
1171 1838 1284 1881 prima
1311 1838 1444 1882 positio
1479 1849 1528 1872 ex

53 1881 207 1926 obliquis
229 1880 410 1916 invenitur
434 1887 467 1927 1,
480 1885 516 1926 6,
530 1887 595 1927 10;
620 1885 783 1918 acumine
805 1895 872 1918 suo
899 1885 1122 1917 delectentur
1145 1882 1367 1927 (auditores),
1392 1890 1427 1918 et
1442 1894 1530 1928 gan-

54 1928 164 1969 dent,
186 1936 261 1960 non
284 1927 383 1970 quasi
409 1929 681 1971 audiverint,
706 1930 768 1963 sed
792 1929 891 1973 quasi
914 1928 1192 1962 invenerint
1216 1930 1252 1971 8,
1276 1932 1311 1970 2,
1336 1930 1393 1962 21.
1425 1929 1470 1970 cf.
1494 1931 1530 1972 9,

54 1976 103 2016 2,
125 1975 182 2007 71.
228 1971 505 2007 inventiunculis
529 1975 706 2020 gaudent,
751 1986 841 2018 quae
872 1984 1104 2007 excussae
1134 1974 1422 2017 risumhabent,
1454 1974 1530 2008 in-

54 2023 226 2053 ventae
251 2017 346 2051 facie
370 2017 503 2064 ingenii
531 2019 757 2052 blandiuntur
777 2021 812 2060 8,
834 2021 869 2059 5,
893 2021 958 2060 223
998 2030 1044 2052 an
1065 2018 1274 2052 Alexander
1299 2024 1414 2053 terras
1436 2021 1531 2054 ultra

35 2096 38 2100 .
57 2063 240 2099 oceanum
264 2063 310 2096 sit
334 2062 543 2097 inventurus
565 2066 605 2103 3,
627 2065 667 2105 8,
693 2064 748 2097 16.
789 2064 1043 2096 damnanda
1066 2069 1168 2105 sunt,
1196 2074 1287 2107 quae
1309 2065 1529 2109 placuerant,

57 2153 392 2190 inveniendum
413 2154 450 2196 9,
475 2157 510 2196 2,
533 2154 590 2189 65.
629 2153 674 2195 cf.
711 2156 777 2196 10,
809 2156 852 2196 3,
889 2154 945 2188 16.
995 2156 1063 2195 12,
1092 2155 1134 2196 8,
1171 2156 1227 2187 10.
1283 2154 1322 2199 y)
1361 2157 1404 2190 de
1434 2160 1531 2191 rebus

53 2199 246 2245 frequenter
293 2201 551 2233 occurrentibus.-
600 2199 644 2240 a)
681 2198 808 2233 Latine
851 2199 896 2232 ad
926 2198 1077 2232 verbum
1107 2200 1314 2234 translatum
1358 2212 1432 2236 non
1473 2201 1533 2238 in·-

28 2278 32 2281 ,
57 2244 169 2282 venio
191 2247 227 2287 7,
248 2242 283 2284 4,
304 2244 342 2278 4.
380 2244 558 2287 Tullium,
587 2256 668 2278 cum
695 2245 753 2278 sur
776 2250 889 2286 esset,
912 2244 1071 2278 Tollium
1098 2252 1157 2278 etc.
1183 2244 1298 2279 dictos
1319 2246 1467 2282 invenio
1494 2249 1531 2291 6,

58 2293 95 2333 3,
118 2291 174 2325 53.
195 2290 315 2334 plures
337 2289 499 2324 invenias
521 2290 558 2324 in
581 2301 624 2324 ea
645 2290 814 2335 opinione
835 2291 870 2333 5,
897 2292 952 2332 10,
974 2293 1009 2324 2.
1042 2290 1248 2329 vehementi
1267 2292 1450 2328 remissius
1477 2300 1535 2328 et-

59 2346 132 2380 que
153 2334 399 2370 vehementius
421 2335 602 2370 invenitur
627 2339 683 2378 12,
708 2338 765 2376 10,
786 2336 843 2371 67.
874 2346 945 2380 «suo
968 2334 1058 2368 nihil
1078 2335 1234 2370 inveniri
1259 2339 1373 2381 possit
1399 2338 1534 2386 signifi-

61 2379 210 2415 cantius.
229 2381 262 2421 8,
272 2381 351 2420 2,9.
375 2379 416 2423 b)
426 2394 493 2426 seq.
515 2385 644 2415 Pron.
668 2385 819 2415 relat„-
846 2380 1007 2423 invenio,
1032 2381 1092 2424 qui
1101 2388 1292 2428 aggregent
1302 2383 1358 2418 his
1369 2385 1447 2428 9‚2,
1458 2388 1536 2421 107.
1557 2406 1562 2413 -

59 2426 248 2478 nec-quod
270 2426 361 2460 desit
382 2426 421 2459 in
440 2437 498 2468 eo,
521 2438 589 2462 nec
609 2428 704 2472 quod
725 2427 912 2469 redundet,
934 2426 1098 2461 invenias
1121 2429 1178 2470 10,
1197 2431 1231 2471 1,
1246 2429 1306 2467 76,
1334 2431 1454 2474 plures
1477 2430 1535 2464 in-

59 2481 208 2513 vemas,
235 2470 293 2515 qui
318 2471 494 2524 fateantur
517 2475 551 2515 1,
575 2475 632 2516 10,
659 2475 715 2507 37.
735 2471 796 2514 ·cs.
821 2474 856 2514 8,
877 2475 911 2515 1,
936 2475 970 2506 2.
1006 2482 1089 2506 raro
1111 2472 1360 2510 inveneris
1383 2476 1534 2520 judicia·
1564 2513 1566 2515 ¹

61 2517 134 2553 lem
156 2527 315 2559 causam,
338 2527 377 2550 ln
403 2518 502 2561 cujus
530 2529 603 2552 non
629 2524 731 2562 parte
754 2518 886 2562 aliquid
908 2529 1034 2552 eorum
1069 2529 1116 2552 re
1127 2518 1335 2562 periatur
1359 2523 1392 2563 3,
1416 2521 1454 2564 4,
1480 2522 1536 2557 16.

64 2573 99 2596 v.
122 2562 336 2605 Reperio.
363 2562 544 2598 invenisse
561 2574 638 2605 eos,
659 2564 719 2608 qui
742 2563 968 2608 quaesierunt
991 2565 1048 2606 10,
1062 2567 1097 2606 2,
1113 2566 1146 2599 5.
1168 2564 1303 2608 inveni,
1329 2567 1390 2610 qui
1413 2573 1449 2602 et
1465 2569 1535 2602 hoo

61 2603 205 2650 πλοκὴν
230 2613 376 2642 vocaret
399 2609 434 2651 9,
459 2611 494 2652 3,
516 2607 573 2644 49.
607 2607 651 2650 qs.
666 2612 702 2653 9,
729 2612 764 2651 2,
790 2609 848 2643 44.
880 2609 1068 2652 inveni,
1098 2609 1178 2654 qui
1201 2609 1353 2646 calvum
1375 2613 1536 2656 praefer-

36 2656 42 2673 z
61 2656 144 2686 tent
166 2653 329 2687 omnibus
343 2679 354 2696 ,
391 2653 575 2698 inveni,
609 2654 682 2698 qui
706 2654 872 2690 Ciceroni
894 2655 1081 2690 crederent
1112 2657 1177 2699 10,
1200 2659 1241 2699 1,
1267 2660 1344 2693 115.
1381 2658 1535 2700 facilius,

37 2697 165 2784 'ognod
185 2698 237 2740 (ιι.
255 2703 278 2732 l.
301 2698 402 2745 quid)
424 2699 546 2744 rejici,
568 2711 671 2744 quam
697 2701 792 2745 quod
818 2700 864 2743 (a.
886 2704 911 2733 1.
934 2699 1036 2744 quid)
1064 2700 1167 2744 adjici
1193 2702 1326 2746 possit,
1352 2702 1538 2738 invenient

123 2742 218 2797 3,”5.
248 2742 294 2784 ‹J-
321 2747 378 2787 12,
402 2747 458 2789 10,
480 2744 554 2787 463
578 2757 620 2780 ac
650 2745 736 2788 vix,
761 2745 868 2790 quid
892 2746 997 2790 adjici
1009 2747 1176 2790 potuerit,
1192 2747 1361 2791 invenio,
1386 2750 1537 2783 fortasse

55 2784 286 2838 ”inventia-ns,
313 2791 432 2833 qnod
455 2791 571 2826 adhuc
594 2791 811 2826 abscisurum
834 2796 953 2835 putem
975 2792 1085 2827 fuisse
1114 2795 1170 2836 12,
1195 2797 1230 2836 1,
1253 2796 1321 2838 203
1348 2793 1539 2830 invenian-

163 2857 244 2889 Lex.
277 2859 392 2898 Quini.
1223 2861 1269 2896 29

57 2114 94 2144 et
115 2108 410 2151 invenienda,
434 2119 525 2152 quae
547 2110 712 2154 fugerant
732 2107 832 2152 10,4,
845 2111 879 2141 2.
902 2108 996 2141 aliud
1019 2109 1173 2142 latens
1196 2114 1232 2142 et
1255 2111 1406 2144 auditori
1430 2122 1532 2155 quast
1592 2112 1595 2114 “
