1728 3002
548 186 751 244 Compleo
781 211 837 250 ᾗ·
865 186 1084 245 compono
1493 190 1578 233 '145

84 314 257 349 marmor,
281 304 402 349 ebur,
418 303 556 352 lignum
578 310 642 339 eto.
669 301 921 346 complectitur
942 303 978 345 2,
1000 303 1059 345 21,
1081 301 1117 336 9.
1144 300 1206 347 qut
1227 300 1309 336 finis
1331 318 1376 326 -
1399 301 1490 337 nthtl
1506 301 1575 337 nisi

85 351 332 388 {mentionem
365 352 552 394 complect.
579 351 624 392 2,
647 350 713 391 15,
741 350 798 383 13.
846 349 1059 392 περίφρασις
1082 348 1292 392 frequenter
1319 352 1356 382 et
1380 347 1418 382 id
1443 348 1573 393 ipsum,

84 397 126 433 in
148 398 248 442 cujus
272 399 391 432 locum
413 395 618 435 assumitur,
652 405 782 428 nomen
807 392 995 438 complecti
1018 394 1110 428 uolet
1133 394 1180 439 9,
1205 396 1239 438 1,
1261 394 1296 429 6.
1323 389 1506 429 διάλεκτος
1527 414 1574 422 -

85 444 239 478 latentes
267 443 373 478 etiam
402 452 571 477 numeros
600 442 790 485 complexa
820 441 866 482 9,
897 438 942 482 4,
977 440 1033 474 18.
1077 450 1158 475 cum
1188 449 1391 474 sermonem
1414 440 1575 475 habitum

85 490 383 533 complecteretur
407 485 594 532 (dialogus)
618 487 656 530 6,
681 489 724 529 3,
747 485 806 520 44.
841 485 936 520 linea
961 485 1110 530 amplius
1134 485 1286 531 spatium
1309 495 1385 520 non
1411 488 1572 531 comple-

87 540 204 570 ctetur
219 538 251 576 1,
267 538 324 578 10,
337 534 397 568 41.
432 534 545 568 finitio
567 547 612 558 —
635 538 672 567 et
694 543 819 567 omnes
840 530 1011 566 orationis
1031 531 1183 567 virtutes
1209 532 1347 566 semel
1370 533 1573 577 complent„

85 586 125 615 et
147 580 308 626 protinus
332 589 452 615 mores
474 581 582 614 etiam
604 578 756 613 oratoris
777 581 812 621 2,
838 579 894 620 15,
919 576 976 612 34.
1007 589 1098 622 quae
1120 577 1293 614 memoria
1316 579 1574 623 complectere-

86 631 147 661 tur
167 627 204 670 8,
229 627 288 661 Pr.
306 626 343 662 6.
388 624 434 670 β)
458 626 673 669 αᾱῙ.Λὸ1αι..·
700 626 772 659 hoc
794 630 979 669 utramque
1005 634 1146 659 causam
1167 623 1348 669 complexi
1370 625 1407 666 3,
1432 626 1490 668 11,
1511 626 1571 659 20.

85 677 128 709 ut
151 683 264 718 pauca
289 671 408 706 auimo
435 672 713 716 complectamur
736 672 799 713 10,
826 670 869 714 6,
897 672 931 705 3.
958 669 994 704 6.
1026 675 1216 715 utrumque
1241 670 1481 715 appellatione
1501 680 1574 705 una

193 717 356 754 lectimur
375 720 422 761 7,
448 717 496 761 4,
523 718 568 752 16
591 721 634 753 Ζ.
678 722 873 769 praecepta
900 716 1149 762 philosophiae
1182 716 1340 752 carmine
1367 727 1448 751 esse
1473 727 1573 751 com-

26 753 30 755 *
83 764 233 808 plexum
253 766 297 807 3,
323 766 356 807 1,
380 762 419 797 4.
452 769 495 798 ut
516 763 671 798 maxime
695 772 898 797 necessaria
921 778 968 786 —
995 762 1220 807 scribant,
1252 769 1372 798 cetera
1394 761 1574 816 cogita-

87 808 217 844 tione
244 810 618 854 complectantur
641 811 697 852 10,
719 812 756 852 7,
782 811 838 844 30.
863 820 899 842 v.
921 806 1165 856 Cogitatio,
1197 818 1264 843 uos
1287 809 1437 852 justum,
1461 819 1574 853 pium,

84 854 295 903 religiosum
317 857 472 890 honesto
497 854 765 900 complectimur
788 858 832 898 2,
863 853 907 898 4,
935 855 993 890 38.
1040 865 1133 900 quae
1158 853 1344 899 scripseris
1367 854 1496 889 iterata
1519 855 1575 890 le-

85 899 208 936 ctione
232 901 421 946 complecti
443 903 501 944 11,
525 904 560 940 2,
586 904 622 935 2.
652 901 813 945 pluribus
835 911 915 935 eam
938 898 1073 944 (αν-ιεηι)
1102 899 1202 935 libris
1225 901 1434 944 complexus
1456 905 1512 935 est
1539 901 1576 945 3,

87 949 132 990 1,
157 947 214 982 14.
243 946 288 989 «J.
313 949 356 990 1,
380 948 424 990 6,
446 947 506 982 36.
540 946 571 980 si
595 946 737 993 longior
759 947 1027 990 complectenda
1049 945 1222 981 memoria
1242 946 1349 982 fuerit
1379 946 1493 980 oratio
1517 948 1575 990 11,

86 994 132 1036 2,
155 995 214 1028 27.
252 998 309 1027 tot
333 998 427 1027 artes
452 992 633 1036 penitus
659 998 779 1026 mente
805 993 1033 1036 complexum
1060 995 1125 1033 12,
1148 996 1183 1035 1,
1206 991 1265 1027 25.
1295 991 1341 1034 eff.
1367 995 1424 1035 12,
1452 995 1489 1036 2,
1517 995 1573 1027 17.

86 1039 159 1073 hoc
183 1037 330 1073 nomine
353 1037 622 1082 complectimur
643 1037 784 1081 omnia,
812 1049 902 1082 quae
926 1037 1055 1072 Graeci
1080 1035 1327 1080 ἐνθῦμημιτα
1353 1045 1415 1072 ιω.
1441 1043 1578 1072 vocant

13 1120 19 1130 ¹
87 1083 134 1127 5,
159 1086 227 1127 10,
251 1086 285 1120 1.
318 1095 390 1129 quo
416 1082 548 1129 (modo)
575 1083 683 1118 etiam
704 1083 862 1119 minores
888 1093 1014 1118 omnes
1039 1082 1283 1129 (quaeniones)
1305 1083 1577 1127 complectimur

87 1131 134 1172 3,
159 1132 218 1171 11,
239 1132 276 1164 2.
313 1131 418 1174 plura
441 1130 564 1174 paucis
587 1129 835 1173 complectitur
856 1130 892 1172 8,
916 1131 950 1168 3,
973 1131 1032 1164 82.
1070 1135 1130 1172 ut,
1158 1139 1250 1173 quae
1272 1129 1318 1162 ad
1342 1130 1577 1174 philosophos

14 1189 20 1198 ’
86 1175 288 1220 pertinent,
311 1175 460 1210 scientia
482 1177 780 1219 complecteretur
805 1177 862 1217 12,
890 1177 946 1215 11,
969 1178 1028 1212 22.
1061 1186 1108 1210 ne
1133 1174 1310 1220 qualitatis
1336 1175 1480 1220 quidem
1505 1182 1578 1210 sta-

85 1225 127 1255 tu
149 1220 336 1265 complecti
361 1233 421 1256 eas
448 1219 753 1265 (deliberativas),
790 1221 874 1255 satis
899 1226 954 1255 est
976 1223 1018 1264 3,
1041 1221 1083 1265 8,
1107 1220 1142 1255 4.
1178 1220 1264 1265 ipsis
1291 1221 1438 1265 syllabis
1463 1223 1577 1257 verba

86 1267 276 1312 complecti
301 1270 342 1310 1,
368 1270 408 1310 1,
431 1269 489 1302 31.
528 1279 634 1312 quam
660 1266 870 1301 sententiam
897 1266 954 1301 his
979 1267 1103 1302 verbis
1129 1266 1378 1311 complectitur
1398 1269 1434 1311 3,
1462 1269 1498 1310 6,
1522 1270 1578 1303 13.

87 1311 133 1356 id,
147 1318 207 1346 aut
228 1312 436 1348 universum
461 1313 584 1348 verbis
611 1314 881 1357 complectimur
907 1318 968 1347 aut
993 1324 1059 1358 per
1079 1319 1198 1358 partes
1226 1314 1268 1355 5,
1296 1315 1359 1356 10,
1388 1313 1458 1348 54.-
1483 1315 1578 1349 Her-

88 1369 251 1406 magoras
279 1358 450 1402 dicendo,
485 1358 671 1393 materiam
702 1370 781 1394 esse
803 1359 843 1393 in
870 1370 977 1393 causa
1006 1364 1043 1394 et
1063 1359 1102 1394 in
1125 1358 1412 1412 quaestionibus,
1453 1369 1577 1395 omnes

27 1418 35 1427 ‘
87 1415 149 1439 res
170 1405 347 1450 mbjectas
373 1411 450 1440 erat
475 1406 687 1447 complexus
711 1408 752 1448 2,
775 1408 818 1439 21
832 1431 842 1448 ,
872 1407 938 1448 21,
981 1403 1029 1440 in
1053 1404 1142 1450 ipsis
1164 1405 1236 1440 illis
1258 1404 1483 1440 sermonibus
1508 1408 1580 1441 hoo

20 2060 43 2127 ‚iff-

35 2290 45 2298 a

26 2435 31 2445 ι.

40 2651 68 2672 u*

45 2691 80 2704 μ’

88 1451 298 1495 eomplexus
324 1450 410 1496 (seq.
432 1454 519 1485 Acc-
548 1464 578 1484 c.
602 1451 691 1494 Ins.)
718 1453 753 1495 3,
777 1452 813 1495 6,
837 1451 896 1486 68.

46 1505 265 1563 compleo·
322 1517 358 1563 1)
383 1517 423 1553 in
445 1518 534 1554 cibis
557 1518 626 1553 alia
648 1518 726 1553 aliis
750 1518 860 1565 magis
886 1518 1066 1562 complent
1089 1521 1130 1552 11
1147 1541 1157 1560 ,
1183 1521 1222 1561 1,
1245 1518 1303 1555 91.
1334 1520 1481 1553 vascula
1506 1519 1579 1554 oris

13 1581 21 1586 —
90 1564 476 1612 angusti‘superfusam
498 1564 659 1599 humoris
685 1564 825 1610 copiam
849 1569 1103 1608 respuunt,
1127 1563 1260 1598 sensim
1285 1569 1403 1598 autem
1426 1564 1580 1600 influen-

16 1616 46 1654 ,⁴¹
90 1609 270 1654 tibus,ve1
293 1610 399 1645 etiam
421 1610 598 1645 instillatis
623 1612 918 1655 complentur
942 1612 975 1650 1,
993 1611 1029 1652 2,
1048 1611 1106 1645 28.
1157 1611 1207 1654 ΙΙ)
1231 1613 1369 1643 1mns1..·
1393 1610 1431 1644 in
1446 1610 1580 1646 cithara

15 1655 41 1702 ’ᾖ
89 1655 244 1701 plurima
273 1656 449 1692 varietate
481 1659 661 1703 complent
690 1656 803 1703 spatia
828 1656 891 1690 illa
915 1665 1111 1691 nervorum
1136 1657 1202 1701 12,
1228 1657 1291 1699 10,
1313 1655 1372 1691 68.
1409 1657 1580 1702 fmquens

90 1712 176 1737 usus
198 1697 318 1737 taedio
344 1703 496 1747 complet
521 1703 556 1746 8,
581 1704 615 1746 6,
640 1700 696 1737 14.

113 1745 316 1803 mplexio·
362 1760 459 1804 quod
485 1769 560 1793 συν
570 1772 595 1793 α
605 1760 646 1803 ἰρ
656 1771 673 1792 ε
684 1770 754 1793 σιν
786 1763 822 1793 et
850 1770 928 1792 συν
939 1770 964 1792 α
974 1755 1143 1802 λοιφήν
1169 1752 1298 1793 Graeci
1324 1765 1478 1802 vocant,
1513 1770 1581 1794 nos
1622 1759 1626 1763 ”

95 1805 383 1848 complexionem
397 1804 545 1839 dicimus
560 1808 593 1847 1,
609 1807 644 1847 5,
659 1807 716 1839 17.
744 1817 823 1848 opp.
845 1801 1014 1838 divisio
1039 1804 1083 1837 ib.
1097 1803 1132 1839 6.
1157 1802 1423 1847 (epichirematos
1436 1804 1531 1848 pars)
1548 1806 1583 1849 5,

97 1846 152 1890 14,
163 1851 198 1884 5.
212 1841 248 1884 9.
271 1851 480 1895 plerumque
493 1862 629 1884 summa
648 1849 986 1895 complexione,
1009 1850 1072 1884 vel
1087 1860 1153 1894 per
1173 1850 1582 1894 enumerationem,

15 1891 37 1931 ’.ἶ
94 1895 158 1929 vel
183 1905 249 1939 per
269 1895 418 1931 brevem
443 1895 817 1939 conclusionem,
862 1900 1037 1930 testantur
1069 1897 1112 1929 ib.
1137 1897 1193 1930 11.
1233 1897 1392 1942 compl.
1418 1907 1495 1931 non
1518 1908 1584 1942 par

21 1959 34 1975 .
95 1939 373 1984 intentioni,
403 1942 466 1975 sed
488 1941 563 1976 vim
585 1942 723 1975 habens
748 1952 871 1986 parem
898 1943 943 1974 ib.
969 1944 1027 1975 12.

23 2004 40 2028 ·.
53 1983 325 2041 Complexus·
368 1998 403 2039 Ι)
424 1997 550 2032 haeret
569 1997 607 2031 iu
629 1999 822 2041 complexu
837 1997 1035 2042 liberorum
1057 1997 1094 2039 6,
1119 1999 1154 2038 1,
1174 1995 1234 2031 42.
1266 2002 1428 2032 extremo
1454 1998 1583 2041 compl.

27 2059 50 2077 ι
98 2052 246 2076 suorum
264 2043 499 2076 cohaerentes
521 2044 555 2082 8,
579 2045 615 2083 3,
638 2043 685 2077 68
707 2047 750 2076 Ζ.
807 2045 860 2084 Π)
883 2047 1019 2076 iransL:
1042 2040 1176 2077 vitium
1200 2052 1275 2075 non
1298 2049 1353 2076 est
1376 2043 1414 2076 in
1438 2053 1584 2086 sensu,

98 2089 161 2123 sed
188 2089 226 2127 in
251 2090 500 2132 complexu
528 2091 568 2130 1,
590 2088 634 2128 5,
657 2086 725 2130 46;
762 2088 801 2122 in
826 2088 905 2131 ipso
930 2098 1117 2122 causarum
1144 2090 1273 2130 compl.
1302 2089 1336 2130 5,
1360 2091 1417 2131 10,
1442 2091 1521 2123 103.
1548 2093 1585 2131 7,

20 2130 41 2172 ’Ῐ,
97 2137 140 2179 2,
165 2137 222 2169 57.
258 2133 413 2178 plurium
437 2135 556 2179 legum
581 2132 779 2167 aliorumve
806 2133 1018 2176 scriptortun
1044 2134 1236 2176 complexu
1263 2132 1306 2176 5,
1331 2135 1398 2176 10,
1425 2136 1505 2168 107.
1539 2132 1586 2168 in

20 2172 58 2205 ’“--
96 2181 354 2224 complexu
374 2178 547 2224 loquendi
570 2178 784 2222 serieque
809 2181 843 2220 1,
867 2180 902 2220 5,
925 2180 959 2212 3.
986 2193 1026 2203 -
1052 2176 1224 2212 orationis
1248 2180 1292 2211 ib.
1312 2177 1368 2212 34.
1399 2197 1446 2203 —-
1467 2190 1587 2214 rerum

98 2232 405 2271 personarumque
427 2228 470 2268 2,
498 2227 516 2258 1
532 2249 543 2267 ,
566 2225 602 2259 9.
629 2225 663 2266 3,
684 2225 718 2266 5,
744 2225 799 2258 18.
826 2224 871 2266 5,
893 2224 936 2265 8,
959 2223 995 2258 6.
1027 2222 1147 2257 finitae
1170 2222 1414 2268 (quaestiones)
1434 2231 1517 2260 sunt
1539 2238 1587 2261 ex

98 2273 229 2315 compl.
255 2282 398 2314 rerum,
420 2280 675 2315 personarum,
699 2274 899 2313 temporum
923 2271 959 2311 3,
983 2268 1017 2310 5,
1042 2271 1077 2303 7.
1113 2268 1237 2303 citra
1260 2271 1390 2314 compl.
1414 2282 1588 2315 persona-

98 2327 246 2359 turum,
268 2322 486 2360 temporum,
510 2326 695 2350 causarum
715 2318 751 2356 2,
775 2314 811 2356 4,
834 2315 892 2349 36.
921 2320 1061 2348 remoto
1081 2325 1320 2359 personarum
1340 2319 1469 2362 compl.
1491 2320 1527 2362 3,
1550 2319 1586 2361 6,

100 2408 223 2442 omnia
245 2413 283 2442 et
304 2407 455 2443 virtutes
478 2413 515 2443 et
536 2407 627 2443 vitia
649 2406 699 2440 in
727 2407 980 2451 complexu
1001 2406 1135 2440 habent
1157 2407 1200 2450 9,
1222 2405 1260 2451 4,
1282 2409 1340 2443 32.
1359 2411 1362 2414 ’

23 2362 162 2507 ξῖῖῖε
194 2362 389 2406 incompl.
419 2360 595 2397 sermonis
618 2362 660 2403 9,
692 2362 737 2404 3,
769 2362 823 2396 18.
870 2359 976 2395 brevi
1005 2361 1136 2404 compl.
1162 2361 1358 2396 verborum
1383 2366 1425 2407 7,
1454 2365 1497 2406 3,
1533 2365 1587 2398 18.

119 2462 306 2520 mplodo·
351 2469 581 2520 complodere
607 2486 731 2509 manus
757 2473 939 2509 scenicum
963 2471 1017 2508 est
1043 2476 1113 2518 11,.
1129 2475 1171 2519 3,
1191 2466 1276 2511 123.

97 2518 323 2576 omplures·
361 2531 456 2566 inter
483 2532 612 2576 compl.
638 2530 886 2576 imperatorias
907 2529 1059 2566 virtutes
1085 2533 1122 2576 8,
1142 2534 1179 2576 2,
1203 2535 1262 2567 11.

195 2590 294 2618 ono.
327 2587 356 2631 1)
373 2589 524 2633 propi-ie.-
546 2585 585 2631 α)
601 2588 779 2623 antidotos
798 2600 819 2622 e
829 2599 856 2622 x
875 2586 995 2622 multis
1010 2588 1191 2624 effectibus
1206 2589 1372 2634 componi
1383 2589 1547 2626 videmus
1563 2592 1592 2631 1,

107 2634 210 2676 10,6.
226 2639 266 2667 ut
281 2633 389 2669 Ovid.
408 2645 462 2668 ex
474 2634 708 2669 tetrastichon
722 2633 876 2669 carmine
891 2633 1020 2668 librum
1035 2634 1075 2668 in
1086 2636 1200 2671 malos
1215 2642 1339 2679 poetas
1354 2635 1595 2680 composuerit

105 2677 143 2720 6,
166 2680 202 2721 3,
223 2680 282 2715 96.
316 2681 584 2724 componendus
607 2685 662 2715 est
686 2691 709 2714 e
732 2681 872 2714 duobus
895 2679 1096 2715 intellectus
1120 2683 1155 2724 8,
1178 2682 1214 2724 6,
1237 2682 1298 2724 66;
1327 2693 1436 2726 saepe
1461 2682 1594 2728 gladia-

46 2739 74 2763 ,ι
106 2728 224 2776 tores,
256 2725 323 2758 sub
350 2727 432 2760 eod.
457 2725 628 2780 magistro
651 2725 803 2769 eruditi,
826 2725 950 2778 inter
972 2737 1022 2761 se
1045 2732 1306 2780 componuntur
1331 2731 1367 2770 2,
1396 2730 1452 2770 17,
1478 2730 1523 2762 33
1549 2727 1596 2760 Ν.

43 2786 66 2802 21
100 2779 139 2803 ει
160 2779 240 2814 qius
262 2781 365 2805 casus
392 2772 482 2807 duos
513 2777 649 2808 iuter
679 2783 727 2807 se
760 2772 877 2806 bonos
902 2782 1003 2808 viros
1035 2779 1279 2819 composuerit
1305 2776 1350 2809 ib.
1375 2772 1457 2815 343-
1490 2783 1596 2807 causa

153 2838 236 2871 Lex.
267 2839 382 2880 Quint.
1184 2844 1228 2875 10
