1728 3002
106 186 191 229 220
721 237 723 242 .
775 183 989 230 Desidere
1715 183 1728 226 ἔ.

151 298 248 346 qnod
270 297 383 347 magis
409 298 654 344 concesseris,
682 311 742 343 ea,
769 311 863 346 qnae
886 311 962 335 non
987 299 1059 335 sint
1081 299 1221 345 posita,
1245 298 1525 336 desiderare
1547 311 1653 346 quam

150 346 311 381 dicere
339 350 374 388 7,
398 349 434 389 2,
461 347 506 381 56
534 347 582 380 Ν.
604 352 643 380 ut
660 345 790 381 Cicero
814 346 995 382 desiderat
1022 350 1079 390 12,
1108 348 1142 390 5,
1167 348 1200 382 5.
1228 346 1369 382 robusti
1389 347 1469 382 fere
1487 347 1654 392 juvenes,

148 403 219 427 nec
242 393 339 427 hunc
367 393 530 427 laborem
557 392 803 427 desiderantes
828 396 872 436 2,
902 394 935 437 5,
960 397 993 429 2.
1017 394 1172 427 dandum
1200 392 1335 437 aliquid
1360 395 1536 434 comoedo
1563 404 1654 438 quo-

151 451 242 484 que,
272 440 355 472 dum
381 445 550 483 eatenus,
577 451 647 484 qua
674 440 925 484 pronuntiandi
953 440 1140 475 scientiam
1165 440 1305 473 futurus
1325 445 1447 474 orator
1473 439 1654 475 desiderat

151 488 193 528 1,
226 488 289 528 11,
328 488 359 519 1.
395 487 516 529 plures
539 487 710 530 quasdam
737 486 830 520 vitas
860 488 912 520 ad
935 488 1038 531 plura
1065 485 1486 530 dicendaxdesideremus
1510 489 1567 529 12,
1592 489 1651 530 11,
1726 524 1728 526 ,

148 534 214 574 2ος
247 543 328 566 eum
363 533 435 566 duo
470 533 622 576 juvenes
655 533 828 575 majorem
857 532 897 567 in
925 534 1071 568 modum
1096 532 1299 567 desiderare
1323 532 1364 574 (ι’.
1394 545 1424 566 e.
1449 539 1488 566 ui
1516 544 1590 566 eum
1613 545 1653 567 eo

153 579 434 623 colloquerentur)
458 578 668 613 dicebantur
693 582 748 621 11,
771 582 813 622 2,
833 582 899 623 123
927 593 996 624 seq.
1023 583 1108 614 Ace.
1134 592 1163 613 c.
1192 577 1260 620 Ins.
1286 584 1326 612 ut
1349 584 1468 622 partes
1481 578 1670 613 orationis·
1709 527 1728 633 ἑ

148 625 252 660 reddi
278 624 346 659 sibi
373 626 491 659 soluto
515 636 627 661 versu
653 625 831 660 desideret
859 629 892 668 1,
910 627 945 669 8,
962 628 1016 661 13.
1048 637 1116 660 nec
1145 624 1268 659 doceri
1286 623 1654 670 desiderabito'udeid

156 673 214 714 12,
240 673 298 714 10,
325 672 380 705 62.
409 670 439 704 si
464 671 542 716 quis
567 677 687 706 tamen
712 671 1071 707 desideraverit
1099 671 1242 707 ostendi
1272 671 1315 714 5,
1342 674 1404 715 10,
1437 672 1493 707 18.
1537 670 1578 716 b)
1611 671 1655 705 de

150 719 271 751 rebus.-
300 716 331 751 si
356 717 442 762 quid
465 718 772 753 confirmationem
799 719 1057 754 desideraverit
1079 721 1114 762 2,
1131 721 1190 760 21,
1209 720 1265 753 17.
1290 718 1387 762 quod
1408 723 1462 752 est
1480 717 1656 762 frequen·
1716 739 1728 780 1

148 762 232 806 tius,
249 775 351 808 quam
367 769 405 797 ut
418 765 625 809 exemplum
637 765 815 799 desideret
827 769 905 809 6,2,
919 767 973 801 53.
1001 776 1092 810 quae
1103 763 1561 810 probationemdesiderent
1572 765 1607 806 3,
1619 763 1654 807 5,

149 811 185 845 3.
212 811 302 844 haec
312 810 521 844 dissimilem
531 812 771 855 componendi
783 822 925 857 quoque
935 811 1111 846 rationem
1120 811 1324 845 desiderant
1333 809 1409 854 9,4‚
1423 812 1502 845 133.
1524 809 1656 854 quippe

150 857 247 901 quod
270 866 383 900 prope
399 858 527 891 nudam
549 865 821 902 praeceptorum
839 858 1068 893 traditionem
1083 857 1262 892 desideret
1276 859 1312 901 3,
1327 859 1406 900 1‚2.
1432 868 1514 891 cum
1531 855 1656 900 (alter-

151 901 266 946 catio)
291 914 359 936 nec
384 903 599 938 elocutionis
624 911 833 939 ornamenta
857 915 1133 952 magnopere
1157 903 1336 939 desideret
1354 903 1389 946 6,
1405 901 1440 946 4,
1454 905 1489 938 4,
1523 901 1656 947 (aures)

149 950 257 993 plena
283 949 519 993 sentiunt,
546 957 581 985 et
608 963 733 996 parum
758 953 902 996 expleta
931 951 1205 986 desiderant
1227 951 1262 992 9,
1290 949 1326 993 4,
1353 950 1433 984 116.
1466 949 1563 994 quod
1588 959 1656 983 neo

151 995 267 1029 omnis
287 996 448 1040 quaestio
470 999 551 1041 (Sp.
571 997 684 1041 actio)
708 998 909 1042 patitur,
934 1009 1003 1032 nec
1030 997 1147 1032 omnis
1171 1007 1279 1031 causa
1303 995 1541 1031 desiderat
1564 995 1601 1038 4,
1620 997 1655 1038 1,

147 1041 196 1076 24
205 1043 251 1076 N.
276 1053 357 1075 cum
369 1050 491 1086 posset
502 1055 609 1077 causa
623 1044 826 1079 desiderare
834 1046 954 1089 plures
986 1049 1088 1087 leges)
1102 1043 1138 1086 4,
1155 1046 1188 1086 5,
1203 1046 1236 1078 3.
1254 1055 1288 1078 v.
1309 1042 1454 1078 Causa
1473 1043 1520 1086 11,
1538 1053 1575 1075 α.
1611 1051 1656 1076 ea

149 1088 336 1122 conclusio
365 1099 498 1123 nomen
525 1091 670 1135 aliquod
694 1091 871 1125 desiderat
895 1093 939 1135 9,
997 1117 1008 1134 ,
1037 1091 1094 1126 57.
1130 1087 1311 1135 (epilogus)
1337 1088 1515 1123 desiderat
1540 1098 1656 1133 quan-

148 1135 230 1168 dam
257 1135 487 1169 concisorum
513 1137 820 1172 continuationem
847 1141 902 1180 11,
932 1140 968 1178 3,
999 1140 1077 1172 170.
1111 1136 1228 1182 ipsum
1257 1135 1402 1170 dicendi
1427 1145 1542 1182 genus
1566 1130 1657 1168 nihil

147 1181 352 1224 superbum,
379 1180 470 1215 nihil
494 1183 626 1216 elatum
650 1191 712 1216 etc.
737 1183 916 1218 desideret
941 1185 976 1226 6,
995 1187 1029 1226 2,
1051 1185 1106 1219 19.
1133 1183 1217 1227 quia
1233 1181 1453 1229 etymologia
1477 1179 1656 1216 desideret
1691 1179 1694 1183 ”

148 1238 228 1261 eam
245 1226 383 1260 literam
400 1230 432 1270 1,
443 1231 478 1271 7,
491 1231 546 1263 17.
575 1229 725 1263 historia
743 1230 868 1264 orbem
885 1231 1065 1274 quendam
1081 1235 1361 1273 contextumque
1374 1227 1554 1262 desiderat
1570 1228 1606 1269 9,
1617 1227 1655 1269 4,

148 1275 227 1307 129.
260 1274 381 1320 legum
402 1275 479 1307 laus
496 1280 531 1308 et
551 1274 767 1319 vituperatio
780 1276 850 1319 jam
864 1277 1019 1319 majores
1034 1276 1132 1311 vires
1148 1275 1352 1309 desiderant
1376 1277 1412 1317 2,
1429 1272 1466 1316 4,
1481 1276 1541 1308 23.
1576 1274 1655 1306 laus

148 1319 325 1353 desiderat
341 1320 590 1364 probationem
604 1324 639 1365 3,
649 1325 683 1363 7,
692 1321 726 1356 4.
753 1322 962 1356 continuum
978 1322 1145 1356 affectum
1161 1322 1358 1355 nonnullae
1374 1319 1547 1354 materiae
1558 1318 1655 1353 desi-

149 1367 275 1400 derant
292 1367 326 1408 6,
338 1370 371 1409 2,
386 1369 439 1400 10.
466 1369 563 1411 quod
579 1367 640 1401 illa
655 1366 840 1412 (narratio)
856 1368 1092 1413 supervacuis
1117 1372 1315 1409 careret,
1338 1367 1430 1400 haec
1445 1371 1567 1411 posset
1587 1364 1656 1399 ati-

149 1412 233 1456 quid
245 1423 292 1446 ex
301 1414 512 1448 necessariis
529 1415 550 1447 d
561 1425 582 1448 e
593 1414 691 1449 side
702 1427 749 1448 ra
760 1426 808 1449 re
822 1413 899 1458 4,2‚
911 1414 970 1449 42.
994 1414 1096 1459 prior
1109 1414 1231 1457 (ratio)
1247 1412 1424 1447 desiderat
1433 1412 1529 1446 illam
1543 1410 1657 1458 signi·
1716 1415 1718 1418 ’

145 1458 350 1493 ficationem
361 1460 396 1502 9,
408 1462 441 1502 2,
453 1462 485 1494 3.
505 1467 613 1505 prout
631 1473 795 1506 quaeque
810 1473 870 1495 res
892 1473 934 1496 ac
954 1471 1109 1506 persona
1133 1459 1312 1494 desiderat
1334 1462 1398 1493 Do
1411 1462 1494 1493 mit.
1513 1461 1563 1493 M
1569 1471 1590 1492 a
1601 1471 1654 1494 rs.

146 1506 182 1548 6,
207 1507 242 1548 3,
268 1505 348 1540 104.
378 1505 421 1547 cf.
450 1507 484 1549 5,
509 1510 545 1550 7,
576 1509 630 1542 19.
657 1519 735 1542 rem
758 1513 883 1551 postea
909 1507 1096 1553 proprium
1118 1512 1258 1550 tempus
1286 1505 1654 1540 desideraturum

148 1555 187 1594 1,
230 1555 267 1594 1,
303 1553 359 1586 35.
394 1559 518 1587 noster
551 1565 672 1588 sermo
706 1554 878 1588 articulos
918 1565 991 1588 non
1030 1553 1209 1587 desiderat
1237 1556 1276 1596 1,
1300 1551 1342 1595 4,
1371 1553 1427 1588 19.
1450 1551 1540 1585 nihil
1561 1551 1656 1585 ultra

145 1597 327 1632 desideret
360 1599 498 1643 (sermo)
530 1601 564 1643 3,
591 1603 625 1644 3,
651 1604 684 1635 2.
713 1612 862 1645 quarum
893 1599 1163 1644 (sententiarum)
1198 1609 1434 1644 unaquaeque
1469 1596 1653 1632 desidera-

144 1650 202 1679 ret
224 1644 334 1687 illud,
362 1644 393 1678 si
416 1647 493 1679 sola
515 1653 713 1690 poneretur
737 1647 771 1690 9,
800 1649 834 1690 3,
860 1647 917 1682 62.
954 1658 1036 1680 cum
1064 1647 1175 1680 multo
1205 1647 1284 1688 plus
1316 1643 1447 1679 secreti
1479 1642 1653 1688 temporis

145 1690 235 1735 (Sp.
263 1691 346 1734 om.)
371 1692 486 1726 studia
510 1693 714 1727 desiderent
739 1696 772 1736 1,
797 1697 832 1737 2,
860 1697 900 1727 11
922 1695 958 1728 S.
988 1692 1153 1738 quotiens
1183 1692 1303 1736 aliqua
1329 1691 1394 1725 ita
1427 1689 1652 1741 desiderabat

144 1736 279 1770 utilitas
303 1736 346 1780 4,
371 1741 413 1781 2,
440 1739 497 1773 86.
538 1751 606 1774 nec
630 1739 809 1774 imbuatur
833 1739 930 1783 (vox)
952 1751 996 1773 ea
1018 1737 1300 1780 consuetudine,
1339 1747 1446 1781 quam
1470 1736 1655 1769 desidera-

144 1789 225 1817 tura
250 1783 296 1817 sit
320 1783 385 1828 (sic
409 1798 450 1817 ex
474 1784 582 1819 Codd.
608 1789 733 1820 melior.
760 1788 901 1828 restitui,
929 1787 992 1819 hoc
1018 1792 1066 1818 esi
1091 1787 1198 1818 em’m:
1223 1796 1352 1829 quam
1375 1785 1418 1816 in
1441 1783 1487 1815 di
1499 1795 1571 1829 cen
1583 1783 1652 1826 do,

146 1831 239 1864 dum
266 1838 394 1863 caret
427 1844 495 1873 ea,
520 1845 565 1865 re
602 1835 742 1876 αἰνεῖ,-
779 1834 848 1876 Sp.
876 1842 968 1877 quae
991 1831 1162 1865 duratura
1187 1840 1261 1865 non
1283 1829 1352 1872 εἰῑς
1385 1829 1432 1862 Z.
1459 1839 1567 1873 quam
1589 1828 1654 1862 de-

148 1882 289 1910 sertura
313 1875 379 1916 sit)
406 1879 460 1919 11,
486 1880 520 1919 3,
547 1845 594 1912 2Ζ
622 1879 666 1912 Ν.
695 1891 741 1912 cr.
1003 1915 1007 1921 ,

199 1923 251 1965 β)
286 1925 397 1956 Passa
434 1924 726 1958 honestissimum
763 1923 873 1957 finem
903 1922 1135 1968 putabamus,
1176 1918 1436 1964 desineres
1461 1921 1547 1954 dum
1579 1920 1652 1955 de-
1700 1943 1701 1946 =

143 1967 466 2003 sideraremur
504 1973 547 2014 2,
586 1973 650 2010 12,
687 1973 744 2004 12.
779 1971 875 2014 quod
910 1969 1104 2003 desiderari
1139 1970 1260 2013 potest
1285 1967 1351 2011 ’10,
1378 1970 1419 2010 1,
1449 1968 1528 2001 120.
1567 1977 1651 2000 cum

143 2021 266 2050 essent
300 2014 374 2048 usi
404 2016 544 2060 aliquo,
582 2016 613 2050 si
644 2017 758 2054 breve
790 2017 884 2050 intra
916 2016 1071 2060 spatium
1097 2025 1222 2049 rursus
1256 2013 1648 2056 desideraretur,

142 2081 192 2087 —
222 2067 405 2096 sumerent
441 2062 537 2096 aliud
574 2065 638 2106 10,
675 2064 717 2106 1,
743 2066 776 2097 7.
816 2073 905 2106 opes
937 2083 985 2089 —-
1018 2061 1147 2106 quibus
1178 2060 1267 2104 uti,
1303 2059 1510 2104 ubicunqne
1536 2058 1651 2093 desi-

144 2108 276 2142 derat
288 2119 354 2141 um
382 2108 491 2152 erit,
527 2109 642 2154 possit
673 2111 716 2143 ib.
743 2109 777 2144 5.
809 2109 878 2142 nisi
905 2109 996 2143 haec
1020 2109 1180 2151 minora,
1215 2117 1307 2152 quae
1333 2107 1546 2151 plerumque
1569 2105 1651 2139 de-

142 2154 412 2189 siderantur
440 2153 530 2200 (Sp.
555 2155 718 2200 plerique
743 2154 960 2197 desiderant)
984 2154 1102 2189 sciens
1128 2153 1368 2188 omisisset
1390 2154 1426 2196 3,
1451 2154 1487 2194 1,
1513 2153 1561 2186 20
1580 2154 1652 2194 Ζ.,·

143 2212 230 2234 cura
260 2201 337 2244 ejus
371 2201 597 2236 desideratur
633 2205 678 2246 2,
704 2205 750 2245 1,
776 2203 811 2237 8.
847 2204 920 2235 hoc
946 2212 1081 2249 genus,
1112 2200 1175 2234 ubi
1210 2211 1299 2234 non
1332 2204 1423 2242 est,
1458 2197 1651 2233 deside-

144 2247 246 2280 rari
283 2249 375 2281 solet
411 2248 454 2290 5,
488 2252 532 2293 7,
566 2251 625 2284 37.
666 2259 812 2293 pressae
845 2247 922 2291 illi,
957 2248 1072 2292 qualis
1107 2257 1215 2291 saepe
1251 2245 1490 2287 desideratur,
1523 2253 1650 2278 narra-

142 2292 251 2326 tionis
279 2293 466 2339 gracilitati
490 2294 525 2338 4,
551 2297 585 2338 3,
610 2298 644 2329 2.
679 2306 762 2329 cum
783 2294 917 2339 pariter
939 2293 1104 2329 inventio
1124 2303 1264 2335 rerum,
1297 2289 1428 2326 electio
1452 2290 1649 2326 verborum
1687 2333 1691 2335 Δ

144 2346 207 2372 etc.
233 2339 483 2374 desiderentur
507 2345 541 2384 1,
567 2344 623 2384 12,
639 2340 675 2375 4.
702 2351 778 2375 non
805 2340 1231 2386 quiadesideratus‚
1256 2339 1319 2372 sed
1340 2337 1423 2382 quia
1444 2341 1650 2381 paratus

143 2389 198 2418 est
225 2384 418 2426 (communis
443 2388 550 2430 locus)
577 2391 624 2431 2,
647 2387 692 2430 4,
721 2390 779 2422 31.
808 2387 993 2431 utriusque
1019 2386 1074 2420 rei
1101 2391 1203 2429 aptus
1231 2384 1376 2429 quidam
1398 2383 1526 2417 modus
1549 2381 1649 2416 desi-
1696 2396 1728 2430 ῚῚξι

142 2431 287 2464 dei-atur
314 2434 354 2473 1,
382 2435 443 2475 10,
468 2436 524 2468 22.
570 2433 737 2478 quotiens
763 2433 1023 2477 suspicabimur
1048 2431 1158 2475 judici
1194 2430 1288 2475 (Sp.
1314 2441 1335 2464 a
1367 2427 1507 2474 judice)
1541 2427 1649 2463 aliam

141 2476 392 2520 probationem
426 2479 623 2513 desiderari
647 2479 688 2523 4,
722 2480 762 2522 5,
802 2481 847 2514 18
877 2483 919 2513 Ζ,
958 2478 1082 2522 utique
1117 2488 1262 2520 omnes,
1293 2475 1354 2521 qui
1382 2475 1646 2527 desiderantur,
1706 2475 1728 2525 3}

142 2532 253 2556 sonos
282 2522 570 2569 intentionesque
604 2528 670 2568 11,
699 2528 741 2569 3,
767 2524 824 2559 40.
857 2525 917 2558 hic
941 2535 1053 2558 uniun
1079 2525 1233 2559 verbum
1256 2528 1292 2557 et
1313 2521 1542 2556 manifestum
1565 2529 1648 2564 qm-

141 2568 226 2602 dem
250 2569 474 2602 desideratur
497 2572 540 2612 9,
567 2573 611 2612 3,
636 2572 695 2606 60.
726 2583 855 2619 magna
878 2572 1052 2616 quaedam
1074 2570 1133 2604 vis
1165 2568 1392 2613 eloquentiae
1425 2564 1648 2600 desideratur
1681 2530 1728 2622 fi

139 2614 179 2658 9,
201 2616 237 2657 2,
266 2616 323 2649 33.
352 2614 459 2648 hino
483 2616 580 2650 mille
600 2617 717 2651 flexus
741 2624 776 2652 et
800 2624 893 2652 artes
908 2617 1157 2652 desiderantur
1179 2615 1213 2658 5,
1233 2617 1290 2658 13,
1311 2618 1343 2648 2.
1383 2613 1418 2659 γ)
1441 2612 1512 2654 adi·
1534 2613 1648 2644 Prae-

138 2672 215 2704 pos.
246 2661 299 2694 ab
336 2667 397 2693 aut
429 2660 496 2694 in:
533 2663 605 2696 hoc
631 2674 651 2696 a
675 2674 733 2697 me
766 2664 958 2708 praecipue
990 2674 1080 2707 opus
1111 2661 1291 2696 studiosos
1320 2660 1397 2703 ejus
1423 2657 1647 2692 desiderasse

142 2708 179 2749 3,
200 2708 234 2748 1,
257 2709 292 2740 2.
313 2707 410 2750 quod
433 2717 506 2741 non
530 2707 653 2752 utique
683 2710 727 2742 ab
751 2715 896 2744 oratore
925 2709 1149 2743 desideratur
1171 2707 1205 2750 5,
1237 2708 1293 2748 10,
1317 2707 1351 2740 3.
1377 2699 1484 2746 ἦθος,
1511 2703 1607 2755 quod·
1625 2713 1648 2735 ¹¹

145 2752 348 2786 dicentibus
371 2752 617 2787 desideramus
640 2755 676 2796 6,
700 2758 735 2796 2,
763 2758 828 2797 13,
854 2755 904 2789 in
930 2756 1014 2789 foro
1040 2759 1175 2788 tantam
1199 2752 1297 2786 illam
1323 2749 1532 2784 facilitatem
1561 2749 1648 2782 olim

142 2798 428 2834 desideravimus
464 2797 554 2844 (Sp.
591 2801 678 2844 conj.
714 2800 1017 2844 desiderabimus,
1049 2801 1140 2846 quod
1170 2801 1214 2833 Ζ.
1240 2795 1379 2842 probat)
1403 2799 1438 2839 7,
1464 2798 1499 2839 2,
1523 2794 1570 2830 55
1597 2793 1647 2828 Ν.

1705 1878 1728 2383 ⁴²⁵..541-ss.--'.2-*..a;.10-,.¹.·:.2-:...-=...„-1.
1726 1855 1728 1867 ..
1724 1815 1728 1823 .
