1728 3002
157 155 243 196 384
304 178 308 186 ι
413 141 419 145 ’
718 149 886 193 Histrio
915 174 972 183 -
999 148 1157 195 noum

206 266 399 317 significari
426 265 666 314 navigationis
688 265 824 300 ambitu
846 265 1078 301 crediderunt
1109 268 1151 310 1,
1176 267 1247 310 w,
1267 264 1317 301 40
1337 266 1387 302 N.
1433 266 1628 302 auotoritas
1660 268 1705 303 ab

207 314 482 351 oratoribus
516 314 579 348 vel
613 311 872 348 historicis
906 312 982 357 peti
1011 314 1104 348 solet
1143 314 1184 356 1,
1206 312 1250 355 6,
1283 314 1318 347 2.
1347 308 1485 356 ssva'zf.
1509 315 1555 358 8,
1577 317 1623 358 2,
1646 315 1704 350 15.

206 366 242 406 8,
259 364 296 406 6,
317 363 376 397 65.
405 365 466 394 aut
487 370 609 394 rerum
633 361 802 404 exempla
825 360 870 404 ab
892 358 1164 402 historicis,
1186 363 1247 393 aut
1270 357 1706 398 dicendissauoratori-

206 411 290 444 bus
313 413 483 452 petuntur
508 409 565 449 12,
583 408 638 446 11,
655 407 711 440 17.
737 417 784 440 ne
807 404 846 440 in
869 405 1033 440 oratione
1055 409 1230 450 poetas
1253 405 1420 443 nobiset
1441 404 1707 442 historicos

207 455 399 490 imitandos
422 458 587 497 putemus
613 454 670 494 10,
694 454 730 495 2,
755 454 813 486 21.
851 451 1015 486 assumtis
1037 451 1293 487 historicorum
1316 451 1593 508 criticorumque
1615 453 1709 489 viri-

209 504 276 536 bus
299 504 334 544 2,
363 503 396 542 1,
421 498 456 532 4.
486 511 519 532 v.
547 498 777 533 Criticus.
816 510 897 532 cum
923 498 1175 542 historici,
1206 503 1281 532 tum
1303 498 1411 538 etiam
1436 498 1600 534 comui
1623 511 1708 534 ve-

208 555 334 583 teres
362 547 507 580 tradunt
531 548 594 588 12,
619 547 655 588 2,
683 547 748 587 22;
789 544 1056 589 expositionem
1079 565 1127 571 —
1150 555 1356 588 causarum,
1392 545 1521 591 quibus
1539 545 1710 585 historici

207 591 498 639 frequentissime
525 596 674 624 utuntur
701 590 736 634 4,
762 594 797 634 2,
821 594 856 624 2.
901 591 1005 626 Unde
1027 592 1122 635 apud
1147 589 1338 625 historicos
1361 583 1589 636 reperiuntur
1614 588 1710 626 obli-

210 652 299 686 quae
327 638 576 673 annotationes
599 639 641 680 9,
669 639 711 679 2,
739 639 797 672 37.
833 637 979 671 affectus
1006 637 1168 681 quidem,
1206 633 1399 681 praecipue
1420 631 1605 683 eos,‘qui
1626 644 1711 672 sunt

209 686 415 729 dulciores,
444 695 552 718 nemo
576 683 832 717 historicorum
859 683 1125 718 commendavit
1146 683 1257 730 magis
1281 685 1397 728 (quam
1420 682 1555 729 Livius)
1589 686 1646 728 10,
1674 687 1711 728 1,

210 736 274 768 101
335 734 393 766 De
415 731 572 766 lectione
595 730 851 764 historicorum
873 742 928 774 ap.
954 731 1145 764 rhetorem.
1178 732 1213 773 2,
1243 728 1328 774 cap.
1352 732 1387 764 5.
1671 728 1679 735 ⁵

162 779 347 824 Histrio.
367 789 454 825 Vidi
470 799 538 836 ego
562 798 669 831 saepe
692 786 968 821 histriones
993 793 1100 832 atque
1126 788 1386 830 comoedos,
1414 798 1496 821 curn
1517 798 1568 822 ex
1587 786 1711 832 aliquo

210 837 378 885 graviore
402 842 484 879 actu
511 845 701 879 personam
725 833 996 878 deposuissent,
1023 834 1151 868 flentes
1174 834 1291 867 adhuc
1318 833 1442 881 egredi
1472 834 1507 876 6,
1532 837 1568 876 2,
1590 833 1636 868 25
1662 834 1712 868 Ν.

211 892 243 918 et
269 886 304 917 S.
331 881 564 916 histrionibus
587 882 696 925 paulo
724 880 949 927 gravioribus
977 882 1039 921 11,
1065 883 1108 923 3,
1137 881 1196 915 89.
1244 885 1344 914 actus
1372 878 1588 914 histrionum
1615 879 1714 914 veris

212 929 403 965 affectibus
417 929 552 972 (minor)
581 930 637 969 10,
650 930 685 970 2,
702 930 758 961 11.
780 926 994 961 histrionum
1017 929 1129 960 multa
1151 926 1248 960 circa
1269 936 1383 962 voces
1407 927 1552 960 easdem
1569 924 1714 961 variare

212 982 332 1022 gestus
356 981 474 1020 potest
502 977 558 1017 10,
584 974 617 1016 5,
642 974 676 1007 6.
1331 976 1334 977 ’
1578 968 1583 973 ’

164 1021 365 1066 HiulcuS·
413 1042 671 1076 nonnunquam
702 1029 873 1064 hiulca
909 1029 1016 1064 etiam
1041 1029 1192 1072 decent,
1237 1027 1446 1074 faciuntque
1481 1025 1716 1072 ampliora

213 1081 388 1126 quaedam
410 1080 452 1122 9,
477 1078 501 1112 4
515 1104 525 1121 ,
551 1078 608 1112 36.
1323 1111 1326 1116 ,

163 1126 324 1169 Hodie.
347 1142 443 1188 ‘sunt
470 1133 567 1169 enim
595 1146 731 1168 summa
755 1133 865 1168 hodie
894 1132 1040 1181 ingenia
1066 1135 1132 1176 10,
1156 1135 1199 1175 1,
1230 1133 1310 1166 122.
1356 1131 1448 1165 Sunt
1481 1136 1527 1166 et
1562 1129 1716 1165 hodie

211 1183 300 1218 clari
323 1184 483 1226 ejusdem
507 1181 628 1225 operis
658 1186 824 1214 auctores
850 1183 884 1223 3,
911 1184 943 1223 1,
967 1183 1025 1214 21.
1075 1180 1167 1213 Sunt
1188 1177 1275 1212 clari
1292 1177 1474 1223 hodieque
1496 1175 1589 1222 (11.1.
1605 1176 1716 1212 hodie

212 1228 373 1274 quoque)
406 1234 441 1262 et
472 1227 533 1271 qui
558 1226 643 1260 olim
670 1227 948 1261 nominabuntur
976 1228 1032 1269 10,
1064 1229 1096 1269 1,
1121 1223 1169 1261 94
1191 1225 1239 1259 Ν.
1264 1237 1311 1259 cr.

164 1275 360 1318 HoedUS·
408 1297 442 1318 v.
474 1284 660 1317 Foedus
693 1289 728 1316 et
754 1284 927 1318 Oedus.
1681 1309 1692 1326 ,

165 1330 412 1378 Homicida.
472 1341 555 1383 An,
589 1340 651 1384 qui
679 1351 718 1374 se
748 1340 937 1382 interficit,
978 1337 1158 1372 homicida
1191 1336 1237 1370 sit
1280 1339 1322 1379 7,
1354 1337 1401 1378 3,
1431 1338 1472 1372 7.
1516 1333 1556 1368 in
1587 1308 1718 1380 quihm

213 1389 334 1424 omnia
357 1393 441 1423 sunt
462 1386 666 1420 homicidae
691 1392 833 1430 praeter
855 1396 1001 1418 manum
1025 1384 1118 1428 (Sp.
1140 1381 1291 1423 malum)
1326 1385 1362 1425 7,
1385 1383 1419 1424 3,
1441 1379 1489 1415 34
1510 1383 1559 1416 Ν.
1579 1389 1611 1415 ει
1632 1383 1675 1416 S.
1717 1375 1722 1388 ’

163 1444 476 1488 Homicidium·
525 1453 557 1495 si
585 1453 663 1498 quis
689 1453 876 1487 homicidii
904 1458 1092 1487 accusetur
1115 1453 1164 1495 3,
1189 1452 1252 1495 10,
1282 1452 1316 1485 1.
1365 1449 1396 1483 si
1428 1447 1718 1487 constituerimus

214 1501 397 1538 homicidii
426 1499 548 1544 greum)
585 1500 814 1533 temerarium
846 1498 882 1543 4,
906 1502 941 1542 2,
966 1500 1022 1534 52.
1708 1495 1719 1508 “

167 1549 330 1591 Homo·
368 1558 553 1593 hominem
578 1557 762 1602 appellari,
788 1556 871 1601 quia
895 1556 941 1590 sit
963 1557 1073 1590 humo
1099 1559 1203 1588 natus
1227 1555 1260 1596 1,
1286 1552 1323 1596 6,
1343 1550 1402 1587 34.
1449 1551 1482 1593 1)
1505 1554 1718 1594 generaliter.

217 1607 265 1649 α)
300 1608 409 1640 homo
441 1610 495 1638 est
525 1603 654 1638 animal
686 1623 730 1629 —
760 1604 912 1637 mortale
938 1621 982 1627 —
1005 1601 1181 1635 rationale
1210 1600 1251 1641 5,
1277 1601 1341 1641 10,
1365 1598 1424 1635 56.
1462 1596 1508 1639 cs.
1534 1601 1569 1640 7,
1593 1599 1634 1640 3,
1659 1599 1718 1632 15.

216 1655 306 1687 deus
330 1651 565 1685 hominem
597 1650 699 1682 nullo
728 1649 842 1696 magis
868 1647 1050 1692 separavit
1077 1659 1097 1680 a
1124 1644 1254 1680 ceteris
1281 1643 1585 1687 animalibus,
1612 1654 1720 1688 quam

217 1698 361 1732 dicendi
385 1698 554 1731 facultate
578 1698 624 1738 2,
649 1698 714 1737 16,
741 1698 785 1728 12
810 1696 857 1729 Ν.
896 1694 941 1736 cf.
966 1697 1010 1728 ib.
1036 1696 1093 1727 17.
1140 1691 1324 1726 hominem
1345 1689 1486 1724 ratione
1509 1694 1616 1733 atque
1638 1699 1722 1725 ora-

215 1745 314 1779 tione
344 1744 526 1778 excellere
551 1741 680 1776 ceteris
706 1740 938 1784 (animalibus›
963 1743 998 1782 2,
1011 1742 1069 1781 20,
1088 1739 1123 1773 9.
1157 1737 1188 1771 si
1211 1736 1319 1770 mutis
1343 1735 1617 1770 animalibus
1639 1733 1728 1769 finis

217 1794 400 1834 voluptas,
424 1790 521 1823 idem
545 1787 718 1822 homini
743 1790 778 1831 5,
804 1790 860 1829 11,
883 1786 941 1821 34.
978 1791 1018 1820 ut
1039 1785 1116 1818 sine
1139 1782 1301 1817 thalamis
1324 1783 1436 1817 vitam
1466 1792 1542 1816 non
1579 1778 1728 1816 homi-³

216 1849 323 1871 num
353 1842 453 1881 putet
477 1836 540 1869 sed
565 1836 772 1868 ferarum
799 1835 834 1876 9,
858 1837 893 1875 2,
918 1831 997 1867 64·
1024 1831 1168 1866 Phidias
1197 1829 1287 1863 diis
1313 1839 1418 1872 quam
1450 1827 1722 1863 hominibus

219 1883 419 1919 efficiendis
445 1882 576 1916 melior
601 1880 733 1914 artifex
759 1883 815 1922 12,
846 1883 899 1920 10,
924 1880 959 1914 9.
990 1891 1023 1912 v.
1049 1879 1183 1911 Deus.
1217 1876 1338 1910 Homo
1365 1879 1420 1908 est
1441 1873 1503 1908 ille
1527 1874 1724 1916 (excusandi

213 1930 384 1973 formula)
413 1930 448 1971 S,
472 1931 507 1971 3,
533 1930 579 1962 86
603 1928 652 1960 Ν.
685 1926 944 1969 παρονομασία
972 1942 1016 1949 -
1043 1924 1198 1967 Quando
1220 1923 1344 1965 homo,
1368 1919 1483 1956 hostis
1503 1922 1615 1954 homo
1639 1919 1676 1963 (i.
1690 1932 1723 1953 e.

222 1990 311 2011 cum
334 1978 457 2009 homo
484 1977 569 2016 sii,
607 1975 716 2005 idem
741 1979 780 2004 et
804 1972 1157 2014 hostis;sen1en1ia
1177 1969 1341 2014 vetustus
1356 1979 1420 1999 non
1437 1965 1568 2009 aliena)
1586 1965 1724 2008 9,3,67

221 2025 269 2058 N.
296 2030 327 2056 et
357 2022 519 2057 Gernh.
558 2017 720 2053 summi
746 2018 841 2052 enim
869 2023 963 2059 sunt,
987 2016 1202 2050 homines
1229 2019 1348 2048 tamen
1373 2014 1430 2054 10,
1448 2011 1555 2054 1‚25.
1593 2013 1638 2055 β)
1661 2022 1728 2054 per-

221 2073 368 2111 singulas
396 2071 513 2110 Casus:
541 2077 620 2099 cum
646 2064 798 2108 primum
823 2064 1043 2110 fingerentur
1066 2061 1230 2095 homines
1256 2062 1290 2101 1,
1305 2059 1341 2101 6,
1361 2058 1416 2092 16.
1443 2054 1600 2093 hominis
1623 2059 1725 2092 ortus

221 2127 267 2150 ex
293 2122 447 2159 utroque
472 2111 693 2160 gignentium
719 2110 903 2144 confertur
929 2113 964 2152 2,
988 2110 1023 2150 9,
1049 2111 1083 2142 3.
1110 2107 1270 2151 (corpora
1289 2103 1504 2146 athletarum)
1528 2103 1728 2138 abhorrere·

221 2164 265 2196 ab
290 2162 349 2195 illa
372 2160 504 2205 specie,
530 2170 621 2202 quae
646 2158 691 2191 sit
713 2156 919 2190 hominibus
944 2165 1116 2189 concessa
1143 2155 1200 2194 12,
1225 2153 1282 2193 10,
1305 2149 1363 2184 41.
1401 2150 1472 2184 hoc
1495 2148 1728 2205 providenti&

221 2208 427 2243 hominibus
451 2217 580 2239 munus
610 2203 719 2246 dedit,
743 2208 782 2235 ut
805 2204 958 2236 honesta
981 2201 1096 2246 magis
1121 2199 1285 2243 juvarent
1308 2199 1342 2238 1,
1367 2198 1423 2234 12,
1450 2197 1510 2231 19.
1541 2195 1728 2239 virtutem

223 2267 293 2299 qua
320 2254 408 2287 nihil
432 2251 631 2293 homini,
665 2261 736 2294 quo
758 2250 802 2282 ad
829 2250 938 2282 deos
961 2247 1180 2283 immortales
1204 2242 1352 2287 propius
1376 2243 1576 2284 accederet,
1603 2242 1728 2301 111111υὲ

224 2308 279 2335 est
303 2304 368 2343 12,
393 2303 433 2341 2,
458 2302 493 2332 2.
532 2296 659 2332 orandi
685 2297 926 2337 maiestatem,
962 2305 1032 2338 qua
1055 2292 1146 2326 nihil
1169 2289 1218 2323 dii
1245 2289 1468 2330 immortales,
1486 2286 1624 2322 homini
1642 2298 1728 2329 „me-5

222 2348 294 2380 lius
322 2347 497 2380 dederunt
528 2347 594 2386 12,
625 2346 687 2384 11,
713 2345 778 2383 30;
814 2341 927 2385 ipsius
951 2338 1106 2374 hominis
1129 2338 1207 2370 laus
1235 2347 1284 2370 ex
1309 2336 1429 2370 animo
1452 2339 1488 2367 et
1511 2343 1665 2379 corpore

226 2400 330 2427 extra
353 2391 479 2436 positis
503 2390 577 2434 peti
607 2390 714 2423 debet
736 2390 771 2430 3,
798 2391 835 2430 7,
863 2390 920 2421 12.
969 2386 1067 2430 quod
1091 2389 1217 2416 natura
1239 2381 1396 2415 hominis
1419 2388 1593 2415 summum
1614 2379 1684 2414 hab
1704 2383 1706 2385 ’
1725 2415 1728 2422 .

228 2443 285 2481 12,
310 2442 343 2481 2,
369 2440 423 2473 18.
457 2449 477 2471 a
501 2447 610 2470 sensu
634 2434 790 2469 hominis
812 2438 972 2467 remotus
997 2434 1038 2473 2,
1063 2433 1128 2472 17,
1151 2431 1186 2463 3.
1235 2427 1271 2473 y)
1302 2441 1331 2464 ο.
1358 2428 1618 2470 Οοηίναροεὶῐίεε
1644 2423 1678 2460 ’11
1711 2432 1714 2433 ’

226 2491 346 2518 autem
378 2483 588 2517 hominis
620 2482 708 2515 illud
737 2479 809 2514 rei
836 2485 891 2514 est
913 2479 948 2520 6,
972 2480 1008 2519 2,
1033 2478 1091 2510 21.
1139 2480 1179 2508 nt
1208 2474 1328 2508 omnia
1351 2479 1547 2508 eat-nauus
1569 2480 1679 2506 reru

227 2531 535 2573 hominumque
562 2530 673 2562 fluere
697 2527 889 2563 videantur
923 2526 966 2558 ib.
993 2524 1049 2557 13.
1087 2534 1120 2557 v.
1146 2523 1248 2555 Res.
1298 2521 1344 2555 de
1378 2518 1567 2555 homine
1601 2517 1682 2552 dice

229 2587 334 2620 quam
358 2577 402 2609 de.
428 2587 567 2609 causa
595 2573 719 2608 malint
744 2573 779 2615 5,
809 2574 865 2614 13,
890 2569 948 2605 34.
990 2575 1026 2603 et
1050 2567 1216 2612 operis
1241 2572 1276 2601 et
1299 2565 1534 2606 hominurn
1565 2569 1671 2598 conte

230 2628 304 2655 tum
329 2621 434 2654 fateri
460 2625 522 2661 11,
548 2623 592 2663 3,
625 2621 704 2654 136.
755 2617 909 2662 optime,
953 2614 1044 2649 sicut
1071 2613 1275 2656 hominum,
1308 2611 1442 2656 pariter
1464 2614 1501 2645 et
1521 2609 1668 2644 habitus*

228 2666 374 2701 nomina
399 2666 603 2709 (literarum)
633 2665 876 2700 edocebantur
902 2665 933 2703 1,
961 2665 994 2704 1,
1018 2662 1077 2695 25.
1117 2666 1158 2694 ut
1181 2659 1312 2695 Cicero
1334 2658 1406 2702 jam
1427 2655 1650 2691 noir-homi

230 2724 362 2748 nomen
386 2713 450 2746 sed
480 2711 786 2756 eloquentiae
809 2710 982 2744 habeatur
1009 2710 1065 2751 10,
1082 2709 1207 2750 1,112.
1239 2715 1331 2750 quae
1354 2702 1387 2748 si
1402 2701 1484 2747 quis
1567 2701 1652 2738 vabi

231 2770 305 2795 non
328 2757 509 2794 rationi
532 2757 689 2792 defuerit
714 2758 778 2792 sed
804 2754 989 2792 homini
1013 2757 1048 2798 1,
1072 2756 1106 2797 1,
1131 2755 1174 2787 11
1200 2752 1248 2787 N.
1277 2749 1366 2786 illud
1391 2758 1468 2784 non
1558 2757 1673 2795 οπο-11
1697 2789 1726 2826 Ὗ

1694 2857 1709 2874 1
