1728 3002
165 237 221 276 80
886 231 971 274 Ars

210 346 334 382 utilem
360 347 456 384 vitae
482 349 526 381 ib.
547 346 606 382 41.
632 356 689 381 ars
715 351 771 382 est
804 345 869 390 <ut
892 344 1084 380 Cteanthes
1110 341 1248 387 voluit)
1273 348 1434 390 ponentes
1456 344 1541 392 via,
1574 345 1618 382 id
1642 353 1699 383 est

210 393 349 436 ordine,
377 393 535 428 efficiens
567 397 635 437 ib.,·
673 404 765 438 quae
797 404 854 427 ars
881 392 998 426 statim
1022 391 1116 426 fuit?
1153 392 1196 434 9,
1218 389 1260 444 4,
1286 390 1322 426 5.
1358 391 1497 435 nullam
1523 395 1604 428 osse
1628 399 1696 430 art.

198 439 278 473 -sibi
303 440 516 474 contrariam
547 443 591 483 2,
615 443 680 483 17,
703 442 759 474 30.
797 439 896 472 nu11a
921 438 967 472 sit
994 449 1071 482 ars,
1101 437 1216 482 qualis
1246 441 1396 474 mventa
1425 438 1579 483 est-“10¹2
1590 441 1638 484 2,
1661 442 1698 477 8.

208 486 344 519 Zeuxis
369 493 473 530 atque
494 486 700 520 Parrhasius
723 485 910 529 plurimum
934 484 1003 531 arti
1025 483 1323 527 addideruntdz),
1347 485 1404 528 10,
1427 482 1482 527 4;=
1501 482 1698 530 (rhetores)

209 531 526 576 disciplinam
560 544 658 565 suam
692 537 840 565 artem
875 535 1011 565 vocant
1044 533 1086 573 2,
1116 533 1181 574 17,
1210 529 1267 563 38.
1314 540 1372 574 ap.
1406 529 1525 574 ipsum
1557 528 1698 567 Demo-

207 578 371 611 sthenem
405 577 616 622 paucissima
655 579 758 619 hujus
793 576 911 621 juris
944 577 1007 611 vel
1043 576 1152 610 artis
1190 574 1428 621 (dialectices)
1468 574 1698 620 reperiuntur

207 625 247 666 5,
274 622 338 667 14,
362 626 407 658 32
432 626 479 658 Ν.
527 626 619 658 hanc
646 630 756 657 artem
788 626 834 664 (i.
861 635 890 655 e.
917 622 1155 668 geometriam)
1189 623 1231 666 1,
1253 623 1318 665 10,
1341 624 1400 658 37.
1431 640 1477 647 —
1503 623 1698 666 (gramma-

206 671 311 706 ticen)
338 673 377 712 1,
403 667 446 714 4,
476 670 509 705 5.
553 691 599 697 —
625 667 815 713 (musicen)
848 672 887 712 1,
916 671 978 712 10,
1004 671 1061 703 33.
1091 688 1139 694 --
1186 669 1473 712 (philosophiam)
1502 671 1569 714 12,
1591 672 1634 713 2,
1657 671 1695 707 9.

205 717 238 754 2,
266 715 332 757 15,
356 717 412 750 29.
453 728 497 750 an
532 716 711 750 rhetorice
735 726 791 748 ars
815 714 860 748 sit
883 717 918 758 2,
943 718 999 758 17,
1025 717 1058 749 1.
1081 719 1193 748 artem
1218 713 1380 758 quidem,
1409 716 1472 749 sed
1497 726 1519 748 a
1542 714 1694 752 scientia

206 765 242 793 et
265 761 395 795 vix-tute
421 762 627 805 disjunctam
660 761 891 805 (rhetoricen)
915 763 959 803 2,
987 762 1050 804 15,
1074 763 1110 794 2.
1149 760 1532 807 observationem
1561 763 1694 807 ‹prand-

205 817 303 850 esse,
339 817 414 840 non
446 814 590 841 artem
624 805 843 850 (rhetoricen)
871 811 916 852 2,
941 810 997 850 17,
1024 809 1046 842 ὀ
1069 808 1118 841 Ν.
1156 816 1189 840 υ.
1218 805 1527 850 Observati03
1569 806 1706 845 Mutis

203 862 327 886 omnes
352 860 444 887 artes
467 854 598 887 habere
626 853 807 888 materiam
833 856 874 894 2,
900 856 944 888 17
952 879 964 897 ,
991 855 1046 888 17.
1087 862 1211 887 omnes
1239 857 1305 887 art.
1333 853 1467 888 habere
1493 853 1602 887 finem
1620 853 1693 888 ali-

203 910 308 942 quem
325 899 543 942 propositum
567 902 609 942 ib,
625 903 682 933 22.
709 905 801 933 artes
819 899 912 933 scire
924 925 935 942 ,
962 899 1103 944 quando
1123 899 1193 933 sint
1210 899 1318 933 finem
1334 900 1553 934 consecutae
1574 901 1691 935 5⁶26,

201 955 291 987 quae
314 945 482 979 virtutem
507 947 636 979 docent
661 950 724 978 art.
748 949 873 988 12,11‚
893 948 949 979 11.
976 956 1120 988 omnes,
1149 957 1239 990 quae
1262 945 1371 979 modo
1393 945 1530 991 'aliquid
1554 946 1690 982 oratori

198 989 320 1024 futuro
345 992 551 1035 conserant,
586 997 650 1025 art.
676 993 732 1025 Pr.
753 992 787 1026 6.
825 991 975 1025 aliarum
1009 1001 1152 1036 quoque
1184 990 1539 1037 disciplinarum
1571 990 1688 1028 studia

198 1034 429 1081 ingredienda
461 1044 560 1080 sunt,
597 1037 679 1082 quia
711 1043 748 1071 et
778 1037 877 1082 ipsae
912 1043 1036 1071 artes
1074 1043 1157 1071 sunt
1191 1041 1231 1081 1,
1257 1039 1320 1080 10,
1344 1039 1367 1071 2
1391 1038 1440 1071 N.
1486 1038 1529 1084 β)
1557 1039 1687 1073 Genu..-

199 1092 330 1115 nomen
353 1083 435 1115 artis
462 1085 519 1116 Pr.
537 1086 593 1117 23.
618 1087 654 1127 2,
676 1082 731 1128 14,
755 1082 789 1117 lt.
821 1084 905 1117 hinc
929 1084 1071 1117 initium
1100 1085 1176 1127 ejus
1200 1089 1266 1118 art.
1293 1082 1486 1126 fuissem,
1505 1084 1540 1126 1',
1557 1085 1592 1118 3.
1621 1090 1688 1118 art.

197 1127 391 1170 primordia
413 1132 468 1172 12,
495 1132 550 1172 10,
573 1132 607 1164 3.
641 1130 858 1164 vestibulum
883 1131 991 1163 modo
1016 1135 1082 1164 art.
1109 1131 1216 1172 hujus
1238 1129 1422 1164 inoressus
1448 1132 1483 1172 1,
1507 1131 1541 1173 5,
1567 1131 1601 1165 7.
1635 1136 1687 1175 ut,

198 1185 290 1217 quae
321 1175 462 1208 alterius
497 1182 560 1209 art.
592 1176 704 1220 prima
733 1182 834 1209 erant
867 1187 997 1220 opera,
1039 1177 1135 1209 facta
1159 1175 1230 1209 sint
1258 1157 1404 1215 afterius
1431 1174 1631 1211 novissima
1651 1179 1688 1220 2,

198 1223 233 1262 1,
257 1222 290 1253 3.
321 1220 553 1255 instrumenta
575 1233 649 1256 non
675 1223 791 1256 artis
819 1223 883 1256 sed
907 1222 1017 1266 ipsius
1046 1221 1254 1255 oratoris
1283 1224 1340 1264 12,
1365 1223 1401 1265 5,
1430 1224 1463 1266 1.
1494 1227 1687 1267 praecepta

196 1271 261 1298 art.
290 1266 324 1309 5,
347 1268 381 1308 9,
406 1270 439 1301 3.
478 1271 533 1310 12,
560 1271 615 1311 11,
641 1271 699 1302 21.
737 1269 776 1302 in
801 1274 877 1303 toto
904 1274 969 1302 art.
998 1269 1147 1311 hujusce
1172 1272 1324 1302 tractatu
1351 1267 1471 1311 8„Pr.
1493 1268 1528 1302 5.
1559 1268 1686 1313 supter-

195 1322 309 1345 vacua
339 1318 403 1345 art.
425 1314 574 1348 imitatio
600 1318 635 1357 2,
659 1317 717 1357 20,
746 1315 782 1349 3.
815 1321 882 1349 art.
908 1314 1088 1359 pravitas,
1122 1313 1159 1347 id
1186 1318 1242 1347 est
1264 1313 1480 1355 κακοτεχνέα
1504 1314 1540 1355 2,
1566 1314 1623 1357 15,
1646 1317 1684 1348 2.

195 1363 262 1390 art.
298 1359 462 1393 doctores
498 1363 539 1392 ib.
565 1362 621 1393 31.
659 1360 703 1402 cj'.
728 1364 763 1404 2,
791 1363 847 1403 17,
874 1365 895 1395 7
906 1374 915 1404 ;
950 1364 1080 1394 Plura
1119 1359 1269 1394 inventa
1298 1357 1428 1392 artium
1452 1357 1686 1397 immitem·
1727 1361 1728 1364 ’

196 1404 454 1447 (ostenduntur)
479 1408 520 1448 3,
545 1410 586 1449 7,
610 1408 644 1441 8.
680 1412 744 1440 art.
771 1406 1015 1441 ·1naximarum
1047 1405 1197 1440 scientia
1223 1408 1267 1448 2,
1293 1407 1333 1450 1,
1358 1403 1394 1438 4.
1434 1404 1685 1449 plui-inmort-

195 1449 332 1492 species
360 1454 413 1493 12,
434 1454 488 1494 10,
508 1455 562 1485 12.
595 1459 659 1486 art.
684 1453 829 1496 propria
853 1454 966 1495 verba
993 1454 1027 1495 S,
1044 1456 1083 1495 2,
1106 1454 1160 1486 13.
1198 1451 1415 1486 ,Geometras
1436 1449 1476 1485 dt
1500 1450 1687 1488 Gramma-

194 1494 257 1527 tici
282 1501 546 1542 ceterarumque
571 1505 633 1532 art.
659 1501 884 1542 professores
907 1502 964 1542 12,
982 1502 1038 1541 11,
1059 1500 1119 1533 20.
1167 1495 1203 1543 γ)
1227 1501 1412 1531 Accusat-2
1435 1495 1547 1532 facite
1569 1498 1683 1541 bestie,

195 1551 287 1584 quae
310 1541 478 1576 virtutem
502 1545 646 1586 docent,
683 1545 832 1588 accipiet
859 1542 951 1579 artes
982 1548 1046 1586 12,
1074 1547 1138 1587 11,
1164 1546 1220 1578 11.
1258 1543 1319 1588 qui
1339 1543 1536 1578 verborum
1562 1545 1684 1590 suffe}-

194 1587 303 1619 lectili
329 1594 438 1621 artem
462 1591 661 1623 collocandi
690 1592 888 1624 adhibuerit
910 1593 945 1634 ὃ,
961 1592 1019 1624 Pr.
1032 1592 1089 1624 28.
1117 1590 1175 1623 cui
1199 1589 1311 1636 magis
1333 1595 1422 1623 suas
1441 1589 1684 1634 art..;apei‘h·et

193 1633 367 1667 familiare
385 1646 515 1669 numen
530 1638 716 1671 Minervae
733 1640 787 1680 10,
801 1641 833 1680 1,
845 1640 902 1673 91.
930 1637 998 1670 sibi
1015 1642 1126 1670 artem
1144 1636 1339 1683 figurarum
1359 1645 1521 1671 asse;1·‹=31'⁴e⁴
1532 1636 1612 1679 953,
1620 1633 1681 1672 64·
1721 1672 1724 1684 ι

192 1683 246 1711 tot
278 1681 528 1722 pulcherrimas
560 1689 623 1716 art.
651 1683 792 1727 penitus
819 1689 938 1717 mente
957 1684 1202 1726 ,complexum
1225 1683 1288 1724 12,
1317 1683 1361 1724 1,
1387 1682 1449 1715 25.
1482 1681 1585 1727 hanc,
1612 1685 1680 1727 ant.

193 1727 426 1760 consummari
452 1739 525 1761 non
548 1740 652 1772 posse
681 1730 769 1763 citra
792 1730 945 1772 justitiae
972 1728 1158 1762 scientiam
1171 1730 1207 1770 2,
1222 1729 1278 1771 15,
1289 1727 1348 1761 29.
1374 1725 1543 1761 didicisse
1567 1725 1681 1761 arteni

192 1771 227 1812 3,
256 1774 288 1813 1,
318 1774 371 1805 10.
409 1776 462 1815 12,
489 1777 543 1816 11,
568 1778 602 1817 9,
639 1776 829 1818 Minerva,
865 1787 956 1819 quae
986 1780 1078 1808 artes
1108 1785 1190 1808 eum
1225 1770 1347 1806 docuit
1375 1773 1431 1814 11,
1456 1774 1496 1814 15
1513 1767 1575 1815 24..
1609 1773 1679 1807 ho-
1713 1807 1715 1810 ,

192 1815 305 1849 mines
331 1823 411 1850 ante
437 1819 616 1854 invenisse
642 1828 764 1864 artem,
795 1834 900 1866 quam
925 1820 1089 1854 docuisse
1113 1823 1149 1862 7,
1170 1821 1225 1861 10,
1246 1819 1302 1852 10.
1331 1817 1393 1862 qui
1416 1822 1482 1850 art.
1505 1817 1680 1862 ludicram

192 1864 391 1896 exercuerit
416 1867 454 1908 3,
479 1867 521 1908 6,
547 1870 602 1901 18.
636 1873 803 1912 tanquam
827 1867 1052 1901 instituendis
1080 1866 1182 1898 artib.
1210 1863 1324 1910 magis
1352 1867 1432 1907 apta
1467 1862 1514 1897 sit
1538 1864 1680 1903 medio-*-

191 1908 296 1941 critas
324 1912 367 1951 2,
390 1913 431 1952 3,
461 1915 492 1944 1.
533 1920 642 1946 artem
672 1916 804 1958 primus
834 1913 1033 1947 ostendisse
1058 1915 1122 1954 11,
1150 1914 1191 1953 2,
1214 1912 1271 1944 11.
1313 1915 1380 1943 art.
1409 1909 1534 1943 orandi
1556 1909 1679 1951 ,litenis

191 1954 410 1988 tradiderunt
438 1958 493 1990 Pr.
517 1957 551 1990 4.
584 1971 659 2001 ars,
694 1972 785 2004 quae
812 1959 954 2003 utrique
979 1958 1106 1992 tradita
1129 1962 1183 1991 est
1205 1959 1248 1998 2,
1274 1958 1331 1998 17,
1356 1957 1413 1989 33.
1473 1954 1508 2000 ὅ)
1533 1950 1679 1997 ‚Ablatss

189 2005 330 2033 utemur
354 2007 428 2035 arte
453 2003 593 2037 dicendi
623 2009 674 2047 12,
698 2010 730 2048 1,
753 2006 810 2039 41.
841 2007 958 2039 clarus
982 2004 1019 2038 in
1043 2009 1118 2036 arte
1142 2002 1306 2036 tibiarum
1329 2004 1364 2043 2,
1386 2003 1422 2044 3,
1447 2003 1481 2036 3.
1514 2003 1619 2036 nulla
1637 2002 1678 2037 in
1711 2012 1713 2017 ’

190 2051 263 2078 arte
289 2047 425 2089 plenius
450 2050 549 2082 labor
574 2052 720 2097 gratiam
746 2054 858 2086 refert
887 2060 1001 2095 (quam
1025 2053 1056 2082 in
1083 2049 1256 2090 rhetorice)
1277 2051 1311 2090 2,
1327 2049 1383 2090 16,
1397 2049 1440 2082 18
1462 2049 1674 2091 Sstmusice)

191 2095 262 2124 tota
293 2099 366 2125 arte
395 2096 567 2128 consentit
602 2109 680 2130 cum
713 2109 857 2140 eorum,
898 2107 987 2140 quae
1019 2096 1204 2137 dicuntur,
1244 2093 1428 2128 affectibus
1454 2095 1496 2137 1,
1520 2095 1583 2136 10,
1605 2094 1672 2139 24;

189 2137 302 2170 oratio
336 2141 491 2182 pluribus
527 2148 590 2175 art.
634 2150 734 2187 egeat
781 2146 823 2176 ib.
842 2147 876 2177 7.
910 2145 988 2175 Lat.
1026 2142 1196 2175 facundia
1224 2139 1437 2183 inventione
1465 2157 1512 2164 —
1545 2139 1675 2187 Qe'leidq

188 2183 291 2222 hujus
325 2187 464 2229 generis
493 2194 557 2221 art.
587 2186 709 2222 similis
746 2190 904 2222 Graecae
941 2191 1001 2231 12,
1031 2190 1093 2230 10,
1118 2190 1176 2223 27.
1223 2197 1304 2219 cum
1339 2187 1383 2218 de
1417 2184 1475 2219 his
1510 2185 1675 2229 pmnibus

189 2231 436 2278 conscripserit
461 2239 523 2266 art.
551 2235 706 2278 (Celsus)
735 2239 789 2278 12,
816 2238 870 2277 11,
893 2233 950 2267 24.
983 2234 1028 2275 efi
1055 2235 1111 2276 10,
1139 2236 1172 2276 1,
1196 2230 1255 2267 49.
1286 2230 1674 2275 ‹plibnsdnstiffle'ndffi
1726 2256 1728 2258 ·

189 2279 234 2305 sut
259 2279 321 2306 art.
350 2278 486 2320 (ru-mor)
516 2282 547 2320 1,
573 2282 605 2322 3,
632 2283 686 2315 18.
736 2282 764 2324 ε)
797 2294 825 2314 c.
855 2283 1053 2314 Atlributis:
1085 2285 1178 2312 artes
1204 2277 1348 2310 altiores
1372 2276 1673 2320 plerumqueroc-

190 2320 384 2369 cui-tantur,
420 2328 455 2354 ut
483 2330 573 2357 artes
602 2326 669 2359 sint
693 2328 732 2368 8,
758 2329 798 2369 3,
825 2331 857 2359 2.
897 2326 975 2370 quis
999 2326 1093 2358 inter
1123 2325 1213 2357 haec
1242 2322 1354 2355 literis
1379 2325 1438 2354 aut
1462 2322 1528 2355 uui
1552 2322 1673 2369 boi).ae

189 2370 253 2396 arti
278 2366 402 2398 locus?
429 2372 483 2408 12,
511 2373 541 2411 1,
568 2373 588 2403 7
612 2373 657 2403 As.
698 2378 762 2405 art.
793 2373 1131 2406 circumcurrentem
1154 2372 1188 2411 2,
1214 2371 1274 2409 21}
1297 2370 1336 2410 72
1370 2377 1402 2407 ἃ·
1429 2367 1536 2414 (1ῘὲΠᾶ
1558 2368 1672 2404 uteri!

190 2412 252 2451 12,
281 2413 315 2442 11
334 2436 342 2452 ,
368 2415 423 2444 22.
463 2426 494 2445 a.
532 2416 733 2459 inventrix,
770 2425 805 2452 et
836 2416 1044 2461 judicati-ix,
1081 2421 1118 2448 et
1152 2412 1369 2448 enuntiatrix
1395 2415 1434 2455 2,
1462 2415 1522 2456 15,
1547 2411 1617 2451 21’“
1659 2436 1670 2447 .

187 2456 327 2487 suturae
351 2467 436 2489 mox
462 2465 525 2492 art.
562 2464 613 2502 12,
641 2466 695 2505 10,
727 2467 760 2497 3.
798 2476 829 2496 a.
855 2461 1080 2506 imperatoria
1111 2463 1145 2501 2,
1173 2463 1229 2502 17,
1253 2458 1309 2493 34.
1345 2464 1411 2492 art.
1437 2456 1609 2495 ludim-‘hin
1656 2483 1670 2502 ,

186 2501 232 2541 6,
271 2504 323 2535 Ῑὸ.
379 2503 436 2545 qni
471 2504 562 2537 hanc
600 2513 683 2550 art„
727 2515 765 2542 ut
797 2515 939 2542 tenuem
974 2519 1015 2541 ac
1050 2507 1223 2549 jejunam,
1271 2504 1494 2539 cavillantur*
1516 2507 1549 2548 1,
1572 2504 1608 2549 4,
1633 2506 1668 2542 5,.

186 2546 277 2578 mala
317 2548 415 2589 qnasi
449 2560 503 2591 a.,
551 2562 653 2593 quam
688 2557 921 2596 κακοτεχνίαν
959 2551 1108 2586 dicimus
1142 2555 1176 2594 2,
1210 2553 1266 2593 20,
1300 2554 1333 2584 2.
1377 2562 1426 2584 ex
1451 2551 1578 2585 mediis
1600 2551 1667 2584 nrt.

186 2593 228 2624 ih.
271 2595 300 2624 1.
340 2599 403 2625 art.
436 2595 590 2628 minores
614 2601 647 2638 2,
680 2602 736 2640 21,
766 2602 798 2633 ὃ.
848 2600 1038 2644 perductae
1071 2597 1109 2630 in
1135 2608 1309 2631 summum
1340 2602 1404 2631 art.
1440 2599 1494 2638 12,
1521 2598 1578 2638 11,
1608 2597 1667 2631 28.

185 2648 218 2669 a.
254 2639 488 2680 pulcherrima
521 2642 682 2682 (musis-e)
719 2648 747 2686 l,
784 2648 838 2688 10,
872 2649 927 2679 17.
974 2644 1018 2685 cs.
1056 2646 1111 2686 12,
1137 2646 1170 2685 1,
1197 2644 1254 2677 25.
1285 2654 1316 2676 ει.
1354 2641 1510 2685 οτᾶψῐία
1541 2641 1668 2676 ΡΡ.·’5.

187 2685 218 2724 1,
256 2686 321 2726 10,
357 2686 412 2718 ³6·
453 2689 486 2727 3,
525 2690 557 2727 1,
599 2686 653 2719 14.
693 2687 737 2730 4,
775 2694 816 2732 1,
851 2695 909 2727 22.
951 2691 994 2733 6,
1028 2687 1073 2732 4,
1109 2692 1142 2723 7.
1192 2690 1234 2732 8,
1259 2691 1300 2731 3,
1337 2690 1394 2722 52.
1437 2698 1476 2722 a..
1506 2687 1669 2731 perfecta

183 2729 224 2770 9,
258 2727 297 2770 4,
336 2732 389 2763 16.
446 2737 509 2763 art.
552 2744 571 2764 a
607 2733 737 2766 virtute
781 2742 937 2770 remotae
979 2739 1026 2778 2,
1058 2737 1130 2778 20,
1163 2737 1198 2770 7.
1235 2745 1267 2767 a.
1313 2733 1493 2767 rhetorica
1533 2734 1592 2767 Pr.
1631 2736 1666 2769 7.

183 2777 229 2815 2,
260 2774 302 2816 4,
341 2777 372 2808 1·
421 2779 463 2818 2,
496 2779 556 2818 17,
592 2781 626 2810 2.
686 2782 841 2813 nondum
886 2788 940 2816 est
979 2787 1100 2815 orator
1142 2780 1341 2824 perfectus,
1387 2790 1428 2813 ac
1455 2779 1586 2815 ,nescio
1620 2789 1667 2813 an
1698 2788 1701 2793 ’

183 2830 240 2853 ars
281 2821 353 2854 ulla
400 2823 462 2863 12,
505 2824 566 2864 10,
612 2826 634 2856 2
679 2825 723 2858 N.
796 2826 839 2867 ζ)
883 2840 912 2861 c.
944 2829 1072 2863 Genim
1125 2837 1184 2861 ars
1224 2835 1404 2860 annorum
1436 2827 1478 2867 2,
1512 2828 1575 2867 17,
1598 2826 1665 2860 33.
