1728 3002
151 179 232 218 268
654 173 897 232 Dupliciter
936 201 993 210 —
1032 176 1181 222 Durus

193 290 315 325 idem
337 286 682 339 significantia
703 290 864 334 (verba)
890 293 925 335 8,
950 294 986 336 3,
1009 291 1068 329 43.
1097 293 1221 330 verbis
1245 293 1397 331 dubiis
1419 301 1458 332 et
1480 297 1584 342 quasi
1608 298 1685 334 du-

191 337 404 382 plicibus
441 340 478 380 9,
512 339 549 380 2,
585 337 643 372 69.
679 338 903 382 duplices
935 340 1036 387 leges
1071 340 1165 375 sicut
1198 342 1318 377 duae
1348 343 1567 378 colliduntur
1589 347 1625 384 7,
1641 338 1686 386 7,

193 386 248 420 10.
273 389 309 418 et
333 393 503 417 numerus
527 384 719 428 duplex,
743 395 812 419 nec
837 386 1028 429 duplum
1049 387 1183 423 virium
1207 389 1244 432 8,
1265 389 1302 432 6,
1326 387 1391 434 423
1420 389 1580 436 duplices
1603 389 1684 426 exi-

191 442 286 478 gere·
302 430 504 469 mercedes,
535 441 667 474 quam
691 430 722 465 si
744 433 852 466 rudes
878 433 1104 468 traderentur
1132 437 1168 477 2,
1192 436 1228 478 3,
1255 436 1278 470 3
1301 435 1350 472 Ν.

139 474 398 533 Dupliciter.
447 487 609 532 quaestio
636 507 683 514 --
709 489 747 522 in
771 488 930 533 judiciali
953 491 1100 525 materia
1134 479 1256 536 dupl.
1292 491 1502 538 accipienda
1525 499 1591 538 est,
1624 494 1685 528 al-

188 542 290 570 tero
322 535 431 568 modo
465 554 511 560 ——
546 535 703 569 altero
741 537 776 578 3,
803 538 858 579 11,
881 538 916 570 2.
953 548 1034 570 cnm
1071 539 1166 581 dupl.
1197 537 1378 574 divisisset
1405 541 1440 583 3,
1466 541 1500 583 3,
1519 542 1558 575 7⁸.
1586 541 1622 584 3,
1647 540 1684 583 6,

187 584 246 616 23.
283 582 378 625 dupl.
414 586 566 624 peccant
603 583 635 623 1,
668 583 703 624 5,
735 584 792 616 23.
832 581 871 616 in
895 582 951 617 his
974 583 1091 618 omnis
1117 585 1296 620 factorum
1323 585 1572 632 dictorumque
1593 586 1684 620 ratio

186 634 375 670 versatur,
401 627 463 661 sed
492 628 588 671 dupl.
619 629 653 670 5,
684 629 740 669 10,
769 628 825 663 46.

139 671 342 729 ΒΠΡΙίθο.
402 684 613 719 exercitatio
638 685 914 731 comparationis
936 706 983 713 —
1007 686 1165 732 duplicat
1186 688 1371 724 materiam
1392 692 1428 733 2,
1450 686 1488 733 4,
1511 690 1568 723 21.
1593 698 1684 734 quae

187 738 223 766 et
260 731 338 776 ipsa
373 731 599 775 duplicantur
621 732 655 775 6,
683 735 716 776 1,
739 735 798 767 23.
832 733 1032 778 duplicatur
1065 734 1211 770 interim
1240 736 1332 771 haec
1364 736 1482 773 virtus
1504 736 1540 778 8,
1564 735 1602 779 6,
1626 735 1682 770 '12-

184 779 275 813 haec
299 789 381 812 cum
403 789 484 822 per
506 789 553 812 se
578 778 794 826 figuraest,
819 785 895 814 tum
923 780 1201 825 duplicatur
1223 782 1260 827 6,
1282 785 1319 827 2,
1343 780 1404 820 34.

136 822 322 879 DuplUS-
379 837 526 880 duplum
548 836 680 872 virium
703 838 738 879 8,
762 837 798 880 6,
822 836 879 873 42.

135 879 378 945 Duram-lis·
426 893 570 937 spiritus
595 905 663 928 nec
686 894 871 939 brevis,
896 907 966 931 nec
979 907 1106 941 parum
1131 896 1362 931 durabilis
1386 899 1444 941 11,
1467 897 1503 940 3,
1528 898 1588 939 32,
1610 901 1682 930 tam

185 940 320 972 molli
355 945 593 984 teneraque
621 951 733 984 voce,
772 953 878 987 quam
901 943 1026 978 forti
1053 954 1096 978 ac
1138 943 1346 978 durabili
1386 945 1431 977 ib.
1456 945 1514 980 23.
1538 953 1681 978 vox—

182 985 340 1027 firma,
366 986 545 1030 dulcis,
570 988 808 1023 durabilis
832 991 877 1023 ib.
902 988 961 1024 40.
1514 1009 1517 1016 ¹

134 1030 270 1073 Dure·
299 1055 359 1062 —·
389 1045 451 1079 vel
483 1045 571 1078 dure
594 1044 690 1079 inter
713 1057 752 1079 se
777 1046 968 1081 commissa
999 1045 1152 1091 (verba)
1171 1047 1221 1091 ·9‚
1248 1047 1284 1091 4,
1309 1047 1367 1083 58.
1399 1045 1491 1081 nihil
1520 1051 1588 1080 est-
1609 1050 1682 1079 tam

181 1089 375 1132 indecem,
402 1101 507 1134 quam
533 1102 614 1124 cum
638 1091 805 1127 mollia
830 1094 946 1127 dure
977 1092 1028 1137 (a.
1054 1098 1076 1128 1.
1104 1092 1210 1136 dura)
1235 1092 1326 1127 fiunt
1349 1093 1398 1138 (a.
1425 1097 1447 1128 1.
1473 1091 1682 1132 durescunt)

182 1138 239 1178 10,
265 1139 299 1177 2,
326 1137 370 1170 19
394 1137 444 1187 Ν..
467 1137 501 1169 (1.
528 1137 678 1183 jungere
702 1139 737 1180 8,
761 1139 804 1181 6,
823 1141 890 1182 333
923 1140 1047 1174 durius
1072 1139 1269 1184 composita
1289 1141 1326 1182 9,
1350 1139 1387 1183 4,
1411 1140 1468 1175 15.
1491 1138 1682 1173 mutandus

180 1187 234 1215 est
260 1192 385 1223 casus,
417 1193 447 1215 sn
477 1183 600 1216 durius
629 1183 681 1227 is,
717 1195 790 1228 quo
819 1196 1076 1229 coeperamus,
1111 1187 1248 1221 feratur
1281 1186 1333 1231 (i.
1371 1198 1401 1221 e.
1426 1182 1606 1230 currit)
1635 1185 1679 1218 ib.

179 1231 247 1262 117
273 1228 324 1264 Ν.
355 1228 452 1272 quod
482 1228 523 1261 fit
553 1234 751 1263 retrorsum
771 1231 894 1265 durius
919 1232 955 1274 8,
978 1232 1014 1274 6,
1041 1230 1099 1265 24.

131 1272 346 1316 Duresco.
400 1296 551 1320 necesse
575 1292 629 1320 est
653 1287 835 1322 deteratur
858 1288 999 1334 fulgor,
1027 1294 1064 1322 et
1089 1289 1256 1323 durescat
1282 1286 1454 1322 articulus
1480 1289 1538 1330 10,
1562 1289 1598 1331 5,
1622 1287 1680 1322 16.

182 1331 427 1365 Gracchorum
459 1331 677 1377 Catonisque
702 1341 763 1368 etc.
791 1334 948 1368 lectione
984 1335 1177 1369 durescere
1208 1338 1244 1377 2,
1271 1335 1306 1377 5,
1329 1336 1389 1367 21.

134 1375 272 1419 DUI'O·
332 1387 370 1433 Ι)
395 1392 474 1423 Act.
501 1388 544 1433 α)
570 1392 613 1423 de
638 1393 848 1426 constantia.-
875 1393 983 1435 dura,
1009 1391 1145 1436 anime,
1175 1392 1284 1425 dura:
1315 1391 1405 1425 here
1425 1388 1560 1424 fortior
1579 1388 1680 1423 fuisti

178 1436 309 1470 Galli
322 1447 353 1468 ο.
379 1436 414 1478 9,
437 1438 474 1479 2,
498 1437 555 1471 91.
580 1447 656 1470 non
680 1438 783 1471 durat
812 1439 936 1473 ultra
965 1449 1120 1483 poenam
1145 1436 1383 1472 abdicationis
1409 1433 1543 1480 (pater)
1566 1437 1611 1470 ib.
1634 1437 1682 1470 88

179 1482 226 1515 Ν.
267 1481 522 1516 durandum
555 1488 630 1526 est,
664 1483 748 1528 quia
785 1485 1028 1529 coepimus
1057 1484 1094 1529 4,
1118 1486 1176 1518 Pr.
1200 1487 1234 1520 7.
1266 1482 1306 1518 in
1335 1483 1461 1517 sudata
1484 1487 1589 1518 veste
1612 1482 1682 1515 du-

177 1528 328 1561 randum
363 1531 420 1571 11,
446 1530 480 1571 3,
503 1530 562 1562 23.
616 1527 668 1574 β)
704 1531 747 1563 de
768 1537 936 1574 tempore:
963 1542 1070 1575 sapor
1094 1532 1197 1565 durat
1229 1532 1263 1573 1,
1289 1532 1323 1573 1,
1346 1531 1379 1565 5.
1405 1540 1489 1564 cum
1520 1528 1681 1562 Graecae

174 1574 311 1621 figurae
334 1574 475 1608 assidua
500 1576 760 1610 consuetudine
793 1575 1079 1620 haeserunt,
1113 1577 1153 1612 in
1176 1576 1320 1612 diversa
1344 1584 1489 1620 quoque
1509 1574 1682 1619 loquendi

174 1620 318 1654 ratione
341 1621 624 1665 pertinacissime
651 1623 827 1657 durant
854 1627 887 1666 1,
914 1626 947 1666 1,
974 1626 1030 1658 13.
1063 1622 1366 1668 [consuetudine,
1383 1632 1484 1666 quae
1511 1622 1680 1655 duratura

176 1677 252 1700 non
285 1667 330 1700 sit
360 1670 434 1709 (sic
468 1670 538 1711 Sp.
574 1670 617 1702 de
641 1669 728 1713 conj.
766 1671 907 1712 ·Reg.)
947 1673 1004 1713 11,
1028 1673 1063 1713 3,
1088 1669 1145 1704 24.
1177 1682 1211 1703 v.
1239 1665 1509 1711 Desidero.]
1553 1667 1678 1701 ultra

177 1724 283 1758 quam
306 1715 401 1747 ullus
429 1714 573 1758 spiritus
607 1715 736 1749 durare
770 1716 885 1759 possit
923 1717 965 1759 8,
991 1719 1033 1759 2,
1064 1718 1130 1757 173
1189 1715 1321 1748 diutius
1352 1712 1516 1755 duravit,
1545 1717 1584 1746 ut
1607 1712 1636 1745 E
1661 1713 1679 1746 1

173 1760 366 1806 jungendis
391 1762 515 1795 eadem
539 1760 700 1804 ratione,
739 1773 809 1806 qua
835 1762 965 1795 Graeci
1001 1773 1035 1795 ει
1058 1767 1245 1795 uterentur
1269 1763 1303 1803 1,
1326 1763 1362 1802 7,
1387 1761 1444 1794 15.
1477 1759 1528 1792 ad
1555 1763 1678 1802 poste-

94 1800 104 1809 ’
174 1816 237 1840 ros
278 1806 395 1842 virtus
422 1807 565 1840 durabit
595 1809 631 1850 3,
655 1810 689 1851 1,
713 1810 771 1841 21.
807 1808 937 1841 durans
969 1808 1024 1841 ad
1055 1808 1128 1841 hoc
1151 1812 1292 1850 tempus
1314 1804 1456 1840 saltatio
1481 1807 1514 1847 1,
1539 1806 1596 1848 11,
1622 1806 1677 1839 18.

174 1851 261 1886 inde
286 1854 390 1886 durat
415 1854 471 1886 ad
496 1863 563 1887 nos
587 1865 740 1897 usque
766 1855 1046 1887 vehementer
1075 1858 1112 1887 et
1142 1853 1511 1896 comprehendere
1547 1857 1610 1884 etc.
1642 1854 1678 1894 1,

175 1899 210 1942 5,
239 1901 296 1933 21.
322 1898 518 1941 amicitiae,
549 1911 640 1943 quae
667 1901 721 1933 ad
744 1905 967 1933 senectutem
1001 1909 1152 1943 usque
1178 1898 1403 1932 firmissimae
1430 1898 1560 1930 durant
1582 1899 1616 1940 1,
1640 1899 1678 1940 2,

173 1947 232 1980 20.
269 1956 350 1979 cum
375 1945 569 1989 antiquitus
599 1957 651 1978 us
665 1956 752 1989 que
778 1957 799 1979 a
826 1945 986 1980 Chirone
1018 1946 1071 1979 ad
1103 1951 1228 1979 nostra
1249 1950 1413 1988 tempora
1435 1944 1530 1987 apud
1554 1953 1679 1977 omnes
1726 1948 1728 1952 ’

173 1991 360 2026 duraverit
383 1990 580 2035 (studium)
607 1994 641 2034 1,
669 1994 725 2035 10,
749 1994 814 2035 303
840 1993 944 2025 durat
967 2002 1080 2036 prope
1104 1991 1149 2025 in
1186 1991 1364 2025 infinitum
1388 1987 1592 2033 (memoria)
1618 1991 1677 2032 11,

171 2040 208 2080 2,
233 2038 268 2072 8.
301 2049 419 2081 neque
444 2039 631 2071 durassent
657 2038 748 2072 haec
778 2038 825 2071 in
861 2043 1047 2072 aeternmn
1081 2040 1115 2081 5,
1143 2040 1200 2080 11,
1233 2037 1291 2071 41.
1328 2037 1465 2070 ultra
1491 2035 1678 2069 Socratem

170 2094 320 2128 usque
345 2084 486 2118 duravit
509 2083 690 2127 (Gorgias)
716 2087 751 2127 3,
779 2087 811 2128 1,
837 2086 871 2120 9.
917 2084 962 2127 ΙΙ)
989 2088 1108 2118 Pas-s..-
1134 2085 1280 2118 duratos
1301 2082 1417 2116 muria
1440 2081 1558 2126 pisces
1580 2082 1616 2124 8,
1640 2083 1677 2125 2,
1722 2107 1728 2131 γ]

171 2132 206 2164 3.
244 2132 356 2164 multa
392 2131 536 2177 linguae
566 2130 656 2165 vitia
687 2130 940 2165 inemendabili
970 2130 1009 2164 in
1033 2136 1216 2175 posterum
1242 2129 1420 2174 pravitate
1445 2129 1618 2162 durantur
1641 2129 1677 2179 1,

172 2178 206 2218 1,
235 2179 301 2220 37;
333 2177 364 2211 is
394 2177 500 2211 etiam
532 2177 577 2211 ad
610 2179 748 2225 plagas,
787 2183 828 2212 ut
857 2177 1012 2222 pessima
1047 2187 1213 2222 quaeque
1245 2175 1446 2220 mancipia,
1485 2173 1677 2209 durabi-

171 2227 244 2256 tur
279 2227 312 2267 1,
336 2226 371 2267 3,
399 2223 456 2257 14.
1480 2249 1484 2252 ,

124 2266 297 2310 Durus:
353 2279 397 2323 Ι)
430 2283 473 2315 de
504 2284 615 2319 rebus.
663 2281 713 2325 α)
744 2282 957 2325 simpliciter:
1012 2279 1109 2326 Quid
1132 2279 1228 2314 enim
1258 2275 1537 2319 crudelius,
1569 2284 1675 2320 quam
1716 2289 1728 2311 ε,

171 2326 358 2370 homines,
397 2328 560 2362 honestis
583 2327 790 2373 parentibus
815 2338 858 2360 ac
882 2325 1076 2369 majoribus
1101 2331 1227 2368 natos,
1259 2335 1278 2358 a
1309 2335 1386 2368 rep.
1423 2321 1674 2358 summoveri?
1719 2333 1728 2370 «Ι

173 2371 299 2414 Itaque
346 2374 506 2407 durum
544 2374 581 2408 id
618 2385 698 2408 esse
732 2384 890 2406 summus
920 2373 983 2406 ille
1015 2372 1282 2406 tractandorum
1312 2370 1512 2410 animorum
1542 2368 1676 2405 artifex
1718 2371 1728 2409 ’ἓ

171 2417 363 2451 confitetur
400 2423 456 2462 11,
483 2424 516 2464 1,
539 2421 604 2463 853
633 2423 666 2453 in
690 2421 852 2453 dicendo.-
887 2420 984 2463 quod
1009 2417 1124 2462 prima
1150 2416 1396 2462 propositione
1420 2417 1547 2448 durum
1568 2413 1675 2450 v-ido-
1717 2415 1728 2457 ἑ

170 2467 230 2495 tur
261 2465 329 2506 12,
360 2467 412 2507 1,.
433 2467 490 2501 36.
522 2467 652 2511 quibus
688 2467 816 2499 durum
852 2470 978 2506 erat,
1016 2463 1136 2497 dicere
1169 2465 1215 2506 9,
1241 2466 1285 2504 2,
1320 2463 1378 2498 92.
1414 2466 1553 2496 rectum
1584 2464 1673 2503 erat,
1703 2476 1728 2503 „-

173 2508 238 2541 sed
282 2510 436 2544 durum
477 2518 513 2546 et
557 2512 830 2547 incomtum
870 2511 914 2552 8,
958 2510 1001 2551 6,
1044 2509 1100 2544 65.
1145 2520 1221 2543 non
1260 2510 1424 2542 durum
1466 2507 1512 2542 sit
1554 2517 1673 2551 neque
1716 2514 1728 2531 *¹

173 2555 439 2599 abruptum,
465 2569 536 2601 quo
561 2559 670 2593 animi
695 2558 798 2594 velut
823 2555 1001 2600 respirant
1026 2555 1061 2597 9,
1086 2553 1121 2598 4,
1146 2556 1204 2590 62.
1231 2553 1370 2601 etiamsi
1395 2554 1472 2598 ipsa
1497 2556 1580 2586 sunt
1601 2552 1674 2585 du·
1698 2534 1728 2581 ἤ

173 2611 246 2643 ra,
278 2600 317 2634 'm
340 2601 378 2634 id
403 2608 523 2636 tamen
545 2606 691 2647 valent,
730 2609 771 2638 ut
797 2613 840 2638 ea
870 2599 1108 2644 molliant,
1140 2613 1230 2646 quae
1257 2605 1468 2644 sequuntur.
1491 2595 1527 2639 4,
1551 2599 1585 2640 5,
1614 2598 1670 2632 16.
1700 2587 1728 2665 ὲ

174 2657 339 2690 quaeque
371 2647 539 2691 fortia,
577 2650 607 2683 si
630 2650 776 2693 liceret,
810 2649 947 2691 forent,
990 2652 1029 2680 ut
1066 2648 1176 2682 dura
1204 2645 1429 2680 molliunt
1467 2643 1502 2685 5,
1531 2645 1588 2684 12,
1613 2644 1669 2678 18.
1704 2659 1720 2686 ;.,

176 2691 222 2733 cf.
250 2693 286 2735 8,
310 2694 345 2735 3,
370 2693 428 2727 31.
454 2693 650 2738 disparata,
679 2702 718 2729 ut
742 2697 859 2729 dura
882 2703 972 2728 non
1004 2692 1142 2737 duris
1167 2692 1374 2736 (opposita)
1399 2690 1432 2733 5,
1459 2691 1515 2731 11,
1541 2690 1604 2731 313
1637 2690 1670 2721 in
1710 2694 1726 2718 ιθ

174 2740 322 2772 artibus:
355 2738 551 2774 duriora
582 2740 710 2775 Callon
737 2747 843 2786 atque
866 2738 1063 2787 Hegesias,
1087 2739 1158 2783 jam
1181 2737 1299 2787 minus
1324 2735 1477 2782 rigida
1501 2733 1669 2787 fiammis,

173 2784 399 2819 molliora
434 2786 549 2819 adhuc
586 2787 721 2831 Myron
755 2787 844 2822 fecit
879 2788 935 2829 12,
964 2787 1021 2828 10,
1050 2788 1084 2819 7.
1144 2783 1199 2828 β)
1235 2797 1264 2819 ο.
1292 2784 1421 2817 Subst:
1457 2791 1595 2816 ammos
1619 2779 1668 2814 ad
1705 2808 1709 2826 ;
