1728 3002
154 176 236 218 106
743 167 834 214 Bos
861 195 919 205 --
947 168 1101 212 Brevis

196 299 275 324 mus
297 287 470 323 meliorib.
499 285 621 322 verbis
643 287 678 328 8,
700 285 735 328 6,
760 286 816 321 57.
855 284 894 318 in
918 295 990 329 quo
1012 283 1120 329 (loco)
1144 285 1353 320 translatum
1366 284 1537 333 (verbum)
1559 287 1688 334 melius

199 341 254 370 est
280 337 322 369 ib.
351 335 383 370 5.
477 333 540 377 111)
565 335 757 375 Superlat..·
793 344 826 365 v.
854 330 1074 374 Optimus.
1123 331 1160 375 a)
1191 331 1416 376 optimus,
1444 333 1687 376 maximus,

198 388 238 415 ut
265 382 419 415 mediam
441 381 457 413 Ι
481 379 641 421 literam,
672 388 761 422 quae
776 377 957 412 veteribus
984 378 1016 411 U
1039 378 1175 422 fuerat,
1212 377 1435 422 acciperent,
1465 378 1508 415 C.
1534 380 1687 425 primum

198 427 359 462 Caesaris
383 425 614 469 inscriptione
636 425 768 457 factum
795 426 827 466 1,
851 427 886 466 7,
915 426 971 458 21.
1005 424 1158 467 optimus
1183 429 1238 458 est
1259 423 1309 458 in
1332 424 1502 459 discendo
1515 432 1687 470 patronus

195 473 400 507 incredulus
425 475 480 515 12,
497 473 532 515 8,
555 474 608 505 11.
649 470 807 514 aequitas
835 469 970 513 optimo
993 469 1122 515 cuique
1145 469 1330 504 notissima
1354 473 1410 514 12,
1427 473 1466 514 3,
1483 474 1519 507 7.
1554 471 1600 514 qs.
1628 474 1686 515 10,

198 523 231 563 1,
258 522 314 553 20.
364 518 452 552 alios
482 519 534 551 ad
566 517 849 560 componendum
885 516 1106 560 optimos,
1149 515 1350 551 actionibus
1382 516 1580 555 idoneos
1611 530 1687 553 non

196 564 310 599 fuisse
338 568 394 607 12,
420 566 476 606 10,
499 562 564 606 49;
612 563 707 606 quod
731 567 784 595 est
809 561 981 606 optimum
1004 569 1130 596 natura
1154 565 1210 605 12,
1229 564 1265 605 3,
1281 564 1315 598 8.
1359 564 1457 607 quod
1479 563 1519 598 in
1541 574 1686 608 quoque

197 611 367 655 optimum
398 616 453 644 est
479 612 534 652 10,
560 612 593 651 2,
609 610 664 643 26.
697 607 740 649 cs.
767 610 823 651 10,
853 611 887 651 1,
911 610 989 644 109.
1023 609 1062 642 id
1091 620 1170 643 esse
1196 614 1270 653 opt.
1285 635 1297 652 ,
1320 610 1514 654 quod,cum
1525 615 1561 645 te
1576 610 1699 645 facile

195 657 390 692 credideris
423 655 594 700 consequi
626 654 842 698 imitatione,
880 665 955 689 non
986 654 1102 699 possis
1140 658 1222 690 Cic.
1253 657 1319 699 11,
1355 658 1396 699 1,
1429 657 1478 692 92
1508 657 1558 691 N.
1604 662 1687 691 sunt

196 703 329 747 optima
351 702 496 736 minime
524 701 691 735 arcessita
715 706 751 735 et
774 700 1010 745 simplicibus,
1043 707 1150 746 atque
1173 702 1218 736 ab
1237 700 1315 746 ipsa
1335 701 1488 737 veritate
1510 702 1686 747 profectis

195 749 373 783 simillima
413 750 470 783 Pr.
510 750 566 782 23.
627 746 782 794 cogitare
823 747 994 792 optima
1027 747 1134 782 simul
1170 759 1212 782 ac
1250 748 1496 784 deterrima
1547 751 1616 792 12,
1650 751 1686 792 1,

194 794 230 829 4.
268 795 400 839 optima
421 795 542 828 facere
561 805 666 838 quam
694 793 900 837 promittere
925 795 1126 829 maluerunt
1152 794 1212 830 Pr.
1237 792 1294 828 14.
1333 794 1468 838 optima
1492 794 1687 830 nescientis

197 844 253 884 12,
269 844 304 883 2,
323 844 380 875 21.
421 840 573 874 nitamur
596 851 736 883 semper
759 841 805 873 ad
828 840 962 884 optima
986 843 1043 884 12,
1068 843 1125 884 11,
1148 842 1204 875 30.
1239 841 1286 875 ad
1307 840 1441 885 optima
1455 841 1686 884 ,tendentium

196 890 252 930 10,
285 890 318 929 1,
351 889 428 921 122.
472 885 613 930 optimis
639 886 816 919 imbuatur
840 890 873 929 1,
901 887 936 929 8,
965 886 998 921 5.
1033 890 1070 930 2,
1095 889 1130 930 3,
1157 889 1192 921 2.
1237 885 1381 931 optimis
1404 886 1523 921 satiati
1555 890 1598 922 ib.
1625 888 1682 923 58.

193 932 408 976 optimorum
431 932 569 966 electio·
585 934 626 965 ib.
652 933 692 974 63
740 933 963 976 optimum
990 939 1059 967 est
1085 933 1243 977 arripere
1269 932 1305 976 6,
1332 931 1370 976 4,
1394 931 1449 968 14.
1485 935 1542 975 10.
1565 935 1602 976 7,
1625 932 1683 968 24.
1724 939 1728 947 ’

192 979 353 1013 ediscere
390 978 495 1012 tacite
527 984 626 1012 erat
662 978 883 1023 optimum
919 982 974 1020 11,
999 982 1034 1022 2,
1058 981 1114 1014 33.
1160 978 1204 1020 ej:
1237 982 1274 1022 2,
1303 981 1361 1023 10,
1394 980 1419 1015 6
1448 980 1496 1015 Ν.
1529 977 1619 1023 (aed
1639 983 1682 1014 Z.

191 1025 269 1059 Erit
286 1023 393 1069 opt.).
427 1031 512 1058 tunc
536 1024 706 1068 optimum
730 1024 820 1068 fuit,
842 1025 1037 1060 infaustum
1061 1036 1152 1070 opus
1167 1024 1318 1060 flammis
1344 1024 1494 1068 iniicere
1518 1025 1554 1068 6,
1570 1026 1628 1060 rr.
1649 1027 1684 1061 3.

191 1070 353 1105 dividere
382 1077 454 1115 opt.
481 1070 548 1105 erit
570 1072 604 1113 4,
626 1074 660 1113 2,
687 1073 769 1105 101.
813 1072 895 1112 opt.
930 1082 1016 1118 ergo
1039 1071 1079 1105 in
1101 1072 1177 1114 his,
1219 1071 1321 1117 sequi
1346 1071 1503 1107 maxime
1525 1077 1684 1116 recepta,

193 1122 231 1151 et
253 1128 330 1151 rem
355 1117 467 1161 ipsam
489 1117 689 1163 intelligere
713 1117 769 1160 (a.
796 1122 818 1152 1.
849 1118 1022 1165 intelligi)
1046 1119 1082 1161 9,
1111 1121 1144 1162 1,
1164 1118 1201 1153 9.
1248 1117 1339 1152 illud
1361 1129 1506 1163 quoque
1531 1118 1579 1152 ad
1600 1129 1686 1154 ver-

192 1163 279 1197 bum
301 1174 436 1207 ponere
459 1169 530 1208 opt.
556 1163 664 1198 fuerit
688 1166 744 1206 11,
768 1166 804 1207 2,
828 1167 888 1199 22.
923 1164 968 1206 cf.
999 1166 1055 1206 10,
1083 1164 1118 1207 5,
1141 1167 1175 1199 2.
1225 1163 1271 1209 β)
1295 1164 1420 1209 optimi
1447 1165 1600 1207 juvenes
1627 1166 1686 1208 12,

194 1211 254 1251 11,
279 1210 311 1243 5.
353 1211 475 1244 demus
507 1210 603 1244 idem
633 1209 770 1256 ingenii
803 1218 864 1245 etc.
899 1210 1106 1255 pessimo
1143 1216 1251 1255 atque
1284 1215 1373 1254 opt.
1400 1209 1484 1246 viro
1508 1213 1566 1253 12,
1590 1212 1625 1254 1,
1647 1211 1683 1246 9.

195 1255 302 1300 Quod
342 1261 396 1289 est
434 1267 578 1300 pomum
620 1256 1070 1303 generosissimum?
1106 1267 1249 1300 nonne,
1340 1257 1388 1290 od
1426 1255 1686 1300 optimum?
1711 1266 1715 1279 ¹

195 1301 288 1344 Quid
320 1302 455 1346 equus?
485 1320 531 1326 —
553 1313 675 1337 nonne
700 1302 761 1346 qui
788 1302 1016 1347 optimus?
1054 1302 1150 1349 Quid
1172 1303 1282 1337 homo
1350 1308 1473 1336 nonne
1495 1302 1527 1336 is
1553 1312 1686 1349 gene-

192 1348 492 1391 rosissimus,
533 1348 594 1393 qui
628 1349 865 1393 optimust
902 1351 946 1392 5,
977 1352 1044 1393 11,
1077 1348 1114 1383 4.
1162 1355 1236 1394 opt.
1267 1348 1417 1384 inventa
1447 1347 1494 1390 5,
1525 1351 1593 1392 12,
1625 1349 1682 1384 19.

192 1399 348 1427 mentem
373 1400 443 1438 opt.
472 1397 525 1437 12,
551 1398 607 1437 11,
637 1398 692 1429 12.
731 1401 810 1440 opt.
830 1395 1010 1440 partibus,
1044 1395 1083 1430 id
1105 1401 1181 1438 est,
1210 1394 1301 1438 reip.
1329 1397 1386 1438 12,
1411 1397 1447 1438 1,
1473 1394 1529 1429 16.
1565 1405 1686 1429 rerum

193 1439 356 1482 optimar.
381 1441 542 1475 inventio
567 1444 624 1484 12,
651 1445 684 1485 1,
712 1443 771 1476 30.
813 1441 1010 1486 irrumpent
1033 1447 1108 1486 opt.
1137 1452 1394 1486 nonnunquam
1417 1442 1626 1483 causando,
1649 1441 1697 1489 3,ς

191 1486 249 1520 33.
294 1486 430 1530 copiam
460 1487 634 1522 sermonis
666 1494 741 1532 opt.
769 1490 828 1531 10,
850 1491 888 1532 7,
911 1492 947 1524 7.
987 1499 1088 1532 spem
1110 1499 1217 1532 quam
1239 1492 1313 1532 opt.
1338 1489 1374 1531 1,
1398 1489 1433 1530 1,
1458 1489 1490 1522 1.
1532 1485 1686 1533 creticus

191 1530 350 1566 initiis
374 1532 526 1576 optimus
549 1534 584 1576 9,
608 1533 644 1577 4,
670 1537 751 1569 107.
793 1545 869 1568 non
892 1540 966 1579 opt.
995 1540 1051 1569 est
1073 1535 1289 1578 trochaeus,
1321 1533 1354 1568 si
1378 1532 1504 1568 ultima
1523 1539 1582 1568 est
1604 1533 1687 1577 bre-
1714 1568 1716 1571 ⁴

191 1577 276 1612 vis?
303 1581 344 1612 ib.
372 1582 448 1614 105.
486 1580 606 1614 omnia
627 1581 742 1616 verba
764 1586 848 1615 sunt
870 1580 1001 1615 alicubi
1023 1586 1096 1627 opt.
1124 1583 1181 1625 10,
1207 1584 1242 1626 1,
1265 1581 1301 1617 9.

149 1642 252 1686 Bos·
295 1657 360 1691 bos
385 1658 532 1693 clitellas
559 1659 622 1705 (a.
648 1663 670 1695 1.
695 1659 789 1705 vos)
823 1661 858 1704 5,
883 1663 940 1704 11,
965 1663 1010 1695 21
1035 1660 1083 1695 N.

147 1721 389 1766 Brachium·
434 1739 569 1773 brachii
600 1741 783 1775 moderata
810 1739 988 1784 projectio
1020 1742 1085 1782 11,
1113 1741 1159 1783 3,
1183 1737 1242 1774 84.
1281 1737 1428 1773 sinistro
1458 1735 1608 1772 brachio
1639 1739 1683 1772 ib.

195 1781 272 1816 146.
317 1789 356 1817 ut
378 1790 476 1818 recta
502 1787 573 1819 sint
596 1787 648 1820 br.
675 1790 709 1829 1,
738 1789 794 1829 10,
820 1787 876 1820 16.
916 1785 1069 1820 demissa
1093 1786 1145 1820 br.
1174 1788 1208 1827 2,
1235 1785 1291 1828 13,
1317 1786 1352 1820 9.
1397 1784 1449 1817 br.
1475 1788 1603 1837 exerto
1627 1786 1685 1828 11,

191 1829 226 1869 3,
250 1830 322 1863 118.
361 1842 510 1874 quorum
533 1833 737 1876 brachium,
770 1832 862 1866 sicut
879 1833 1121 1874 Graecorum,
1148 1836 1252 1865 veste
1270 1828 1521 1864 continebatur
1538 1831 1583 1863 ib.
1605 1831 1685 1865 138.

193 1873 374 1908 sinistrum
400 1877 451 1910 br.
475 1888 634 1923 eousque
658 1880 887 1914 allevandum
910 1884 965 1912 est
988 1880 1030 1912 ib.
1050 1876 1127 1911 141.
1162 1883 1407 1912 transversum
1424 1876 1477 1909 br.
1496 1876 1687 1920 proferunt
1702 1900 1709 1902 μ

195 1921 238 1953 ib.
268 1921 324 1955 93.
362 1921 458 1966 (br.)
488 1925 688 1968 expatiatur
710 1925 750 1959 in
777 1926 868 1958 latus
894 1927 936 1958 ib.
968 1922 1015 1958 84
1038 1924 1084 1957 Ν.
1122 1923 1175 1957 br.
1204 1935 1224 1956 a
1248 1924 1361 1956 latere
1384 1921 1527 1956 modice
1549 1927 1688 1957 remota

192 1967 236 1999 ib.
269 1967 346 2001 159.
381 1970 564 2005 brachium
586 1971 625 2005 in
647 1973 740 2006 latus
767 1971 902 2015 jactant
926 1967 963 2014 4,
985 1972 1022 2013 2,
1046 1970 1104 2005 39.
1139 1968 1179 2003 in
1202 1965 1391 2014 jaculando
1416 1966 1564 2002 brachia
1578 1969 1688 2003 redu-

194 2022 307 2046 cimus
336 2016 391 2058 10,
417 2017 450 2058 3,
479 2017 513 2051 6.

150 2077 320 2121 Bl'eViO·
374 2094 557 2130 breviatur
589 2095 718 2133 cervix
753 2099 819 2139 11,
852 2096 894 2140 3,
929 2095 986 2130 83.
1028 2092 1209 2129 breviavit
1239 2093 1414 2139 syllabam
1452 2095 1509 2136 12,
1543 2094 1600 2137 10,
1626 2091 1685 2128 5⁷.

194 2140 400 2181 paraphrasi
424 2147 459 2175 et
487 2143 703 2178 breviare
730 2143 883 2187 quaed„
915 2146 951 2176 et
979 2151 1213 2175 exornare
1247 2143 1280 2184 1,
1308 2141 1344 2184 9,
1367 2143 1402 2174 2.
1445 2138 1575 2177 callide
1599 2138 1688 2185 qnid

195 2184 417 2230 tacuisse,
449 2188 696 2223 breviasse
731 2196 791 2223 etc.
823 2188 858 2232 5,
887 2190 942 2231 13,
970 2186 1014 2221 41
1043 2188 1090 2221 Ν.
1116 2199 1163 2220 cr.

151 2245 316 2291 BPGVIS-
362 2264 396 2307 1)
420 2269 520 2300 Posit.
571 2267 612 2311 α)
635 2270 846 2312 simpliciter.-
882 2265 921 2311 a)
945 2272 1079 2300 statura
1095 2266 1228 2300 breves
1251 2266 1287 2307 2,
1305 2265 1340 2306 3,
1356 2263 1393 2298 8.
1427 2262 1467 2297 in
1484 2263 1688 2308 eloquendo

197 2307 337 2350 brevis,
379 2316 414 2344 et
445 2313 668 2359 magnificus,
706 2320 742 2348 et
776 2313 928 2361 diligens
961 2315 1024 2355 10,
1059 2315 1100 2354 1,
1137 2312 1193 2346 63.
1242 2311 1416 2343 densus
1454 2314 1490 2344 et
1523 2309 1688 2346 brevis

195 2351 301 2395 (opp.
331 2355 483 2399 fusus)
520 2359 751 2403 Thucydides
776 2363 819 2395 ib.
847 2361 914 2402 73·,
960 2359 1063 2392 Haec
1089 2356 1262 2398 arbitror,
1299 2360 1348 2388 ut
1371 2354 1417 2388 in
1445 2354 1607 2399 brevi,
1643 2356 1689 2391 de

199 2398 326 2433 ordine
348 2401 458 2435 fuisse
483 2403 632 2439 dicenda
654 2408 689 2449 9,
702 2406 737 2449 4,
751 2409 818 2448 323
865 2403 1033 2440 brevia
1055 2403 1118 2436 illa
1140 2407 1246 2446 atque
1277 2401 1464 2436 concisa
1487 2401 1691 2449 singultan-

198 2442 286 2477 tium
315 2447 421 2480 modo
451 2449 598 2491 ejecturi
631 2454 687 2494 10,
710 2456 746 2495 7,
775 2454 832 2487 10.
869 2460 990 2485 sermo
1015 2448 1170 2482 miscens
1199 2448 1337 2494 longa
1368 2447 1594 2484 brevibus
1629 2449 1687 2490 11,

198 2491 244 2532 3,
266 2488 322 2524 43.
373 2492 411 2533 b)
442 2495 484 2526 ‹Ie
509 2497 601 2528 brevi
623 2501 771 2539 syllabat
807 2499 851 2541 9,
874 2495 919 2540 4,
946 2494 1003 2530 34.
1029 2497 1086 2529 51.
1117 2506 1229 2538 seqq.,·
1274 2494 1426 2528 brevem
1456 2493 1562 2528 unius
1594 2491 1688 2536 (esse

197 2537 376 2578 temporis)
405 2539 447 2570 ib.
469 2538 526 2573 47.
567 2540 720 2585 (quando
744 2548 844 2585 longa
860 2543 955 2585 fiai)
979 2543 1022 2575 ib.
1038 2541 1095 2575 85.
1138 2538 1255 2573 media
1277 2538 1373 2574 inter
1394 2540 1560 2586 longas
1589 2540 1689 2573 bre-

199 2580 272 2616 vis
298 2584 342 2615 ib.
367 2584 423 2617 81.
460 2583 496 2618 in
525 2585 594 2619 fine
617 2598 683 2630 pro
706 2589 846 2636 longa
868 2586 983 2632 accipi
1007 2587 1193 2621 brevem
1217 2587 1259 2618 ib.
1284 2586 1344 2621 93.
1386 2584 1419 2620 si
1441 2585 1567 2619 ultima
1588 2585 1690 2620 bre-

198 2626 272 2662 vis
295 2637 361 2671 pro
386 2629 528 2675 longa
554 2630 600 2664 sit
625 2635 667 2666 ib.
699 2636 777 2669 107.
816 2633 974 2668 iambum
996 2630 1129 2666 brevi
1155 2632 1409 2678 longaque,
1434 2630 1520 2665 huic
1545 2636 1689 2665 contra-

198 2670 291 2706 rium
316 2684 336 2707 e
364 2674 500 2721 longa
525 2682 561 2710 et
584 2677 714 2712 brevi
737 2681 910 2714 choreum
930 2686 991 2713 etc.
1019 2677 1244 2712 nominemus
1267 2679 1309 2711 ib.
1334 2677 1393 2712 80.
1432 2675 1477 2718 ej:
1502 2674 1560 2711 47.
1597 2677 1689 2711 duae

198 2724 323 2752 natura
347 2719 477 2754 breves
507 2721 684 2766 positione
718 2730 798 2759 sunt
824 2731 1025 2779 temporum
1050 2727 1217 2768 quattuor
1239 2724 1280 2757 ib.
1308 2722 1365 2758 86.
1405 2720 1599 2766 ‘plurimum
1623 2723 1690 2756 ha-

201 2764 287 2799 beut
310 2765 501 2801 celeritatis
524 2767 708 2805 breves:
733 2783 845 2815 «fuae,
871 2770 1119 2806 si-misoentur
1135 2768 1300 2815 quibusd.
1323 2768 1497 2815 longis,
1520 2774 1689 2811 cun-tuit:
1720 2772 1723 2775 ‘
