1728 3002
123 109 204 149 883
639 105 864 149 Silentium
895 131 950 138 -—
980 78 1151 149 Similis

176 223 306 256 Genu„-
333 231 411 256 cnm
435 231 493 256 res
516 219 571 255 rei
596 226 632 255 et
655 222 710 265 jus
732 220 819 265 juris
843 221 945 266 quasi
967 219 1107 269 signum
1130 225 1185 255 est
1207 222 1252 255 ib.
1273 221 1354 256 10⁷.
1382 219 1518 267 sigua
1543 232 1663 256 rerum

176 273 213 300 et
245 272 521 315 argumenta
546 268 611 309 10,
635 270 655 301 1
670 293 681 311 ,
707 265 765 303 49.
788 267 818 302 si
843 273 897 301 est
919 267 1010 313 sign.
1033 268 1214 302 adulterae
1234 266 1350 302 lavari
1377 266 1572 313 mlviris
1597 275 1659 302 etc.

176 314 220 353 5,
248 315 290 355 9,
317 313 371 347 14.
406 314 451 347 de
477 311 651 358 ambiguis
676 313 785 360 signis
810 313 992 348 cruditatis
1007 318 1053 348 ‘et
1075 313 1208 348 veneni
1229 316 1275 356 7,
1292 316 1346 356 ’2,
1374 314 1429 348 13.
1459 322 1490 348 s.
1511 318 1660 362 magnae

174 358 421 393 familiaritatis
445 359 478 400 5,
501 360 556 400 13,
581 361 637 392 30.
664 371 693 393 s.
723 359 1042 404 perniciosissimae
1064 359 1192 394 mentis
1217 359 1250 400 5.
1273 361 1309 404 9,
1331 360 1389 394 13.
1413 358 1454 393 in
1474 353 1662 409 argumen-

155 406 304 457 tando,
332 416 411 438 cum
436 405 489 438 rei
515 404 655 451 signum
679 411 733 439 est
756 407 801 449 8,
823 406 868 449 6,
891 409 950 440 22.
984 405 1029 448 cs.
1055 408 1117 450 10,
1144 409 1186 446 1,
1210 404 1282 462 49..
1323 404 1366 451 γ)
1387 407 1421 461 iu
1443 412 1482 441 rt
1500 400 1660 459 jamri.-

175 451 631 543 {552023331f‘33‘5152‘21'2}
651 450 778 544 {⁴1:032ss
797 451 919 542 ἵζ’ρῗὲἑ
931 452 1096 532 ξοῖἷῖιῗὲ
1125 447 1233 532 ἑῖὲὲἔ
1250 455 1512 541 {mm-⁸¹
1520 450 1552 532 ιη’·
1561 446 1665 532 Ψωῖἇ

176 542 271 576 idem
295 542 427 577 artifex
453 543 652 588 expulisset
675 547 718 587 2,
743 545 808 588 19,
831 546 865 579 3.
898 544 1064 579 differunt
1089 549 1128 577 ut
1157 544 1184 577 ε’
1236 554 1296 576 um
1319 542 1421 590 signo
1449 545 1512 586 12,
1540 546 1604 587 10,
1629 545 1664 577 1.

175 600 255 622 cum
282 590 445 624 morbum
467 588 505 622 in
538 589 695 636 signis
719 595 790 635 atq.
814 590 989 625 tabulis
1015 589 1159 634 objiciat
1175 554 1291 625 Ιἦῗπϊὶ
1311 590 1355 631 9,
1379 592 1421 631 2,
1442 590 1504 626 62.
1551 589 1599 631 ι)
1622 590 1665 623 de

176 636 358 670 sideribus:
391 635 575 682 signorum
601 641 700 670 ortus
723 642 761 671 et
784 645 934 671 occasus
963 639 1003 680 1,
1029 635 1074 680 4,
1100 635 1136 671 4.
1168 635 1208 670 in
1228 636 1302 670 XII
1318 634 1456 682 signis,
1483 645 1552 681 per
1573 644 1666 681 quae

176 681 234 714 sol
255 686 349 715 meat
372 685 430 726 11,
457 684 493 725 2,
519 684 577 716 22.
1572 683 1579 688 “

133 735 374 779 Silentium·
421 759 527 794 quam
552 748 758 784 altissimum
785 761 816 784 s.
842 752 900 794 10,
927 752 962 794 3,
987 752 1033 784 22
1056 749 1104 784 Ν.
1129 749 1338 787 subimus.
1365 751 1422 792 12.
1446 748 1481 791 5,
1503 748 1545 792 3,
1578 747 1668 783 illud
1702 753 1706 756 ’

176 794 385 829 intentionis
409 806 439 830 s.
463 794 508 838 4,
531 798 578 839 2,
602 797 660 831 37.
697 808 725 831 s.
748 795 865 830 noctis
892 799 955 839 10,
980 798 1024 838 3,
1047 797 1104 830 25.
1131 808 1160 830 s.
1187 806 1351 831 aecensus
1385 797 1430 829 ib.
1452 795 1509 830 28.
1533 806 1568 829 v.
1589 794 1667 829 Se-

177 851 355 883 cessus;
387 852 469 876 cum
493 842 538 876 de
557 842 722 876 omnibus
742 842 866 878 aetatis
889 853 975 876 suae
999 841 1179 877 silentium
1205 841 1320 889 egerit
1346 843 1404 884 10,
1429 843 1463 884 1,
1485 841 1544 876 38.
1568 840 1666 875 facto

102 922 108 924 s
178 885 235 920 sil.
264 890 308 929 2,
331 889 373 930 5,
397 888 432 923 6.
457 899 485 922 s.
515 887 659 925 inducat
686 891 743 932 11,
767 891 803 932 2,
827 887 884 924 48.
914 901 942 922 s.
969 893 1116 933 quaeret
1141 890 1197 931 10,
1220 890 1256 930 7,
1281 890 1317 922 2.
1344 887 1382 922 in
1411 898 1441 921 s.
1465 897 1579 931 usque
1601 887 1665 921 ‹le-¹

178 933 353 967 scendant
381 935 437 976 10,
461 935 496 976 3,
524 937 588 976 12;
624 936 739 968 Ablat.
754 949 764 968 .·
789 936 919 968 malam
945 946 1025 969 esse
1051 945 1192 969 eausam
1215 932 1359 968 silentio
1383 932 1545 968 confiteri
1565 932 1603 976 4,
1628 935 1665 975 2,

179 979 237 1013 66.
262 991 293 1013 s.
318 979 608 1014 dissimulandum
638 981 682 1022 5,
708 982 771 1024 13,
796 982 831 1016 9.
855 981 1054 1024 interrupta
1077 991 1106 1014 s.
1136 979 1246 1014 dictio
1272 980 1308 1021 9,
1332 982 1367 1020 2,
1390 981 1448 1014 71.
1471 984 1562 1013 totas
1589 989 1668 1013 ma-

177 1024 286 1059 terias
309 1027 372 1061 vel
398 1038 427 1060 s.
454 1026 692 1071 persequendi
718 1029 779 1070 10,
802 1030 848 1070 7,
874 1028 931 1062 25.
955 1027 1095 1060 laudem
1121 1037 1150 1060 s.
1175 1036 1326 1068 poscere
1349 1027 1406 1067 11,
1429 1026 1471 1068 3,
1492 1027 1574 1060 121.
1597 1035 1667 1066 nec

179 1070 376 1106 silentio
401 1072 579 1115 subsidat,
608 1073 672 1106 sed
694 1072 854 1107 firmetur
877 1070 1230 1107 consuetudine
1253 1070 1349 1115 (vox)
1374 1073 1436 1113 11,
1459 1071 1503 1114 3,
1532 1068 1591 1104 24.
1618 1081 1666 1105 ne

176 1116 321 1151 illorum
344 1118 487 1163 quidem
511 1118 694 1162 persuasio
721 1130 750 1152 s.
779 1120 992 1153 transeunda
1015 1123 1070 1154 est
1091 1120 1128 1162 2,
1151 1119 1246 1162 3,.1.
1272 1116 1318 1158 cfi
1340 1119 1377 1160 5,
1402 1119 1460 1161 12,
1479 1118 1538 1151 23.
1561 1126 1669 1152 vere-

180 1163 344 1198 cundiam
367 1176 397 1200 s.
422 1164 616 1200 vindicabo
648 1166 683 1208 8,
708 1166 743 1208 3,
767 1166 825 1201 39.

137 1216 268 1260 Silva·
316 1231 358 1273 Ι)
386 1232 555 1267 silvarum
582 1232 778 1266 amoenitas
805 1235 870 1275 10,
897 1234 939 1275 3,
961 1230 1018 1266 24.
1048 1242 1115 1276 per
1147 1229 1258 1267 silvas
1283 1234 1435 1278 vagetur
1459 1231 1500 1273 ⁵,
1530 1229 1573 1274 9,
1609 1232 1667 1264 12.

179 1276 292 1310 amnis
318 1277 516 1313 virentibus
539 1278 705 1322 utrinque
730 1278 829 1313 silvis
857 1279 1078 1312 inumbratus
1103 1279 1158 1319 12,
1184 1279 1240 1318 10,
1264 1276 1322 1311 60.
1346 1289 1380 1311 υ.
1401 1277 1551 1310 Mons.
1572 1276 1617 1308 N
1627 1287 1668 1309 e—
1692 1293 1700 1305 κ

179 1333 292 1356 mus.
355 1324 416 1366 Il)
442 1328 581 1357 transm
619 1334 744 1357 eorum
775 1324 921 1367 vitium,
957 1323 1020 1366 qni
1054 1323 1244 1356 decurrere
1274 1332 1340 1365 per
1369 1321 1553 1355 materiam
1585 1321 1668 1355 stilo

181 1379 287 1412 quam
308 1369 538 1405 velocissimo
565 1369 694 1404 volunt
720 1376 802 1413 etc-,3
828 1370 922 1402 hanc
943 1369 1071 1403 silvam
1097 1373 1230 1403 vocant
1252 1369 1310 1410 10,
1339 1369 1375 1411 3,
1404 1370 1447 1401 17
1459 1367 1508 1402 N.

136 1423 284 1466 Simia·
332 1448 412 1472 esse
437 1436 570 1482 aliquid
592 1436 708 1471 miuus
731 1436 867 1479 sanae,
890 1442 930 1470 ut
955 1435 1057 1470 simia
1082 1434 1219 1469 homini
1242 1436 1277 1478 5,
1302 1436 1358 1478 11,
1383 1436 1440 1469 30.

138 1491 313 1534 Similis·
351 1505 384 1546 Ι)
411 1507 513 1539 Posit.
556 1503 598 1549 α)
618 1506 818 1548 simpliciter.
853 1503 887 1545 a)
908 1506 1023 1537 Maso.
1038 1517 1049 1537 .·
1074 1502 1224 1536 similem
1247 1512 1331 1536 raro
1354 1507 1479 1536 natura
1501 1506 1667 1546 praestat,

180 1551 389 1594 frequenter
419 1551 570 1585 imitatio
595 1554 657 1593 10,
681 1553 727 1593 2,
756 1552 791 1585 3.
819 1560 859 1584 se
889 1550 1028 1583 abunde
1059 1548 1192 1582 similes
1221 1553 1347 1591 putent
1371 1550 1435 1590 10,
1461 1550 1504 1590 1,
1532 1549 1590 1583 25.
1619 1558 1668 1582 ex

183 1596 310 1640 quibus
338 1597 548 1641 praecipuos
572 1597 806 1643 attingemus,
833 1595 961 1639 reliqui
985 1593 1117 1628 similes
1146 1600 1250 1628 erunt
1271 1595 1294 1629 8
1334 1595 1371 1637 3,
1392 1595 1451 1629 89.
1481 1592 1535 1628 ini
1558 1594 1669 1628 subti-

180 1642 247 1685 leS,
269 1649 309 1676 ut
335 1643 466 1677 similes
489 1655 529 1677 ac
554 1644 685 1677 multos
711 1641 770 1686 (Ζ.
797 1644 839 1675 de
854 1642 939 1684 conj.
962 1640 1029 1675 sibi
1053 1651 1094 1674 ac
1119 1640 1255 1682 munis3
1273 1619 1360 1681 sim.
1383 1639 1556 1675 similibus
1573 1641 1666 1673 mul-

182 1687 241 1732 tis,
270 1697 327 1722 aut
354 1689 480 1723 similia
502 1689 639 1730 multis)
665 1693 916 1732 persuaserunt
941 1690 995 1727 12,
1021 1688 1078 1729 10,
1102 1686 1158 1720 51.
1182 1697 1302 1720 rerum
1325 1691 1362 1720 et
1383 1686 1492 1729 modo
1515 1690 1552 1720 et
1571 1685 1667 1728 judi-

182 1734 240 1768 cio
265 1746 344 1770 esse
367 1735 499 1770 similes
520 1738 562 1770 ib.
587 1737 643 1771 38.
667 1747 699 1768 v.
719 1735 811 1768 Par.
860 1733 900 1776 b)
924 1734 1067 1766 Neutr„⁴
1092 1730 1206 1766 simile
1230 1731 1393 1776 quiddam
1407 1732 1452 1774 ²1,
1476 1729 1514 1774 4,
1536 1731 1594 1767 29.
1617 1730 1664 1772 cs.

181 1783 217 1823 2,
237 1781 272 1821 6,
293 1783 327 1815 7.
354 1782 485 1825 aliquid
508 1781 622 1815 simile
646 1780 780 1814 faciunt
801 1781 837 1823 8,
862 1782 896 1818 3.
921 1778 978 1816 45.
1003 1777 1093 1812 nihil
1113 1777 1191 1821 ipse
1213 1777 1290 1829 sim.
1314 1776 1467 1820 patietur
1488 1778 1525 1820 6,
1547 1779 1583 1819 2,
1606 1779 1683 1816 27:

182 1837 251 1861 nec
273 1827 472 1871 improbum
498 1827 544 1862 sit
567 1837 635 1872 pro
658 1826 808 1861 simili
830 1825 955 1869 accipi,
984 1824 1078 1868 quod
1102 1824 1208 1868 plus
1232 1829 1278 1857 sit
1303 1826 1338 1866 7,
1365 1826 1397 1865 1,
1421 1823 1479 1858 61.
1504 1821 1667 1857 simile

186 1878 221 1907 et
249 1875 389 1917 majus
415 1879 486 1916 est,
517 1879 552 1907 et
575 1884 676 1917 par,
701 1878 735 1906 et
758 1872 911 1905 minus
939 1874 975 1913 7,
998 1871 1033 1912 8,
1056 1870 1091 1902 7.
1117 1867 1162 1920 cs.
1187 1868 1222 1911 5,
1247 1871 1302 1911 11,
1326 1869 1361 1903 6.
1390 1871 1446 1902 11.
1478 1880 1511 1902 ν.
1532 1869 1694 1902 Idem„

184 1918 246 1962 qui
265 1920 471 1953 memoriam
493 1920 535 1953 ab
559 1919 678 1962 aliquo
704 1918 809 1951 simili
828 1917 1044 1951 transferunt
1067 1915 1110 1948 ad
1134 1914 1191 1955 ld,
1218 1914 1315 1958 quod
1339 1914 1589 1948 continendum
1613 1919 1667 1947 est

184 1967 239 2004 11,
262 1968 297 2007 2,
322 1967 376 1999 30.
412 1965 455 2007 cs.
479 1966 514 2007 6,
539 1966 573 2008 3,
595 1966 652 2000 61.
678 1964 715 1997 in
739 1964 835 1998 omni
859 1962 1023 1997 similium
1050 1959 1270 2004 appositione
1295 1961 1329 2002 5,
1356 1962 1411 1998 11,
1437 1962 1470 1992 1.
1499 1958 1667 1993 similium

184 2011 398 2053 comparatio
428 2014 466 2052 1,
492 2011 533 2054 6,
563 2009 598 2044 4.
632 2009 798 2043 similium
827 2009 897 2044 alia
923 2007 1034 2042 facies
1065 2006 1102 2039 in
1133 2005 1200 2039 alia
1222 2005 1361 2039 ratione
1389 2007 1429 2047 5,
1459 2007 1522 2041 11.
1552 2003 1665 2042 242.

181 2055 344 2090 similium
374 2057 431 2098 (in
450 2056 600 2099 figuris)
630 2057 708 2090 fere
743 2056 965 2100 quadruplex
994 2051 1085 2086 ratio
1109 2057 1163 2085 est
1185 2051 1229 2094 9,
1254 2052 1296 2093 3,
1319 2050 1376 2085 75.
1407 2049 1664 2084 similibus

184 2102 302 2136 inesse
339 2102 578 2137 dissimile
609 2103 654 2143 5,
687 2105 749 2145 11,
781 2104 838 2136 30.
880 2113 913 2134 υ.
938 2095 1211 2134 Dissimilis.
1249 2096 1459 2131 varietatem
1492 2095 1664 2130 similibus

184 2148 269 2182 (lare
293 2151 359 2191 10,
384 2150 425 2191 5,
453 2151 508 2182 11.
535 2144 852 2192 παραδιαστολῆν,
880 2157 949 2190 qua
971 2143 1098 2179 similia
1121 2142 1370 2176 discernentur
1387 2161 1444 2176 -.
1480 2141 1547 2176 Cui
1575 2152 1666 2176 con-

183 2194 291 2237 traria
314 2200 368 2228 est
391 2205 433 2228 ea
455 2193 582 2237 (sign),
621 2205 687 2238 qua
712 2193 752 2226 fit
778 2204 827 2227 ex
850 2191 1034 2226 vicinia
1066 2187 1233 2222 transitus
1257 2188 1300 2222 ad
1325 2187 1513 2240 dise-rsa
1540 2193 1580 2221 ut
1602 2187 1664 2222 si-

184 2239 312 2274 milia
336 2242 372 2282 9,
399 2242 431 2282 3,
457 2241 514 2276 65.
538 2240 784 2283 eademque
809 2238 927 2271 dicant
950 2235 1269 2286 Theodectes-eifu-
1297 2233 1474 2286 simlha
1496 2238 1663 2285 post-eos

184 2285 477 2320 Halicarnasseus
506 2284 703 2329 Dionysius
726 2285 768 2327 9,
791 2283 835 2325 4,
859 2285 925 2324 883
960 2288 1000 2315 ut
1030 2281 1293 2331 paenemmilia
1316 2283 1386 2313 sint
1407 2278 1530 2313 verbis
1554 2279 1600 2321 9,
1628 2279 1666 2322 3,

186 2333 241 2365 79.
271 2335 397 2375 lepus
421 2338 456 2367 et
482 2336 614 2376 lupus
640 2330 765 2364 similia
780 2329 888 2373 (Sp.
916 2326 1039 2369 simili)
1061 2325 1239 2370 positione
1265 2328 1282 2358 l
1297 2350 1307 2367 ,
1331 2327 1376 2377 6,
1398 2326 1441 2358 12
1462 2327 1506 2358 Ζ.
1530 2362 1539 2376 .
1559 2323 1610 2376 β)
1628 2336 1664 2377 f:

187 2378 295 2411 Subst.
313 2387 322 2405 ··
350 2378 388 2411 in
412 2383 534 2412 nostro
557 2376 662 2411 simili
689 2387 771 2410 casu
793 2375 838 2418 6,
864 2377 905 2417 2,
928 2373 986 2408 34.
1015 2382 1105 2416 quae
1128 2376 1209 2404 sunt
1236 2369 1342 2404 simili
1368 2381 1481 2422 casu,
1503 2369 1667 2403 dissimlll

186 2423 380 2465 sententia,
411 2424 447 2457 in
472 2423 595 2457 ultimo
617 2424 735 2456 locata
758 2422 800 2464 9,
827 2423 868 2462 3,
892 2421 950 2455 82.
982 2417 1131 2453 similem
1157 2417 1302 2450 duarum
1330 2421 1582 2450 sententiarum
1604 2414 1667 2448 vel

186 2469 337 2509 plurium
361 2470 466 2503 finem
488 2469 524 2513 9,
547 2471 581 2512 3,
608 2471 664 2503 77.
690 2468 746 2502 78.
772 2466 844 2501 oris
866 2465 986 2499 habitu
1014 2461 1161 2498 simili
1189 2468 1247 2496 aut
1271 2462 1466 2496 diverso
1488 2462 1523 2504 9,
1548 2458 1664 2512 4,.34.

188 2513 404 2549 diversae
426 2517 525 2562 leges
553 2514 770 2558 confligunt,
799 2517 858 2546 aut
881 2511 1069 2546 similes
1091 2511 1137 2560 7,.
1150 2512 1185 2550 7,
1212 2507 1244 2541 4.
1271 2520 1304 2542 v.
1330 2508 1439 2541 Lex.
1471 2507 1666 2559 clarissima

188 2557 225 2589 in
248 2560 392 2593 materia
419 2573 445 2594 s.
475 2560 689 2604 comparatio
714 2564 767 2593 est
796 2560 851 2601 10,
877 2561 909 2599 1,
935 2559 991 2592 51.
1015 2568 1044 2590 s.
1072 2559 1210 2588 ratlone
1235 2556 1299 2597 12,
1327 2555 1382 2595 10,
1407 2551 1465 2604 42.
1487 2552 1574 2585 1uud
1594 2562 1665 2592 pe-

190 2605 245 2635 tis
269 2605 525 2651 ambiguum
547 2612 613 2648 est,
641 2605 811 2640 securitas
838 2602 1011 2638 similis
1036 2602 1070 2644 6,
1095 2602 1130 2642 3,
1152 2600 1209 2634 62.
1233 2611 1265 2633 v.
1292 2597 1420 2632 Amb1
1459 2607 1550 2630 uus.
1575 2605 1666 2646 quq-

188 2659 264 2681 rum
293 2649 443 2683 virtutes
476 2653 661 2695 plerasque
691 2651 769 2684 sim.
794 2652 858 2691 10,
887 2653 924 2691 1,
950 2648 1035 2690 106;
1072 2645 1201 2681 divisio
1228 2650 1271 2678 et
1299 2645 1343 2695 ad
1364 2643 1583 2694 prorandum
1607 2651 1665 2672 si-

189 2694 240 2726 mi
254 2693 283 2727 li
308 2694 367 2729 via
389 2697 501 2739 valet,
530 2702 575 2731 et
599 2698 645 2732 ad
666 2696 901 2733 refellendum
924 2696 957 2739 5,
984 2695 1040 2737 10,
1063 2692 1120 2727 65.
1149 2701 1194 2724 an
1213 2689 1381 2724 similibus
1408 2686 1482 2722 Cxc.
1505 2696 1589 2719 usus
1612 2691 1666 2720 est
