1728 3002
554 267 687 309 Pereo
717 289 773 296 —
805 263 985 308 Perficio
1475 268 1558 305 643

66 378 187 421 'artem
209 383 246 428 4,
271 387 308 428 2,
339 386 416 419 127.
440 392 515 417 non
537 381 646 424 enim,
677 381 759 426 quia
781 379 948 416 venire
973 381 1042 414 hoc
1067 378 1276 412 beneficium
1301 389 1375 413 non
1403 385 1556 420 oportet,

33 428 35 433 '
73 431 236 475 perire
259 435 402 472 oportet
425 431 480 471 12,
506 431 542 471 7,
572 431 627 462 12.
676 427 763 461 nihil
791 432 888 461 recte
911 427 1044 460 dictum
1069 425 1161 467 perit
1186 424 1222 467 4,
1249 428 1283 466 2,
1320 427 1396 460 119.
1425 425 1472 467 qs.
1500 429 1556 468 12,

18 475 27 480 “
71 478 109 521 6,
134 479 167 513 5.
213 487 357 522 quoque
378 481 435 510 est
460 474 596 508 dulcius
620 475 857 519 (versificandi
878 472 1020 516 genus),
1057 470 1168 518 magis
1203 471 1295 512 perit
1324 472 1366 515 9,
1399 470 1442 514 4,
1476 471 1552 506 143.

72 523 209 566 peribat
230 521 410 557 hereditas
430 522 467 564 9,
489 523 525 562 2,
548 519 605 555 74.
650 519 801 561 impetus
824 524 945 561 pereat
976 520 1011 559 9,
1051 517 1096 558 4,
1136 519 1213 552 113.
1244 517 1375 558 periret
1406 517 1556 552 imitatio

71 573 108 613 2,
135 572 193 613 10,
223 570 275 603 13.
301 567 434 613 [neque
457 566 606 600 ambitus
628 566 754 612 magis,
779 577 883 610 quarn
910 564 1068 599 omnium
1081 565 1198 610 legum
1220 563 1349 606 judicia
1375 563 1558 606 perierunt

7 634 20 639 -
73 615 186 660 (opu.
214 617 319 650 codd.
343 625 380 648 o·
402 614 426 647 l.
450 612 517 655 est)
541 614 575 654 9,
599 614 635 654 3,
659 613 704 647 56
731 613 777 646 Ν.
804 610 879 655 cru]
906 611 1120 652 periisse
1145 610 1374 651 praeteritum
1397 611 1556 645 laborem

74 663 132 705 10,
154 665 190 705 7,
214 659 251 694 4.
295 660 387 702 perit
409 659 469 693 ina
490 658 662 692 modestia
687 661 743 700 12,
767 659 802 700 9,
831 662 884 692 12.
909 657 1036 699 peribit
1060 655 1173 699 prima
1205 665 1285 697 pars
1320 655 1556 698 expositionis

71 705 109 750 4,
134 709 168 750 1,
191 708 249 742 78.
295 712 464 750 tanquam
487 703 630 746 perierit
652 705 742 738 haec
764 703 855 738 ratio
877 704 993 738 media
1018 704 1053 746 5,
1078 704 1134 744 13,
1159 702 1327 751 59.xni11i1
1344 703 1558 744 supervacui

70 753 242 796 temporis
278 752 370 794 perit
408 754 465 795 11,
493 754 529 790 2,
563 751 620 784 35.
667 761 734 784 nec
765 750 881 785 virtus
910 756 1059 794 utraque
1091 754 1213 790 pereat
1240 748 1316 790 ipsa
1345 748 1558 783 confusione

70 801 129 842 12,
157 801 215 842 10,
237 800 296 834 35.
343 797 455 839 ipsam
479 807 598 830 rerum
622 801 780 830 naturam
802 802 895 830 stare
920 796 1068 836 ordine,
1108 805 1180 839 quo
1215 795 1369 828 confuso
1402 796 1558 837 peritura

70 845 143 879 sint
165 845 286 879 omnia
307 847 343 887 7,
371 845 432 878 Pr.
457 844 491 879 3.
538 848 631 875 artes
654 848 690 876 et
712 842 860 876 consilia
883 843 1033 884 lateant,
1069 846 1106 875 et
1141 840 1330 885 quidquid,
1365 840 1396 874 si
1427 842 1556 882 depre-

69 890 260 934 henditur,
305 889 398 932 perit
432 891 489 931 12,
522 890 559 931 9,
595 889 634 930 5;
677 901 705 922 c.
744 891 847 922 Dm.:
886 890 982 932 quod
1013 892 1215 929 superesset
1251 897 1298 920 ex
1333 887 1427 929 vita,
1461 887 1557 921 sibi

70 937 192 979 perire
216 939 273 979 11,
298 940 331 978 1,
358 937 413 969 10.
459 934 567 968 huic
593 933 668 967 rei
697 936 787 975 perit
808 940 948 975 tempus
972 937 1028 976 12,
1063 937 1096 974 1,
1129 933 1164 967 6.
1214 932 1383 976 quidquid
1421 933 1558 966 formae

74 981 236 1027 quadrati
258 981 551 1022 detraxeris,
582 979 803 1021 amplitudini
836 990 979 1023 quoque
1002 978 1181 1020 peribit
1205 981 1239 1021 1,
1268 981 1325 1020 10,
1351 977 1409 1013 44.
1454 979 1493 1022 β)
1517 981 1559 1012 cle

73 1030 275 1062 hominibus.-
310 1038 428 1075 neque
449 1026 574 1070 utique
597 1036 661 1059 cor
686 1027 763 1069 ejus
793 1027 1018 1059 vulneratmn
1050 1035 1152 1065 esse,
1190 1023 1263 1068 qui
1299 1023 1427 1065 perit
1457 1025 1492 1067 5,
1522 1026 1560 1069 9,

73 1077 111 1110 7.
138 1079 235 1108 aetas
257 1073 357 1117 ejus,
393 1073 470 1117 qui
495 1071 638 1114 periit
662 1075 697 1115 7,
721 1075 757 1115 2,
785 1071 838 1106 14.
885 1071 954 1105 nisi
980 1069 1187 1113 exoraverit
1220 1086 1267 1092 —
1302 1075 1424 1111 pereat
1464 1071 1499 1113 9,
1523 1073 1560 1114 2,

73 1121 134 1156 90.
156 1119 227 1154 nic
252 1119 367 1153 finitio
391 1125 446 1154 est
468 1117 711 1160 accusatoris,
744 1118 814 1152 Per
841 1129 947 1162 quem
970 1118 1103 1151 factum
1129 1121 1204 1159 est,
1234 1121 1273 1149 ut
1296 1115 1376 1160 quis
1401 1116 1560 1160 perierit,

76 1175 181 1200 causa
205 1165 330 1200 mortis
362 1171 429 1199 est.
474 1164 540 1198 Rei
571 1170 645 1207 est,
687 1163 758 1210 Qui
796 1164 885 1198 fecit
919 1163 1006 1208 quid
1036 1163 1174 1202 sciens,
1214 1170 1281 1202 per
1312 1163 1408 1206 quod
1441 1162 1560 1203 perire

75 1211 215 1246 homini
234 1222 383 1246 necesse
405 1216 500 1245 esset
525 1214 560 1253 7,
588 1212 623 1253 3,
647 1211 703 1245 32.
749 1209 961 1251 periisse
983 1209 1022 1242 in
1045 1219 1091 1243 eo
1115 1207 1288 1243 convivio
1323 1211 1379 1250 11,
1399 1211 1453 1250 ·2,
1494 1208 1559 1252 15;

76 1269 143 1292 sua
163 1268 272 1292 manu
294 1263 331 1292 et
358 1256 474 1291 aliena
496 1255 680 1298 perisse
702 1254 739 1298 5,
761 1256 797 1298 9,
818 1258 873 1289 11.
890 1255 935 1297 0:12
950 1259 985 1298 7,
1009 1257 1044 1297 2,
1068 1256 1127 1289 23.
1148 1264 1294 1288 veneno
1318 1265 1364 1287 an
1388 1254 1560 1288 cruditate

73 1302 221 1346 perierit
242 1305 288 1337 ib.
313 1303 347 1338 8.
370 1302 556 1349 naufragio
583 1301 730 1344 perierit
754 1304 790 1344 7,
812 1303 847 1344 3,
873 1303 937 1343 33;
979 1311 1179 1346 quanquam
1206 1299 1415 1342 perituri
1442 1299 1560 1343 sint,

73 1349 145 1384 nisi
166 1348 320 1384 fecerint
337 1350 373 1392 3,
397 1350 433 1390 8,
457 1350 514 1383 30.
563 1348 660 1392 quod
685 1347 925 1389 periturus
948 1347 1096 1381 fuerit
1126 1346 1307 1381 exercitus
1339 1347 1442 1380 Rom.
1466 1349 1502 1388 7,
1525 1346 1561 1389 4,

7 1407 11 1411 ’
75 1397 131 1430 12.
151 1394 285 1438 statim,
306 1394 339 1428 si
360 1405 435 1429 non
450 1399 694 1437 succurratur,
721 1393 951 1436 perituris
976 1395 1033 1437 10,
1060 1397 1097 1437 7,
1118 1395 1154 1427 2.
1180 1391 1359 1427 crudelius
1383 1391 1562 1434 perituros

71 1443 110 1485 3,
134 1441 171 1484 8,
193 1443 253 1476 31.
277 1440 411 1485 alioqui
433 1441 726 1482 pereundum
756 1444 827 1474 est
854 1442 888 1483 3,
910 1441 947 1483 8,
970 1441 1027 1474 23.

0 1487 304 1542 ··'Perexiguus.
359 1502 478 1539 partes
500 1496 715 1544 perexiguas
742 1499 807 1538 11,
829 1499 864 1540 2,
887 1499 946 1531 27.
1237 1538 1241 1542 ,

14 1542 267 1643 Perfecto-2,
287 1563 345 1634 1Ξο
351 1554 504 1635 εειὲήειιῐί
529 1557 586 1598 12,
609 1557 644 1598 2,
669 1555 725 1590 19.
772 1559 812 1588 ut
834 1562 1020 1596 possemus
1042 1562 1149 1588 orare
1172 1561 1239 1594 pro
1263 1551 1389 1596 nobis,
1422 1552 1558 1587 etiamsi

71 1611 148 1636 ”012
167 1609 206 1642 p·
405 1623 417 1634 ι

29 1645 219 1688 perfero·
264 1656 300 1699 1)
322 1626 488 1690 inlaudata
516 1657 673 1698 perferet
698 1659 755 1698 12,
779 1657 814 1698 3,
836 1658 873 1691 2.
920 1660 1000 1696 post
1021 1657 1191 1696 perlatam
1222 1653 1436 1701 legationem
1468 1657 1504 1697 7,
1526 1653 1561 1697 4,

76 1703 146 1744 363
193 1701 358 1745 eloqui
389 1702 461 1736 hoc
499 1707 574 1744 est,
613 1701 752 1744 omnia,
791 1712 883 1744 quae
915 1707 1035 1734 mente
1070 1700 1300 1742 conceperis,
1344 1708 1562 1740 promere

78 1753 185 1792 atque
207 1748 259 1780 ad
278 1746 480 1781 audientem
502 1756 557 1789 pe
571 1748 619 1780 rf
625 1758 728 1781 erre
751 1748 787 1789 8,
814 1747 872 1780 Pr.
902 1747 959 1781 15.
1005 1747 1185 1790 plerisque
1209 1752 1386 1779 extremas
1407 1746 1563 1789 syllabas

78 1803 152 1826 uon
174 1792 434 1833 perferentibus
458 1791 519 1835 (a.
545 1797 566 1825 1.
590 1792 715 1836 prof.)
740 1805 818 1836 opp.
855 1792 887 1825 si
907 1792 1022 1827 verba
1044 1797 1119 1826 tota
1150 1791 1305 1825 exierint
1337 1794 1403 1832 11,
1443 1793 1485 1832 3,
1518 1793 1563 1825 33

79 1838 129 1872 Ν.
152 1839 323 1881 pleraque
345 1838 439 1871 hanc
463 1837 712 1872 condicionem
734 1839 891 1879 habent,
921 1844 962 1871 ut
984 1839 1064 1871 ead.
1092 1847 1187 1873 voce
1218 1838 1274 1870 ad
1307 1847 1432 1870 omnes
1460 1837 1565 1870 simul

78 1883 306 1926 perferantur
329 1885 363 1925 1,
388 1885 425 1925 2,
462 1885 517 1919 13.
562 1894 642 1917 cum
678 1883 776 1917 domi
806 1889 994 1925 praecepta
1025 1889 1062 1918 et
1092 1882 1289 1924 composita
1320 1883 1478 1927 perferet
1509 1883 1564 1916 ad

79 1929 235 1974 judicem
259 1930 317 1970 12,
341 1930 375 1970 3,
399 1931 422 1961 2
445 1929 492 1962 Ν.
520 1942 566 1962 cr.
593 1927 639 1970 cs.
663 1928 699 1972 4,
722 1931 758 1971 2,
781 1930 839 1964 81.
860 1940 931 1963 nec
954 1930 1032 1963 ead.
1053 1929 1095 1964 vi
1116 1930 1296 1970 perfertur
1314 1927 1420 1962 alieni
1446 1927 1565 1970 animi,

82 1986 151 2019 qua
174 1974 248 2014 sui,
283 1979 403 2007 motus
430 1972 467 2016 4,
493 1976 527 2016 1,
550 1973 609 2008 47.
657 1973 685 2008 C
709 1974 829 2014 litera,
865 1985 956 2018 quae
984 1976 1029 2008 ad
1053 1985 1176 2008 omnes
1198 1975 1344 2008 vocales
1367 1973 1441 2007 vim
1465 1985 1564 2014 suam

81 2020 239 2062 perferat
263 2022 298 2061 1,
320 2022 356 2062 7,
384 2021 440 2054 10.
464 2019 678 2053 divisionem
702 2021 747 2053 ad
770 2019 1021 2072 cogitationem
1045 2020 1150 2054 etiam
1178 2026 1213 2053 et
1236 2020 1356 2052 stilum
1380 2019 1564 2060 perferunt

0 2081 1 2087 ¹
81 2069 118 2108 2,
142 2067 177 2107 6,
200 2067 233 2100 3.
279 2064 329 2106 ΙΙ)
351 2067 375 2098 ἰ.
403 2077 436 2109 q.
458 2071 498 2098 το
512 2069 621 2098 lero.-
646 2070 707 2098 aut
728 2076 859 2105 omma,
881 2076 1112 2109 quaecunque
1134 2065 1297 2098 inimicus
1320 2064 1460 2107 fecerit,
1483 2074 1565 2106 per-

0 2092 5 2164 ι
83 2112 233 2146 ferenda
257 2110 292 2152 6,
317 2113 352 2152 1,
376 2111 421 2146 19
444 2114 487 2144 Ζ.
522 2110 619 2143 illam
642 2109 861 2153 (fortunam)
891 2117 932 2144 ut
955 2112 1174 2152 perferre
1198 2110 1302 2144 nobis
1326 2110 1471 2143 difficile
1498 2116 1562 2153 est,

12 2176 25 2204 ‘.'
83 2157 134 2191 ita
153 2156 259 2191 facile
283 2161 590 2190 contemnere
611 2157 648 2199 6,
670 2156 729 2189 Pr.
756 2156 812 2190 15.
840 2156 869 2189 si
894 2156 953 2201 qui
977 2162 1079 2199 sunt,
1115 2155 1175 2200 qni
1201 2155 1356 2190 invicem
1385 2163 1564 2199 accusant,

16 2229 27 2245 η,
84 2204 234 2236 alterum
260 2201 429 2244 judicium
450 2202 612 2243 perferre
636 2203 724 2246 (Sp.
748 2200 883 2245 praef.)
917 2213 1067 2235 necesse
1106 2207 1160 2236 est
1192 2205 1233 2244 7,
1267 2205 1312 2240 2,
1350 2203 1394 2236 19
1428 2206 1471 2236 Ζ.
1520 2205 1564 2236 ad

11 2251 19 2258 “
83 2248 317 2291 perferendos
343 2247 540 2282 studiorum
557 2248 698 2282 labores
722 2250 778 2288 12,
803 2250 837 2290 1,
864 2249 901 2282 8.
948 2247 1090 2282 dicendi
1121 2258 1233 2281 onera
1258 2248 1419 2288 perferre
1444 2251 1500 2291 11,
1529 2251 1563 2292 3,

23 2293 41 2306 ‘⁴
83 2295 164 2329 136.
210 2293 271 2338 qui
293 2298 506 2328 vetustatem
526 2294 747 2335 pertulerunt
777 2292 1006 2337 (scriptores)
1032 2295 1090 2336 10,
1116 2296 1148 2336 1,
1172 2293 1220 2328 40
1241 2294 1290 2327 N.

36 2338 235 2383 Perficio.
281 2349 317 2394 l)
342 2350 546 2384 rhetoricen
568 2350 608 2384 in
633 2356 738 2385 actu
764 2350 979 2392 consistere3
1018 2351 1091 2385 ho'c
1118 2349 1232 2391 enim,
1266 2349 1418 2393 quodest
1449 2348 1561 2383 officii

20 2406 23 2409 ’
43 2414 51 2418 ἡ
87 2395 167 2439 sui,
201 2396 409 2437 perficit
431 2399 467 2439 2,
492 2397 549 2439 18,
573 2399 629 2430 12.
674 2407 743 2431 nec
769 2406 960 2438 operum
983 2402 1083 2430 recte
1104 2405 1236 2429 nomen
1262 2394 1449 2436 accipient,
1473 2406 1563 2439 quae

88 2451 164 2475 non
187 2442 232 2475 ab
259 2441 338 2475 aliis
360 2442 708 2486 perficiuntur,
741 2443 804 2477 sed
828 2442 925 2476 aliud
949 2442 1029 2483 ipsa
1065 2440 1349 2483 perficiunt
1370 2442 1406 2483 3,
1437 2442 1472 2483 3,
1508 2443 1563 2476 13.

86 2492 183 2520 muta
205 2486 370 2532 animalia
392 2487 507 2522 mellis
531 2497 694 2529 saporem
716 2488 819 2523 vario
848 2488 977 2522 florum
1001 2499 1044 2521 ac
1072 2497 1262 2521 succorum
1295 2497 1427 2533 genere
1460 2487 1567 2527 perfi-

87 2531 183 2566 ciunt
207 2535 243 2576 1,
270 2535 328 2576 10,
351 2536 387 2567 7.
435 2545 583 2577 quarum
607 2534 771 2578 (artium)
794 2533 874 2567 finis
906 2534 985 2575 ipso
1016 2539 1096 2567 actu
1126 2531 1309 2574 perficitur
1344 2535 1389 2574 2,
1426 2533 1493 2576 18,
1532 2535 1565 2565 1.

35 2601 39 2603 -
86 2578 259 2619 perficere
282 2584 419 2613 tautum
442 2589 552 2622 opus,
583 2581 752 2622 arduum,
787 2585 822 2613 et
845 2590 953 2613 nemo
985 2579 1136 2621 perfecit
1170 2581 1235 2622 12,
1273 2581 1336 2622 11,
1368 2577 1425 2613 24.
1477 2590 1567 2623 quae

40 2658 61 2675 ⁸
88 2623 265 2668 (summa)
290 2636 409 2669 neque
432 2625 611 2667 perfici
641 2637 759 2670 neque
790 2625 1026 2659 contineri
1059 2630 1201 2667 potest,
1240 2623 1308 2658 nisi
1345 2636 1411 2658 usu
1445 2627 1502 2667 10,
1533 2627 1568 2665 7,

34 2668 145 2720 ‘³5¹8'
188 2670 305 2706 virtus
336 2671 555 2712 perficienda
585 2670 747 2705 doctrina
781 2677 835 2705 est
864 2674 932 2714 12,
968 2674 1013 2714 2,
1047 2675 1079 2705 1.
1127 2681 1218 2715 quae
1256 2669 1327 2704 sint
1361 2670 1399 2703 in
1431 2670 1569 2704 ratione

34 2716 260 2757 bprooemii
281 2734 326 2742 -
350 2718 530 2761 quomodo
553 2717 677 2759 perfici
697 2717 866 2752 facillime
889 2717 1027 2759 possint
1052 2716 1088 2760 4,
1117 2719 1151 2759 1,
1175 2718 1232 2751 52.
1258 2717 1307 2753 ΙΙ)
1323 2719 1445 2749 Panic.
1470 2717 1508 2755 α)
1529 2717 1572 2749 de

45 2759 73 2806 32
89 2763 237 2812 optione.-
260 2763 379 2806 fero,
396 2765 496 2807 cujus
518 2763 832 2804 praeteritum
854 2764 1028 2804 perfec
1042 2768 1126 2796 tum
1149 2767 1185 2796 et
1199 2761 1350 2796 ulterius
1377 2772 1451 2795 non
1466 2761 1570 2796 inve·

43 2811 183 2840 “flmm-
204 2810 239 2850 1,
262 2809 299 2851 6,
326 2809 383 2842 26.
430 2809 588 2843 criminis
613 2808 763 2850 perfecti
786 2812 822 2852 7,
844 2807 880 2852 4,
903 2811 949 2843 27
971 2821 1005 2842 v.
1029 2810 1226 2843 Pendeo.
1272 2809 1315 2853 β)
1339 2810 1381 2841 de
1400 2809 1570 2852 qualitate.

48 2849 131 2898 Tyn)
172 2855 299 2887 Postu.-
339 2864 412 2888 non
450 2855 544 2889 enim
575 2856 839 2897 perfectum
870 2861 924 2890 est
962 2856 1171 2901 quidquam,
1212 2865 1283 2899 quo
1316 2854 1484 2888 melius
1517 2858 1570 2885 est

1195 2922 1285 2957 41*
