1728 3002
521 191 766 235 Aeternitas
801 215 857 224 —
885 189 1066 235 Affectu-
1511 196 1589 236 31

73 317 220 354 operm
241 305 419 352 juvandae
439 305 558 344 studio
581 303 775 341 memoriae
798 303 895 340 dabit
914 307 973 349 11,
992 308 1028 347 2,
1047 304 1106 340 41.
1154 305 1214 340 An
1238 307 1340 353 plura
1364 307 1447 343 eod.
1472 313 1565 343 tem-

73 363 166 400 poro
209 352 333 388 doceri
366 351 481 398 prima
517 357 588 387 aet.
623 350 737 397 possit
766 353 783 386 1
811 350 898 396 Cap.
930 354 997 394 123
1057 353 1177 396 pendet
1215 364 1238 386 α
1252 355 1460 397 ‘Praepon‘i-
1497 356 1563 388 in:

75 402 252 442 mentem,
276 397 468 443 praecipue
494 396 544 432 in
567 402 683 432 aetate
707 396 840 442 prima.
867 403 1029 432 teneram
1052 398 1168 432 adhuc
1193 403 1229 431 et
1251 400 1375 433 rudem
1399 402 1432 439 1,
1452 401 1509 439 11.
1527 403 1563 433 2.

78 448 114 484 1,
137 449 173 488 2,
195 444 231 478 4.
262 443 522 486 admirabilem,
549 443 743 488 praecipue
769 442 812 476 in
841 448 955 478 aetate
977 443 1038 477 illa
1061 443 1150 477 recti
1174 444 1317 490 generis
1340 446 1563 479 voluntatem

77 493 138 534 10,
161 493 196 532 1,
218 491 273 526 89-
304 489 351 525 in
378 489 441 523 illa
465 495 597 530 aetate,
621 508 669 516 —-
702 488 746 522 in
772 499 841 533 qua
867 488 1046 524 emendari
1072 496 1222 533 possunt
1247 490 1336 525 vitia
1362 494 1418 535 11,
1443 493 1478 534 3,
1506 493 1563 526 31.

78 535 124 580 β)
152 539 247 570 Plur.
270 537 428 580 imprimis
450 537 493 569 de
518 528 683 579 puerit}
708 533 899 579 primarum
930 541 1083 569 aetatiun
1105 535 1247 582 ingenia
1270 539 1305 579 2,
1330 538 1387 580 15,
1408 538 1464 572 18.
1494 547 1565 571 nec

78 593 157 616 sum
188 581 278 616 adeo
306 587 460 616 aetatum
483 579 708 625 imprudens,
744 585 783 613 ut
813 579 1013 615 instandum
1034 581 1196 625 protinus
1222 582 1358 616 teneris
1383 587 1503 627 putem
1529 586 1565 627 1,

79 629 116 672 1,
138 629 194 662 20.
221 631 351 664 aetates
375 627 534 661 nondum
559 628 741 662 rhetorem
768 625 948 670 capientes
973 629 1007 669 1,
1030 628 1064 668 9,
1088 630 1121 661 1.
1153 626 1191 661 in
1218 628 1288 662 hoc
1312 628 1469 663 maxime
1496 640 1563 662 na-

76 672 184 707 tux-ali
205 673 376 708 aetatibus
400 672 471 706 illis
495 672 632 717 impetu
655 675 690 715 1,
709 674 744 714 3,
770 674 827 707 11.
858 671 902 713 cs.
926 675 960 715 1,
979 675 1037 715 12,
1055 675 1110 706 12.
1145 672 1183 707 in
1207 674 1402 720 geometria
1425 680 1562 718 partem

79 729 159 754 esse
185 718 310 754 utilem
334 718 468 753 teneris
495 724 564 752 aet.
590 721 623 760 1,
649 721 704 757 10,
728 716 787 752 34.
815 722 855 750 ut
888 729 947 752 me
975 718 1158 761 omnibus,
1192 719 1252 764 qni
1279 720 1459 754 solicitare
1482 720 1561 754 illas

77 769 148 799 aet.
167 765 297 807 solent,
323 765 515 799 anteferret
531 765 565 799 6.
582 765 643 798 Pr.
660 765 695 799 8.
724 763 868 816 exigere
889 764 932 797 ab
954 763 1011 797 his
1036 770 1126 806 aet.,
1150 770 1189 797 ut
1207 765 1351 799 nomina
1371 767 1497 810 quaed,
1515 786 1563 794 —

208 810 411 854 citatissime
433 810 583 844 volvant
606 813 638 851 1,
657 813 690 850 1,
708 811 762 844 37.
791 820 834 842 111
859 808 915 852 iis,
939 810 985 843 de
1010 809 1135 854 quibus
1157 821 1254 844 nune
1274 811 1467 855 loquimur,
1491 818 1560 846 aet.

61 859 114 898 -1‚
138 858 174 898 1,
196 856 254 891 36.
289 855 334 897 ιφ.
358 859 394 898 2,
419 859 455 897 7,
482 858 515 893 1.
607 857 672 897 Ill)
699 857 741 888 de
766 862 852 888 certo
876 856 1019 900 quodam
1042 859 1196 898 temporis
1219 860 1348 900 spatio.-
1394 857 1562 892 aetatis

78 906 263 936 nostrae
286 900 470 948 Virginius
498 907 549 934 etc
586 913 664 944 opp.
692 899 871 944 priores
894 902 929 944 3,
955 903 989 944 1,
1011 903 1069 934 21.
1098 901 1245 944 justiora
1271 908 1563 946 posterorum

80 957 185 990 quam
207 957 318 980 suae
341 952 426 980 aet.
452 945 582 989 judicia
604 948 639 986 3,
661 949 697 988 7,
719 947 774 980 18.
806 947 973 989 usquead
995 951 1153 980 nostram
1177 953 1245 982 aet.
1269 951 1303 990 1,
1321 950 1355 988 5,
1376 950 1430 983 15.
1455 948 1563 984 habet

79 996 240 1026 oratores
263 997 331 1025 aet.
355 997 476 1025 nostra
498 991 718 1035 copiosiores
744 994 796 1032 12,
821 993 855 1030 5,
879 994 914 1026 5.
951 989 995 1032 ιφ.
1022 994 1080 1035 12,
1104 995 1160 1035 11,
1178 995 1238 1026 22.
1265 1000 1416 1028 exornat
1435 995 1563 1029 aetatis

79 1042 222 1077 nostrae
270 1038 395 1071 loriam
418 1039 474 1080 10,
501 1040 533 1079 1,
557 1036 635 1071 104.
665 1038 708 1071 de
732 1037 895 1071 omnibus
920 1037 1044 1071 aetatis
1068 1049 1172 1080 suae,
1203 1039 1471 1082 quibuscum
1496 1041 1565 1075 vi-

79 1083 214 1124 vebat
263 1084 307 1116 de
328 1083 413 1127 conj.
436 1090 526 1125 vet.,·
555 1084 658 1117 Codd.
684 1090 871 1126 corruptam
894 1085 1063 1116 lectionem
1085 1086 1262 1127 praebent,-
1282 1084 1367 1126 sort.
1397 1085 1458 1130 qui
1482 1091 1562 1120 tum

80 1126 271 1170 vivebant)
301 1130 358 1171 10,
384 1131 417 1171 1,
441 1130 486 1163 38
508 1128 557 1162 Ν.
582 1141 628 1162 cr.
652 1133 684 1160 et
707 1129 742 1162 S.
777 1129 820 1161 ab
846 1128 1050 1163 hominibus
1073 1129 1196 1164 aetatis
1218 1142 1302 1165 suae
1342 1133 1397 1174 10,
1424 1135 1458 1174 1,
1483 1135 1563 1168 112.

81 1183 173 1218 quae
193 1172 232 1206 in
255 1179 405 1208 aetatem
430 1175 507 1218 ejus
531 1173 740 1220 gravissima
765 1173 966 1208 inciderunt
989 1174 1105 1218 (bella)
1130 1179 1185 1213 12,
1212 1179 1245 1218 1,
1269 1177 1323 1211 16.
1354 1178 1467 1220 ejusd.
1493 1184 1562 1212 aet.

78 1217 243 1253 homines
266 1220 302 1262 9,
323 1218 360 1262 4,
386 1222 418 1253 1.
451 1230 532 1253 cum
556 1220 680 1253 decem
706 1219 887 1263 (oratores)
919 1220 1026 1254 simul
1050 1220 1201 1255 Athenis
1232 1233 1304 1255 una
1337 1229 1406 1257 aet.
1441 1224 1563 1258 tulerit

81 1265 139 1308 10,
159 1268 195 1306 1,
212 1265 271 1300 76.
301 1275 390 1309 quos
413 1265 641 1312 gravissimos
664 1265 858 1310 sapientiae
883 1266 1070 1313 magistros
1099 1272 1228 1301 aetas
1251 1274 1385 1304 vetus
1411 1269 1564 1304 credidit

73 1312 140 1352 .12,
163 1313 200 1354 1,
221 1310 278 1346 36.
316 1322 408 1355 quae
440 1311 549 1345 rectis
580 1321 723 1355 quoque
759 1311 898 1346 casibus
934 1318 1092 1347 aetate
1128 1313 1363 1359 transierunt,
1401 1325 1486 1349 nam
1515 1336 1563 1342 —

82 1355 187 1390 arbos
208 1355 310 1392 labos
332 1363 395 1395 etc.
431 1355 598 1391 aetatis
623 1358 770 1391 fuerunt
793 1360 826 1401 1,
849 1356 883 1398 4,
907 1360 950 1392 13
973 1359 1022 1392 Ν.

34 1401 291 1468 Aeternitas.
346 1434 414 1470 ego
448 1434 523 1457 non
559 1425 709 1458 audeam
742 1423 880 1466 dicere,
916 1424 1049 1469 aliquid
1077 1423 1116 1459 in
1145 1425 1231 1466 hac,
1265 1438 1357 1471 quae
1389 1434 1563 1472 superest,

10 1485 12 1488 >
82 1468 288 1503 aeternitate
311 1467 466 1504 inveniri
488 1480 594 1514 posse
617 1480 681 1512 eo,
712 1471 808 1514 quod
830 1470 959 1511 fuerit,
986 1471 1180 1516 perfectius
1206 1475 1261 1516 12,
1287 1475 1320 1517 1,
1344 1476 1403 1508 21.

34 1511 261 1570 Αεῒριᾞῑιδ-
298 1535 418 1570 neque
441 1526 626 1561 durassent
646 1527 735 1561 haee
757 1526 796 1560 in
819 1533 1002 1561 aeternum
1025 1528 1059 1569 5,
1083 1530 1139 1569 11,
1161 1527 1218 1562 41.

34 1568 216 1611 Amm-
256 1583 360 1619 brevi
390 1583 600 1618 detrimento
622 1583 694 1627 jam
715 1582 861 1618 ultimae
883 1584 1076 1619 senectutis
1109 1595 1267 1620 aevum
1298 1586 1564 1622 seculorum

0 1671 3 1674 ξ
84 1627 276 1662 omnium
301 1635 355 1664 est
377 1635 590 1664 consecutus
617 1632 673 1670 11,
699 1631 732 1670 1,
755 1631 811 1664 10.

34 1668 279 1724 Affecfflfio·
325 1685 382 1720 aff.
406 1685 595 1733 frigida-et
616 1687 763 1731 puerilis
787 1686 823 1730 4,
847 1689 882 1729 1,
906 1689 964 1721 77.
997 1697 1064 1730 per
1086 1697 1125 1721 se
1150 1686 1279 1732 frigida
1304 1692 1340 1722 et
1362 1686 1478 1722 inanis
1504 1689 1562 1722 aff.

81 1727 179 1772 9,.3,
201 1729 257 1770 74.
293 1728 567 1775 κακόζηλον,
589 1732 628 1766 id
652 1738 725 1775 est,
753 1733 869 1766 mala
895 1733 971 1765 aff.
1000 1734 1034 1773 8,
1058 1734 1093 1775 3,
1117 1734 1170 1767 56.
1210 1733 1248 1766 id
1272 1744 1351 1766 cum
1378 1734 1564 1768 manifesta

83 1773 142 1807 aff.
167 1774 216 1819 (ιι.
241 1779 264 1811 1.
287 1776 459 1817 ·tatione)
491 1783 545 1811 est
576 1779 610 1818 9,
633 1777 670 1822 4,
695 1778 774 1813 143.
798 1779 846 1812 Ν.
873 1791 920 1811 cr.
953 1778 1010 1810 aff.
1039 1778 1087 1820 (a.
1113 1782 1134 1815 1,
1162 1779 1399 1816 affectatione).
1425 1780 1564 1814 severi-

11 1857 19 1860 .
83 1818 166 1852 tatis
192 1823 247 1862 11,
270 1824 304 1864 1,
327 1824 384 1856 32.
421 1823 478 1856 aff.
503 1823 702 1858 subtilitatis
725 1826 780 1858 Pr.
805 1823 862 1858 24.
896 1823 1002 1856 unius
1027 1824 1251 1858 affectatione
1273 1825 1376 1858 verbi
1399 1826 1429 1859 8.
1460 1828 1494 1867 1,
1517 1829 1561 1867 2;

86 1874 191 1908 quam
210 1867 365 1901 maxime
387 1873 544 1902 remotus
567 1870 610 1902 ab
634 1870 730 1903 omni
755 1870 807 1903 aff.
834 1872 868 1905 3.
893 1870 929 1912 8,
952 1869 1010 1903 62.
1040 1869 1070 1902 si
1097 1880 1171 1908 non
1193 1876 1359 1914 appareat
1386 1871 1443 1904 aff.
1467 1872 1503 1912 8,
1530 1874 1565 1912 3,

85 1911 144 1943 27.
172 1909 274 1960 illam
300 1913 552 1955 jucunditatem
575 1914 917 1956 inaffectatum,
954 1916 1018 1948 sed
1042 1927 1146 1958 quam
1169 1917 1265 1949 nulla
1290 1916 1462 1960 consequi
1489 1918 1564 1951 aff.

85 1959 200 1996 possit
232 1958 295 1995 10,
316 1959 357 1998 1,
380 1959 436 1991 82.
479 1958 516 1991 id
544 1970 623 1994 esse
657 1959 973 1994 affectationis
1006 1966 1042 1993 et
1077 1961 1282 1995 ambitiosae
1315 1961 1352 1995 in
1384 1962 1565 2005 loquendo

87 1997 344 2050 jactantiae
376 2004 434 2041 12,
457 2005 514 2044 10,
538 2003 596 2037 40.
632 2005 856 2039 affectatione
888 2005 976 2037 nihil
1006 2011 1060 2038 est
1087 2006 1246 2039 odiosius
1278 2010 1312 2048 1,
1336 2008 1370 2046 6,
1392 2006 1451 2040 40.
1482 2017 1565 2040 ora-

88 2047 198 2077 nomn
227 2045 458 2088 compositio,
506 2047 575 2080 nisi
603 2049 703 2082 varia
737 2056 811 2090 est,
860 2055 896 2082 et
923 2050 1072 2084 offendit
1106 2051 1417 2085 similitudine
1451 2058 1486 2085 et
1526 2052 1566 2086 in

86 2086 178 2166 SSp.
202 2090 290 2132 om.)
321 2091 635 2126 affectatione
675 2094 950 2137 deprehenditur
983 2094 1043 2136 (α.
1077 2099 1099 2128 1.
1126 2096 1312 2129 affectione
1349 2097 1394 2129 Ν.
1421 2097 1496 2139 cr.)
1529 2100 1564 2138 9.

113 2158 124 2175 ‚
146 2134 194 2168 60
211 2139 255 2172 Ζ.
302 2136 566 2179 Theophrastus
592 2149 697 2181 quam
719 2139 874 2172 maxime
895 2145 1071 2172 remotiun
1095 2141 1138 2172 ab
1166 2140 1264 2174 omni
1293 2141 1352 2174 aff.
1376 2144 1442 2184 (Ζ.
1464 2155 1566 2186 prae-

81 2177 154 2220 fert
179 2179 381 2225 affectione)
405 2181 443 2215 in
466 2181 699 2217 deliberativo
723 2194 858 2230 genere
876 2183 992 2216 voluit
1018 2195 1096 2218 esse
1120 2196 1321 2219 sermonem
1343 2188 1377 2226 3,
1402 2188 1437 2229 6,
1456 2188 1502 2222 62
1527 2190 1565 2222 S.

40 2220 289 2266 Affeotator.
328 2256 376 2263 -
425 2238 527 2285 regni
557 2240 595 2275 5.
622 2242 683 2279 13,
709 2239 766 2273 24.
802 2260 848 2266 -
879 2239 1051 2274 libertatis
1085 2241 1142 2284 (ε.
1174 2243 1335 2281 dicendo)
1368 2243 1412 2288 6,
1438 2246 1482 2288 2,
1508 2245 1564 2279 16.

87 2280 217 2315 nimius
238 2282 330 2317 risus
354 2283 411 2318 aff.
436 2287 495 2325 (a.
519 2289 538 2317 l.
564 2285 796 2327 adfectatior)
821 2286 852 2320 6.
879 2288 914 2327 3,
939 2287 961 2320 3
989 2287 1034 2320 Ν.
1059 2300 1105 2321 cr.

41 2323 240 2367 Affectio·
268 2338 340 2381 ira;
367 2346 535 2384 quantum
561 2340 599 2374 in
625 2341 750 2375 animis
772 2341 955 2375 hominum
978 2343 1058 2376 talis
1081 2342 1221 2378 affectio
1245 2343 1375 2377 efficiat
1399 2345 1431 2387 5,
1451 2347 1509 2387 12,
1528 2346 1564 2380 6.

87 2392 156 2415 nec
180 2382 219 2416 in
245 2385 423 2428 loquendo
450 2386 694 2420 affectionibus
725 2389 873 2421 moleste
903 2393 1044 2422 utemur
1077 2391 1132 2432 11,
1157 2391 1191 2432 3,
1217 2391 1294 2424 181.
1347 2389 1398 2431 Cs-
1427 2392 1564 2427 Gesner.

90 2429 137 2460 ad
158 2429 194 2471 3,
217 2430 251 2471 8,
275 2430 332 2465 62.
364 2430 487 2466 πάθος
508 2434 714 2475 βναεοοηιπι
739 2446 809 2466 esse
832 2435 1113 2467 demonstrantem.
1152 2447 1184 2468 v.
1210 2435 1478 2471 Affectatio.

43 2469 228 2514 Affessffl-
281 2487 322 2527 α)
349 2500 377 2521 c.
401 2491 546 2522 Accus..·
582 2500 662 2523 cum
694 2488 919 2533 sequitur,
950 2501 1022 2534 non
1047 2502 1128 2524 cum
1155 2492 1407 2525 affectatur
1439 2491 1566 2535 (decus

91 2531 288 2573 indicendo)
309 2533 344 2575 8,
364 2534 486 2567 Pr.18.
515 2534 575 2578 qui
598 2534 784 2568 nimium
808 2535 1129 2576 affectaverit,
1154 2538 1247 2582 (opp.
1275 2537 1304 2570 si
1324 2537 1402 2580 quis
1427 2549 1564 2580 parce

88 2579 275 2618 utetur)
302 2577 415 2620 ipsam
437 2578 534 2613 illam
558 2580 703 2625 gratiam
725 2580 906 2615 varietatis
929 2581 1108 2616 amittet
1129 2583 1163 2621 9.
1180 2585 1216 2626 3,
1238 2582 1271 2615 4.
1300 2582 1336 2614 id
1361 2585 1455 2626 qnod
1479 2594 1566 2616 sane

90 2630 166 2654 non
187 2622 351 2656 affectant
374 2626 430 2666 10,
457 2627 489 2666 1,
512 2624 570 2659 84.
618 2626 662 2666 cs.
688 2627 723 2668 6,
747 2628 782 2668 3,
807 2628 965 2669 30.11,
988 2629 1022 2668 3,
1049 2629 1103 2663 56.
1141 2628 1180 2661 in
1213 2627 1336 2661 verbis
1364 2629 1566 2662 effusiorem

91 2667 224 2706 cultum
246 2669 612 2704 affectaverunt
646 2673 679 2707 3.
703 2675 736 2710 8,
760 2673 815 2706 58.
852 2671 960 2705 hinc
987 2673 1094 2717 aliqui
1119 2675 1250 2706 famam
1275 2673 1485 2707 eruditionis
1513 2677 1567 2708 al-

89 2713 248 2758 fectant,
277 2719 316 2747 ut
339 2722 400 2749 etc.
425 2716 460 2755 8,
482 2719 517 2758 2,
544 2719 598 2749 12.
635 2716 678 2757 ιφ.
706 2720 741 2760 7,
766 2719 797 2755 1.
821 2715 878 2754 41.
912 2717 1146 2753 imitationem
1176 2718 1391 2762 antiquitatis
1426 2720 1482 2752 aff.
1510 2724 1567 2761 11,

88 2759 131 2803 3,
154 2760 209 2793 10.
252 2760 444 2804 verborum
478 2761 739 2809 magnifioentia
773 2772 848 2797 non
880 2763 1035 2799 validius
1068 2770 1125 2799 est
1157 2765 1355 2798 affectanda
1385 2766 1564 2800 sitasorias

129 2828 214 2860 Lex.
239 2829 352 2870 Quint.
771 2840 773 2843 ⁴
1126 2832 1148 2863 3
