1728 3002
168 221 250 261 898
382 199 385 203 ¹
733 210 894 256 'rhesis
919 238 978 248 —
1006 212 1151 272 Tingo
1202 192 1205 201 ι

169 320 342 364 Thesis.
386 327 540 376 Quidam
567 332 694 374 putant
717 328 822 363 etiam
848 340 909 363 eas
937 339 1043 374 posse
1068 330 1228 366 thesis
1249 329 1341 376 (Sp.
1361 330 1499 375 theses)
1523 330 1716 376 aliquando

213 376 412 420 nominari,
438 387 529 421 quae
552 375 717 420 personis
742 375 930 421 causisque
957 376 1221 422 contineantur,
1249 377 1354 412 aliter
1376 380 1619 413 tantummodo
1646 387 1716 422 po-

215 426 319 460 sitas:
347 429 386 457 ut
415 434 550 457 causa
574 422 632 466 sit,
657 434 738 456 cum
763 423 910 458 Orestes
934 430 1141 458 accusatur:
1164 424 1339 468 thesis,
1363 424 1424 459 An
1445 425 1591 460 Orestes
1615 429 1716 458 recte

216 472 262 506 sit
286 472 481 505 absolutus.
505 486 547 494 ·-
577 469 628 502 Hi
650 469 812 503 thesin
840 481 862 504 a
888 481 1032 504 causa
1055 470 1108 505 sic
1140 470 1379 516 distinguunt,
1409 477 1450 505 ut
1471 471 1534 505 illa
1561 470 1607 504 sit
1633 481 1718 515 spe-

216 518 370 553 ctativae
394 515 515 561 partis,
541 517 631 550 haec
658 516 798 551 activae
822 518 856 559 3,
886 517 920 559 5,
947 519 1003 550 11.
1027 516 1073 558 cs.
1104 516 1159 551 14.
1186 518 1318 561 theses,
1345 529 1439 563 quae
1462 523 1650 552 sumuntur
1670 527 1718 551 ex

217 576 336 599 rerum
371 562 638 607 comparatione
663 582 701 587 —
728 563 818 596 mire
852 569 934 596 sunt
959 563 1002 596 ad
1031 563 1327 599 exercitationem
1359 564 1502 599 dicendi
1533 565 1719 608 speciosae

217 618 288 656 atq.
315 611 444 644 uberes
468 612 511 652 2,
536 608 578 652 4,
602 607 648 643 24
671 610 718 647 N.
743 609 904 653 quaestio
929 609 1044 644 omnis
1068 622 1110 644 ac
1134 611 1234 644 locus
1258 612 1367 645 habet
1391 622 1488 645 suam
1513 609 1722 654 dispositio-

217 669 321 700 nem,
351 662 391 690 ut
416 658 536 690 theses
561 656 668 690 etiam
692 655 871 700 simplices
895 660 930 700 7,
959 659 1015 700 10,
1041 658 1063 692 5
1085 658 1133 692 N.
1158 659 1281 692 theses
1304 657 1426 693 dicere
1449 655 1720 692 exercitationis

219 704 331 751 gratia
356 706 418 747 12,
447 706 482 746 2,
508 704 566 737 25.
603 701 647 744 cf.
672 705 708 746 2,
734 706 767 746 1,
792 704 815 738 9
838 704 886 737 Ν.

173 751 405 806 Thymum.
450 759 545 807 Quid
570 765 624 794 est
642 759 769 808 igitur,
794 772 858 794 cur
881 760 918 794 in
942 759 985 794 iis
1011 760 1173 804 demum,
1198 759 1258 805 qui
1282 761 1381 796 tenui
1403 762 1538 797 venula
1561 771 1626 804 per
1649 760 1724 794 cal-

220 811 320 844 culos
330 808 468 888 1{Euunctf
495 806 654 888 2Afittic‘um
683 818 847 852 saporem
871 807 1025 852 putent?
1051 807 1101 841 ibi
1125 808 1268 842 demum
1291 809 1456 854 thymum
1477 807 1644 842 redolere
1667 805 1723 840 di-

159 879 163 884 .
220 861 302 890 cant
353 860 388 898 ⁶,
415 859 431 888 1
460 882 470 898 ,
543 879 551 887 .

174 900 319 951 Tibia·
354 911 474 954 tibiae,
500 911 580 945 eod.
608 909 734 955 spiritu
757 916 918 956 accepto,
946 910 1053 946 alium
1078 911 1221 956 clausis,
1249 912 1356 946 alium
1381 911 1512 956 apertis
1535 908 1726 945 foi-amini-

220 961 298 1002 bus,
325 959 433 993 alium
458 968 532 992 non
556 958 641 992 satis
664 964 856 1004 purgatae,
881 958 989 991 alium
1013 969 1161 1003 quassae
1186 969 1315 994 sonum
1336 959 1493 997 reddunt
1521 960 1578 1000 11,
1603 958 1638 1000 3,
1665 958 1725 990 20.

222 1017 342 1041 acrem
366 1012 391 1040 t.
417 1008 579 1039 Horat.
603 1005 646 1047 8,
671 1007 715 1046 2,
740 1006 762 1040 9
782 1006 829 1039 Ν.
855 1016 912 1038 ars
934 1004 1100 1039 tibiarum
1128 1008 1170 1048 2,
1199 1007 1242 1045 3.
1270 1006 1303 1039 3.
1334 1006 1431 1050 quod
1462 1002 1591 1038 Graeci
1613 1014 1726 1037 κατα-

220 1050 480 1094 πεπλασμένον
505 1050 644 1084 dicunt:
677 1050 728 1084 sic
754 1052 952 1096 appellatur
979 1052 1088 1086 SOnus
1113 1051 1165 1096 (a.
1192 1056 1214 1086 1.
1241 1053 1384 1095 cautus)
1406 1050 1727 1095 tibiartun‚tquae,

220 1097 435 1143 praeclusis,
459 1097 587 1141 quibus
611 1099 829 1140 clarescunt,
855 1097 1109 1142 foraminibus,
1130 1104 1232 1132 recto
1255 1099 1366 1143 modo
1394 1097 1495 1132 exitu
1521 1096 1728 1144 graviorem

220 1145 382 1190 spiritum
408 1145 563 1178 reddunt
587 1146 620 1188 1,
647 1146 703 1187 11,
727 1147 762 1179 7.
803 1145 868 1178 Illa
891 1155 982 1181 vero
1005 1145 1077 1189 jam
1101 1156 1216 1190 paene
1241 1143 1398 1191 apertis,
1421 1149 1461 1179 ut
1486 1144 1607 1189 ajunt,
1630 1141 1728 1177 tibiis

222 1195 285 1230 11,
308 1194 351 1234 3,
377 1191 433 1226 50.

175 1235 372 1278 Tibicen·
418 1246 603 1290 tibicines,
630 1258 712 1280 cum
747 1248 790 1281 ab
819 1248 908 1282 urbe
935 1247 1205 1292 discessissent,
1230 1247 1374 1294 publice
1397 1247 1562 1284 revocati
1585 1251 1668 1293 sunt
1693 1245 1728 1290 5,

223 1298 263 1328 11
278 1320 288 1336 ,
313 1295 336 1329 9
355 1294 399 1327 N.
428 1299 584 1327 transeat
608 1305 703 1327 nunc
727 1294 823 1327 idem
846 1295 931 1337 ille,
961 1296 1022 1339 qui
1048 1295 1236 1342 cogitavit,
1261 1301 1301 1329 ut
1324 1295 1373 1330 ait
1397 1294 1548 1336 Cicero,
1572 1292 1728 1329 tibicinis

196 1341 201 1344 “
221 1339 341 1374 Latini
364 1340 474 1372 modo
498 1340 542 1373 ad
569 1338 737 1372 disertum
763 1343 799 1382 7,
833 1344 863 1382 1,
887 1341 944 1374 51.
975 1352 1049 1374 non
1073 1341 1251 1375 inerudite
1280 1341 1325 1374 a'd
1353 1341 1622 1375 declamandum
1645 1339 1728 1374 ficta

221 1386 382 1428 materia,
407 1385 445 1418 in
466 1396 535 1429 qua
549 1386 696 1429 ponitur
712 1385 859 1428 tibicen,
884 1386 945 1429 qui
968 1386 1181 1421 sacrificanti
1210 1387 1405 1434 Phrygium
1429 1386 1621 1429 cecinerat,
1647 1389 1728 1420 actu

220 1433 285 1467 illo
309 1432 347 1466 in
373 1432 549 1466 insaniam
573 1437 610 1465 et
634 1442 699 1476 per
721 1431 932 1477 praecipitia
959 1434 1102 1477 delato,
1139 1433 1321 1477 accusari,
1347 1434 1447 1478 quod
1472 1443 1580 1467 causa
1604 1430 1728 1467 morti·

221 1479 385 1514 extiterit
411 1481 451 1521 1,
477 1480 544 1521 10,
568 1479 626 1512 33.

176 1522 395 1566 Tibicina.
442 1536 539 1579 jussa
568 1540 704 1568 mutare
729 1534 768 1568 in
793 1536 993 1579 spondeum
1017 1536 1144 1570 modos
1168 1535 1318 1571 tibicina
1342 1531 1469 1580 1,‘10‚
1493 1536 1552 1570 32.
1576 1545 1624 1569 an
1645 1512 1728 1568 tibi*

222 1583 316 1626 cina,
342 1583 372 1617 si
397 1580 579 1625 ceciderit,
606 1581 735 1615 debeat
758 1581 931 1626 publicari
955 1586 991 1626 7,
1014 1583 1049 1626 9,
1069 1581 1106 1616 4.
1574 1579 1583 1588 “

178 1626 347 1670 Timeo·
386 1641 426 1679 α)
447 1645 484 1674 et
508 1638 686 1673 timere
714 1644 750 1672 et
774 1639 1010 1674 admirari
1036 1639 1130 1685 (nos)
1154 1639 1375 1687 fingimusi),
1393 1642 1429 1683 2,
1445 1638 1491 1674 26
1515 1650 1550 1672 v.
1570 1637 1692 1672 Miro

222 1687 388 1721 timemus
419 1685 600 1731 (manibus)
631 1687 669 1718 11
685 1711 695 1727 ‚
721 1686 767 1727 3,
792 1686 849 1720 86.
877 1684 1076 1729 timere,
1112 1686 1368 1721 confidere
1393 1693 1455 1720 etc.
1482 1695 1556 1720 non
1579 1690 1663 1718 sunt

223 1745 333 1781 giu-ae
359 1736 401 1776 9,
429 1737 472 1776 1,
499 1734 557 1766 23.
591 1731 644 1765 illi
668 1731 945 1774 (declamatores)
970 1733 1022 1767 sic
1047 1733 1191 1774 timent,
1220 1739 1390 1778 tanquam
1413 1730 1483 1776 ipsi
1506 1729 1672 1765 morituri

222 1784 257 1823 2,
283 1781 341 1815 86.
385 1779 474 1826 Quis
499 1779 562 1812 tibi
593 1777 645 1811 sic
672 1777 797 1812 timere
823 1779 983 1822 permisit
1009 1781 1043 1823 8,
1073 1781 1106 1817 5,
1134 1780 1191 1814 15.
1238 1779 1283 1824 β)
1308 1792 1337 1814 c.
1366 1779 1465 1822 obj..·
1501 1778 1586 1811 dum
1610 1775 1707 1813 omn*

221 1827 406 1869 timent,
444 1825 533 1858 nihil
561 1829 793 1858 conantur
816 1828 862 1868 2,
889 1824 933 1868 4,
964 1828 1017 1860 10.
1054 1826 1168 1869 majus
1193 1825 1326 1871 aliquid
1350 1824 1511 1859 timuisse
1533 1825 1580 1867 9,
1604 1826 1649 1866 2,
1675 1824 1696 1856 3

221 1872 270 1915 cs.
294 1871 338 1915 4,
363 1874 404 1914 5,
434 1870 490 1905 14.
513 1876 683 1915 patronus
706 1871 810 1904 timet
833 1871 1082 1917 cognoscentis
1105 1871 1361 1907 verecundiam
1389 1870 1432 1914 4,
1463 1874 1503 1914 1,
1530 1871 1584 1905 19.
1619 1869 1650 1904 si

222 1930 347 1954 eorum
370 1917 586 1960 (fulminum)
605 1922 754 1959 tantum,
783 1927 857 1951 non
885 1918 989 1952 etiam
1012 1918 1089 1963 ipse
1116 1919 1238 1965 fulgor
1260 1918 1452 1965 timeretur
1462 1919 1498 1958 8,
1517 1918 1552 1959 3,
1568 1916 1599 1951 5.
1630 1927 1676 1960 qu

223 1965 406 2000 conse-ium
431 1963 645 1997 infirmitatis
669 1969 813 1997 nostrae
841 1964 1008 1999 timentes
1034 1968 1100 2001 10.
1130 1967 1174 2007 3,
1201 1966 1255 2000 19.
1281 1970 1321 1998 ut
1344 1964 1456 1999 verba
1478 1962 1518 1996 in
1540 1973 1609 1996 usu
1638 1971 1683 1996 co

223 2012 329 2045 diano
356 2010 471 2055 posita
495 2010 611 2043 minus
635 2009 842 2044 timeremus
866 2014 908 2054 2,
935 2013 998 2054 10,
1022 2013 1056 2047 9.
1095 2009 1139 2052 cs.
1168 2012 1208 2053 8,
1234 2013 1277 2054 3,
1301 2013 1359 2045 31.
1394 2022 1428 2043 υ.
1453 2011 1663 2051 Terre03

223 2057 288 2092 Cn.
316 2057 506 2101 Pompeius
538 2062 708 2100 tanquam
739 2057 912 2091 adversus
937 2057 971 2091 ei
994 2057 1180 2091 timeretur
1203 2055 1247 2099 4,
1272 2059 1316 2099 2,
1341 2057 1397 2092 25.
1435 2055 1536 2100 cnjus
1566 2053 1686 2088 assidu

223 2103 413 2139 comitatus
441 2103 547 2136 etiam
570 2103 653 2136 illos
683 2103 851 2137 meliores
883 2104 1011 2147 faciat,
1046 2104 1107 2148 qui
1131 2103 1352 2137 timebuntur
1386 2100 1436 2146 (i.
1462 2115 1492 2135 e.
1521 2113 1686 2144 suspec-

223 2150 340 2194 suni)
368 2153 398 2193 1,
425 2152 460 2192 2,
486 2150 519 2184 5.
568 2147 603 2192 y)
631 2153 776 2183 nostrae
801 2161 930 2184 causae
956 2146 1046 2184 nihil
1069 2160 1137 2183 nos
1164 2149 1291 2183 timere
1310 2153 1366 2192 11,
1393 2151 1426 2191 1,
1445 2149 1508 2189 75;
1532 2147 1655 2191 iudex,

221 2196 370 2244 ligiosus
397 2195 632 2230 libentissime
658 2201 848 2239 patronum
876 2196 993 2239 audit,
1028 2207 1135 2240 quem
1167 2196 1322 2240 justitiae
1349 2206 1434 2230 suae
1458 2193 1604 2228 minime
1626 2193 1654 2227 ti

153 2278 157 2281 ,
220 2243 256 2287 4,
280 2246 312 2286 1,
337 2243 372 2279 9.
422 2238 455 2285 δ)
480 2255 547 2287 seq.
572 2255 640 2275 ne.-
667 2252 742 2275 non
764 2242 880 2286 times,
906 2254 958 2277 ne
985 2243 1103 2276 locum
1127 2244 1256 2286 perdas
1275 2244 1310 2286 6,
1325 2244 1360 2284 3,
1381 2241 1439 2277 63.
1466 2239 1512 2282 its.
1537 2242 1593 2283 10,
1613 2241 1650 2282 5,

177 2299 362 2342 Timide-
410 2316 435 2344 t.
461 2309 553 2344 dicta
578 2315 638 2343 aut
664 2310 759 2344 facta
786 2311 832 2354 6,
861 2313 905 2354 3,
935 2296 968 2349 7.
994 2309 1182 2344 dissentire
1211 2311 1254 2344 ab
1283 2321 1328 2345 eo
1346 2297 1430 2344 *non
1453 2315 1479 2344 t.
1504 2310 1599 2344 solet
1622 2294 1691 2352 3,γ

222 2360 279 2392 62.
306 2367 452 2401 parce
476 2361 512 2390 et
537 2355 637 2400 quasi
663 2356 752 2390 tim.
780 2357 1007 2401 loquentibus
1034 2359 1099 2399 11,
1125 2358 1167 2400 3,
1195 2359 1273 2391 100.
1298 2357 1458 2391 libellum
1476 2362 1506 2393 ἲ.
1529 2354 1654 2402 pon-ig
1698 2354 1699 2359 ’

220 2405 256 2447 6,
282 2406 316 2446 5,
346 2405 404 2438 58.
430 2403 527 2447 quod
550 2402 773 2436 timidissime
798 2403 988 2437 dicendum
1013 2408 1067 2437 est
1096 2405 1151 2445 11,
1179 2406 1212 2446 1,
1238 2404 1296 2437 77.
1333 2428 1337 2433 -.

177 2458 388 2500 Timidus.
435 2469 579 2504 timidus
606 2471 734 2505 terreri
762 2477 880 2515 potest
907 2471 948 2515 5,
973 2474 1016 2514 7,
1044 2471 1102 2505 26.
1129 2468 1211 2515 ἤθη
1235 2471 1274 2505 in
1298 2470 1450 2513 scholis,
1479 2469 1605 2515 quibus
1629 2465 1657 2500 ti

224 2518 289 2549 dos
314 2525 376 2550 etc.
403 2516 606 2562 effingimus
630 2518 676 2560 6,
701 2520 744 2560 2,
772 2521 826 2552 17.
857 2527 933 2551 non
963 2516 1126 2552 timidum
1150 2518 1200 2551 in
1227 2516 1463 2561 suscipiendis
1490 2513 1554 2547 sed
1576 2511 1615 2546 in
1642 2524 1680 2557 p,

223 2562 388 2596 videndis
413 2562 581 2606 periculis
608 2565 664 2605 12,
682 2566 724 2606 ,1,
751 2567 806 2598 17.
832 2575 861 2597 v.
889 2564 1123 2606 Imbellis;
1156 2569 1183 2598 t.
1210 2563 1373 2597 defensio
1387 2565 1425 2604 7,
1452 2563 1484 2603 1,
1508 2559 1566 2593 36.
1598 2558 1637 2592 in
1662 2558 1671 2566 '

222 2618 289 2650 pro
318 2609 552 2653 Ctesiphonte
577 2608 740 2643 timido
769 2609 1098 2654 summissoque
1122 2608 1298 2654 principio
1325 2609 1393 2651 11,
1421 2608 1466 2647 3,
1487 2606 1544 2641 97.
1568 2610 1593 2640 t.
1617 2611 1658 2642 v*

225 2654 389 2688 cundiam
415 2657 458 2699 8,
484 2657 529 2698 3,
554 2655 611 2690 65.

179 2694 345 2738 Timor·
387 2717 412 2745 t.
438 2711 582 2755 quidam
605 2712 782 2746 reducens
810 2711 966 2746 animum
991 2711 1036 2746 ab
1064 2711 1130 2756 iis,
1158 2722 1248 2756 quae
1275 2709 1439 2743 facienda
1463 2713 1545 2749 sunt
1564 2710 1621 2752 12,
1636 2693 1671 2752 5,

180 2761 336 2819 Tingo.
385 2778 464 2811 lana
489 2779 599 2813 tincta
627 2781 712 2815 fuco
739 2784 802 2824 12,
827 2783 891 2824 10,
915 2781 980 2822 75;
1013 2780 1126 2815 verba
1158 2779 1217 2817 hic
1249 2778 1350 2812 velut
1379 2787 1487 2812 sensu
1511 2774 1622 2811 tincta
1643 2785 1664 2810 e
1688 2776 1691 2777 ’

224 2822 404 2856 debebunt
427 2822 462 2865 4,
487 2828 521 2866 2,
551 2829 618 2862 117
647 2827 690 2859 Ν.
719 2834 749 2860 et
775 2829 811 2860 S.
1700 2826 1705 2834 '
