1728 3002
572 218 678 262 Mox
712 242 768 249 —-
807 216 1037 274 Minltiplex
1483 221 1561 260 ³41

81 335 241 368 mmin:
279 344 369 378 quo
391 333 507 368 m’oti
529 333 671 378 quidam
694 335 729 375 3,
754 335 790 376 6,
818 334 871 368 15.
908 331 1005 376 9,.4,
1029 330 1088 369 94.
1119 331 1164 375 qs.
1188 333 1225 376 3,
1249 330 1285 376 4,
1309 330 1347 367 4.
1390 330 1430 372 b)
1456 342 1565 377 pero-

58 380 220 415 ratione
242 381 379 414 animos
401 380 542 416 moveri
565 382 601 424 8,
625 381 683 416 Pr.
709 383 765 414 11.
790 379 938 421 videre,
963 389 1037 424 quo
1060 379 1171 423 judex
1198 379 1296 413 dicto
1318 385 1566 422 moveatur,

82 426 168 471 quid
189 432 378 470 respuat
401 427 440 471 6,
463 425 500 470 4,
524 425 582 461 19.
628 431 666 461 ek
689 425 792 461 initio
814 425 1013 460 movendus
1035 425 1082 460 sit
1102 426 1216 469 iudex
1238 428 1274 467 7,
1300 427 1334 468 1,
1362 427 1408 459 10
1426 436 1461 458 v.
1487 426 1566 458 lm-

79 473 213 517 pello.
257 478 374 506 motos
395 471 552 507 lacrimis
576 472 624 515 (i.
650 485 679 506 e.
705 470 822 514 suis)
845 471 981 514 iudices
1005 472 1040 515 6,
1068 475 1101 516 1,
1133 471 1192 506 46.
1230 469 1355 516 optimi
1391 472 1565 516 cujusque

77 520 267 552 voluntate
303 523 491 554 moveatur
513 518 672 563 (orator)
695 521 753 561 12,
776 521 811 560 7,
840 521 872 553 5.
1308 517 1317 520 ²

18 561 155 605 ’ΜΟΧ-
203 574 245 618 α)
270 576 413 619 -ριιιιῑο
437 572 562 618 poss.-
607 574 661 609 Sit
689 574 979 616 incommedum,
1017 583 1104 608 mox
1144 573 1234 608 illud
1277 573 1563 620 comparabimus

80 620 278 654 commodis
307 624 339 662 1,
362 624 398 664 2,
421 622 477 656 15.
525 631 616 665 quae
638 631 684 654 m.
708 621 959 664 praecipienda
985 627 1067 654 sunt
1094 623 1128 662 5,
1155 623 1210 663 10,
1236 622 1313 656 119.
1351 620 1396 662 rs.
1434 622 1491 662 12,
1530 625 1563 662 1,

51 688 53 691 .
80 669 136 700 12.
181 667 225 710 β)
248 669 271 701 ἱ.
298 681 327 711 q.
354 675 534 710 postea.-
581 677 770 711 corporum
802 677 913 700 mox
945 665 1052 699 etiam
1086 667 1361 701 fortissimorum
1399 667 1564 700 educatio

78 722 98 745 a
121 713 214 746 lacte
241 711 435 757 cuneisque
459 711 643 746 initium
666 713 763 746 ducit
790 715 824 756 1,
850 715 883 755 1,
906 714 965 745 21.
990 711 1035 753 cs.
1061 715 1116 755 12,
1147 714 1206 747 Pr.
1240 717 1272 746 2.
1332 713 1457 747 Obstat
1493 713 1564 747 hoc

78 758 251 804 agnitioni
280 768 402 792 earum
429 758 689 801 (1ἱιεναηιηι),·
710 769 784 793 nou
819 758 1086 792 intendentibus
1118 770 1167 792 m.
1199 758 1355 792 animum
1389 760 1435 793 ad
1464 758 1563 803 ipsos

75 805 223 846 ductus,
257 805 341 838 dum
364 805 632 839 antecedentem
657 803 861 839 memoriam
886 811 1084 848 sequuntur
1107 808 1139 842 1.
1166 808 1200 846 1,
1223 807 1281 839 25.
1303 811 1347 838 ut
1378 817 1426 839 m.
1462 805 1564 839 dice-

73 860 154 883 mus
177 850 227 894 (i.
253 863 284 884 e.
313 853 353 883 in
377 853 498 884 libro
522 852 618 892 XI.)
643 852 676 893 1,
704 854 760 892 11,
786 854 843 886 11.
875 850 950 884 Erit
972 850 1059 883 illud
1083 850 1222 893 plenius
1248 850 1389 885 interim
1416 861 1562 895 corpus,

78 896 177 939 quod
206 907 254 929 m.
285 897 408 930 adulta
429 902 526 930 aetas
551 896 718 943 astringat
748 899 784 938 2,
821 896 856 938 4,
890 897 923 931 5.
964 896 1053 929 nihil
1088 896 1299 940 posteritati·
1316 897 1563 941 mansurisque

0 949 5 957 ’
71 951 121 975 m.
144 941 271 976 litteris
293 942 480 986 reliquisse
505 945 561 984 12,
586 945 642 982 10,
663 943 711 978 49
734 943 780 975 N.
806 942 851 983 cs.
873 944 910 984 3,
936 945 972 984 7,
994 944 1053 976 25.
1077 944 1112 984 5,
1137 945 1194 984 10,
1220 945 1299 976 120.
1322 944 1359 985 8,
1385 944 1443 977 Pr.
1467 945 1502 977 3.
1525 944 1562 986 9,

0 979 26 1022 ’”’,
72 986 108 1030 4,
133 986 213 1021 114.
243 990 298 1030 12,
327 991 384 1032 10,
413 989 470 1024 18.
497 987 557 1023 42.
604 989 644 1032 y)
666 991 698 1022 in
723 989 962 1021 enumerando.-
994 999 1067 1021 non
1097 987 1223 1022 Livius
1252 988 1387 1022 circa
1422 989 1563 1023 initia

0 1069 1 1074 ¹
74 1033 235 1066 statim
260 1033 364 1077 primi
391 1033 496 1076 libri,
528 1035 768 1076 Tenuere,
806 1033 1044 1077 immin-etc.
1068 1039 1112 1067 et
1144 1045 1269 1076 mox,
1304 1035 1358 1068 In
1388 1035 1563 1069 adver-

0 1109 25 1124 ¹·
71 1089 168 1112 sum
195 1082 283 1113 eim?
318 1082 350 1121 1,
375 1081 410 1123 5,
433 1078 488 1113 44.
514 1092 546 1114 v.
570 1079 778 1113 Initium.
824 1079 954 1112 imitari
973 1079 1194 1124 primum,
1226 1090 1329 1114 mox
1353 1081 1502 1115 vincere
1527 1084 1559 1123 1,

19 1122 106 1166 -,“’2,
130 1125 188 1160 29.
211 1124 412 1168 primum
436 1143 483 1150 -
506 1130 596 1159 tum
618 1144 666 1151 —
685 1135 794 1159 mox
820 1124 876 1167 10,
897 1125 934 1168 6,
961 1126 995 1159 3.
1041 1125 1191 1170 primo
1213 1141 1261 1148 -
1278 1135 1383 1161 mox
1405 1145 1451 1152 —
1472 1132 1561 1162 tum

23 1170 107 1212 ³⁷1,
129 1171 165 1213 9,
189 1173 224 1204 2.
255 1183 288 1204 v.
316 1170 514 1205 Deinde.
561 1172 686 1205 Post.
1294 1175 1298 1181 '

24 1213 192 1256 ΜΠΟΙὌ·
238 1225 269 1270 Ι)
292 1230 446 1272 proprie.-
470 1240 503 1261 v.
522 1228 726 1262 Ferrum.
753 1225 955 1260 Gladius.
998 1225 1047 1270 11)
1065 1231 1181 1263 transl.
1196 1241 1206 1261 ε
1226 1228 1335 1262 totius
1354 1228 1479 1262 ductus
1499 1228 1561 1263 hic

71 1276 128 1306 est
149 1273 251 1317 quasi
276 1284 324 1307 m.
346 1270 384 1315 9:
395 1272 432 1316 4,
447 1275 506 1307 30.
522 1283 603 1307 nec
628 1273 713 1307 alibi
736 1275 907 1318 (quanin
931 1272 1160 1315 altercatione)
1188 1273 1324 1307 dixeris
1346 1273 1459 1322 magis
1480 1287 1560 1309 mu-

19 1343 23 1347 .
69 1329 180 1355 croue
206 1318 357 1365 pugnari
378 1319 415 1362 6,
442 1318 479 1361 4,
499 1318 524 1352 4
545 1320 594 1353 Ν.
617 1327 651 1352 et
675 1321 712 1353 S.
736 1319 814 1363 ipse
836 1318 900 1354 ille
925 1330 975 1355 m.
997 1318 1134 1366 ingenii
1156 1319 1337 1355 cotidiana
1362 1331 1483 1368 pugna
1498 1333 1559 1356 re-

65 1364 235 1399 tundatur
259 1367 316 1408 10,
338 1364 374 1408 5,
399 1365 457 1399 16·
960 1381 966 1384 ”

19 1407 185 1465 Mugio-
231 1420 332 1466 qumi
353 1420 534 1469 mugiente
558 1420 662 1455 lisera
683 1421 737 1456 M.
766 1425 825 1466 12,
849 1424 904 1465 10,
928 1423 985 1456 31.

14 1460 227 1523 mugitus·
282 1478 328 1515 Et
350 1482 433 1512 suut
453 1477 606 1522 plurima
629 1478 680 1512 ita
702 1479 818 1523 posita
844 1479 887 1512 ab
914 1477 979 1521 iis,
1014 1477 1074 1522 qui
1100 1489 1302 1514 sermonem
1329 1479 1434 1525 primi
1457 1482 1558 1516 fece-

62 1524 174 1567 runt,
193 1529 352 1568 aptantes
378 1524 562 1558 affectibus
583 1534 726 1560 vocem.
773 1526 863 1558 Nam
885 1524 1156 1570 mugitusget
1180 1525 1356 1561 sibilus
1381 1533 1418 1562 et
1438 1540 1558 1563 mur-

21 1583 25 1588 ·
42 1602 45 1605 ,
63 1577 162 1603 mur
182 1570 267 1604 inde
290 1572 469 1605 venerunt
489 1571 526 1614 8,
552 1571 588 1613 6,
612 1573 668 1605 31.
1259 1602 1262 1606 .

20 1612 268 1676 nabeo-1)
292 1620 449 1671 proprie:
485 1633 590 1672 caput
613 1629 772 1662 mulcere
796 1630 853 1670 11,
881 1629 917 1671 3,
938 1628 1022 1662 158.
1047 1626 1098 1669 ΙΙ)
1121 1629 1145 1661 ι’.
1174 1641 1206 1672 q.
1232 1630 1435 1663 delecto:
1459 1631 1558 1674 quod

55 1672 206 1718 ‘animoa
227 1672 461 1708 admiratione
482 1675 657 1707 mulceret
682 1677 717 1717 1,
743 1676 800 1716 10,
822 1674 858 1709 9.
907 1674 1107 1707 auditorem
1130 1674 1229 1708 omni
1258 1685 1348 1709 sono
1378 1677 1558 1710 mulceant

20 1719 28 1761 f
66 1717 132 1771 (a.
155 1722 180 1752 1.
202 1717 338 1763 penu.)
363 1719 400 1761 9,
419 1722 459 1761 2,
487 1719 522 1754 5.
569 1720 665 1763 quod
690 1731 793 1753 aures
815 1720 969 1753 mulceat
1002 1722 1059 1761 11,
1088 1721 1123 1761 3,
1154 1720 1212 1754 60.
1258 1732 1364 1754 aures
1398 1723 1557 1755 delecta-

29 1767 44 1806 s
63 1766 170 1798 hone*
190 1763 400 1799 mulcendae
422 1767 479 1805 12,
505 1766 562 1807 10,
585 1766 642 1799 52.
668 1763 816 1807 (aures)
838 1765 991 1811 fragosis
1023 1765 1366 1807 offenduntur,
1400 1773 1437 1801 et
1461 1768 1557 1802 levi-

66 1809 135 1843 bus
159 1800 431 1843 mulc‘entur
451 1811 489 1853 9,
511 1808 548 1851 4,
574 1809 651 1846 116.
795 1811 809 1817 ”

21 1852 267 1905 Muliebris·
312 1866 429 1899 cultus
448 1866 556 1899 mul.
579 1872 616 1901 et
638 1865 925 1900 luxuriosus
947 1867 984 1910 8,
1006 1867 1065 1900 Pr.
1087 1869 1146 1901 20.
1168 1866 1282 1901 vestis
1305 1879 1354 1901 m.
1378 1868 1413 1911 5,
1436 1869 1473 1911 9,
1498 1869 1553 1904 14.

21 1908 324 1953 ΜΒῙῙΘῘΠῘῘ-ΘῘ·“
354 1921 384 1955 xi
410 1916 491 1966 quis
510 1933 560 1956 m.
588 1929 704 1957 comat
728 1921 920 1967 (corpora)
943 1924 979 1966 8,
1003 1924 1062 1957 Pr.
1093 1924 1148 1959 19.

20 1975 195 2020 nuner-
242 1987 280 2032 α)
306 1986 434 2023 Cicero
449 1989 728 2036 obiurgantibus,
744 1991 838 2034 quod
851 1990 1107 2037 sexagenarius
1116 1990 1301 2025 Publiliam
1319 1991 1554 2037 virginem

65 2034 251 2078 duxisset,
286 2034 374 2069 Cras
394 2034 570 2069 mulier
592 2035 679 2078 erit,
717 2035 833 2080 inquit
857 2037 892 2077 6,
918 2036 953 2078 3,
976 2037 1022 2070 75
1047 2038 1094 2069 N.
1121 2036 1290 2081 (inductio
1320 2050 1362 2070 ex
1384 2040 1553 2072 dissimili-

21 2114 30 2125 ί
67 2081 271 2123 bu1Non‚
295 2081 391 2125 quod
415 2080 621 2124 mulieri,
655 2080 751 2115 idem
781 2081 967 2124 pupillo
999 2084 1034 2123 5,
1060 2083 1117 2122 10,
1139 2083 1198 2115 73.
1245 2077 1405 2117 mulieris
1434 2085 1552 2132 imago

16 2140 50 2180 ε,
63 2125 105 2161 in
127 2126 315 2173 gymnasio
340 2131 387 2160 n‘e
437 2131 565 2160 onatur
584 2130 628 2168 7,
652 2130 675 2161 7
686 2152 698 2170 ,
722 2127 756 2161 5.
793 2131 992 2170 permutato
1011 2137 1092 2159 oum
1112 2137 1233 2160 uxore
1251 2128 1372 2161 habitu
1390 2140 1411 2164 e
1431 2137 1555 2165 cusm-

29 2186 46 2202 ·.
65 2172 149 2215 dia,
178 2179 220 2207 ut
242 2173 391 2216 mulier,
426 2171 540 2206 evasit
559 2173 596 2215 2,
620 2174 677 2215 17,
700 2174 758 2206 w.
806 2171 845 2217 ῥ’)
871 2185 943 2205 cum
970 2179 1153 2205 contemtu:
1184 2172 1280 2206 infra
1312 2174 1463 2217 (medios
1483 2190 1553 2221 po·-

19 2215 47 2262 '3
66 2222 164 2264 plius
187 2221 333 2253 tunicam
355 2215 550 2262 per'venire)
576 2217 764 2252 mulierum
791 2223 846 2251 est
879 2220 935 2260 11,
964 2219 999 2262 3,
1035 2219 1113 2253 138.
1146 2229 1193 2252 ne
1224 2219 1270 2253 ad
1284 2221 1552 2258 ,mulierum

22 2264 36 2286 ‘-
65 2267 262 2302 exilitatem
284 2275 362 2299 vox
389 2269 510 2298 nostra
534 2268 702 2298 tenuetur
725 2266 767 2297 ib.
794 2265 850 2299 19.
1155 2271 1158 2273 ’

14 2319 290 2372 Mufleloulfl·
333 2331 572 2366 incumbentis
597 2331 637 2365 in
662 2324 907 2365 mulierculam
936 2330 1062 2366 Verris
1093 2333 1149 2373 11,
1174 2333 1208 2374 3,
1239 2332 1299 2369 90.
1324 2344 1430 2378 quern
1453 2335 1552 2380 (sor.

14 2372 34 2419 3‘
42 2377 47 2406 ἕ
65 2381 143 2413 tuiti
155 2380 314 2412 sermonis
331 2376 534 2421 contextum)
554 2378 772 2424 jurgantibus
788 2377 895 2411 etiam
907 2376 1126 2420 mulierculis
1138 2378 1356 2422 superfluere
1374 2383 1432 2426 10,
1443 2385 1480 2426 7,
1493 2385 1550 2418 13.

70 2422 224 2466 {sssum-
277 2435 392 2468 mulsa
416 2433 590 2479 (soloce.)
616 2437 651 2479 1,
670 2435 706 2478 5,
733 2435 777 2468 16
802 2435 851 2473 N.
874 2447 910 2469 v.
930 2435 1182 2468 Hordeum.

39 2528 41 2530 ,
71 2479 173 2522 ulta.
211 2502 318 2535 supra
339 2492 485 2526 modum
503 2491 643 2526 multae
664 2493 701 2535 9,
724 2495 760 2535 2,
784 2492 843 2525 27.
1023 2486 1032 2493 '

57 2584 82 2589 .‚
113 2536 310 2582 fiforllfis·
354 2548 445 2590 nihil
469 2553 525 2583 est
546 2553 619 2583 tam
639 2547 858 2584 multiforme
890 2554 952 2582 eu·-
985 2559 1093 2593 quam
1119 2548 1213 2583 mala
1238 2560 1340 2585 mens
1372 2545 1431 2596 12,
1462 2555 1498 2598 1,
1525 2558 1549 2590 7

13 2641 29 2706 λ,-
69 2647 262 2706 nlhplex·
317 2659 357 2701 α)
384 2663 539 2705 proprie.-
573 2661 719 2696 loricam
743 2673 792 2696 m.
822 2663 858 2704 8,
885 2660 923 2705 4,
946 2659 1005 2695 24.
1050 2663 1093 2706 β)
1116 2663 1140 2696 ι’.
1166 2675 1198 2708 ¹1·
1228 2667 1387 2698 varius
1422 2674 1454 2700 el
1476 2681 1546 2701 nu-

15 2711 42 2763 Ξ
64 2718 279 2742 merosus.-
314 2707 408 2742 actio
431 2707 589 2761 maxime
613 2708 748 2762 varia
769 2714 806 2742 et
826 2709 950 2749 mult.
977 2709 1033 2750 11,
1059 2709 1094 2750 3,
1118 2709 1197 2743 163.
1222 2709 1440 2753 judicialium
1459 2724 1547 2748 cau.

26 2766 41 2770 ..
65 2763 197 2796 aarum,
219 2759 408 2798 quaesunt
431 2764 589 2797 maxime
608 2765 772 2790 variae
795 2765 837 2788 ac
858 2755 978 2788 mult.
1006 2752 1041 2796 4,
1067 2755 1124 2788 Pr.
1141 2755 1235 2798 axv.
1259 2754 1414 2791 Causa.
1440 2771 1545 2803 quam

21 2784 195 2855 ,i'mnnl
222 2800 394 2843 habeant,
429 2808 607 2846 quamque
640 2801 968 2845 scrupulosam
1000 2800 1275 2844 disputationem
1305 2804 1342 2846 9,
1367 2806 1400 2846 1,
1422 2807 1458 2841 7.
1505 2805 1543 2839 in
