1728 3002
490 142 824 185 Ratiocinativus
853 164 911 172 —
938 138 1103 201 Recens
1480 142 1562 182 763

78 258 243 305 partim
265 263 303 294 et
324 254 536 300 tripertitam
566 260 604 292 et
623 254 825 301 bipartitam
846 254 927 291 fieri
946 263 1055 300 posse
1077 259 1144 289 rat.
1167 253 1204 298 5,
1233 251 1292 297 14,
1314 251 1350 289 5.
1373 253 1488 298 potuit
1510 253 1564 289 sic

78 304 248 340 constitui
276 309 343 339 rat.
371 305 417 336 ib.
445 303 501 337 12.
525 313 614 347 quas
641 301 720 337 dixi
741 313 822 346 per
842 307 928 337 rat.
951 300 1030 335 fieri
1057 300 1347 345 amptificatione·
1368 301 1413 343 8,
1437 300 1481 343 4,
1507 302 1562 339 15.

81 349 129 392 «ff.
150 352 196 385 ib.
221 352 255 385 3.
280 359 367 383 usus
389 353 444 382 est
468 353 536 382 rat.
561 347 619 390 (a.
638 351 663 382 Ι.
678 347 866 392 ratione),
889 357 960 392 qua
981 347 1192 394 colligerent
1218 345 1422 390 audientes,
1450 358 1565 390 quan-

81 401 156 441 tum
178 396 267 431 illud
290 399 407 438 esset,
439 394 536 439 quod
566 393 787 430 inferebatur
809 395 854 428 ib.
875 395 923 429 20
939 393 987 428 Ν.
1010 397 1070 428 οη·
1083 398 1123 426 ut
1154 393 1200 427 de
1224 397 1290 427 rat.
1316 398 1379 427 etc.
1411 404 1565 438 quaera-

80 446 140 476 tur
161 444 204 486 3,
226 441 263 485 6,
285 443 342 476 72.

35 493 386 548 Ratiocinativus·
430 511 496 541 rat.
529 506 690 552 quaestio
715 510 750 548 7,
773 511 807 550 1,
833 482 893 542 60.
925 518 960 540 υ.
987 503 1312 540 collectivus.
1351 506 1447 550 quod
1522 505 1566 541 o*-

81 554 178 590 niam
199 553 339 590 ratione
361 552 563 600 colligitur,
592 553 861 588 ratiocinativus
885 552 1083 597 appellatur
1103 550 1238 596 (status)
1258 554 1295 594 7,
1318 552 1364 597 8,
1388 554 1423 596 3.
1459 565 1478 586 c
1495 576 1506 588 .
1529 554 1567 597 3,

80 601 118 644 6,
141 599 201 635 46.
228 600 272 641 61
294 611 383 645 seqq.
407 599 442 642 5,
470 600 528 642 10,
556 598 592 637 6.
629 611 663 634 υ.
692 597 1022 646 Syllogismus.

34 653 295 697 Ratiocinor·
349 666 410 702 ubi
432 677 556 701 rursus
579 666 833 702 ratiocinamur
854 669 890 710 7,
918 667 953 710 1,
979 665 1039 702 61.

36 720 287 765 RationaliS.
330 735 373 778 ι)
397 734 528 768 animal
552 740 652 779 rat„
675 734 975 769 irrationale
998 736 1034 776 7,
1057 734 1093 774 3,
1118 730 1176 768 24.
1199 731 1245 775 0ss
1266 733 1301 776 5,
1327 734 1384 777 10,
1407 733 1465 769 56.
1491 744 1567 769 non

83 785 138 815 est
158 779 424 815 rationalis
445 782 492 823 (o.
510 784 532 815 1.
558 781 746 824 rationale,
773 785 821 815 αι.
844 777 1075 821 rationabile)
1097 789 1166 813 nec
1189 779 1331 814 homo
1355 785 1409 814 est
1431 779 1467 821 5,
1485 782 1522 823 8,
1544 783 1569 817 7

82 826 132 860 Ν.
158 838 206 860 cr.
238 825 270 859 si
293 826 453 860 multis
478 827 559 861 finis
586 828 775 871 voluptas,
804 825 1140 861 rationalibus
1167 835 1313 870 quoque
1340 825 1384 868 5,
1414 829 1478 869 11,
1508 827 1568 862 35.

81 882 104 906 a
126 870 291 905 rationali
311 872 358 905 ad
382 872 555 908 rationale
577 871 802 916 (translatio)
825 873 862 916 8,
881 872 918 915 6,
935 873 992 907 13.
1036 869 1080 915 β)
1105 873 1148 905 de
1170 874 1342 905 inanimis.-
1365 877 1431 905 rat.
1454 882 1567 918 genus

83 915 342 960 (quaestionum)
365 918 410 959 3,
434 919 476 961 5,
498 917 534 952 4.
560 919 605 961 3,
628 917 672 963 6,
700 918 756 953 54.
780 919 838 953 78.
861 918 919 953 86.
952 929 987 951 v.
1010 917 1070 952 Le
1115 916 1218 952 alis.
1244 923 1312 952 rat.
1338 920 1448 952 status
1473 920 1509 962 3,
1531 919 1568 962 6,

83 962 142 997 56.
166 961 224 996 66.
248 966 316 997 rat.
338 967 475 1007 partem
497 962 774 1007 (philosophiae)
798 966 855 1005 12,
883 965 920 1005 2,
943 965 989 1008 10
1019 975 1055 997 υ.
1129 962 1290 998 oralia.

36 1017 172 1061 Ratis·
194 1027 296 1074 [quid
312 1029 479 1064 secundis
497 1030 651 1074 flatibus,
671 1029 756 1075 quid
768 1028 927 1065 adversis
937 1028 1024 1064 ratis
1034 1028 1150 1073 (Ζαῐε
1160 1030 1300 1073 conjeci.
1319 1032 1347 1065 S
1353 1033 1473 1075 palan·
1480 1045 1500 1064 n
1506 1034 1549 1074 gi
1555 1033 1569 1065 ι·
1595 1050 1599 1051 ν

82 1074 204 1120 ratio)
230 1081 353 1119 poscat
377 1078 444 1119 12,
469 1079 537 1119 11,
564 1076 586 1111 5
602 1074 665 1121 Ν.]
689 1075 758 1110 nisi
782 1075 814 1110 si
835 1086 906 1120 qua
932 1075 1060 1110 Ulixes
1081 1080 1159 1110 rate
1182 1077 1297 1110 evasit
1328 1076 1433 1121 (opu.
1462 1079 1569 1114 Codd.

83 1119 293 1160 intervnsit)
321 1121 462 1156 Lartius
492 1124 576 1156 Cic.
600 1123 643 1165 6,
668 1123 711 1164 3,
734 1122 781 1157 96
810 1125 851 1155 Z.
885 1122 934 1156 N.
965 1134 1013 1154 cr.
1047 1126 1167 1155 utrum
1197 1128 1274 1156 rate
1301 1133 1347 1156 an
1377 1123 1569 1167 piscatorio

86 1166 233 1214 navigio
259 1164 441 1202 transierit
469 1170 584 1202 Coel.
606 1170 651 1202 ib.
678 1166 737 1201 41.
759 1166 895 1201 ratibus
918 1167 1034 1201 adhuc
1055 1167 1285 1214 navigaretur
1313 1171 1368 1212 10,
1398 1173 1434 1212 2,
1458 1173 1495 1204 7.

39 1217 214 1276 [Raffiffl
259 1233 289 1268 si
310 1234 388 1279 ipsa
407 1245 487 1270 vox
512 1234 622 1270 fuerit
641 1254 690 1262 ——
710 1245 785 1270 non
808 1235 982 1280 absurda,
1004 1254 1053 1262 -
1074 1245 1163 1270 rava
1197 1219 1328 1278 (ade
1349 1235 1436 1282 conj.
1461 1239 1524 1272 Bu
1533 1250 1570 1271 r-

84 1281 248 1324 manni,
269 1283 360 1324 vulg.
383 1280 495 1324 vana)
518 1283 575 1325 11,
605 1282 647 1325 3,
673 1279 749 1325 32]
1071 1285 1081 1292 “

38 1334 144 1377 Rea·
181 1347 346 1384 adulterii
366 1360 397 1384 r.
422 1350 457 1393 5,
481 1350 539 1394 13,
563 1349 599 1386 9.
633 1360 730 1384 ream
753 1349 880 1383 tuebar
901 1350 936 1393 9,
959 1350 996 1393 2,
1019 1350 1078 1384 73.

38 1401 213 1447 Beatus.
257 1416 415 1451 Messala
440 1416 574 1462 primns
602 1422 785 1452 reatum
806 1417 925 1461 (dixit)
949 1417 985 1460 8,
1012 1418 1047 1460 3,
1073 1414 1132 1452 34.

37 1470 234 1514 flebello·
279 1483 342 1530 qui
364 1484 459 1520 inter
480 1486 694 1520 rebellantes
717 1485 834 1520 fuerat
856 1486 892 1528 8,
914 1485 950 1528 5,
974 1484 1031 1519 16.

39 1537 225 1582 Recedo-
281 1550 326 1595 1)
347 1555 502 1595 proprie:
530 1564 575 1587 an
598 1554 668 1596 jam
689 1553 752 1587 ille
775 1564 856 1587 cum
880 1552 999 1600 gladio
1027 1551 1263 1586 recessisset?
1296 1553 1341 1596 6,
1364 1556 1407 1596 1,
1430 1552 1487 1589 48.
1513 1555 1572 1590 in-

86 1596 191 1630 terim
214 1597 385 1631 recedere
407 1598 539 1631 sensim
564 1600 667 1632 datur
690 1601 746 1639 (in
772 1599 923 1638 orando)
948 1601 1013 1640 11,
1038 1600 1080 1640 3,
1109 1599 1187 1631 127.
1223 1597 1284 1642 qui
1306 1604 1375 1632 tam
1400 1603 1526 1643 procul
1550 1613 1572 1636 a

86 1647 194 1686 portu
219 1641 426 1675 recessisset
448 1646 507 1685 12,
528 1645 588 1677 Pr.
610 1646 654 1685 33
678 1649 719 1676 ut
746 1644 874 1686 quaed.
898 1644 1104 1677 eminere
1127 1643 1165 1676 in
1193 1654 1323 1688 opere,
1347 1647 1474 1688 quaed.
1499 1659 1572 1682 re-

87 1686 304 1721 cessisse
346 1688 532 1722 credamus
561 1691 604 1731 2,
641 1691 703 1730 17,
737 1692 794 1722 21.
826 1687 940 1722 andin
974 1687 1246 1732 sapientiae'-
1277 1688 1315 1723 in
1346 1691 1504 1733 porticus
1536 1698 1573 1726 et

174 1732 270 1765 nasia
293 1731 466 1776 primum,
498 1744 584 1768 mox
611 1733 649 1767 in
677 1740 877 1768 conventus
904 1734 1107 1768 scholarum
1134 1741 1360 1769 recesserunt
1389 1740 1445 1780 12,
1468 1741 1505 1781 2,
1526 1740 1571 1781 8;

87 1743 178 1812 ξΞ-ἒέ)
198 1779 238 1811 in
261 1780 379 1812 nullos
402 1779 519 1812 flexus
542 1780 748 1819 recedentia
771 1782 829 1822 10,
853 1781 887 1822 5,
913 1782 968 1814 12.
1013 1779 1072 1821 Π)
1094 1784 1233 1814 transtu·
1258 1781 1312 1814 ab
1337 1787 1430 1824 actu,
1455 1783 1494 1816 id
1518 1789 1574 1819 est

88 1833 213 1868 opere,
237 1829 463 1858 recesserunt
485 1827 521 1865 2,
543 1827 601 1868 18,
625 1823 660 1859 4.
685 1824 982 1859 administrationi
1004 1826 1117 1869 reip.,
1142 1837 1163 1859 a
1188 1837 1257 1870 qua
1278 1827 1486 1874 longissime
1510 1829 1572 1864 isti

88 1874 314 1903 recesserunt
342 1872 407 1912 11,
432 1872 472 1912 1,
498 1871 557 1906 35.
594 1871 645 1904 ab
671 1871 728 1904 his
758 1871 964 1913 affectibus,
994 1870 1035 1904 in
1069 1881 1159 1915 quos
1183 1871 1491 1908 inducendus
1518 1881 1575 1909 est

88 1916 223 1960 judex,
257 1915 428 1949 recedere
454 1918 517 1960 11,
541 1918 582 1958 3,
606 1918 662 1951 58.
695 1928 716 1950 a
739 1916 996 1951 consuetudine
1026 1917 1169 1963 vulgari
1197 1926 1423 1954 recesserunt
1445 1923 1489 1964 2,
1514 1925 1572 1964 13,

90 1963 149 1995 11.
179 1971 200 1993 a
224 1971 309 1993 cura
331 1961 503 2004 docendi,
527 1963 622 2006 quod
646 1962 973 2006 intenderint,
994 1964 1227 1997 recedunt
1251 1966 1287 2007 2,
1311 1968 1368 2008 12,
1391 1967 1427 2000 6.
1449 1978 1574 2001 reces-

90 2011 213 2040 serunt
238 2006 289 2038 ab
314 2010 446 2040 eventu
470 2009 507 2050 2,
532 2007 589 2050 15,
616 2010 675 2042 13.
702 2000 759 2050 fi
783 2009 834 2043 ab
859 2009 941 2043 eod.
965 2009 1134 2052 exemplo
1156 2011 1322 2043 recedam
1346 2014 1380 2054 1,
1403 2012 1439 2051 6,
1466 2013 1502 2047 6.
1525 2012 1574 2053 cs.

88 2055 126 2095 2,
150 2053 185 2094 8,
211 2051 266 2084 13.
288 2053 324 2093 7,
347 2053 383 2094 3,
405 2054 464 2089 21.
491 2052 523 2087 is
546 2063 619 2087 non
641 2052 778 2088 recedit
799 2065 820 2088 a
846 2055 963 2088 forma
984 2054 1163 2099 qualitatis
1188 2057 1225 2097 3,
1248 2056 1284 2098 6,
1307 2057 1365 2092 79.
1394 2056 1479 2090 olim
1501 2058 1574 2098 iam

92 2098 145 2131 ab
168 2097 228 2130 illa
251 2107 340 2130 vera
362 2096 514 2143 imagine
536 2100 662 2134 orandi
681 2105 905 2134 recesserunt
930 2100 965 2142 5,
995 2103 1050 2142 12,
1076 2103 1131 2135 17.
1168 2101 1367 2134 Fabricium
1394 2113 1415 2135 a
1438 2103 1573 2146 judicio

90 2141 281 2178 recessisse
303 2142 346 2184 6,
376 2145 419 2186 3,
439 2142 498 2178 40.
539 2145 585 2178 de
605 2144 663 2179 his
688 2146 942 2180 sententiarum
963 2145 1108 2191 figuris,
1139 2142 1232 2190 quae
1256 2147 1308 2179 ab
1332 2147 1396 2180 ino
1421 2148 1574 2193 simplici

40 2210 46 2234 3
90 2189 198 2223 modo
218 2187 400 2221 indicandi
421 2189 593 2223 recedunt
614 2191 650 2233 9,
674 2193 709 2234 2,
734 2194 767 2225 1.
799 2192 852 2225 ab
876 2190 975 2224 omni
996 2202 1145 2226 munere
1173 2191 1326 2225 oratoris
1349 2193 1491 2237 longius
1512 2206 1575 2229 re-

20 2267 23 2272 ,
91 2233 198 2268 cessit
222 2235 279 2275 12,
303 2234 339 2273 2,
361 2233 397 2267 6.
420 2244 488 2268 nec
511 2236 636 2278 procul
661 2247 682 2270 a
709 2242 834 2270 natura
858 2237 1031 2270 recedunt
1052 2239 1088 2280 2,
1114 2239 1172 2279 10,
1202 2239 1257 2271 13.
1287 2247 1363 2271 non
1386 2240 1454 2273 alia
1476 2239 1574 2275 vitae

69 2319 71 2321 ,
91 2285 209 2313 sectae
231 2278 373 2322 longius
396 2289 417 2311 a
442 2279 605 2314 civilibus
628 2281 756 2315 officiis
779 2280 929 2316 recessit
955 2284 1013 2323 12,
1038 2284 1074 2323 2,
1098 2282 1133 2316 6.
1159 2294 1180 2316 a
1202 2283 1360 2326 partibus
1381 2285 1575 2320 recessisse

94 2328 153 2367 11,
177 2327 211 2367 1,
236 2325 294 2358 80.
319 2329 479 2367 separata
499 2326 590 2361 haec
610 2337 632 2360 a
652 2333 844 2371 praecepto
866 2337 943 2360 non
963 2328 1135 2361 recedent
1159 2330 1175 2361 1
1190 2353 1200 2370 ,
1225 2329 1269 2370 5,
1293 2329 1352 2364 29.
1382 2330 1488 2364 inviti
1514 2343 1577 2365 re-

93 2370 224 2406 cedunt
246 2380 267 2402 a
289 2369 504 2413 praeparatis
530 2374 596 2414 12,
619 2373 661 2416 9,
687 2375 767 2407 17.-
778 2383 853 2406 non
874 2377 948 2406 tam·
970 2374 1096 2416 procul
1116 2374 1355 2407 recedendum
1377 2386 1398 2408 a
1420 2377 1575 2420 propriis

95 2421 131 2450 et
156 2413 402 2449 communibus
425 2418 483 2460 12,
506 2418 563 2460 10,
589 2415 649 2450 42.
671 2423 936 2469 recessumpst
960 2428 980 2450 a
1003 2418 1211 2462 quaestione
1235 2421 1269 2460 3,
1295 2423 1351 2463 11,
1380 2424 1437 2455 17.
1468 2423 1529 2466 qui
1552 2435 1575 2458 a

93 2460 280 2541 {13¹⁰an
300 2461 472 2495 recedunt
494 2462 531 2506 6,
561 2464 596 2506 1,
618 2460 676 2498 42.
711 2473 802 2508 quae
825 2462 1010 2497 minimum
1031 2463 1083 2499 ab
1111 2474 1180 2497 usu
1199 2464 1380 2501 cotidiano
1405 2469 1575 2504 recedant

140 2531 152 2550 2
200 2531 210 2548 ἲ
282 2530 290 2538 ’
771 2532 776 2538 ’

46 2559 228 2605 Recens.
267 2572 400 2607 virium
430 2575 510 2619 plus
541 2573 691 2609 afferunt
717 2575 762 2609 ad
785 2574 992 2609 discendum
1022 2575 1252 2611 renovati
1284 2588 1326 2613 ac
1348 2587 1576 2615 recentes

96 2621 132 2662 1,
154 2621 189 2660 3,
211 2619 247 2654 9.
272 2619 465 2663 quamlibet
486 2621 595 2654 multa
616 2620 808 2666 egerimus,
830 2622 984 2666 quodam
1006 2625 1124 2656 tamen
1146 2622 1254 2656 modo
1271 2631 1435 2658 recentes
1457 2638 1578 2661 sumus

98 2664 153 2699 ad
177 2663 227 2707 id,
249 2666 347 2709 quod
367 2665 556 2709 incipimus
580 2669 614 2710 1,
640 2670 696 2709 12,
720 2668 752 2701 5.
778 2678 868 2711 quae
890 2672 1059 2702 vetera
1083 2677 1180 2701 nnnc
1202 2674 1295 2712 sunt,
1320 2670 1464 2705 fuerunt
1492 2673 1579 2706 olim

102 2719 228 2746 nova
262 2716 300 2745 et
329 2712 501 2756 quaedam
537 2711 575 2747 in
594 2718 669 2746 'usu
694 2723 866 2757 perquam
894 2712 1121 2749 recentia
1146 2714 1194 2758 8,
1216 2715 1260 2758 3,
1285 2714 1344 2751 34.
1378 2715 1479 2752 cibus
1504 2729 1578 2753 non
