<?xml version="1.0" encoding="UTF-8"?>
<!DOCTYPE html PUBLIC "-//W3C//DTD XHTML 1.0 Transitional//EN"
    "http://www.w3.org/TR/xhtml1/DTD/xhtml1-transitional.dtd">
<html xmlns="http://www.w3.org/1999/xhtml" xml:lang="en" lang="en">
 <head>
  <title>
</title>
<meta http-equiv="Content-Type" content="text/html;charset=utf-8" />
  <meta name='ocr-system' content='tesseract 3.04.00' />
  <meta name='ocr-capabilities' content='ocr_page ocr_carea ocr_par ocr_line ocrx_word'/>
</head>
<body>
  <div class='ocr_page' id='page_1' title='image "./lexiconquintilia06bonnuoft/lexiconquintilia06bonnuoft_0092.png"; bbox 0 0 1728 3002; ppageno 0'>
   <div class='ocr_carea' id='block_1_1' title="bbox 69 198 1352 264">
    <p class='ocr_par' dir='ltr' id='par_1_1' title="bbox 69 198 1352 264">
     <span class='ocr_line' id='line_1_1' title="bbox 69 198 1352 264; baseline -0.009 -12"><span class='ocrx_word' id='word_1_1' title='bbox 69 215 271 252; x_wconf 72' lang='lat' dir='ltr'>LXXXIV</span> <span class='ocrx_word' id='word_1_2' title='bbox 338 208 649 264; x_wconf 68' lang='lat' dir='ltr'><strong>prolegomena</strong></span> <span class='ocrx_word' id='word_1_3' title='bbox 667 204 719 247; x_wconf 81' lang='lat' dir='ltr'><strong>de</strong></span> <span class='ocrx_word' id='word_1_4' title='bbox 739 201 1024 250; x_wconf 79' lang='lat' dir='ltr'><strong>Grammatica</strong></span> <span class='ocrx_word' id='word_1_5' title='bbox 1045 198 1352 253; x_wconf 78' lang='lat' dir='ltr'><strong>Quintilianea.</strong></span> 
     </span>
    </p>
   </div>
   <div class='ocr_carea' id='block_1_2' title="bbox 69 316 1616 546">
    <p class='ocr_par' dir='ltr' id='par_1_2' title="bbox 69 316 1616 546">
     <span class='ocr_line' id='line_1_2' title="bbox 69 316 1610 393; baseline -0.01 -19"><span class='ocrx_word' id='word_1_6' title='bbox 69 322 618 393; x_wconf 78' lang='lat' dir='ltr'><strong>praetermitteretur,</strong></span> <span class='ocrx_word' id='word_1_7' title='bbox 683 320 834 384; x_wconf 89' lang='lat' dir='ltr'><strong>quod</strong></span> <span class='ocrx_word' id='word_1_8' title='bbox 897 316 1305 365; x_wconf 88' lang='lat' dir='ltr'><strong>memorandum</strong></span> <span class='ocrx_word' id='word_1_9' title='bbox 1358 324 1456 361; x_wconf 88' lang='lat' dir='ltr'><strong>aut</strong></span> <span class='ocrx_word' id='word_1_10' title='bbox 1506 327 1610 359; x_wconf 88' lang='lat' dir='ltr'><strong>no-</strong></span> 
     </span>
     <span class='ocr_line' id='line_1_3' title="bbox 72 397 1610 455; baseline -0.011 -2"><span class='ocrx_word' id='word_1_11' title='bbox 72 407 304 453; x_wconf 85' lang='lat' dir='ltr'><strong>tandum</strong></span> <span class='ocrx_word' id='word_1_12' title='bbox 359 415 506 449; x_wconf 85' lang='lat' dir='ltr'><strong>esset.</strong></span> <span class='ocrx_word' id='word_1_13' title='bbox 602 397 836 446; x_wconf 83' lang='lat' dir='ltr'><strong>Proinde</strong></span> <span class='ocrx_word' id='word_1_14' title='bbox 889 397 1138 444; x_wconf 85' lang='lat' dir='ltr'><strong>notanda</strong></span> <span class='ocrx_word' id='word_1_15' title='bbox 1188 405 1346 440; x_wconf 80' lang='lat' dir='ltr'><strong>sunt:</strong></span> <span class='ocrx_word' id='word_1_16' title='bbox 1405 408 1511 455; x_wconf 50' lang='lat'><strong>11,</strong></span> <span class='ocrx_word' id='word_1_17' title='bbox 1551 405 1610 450; x_wconf 87' lang='lat'><strong>2,</strong></span> 
     </span>
     <span class='ocr_line' id='line_1_4' title="bbox 74 467 1616 546; baseline -0.01 -15"><span class='ocrx_word' id='word_1_18' title='bbox 74 498 142 546; x_wconf 76' lang='lat'><strong>29</strong></span> <span class='ocrx_word' id='word_1_19' title='bbox 186 491 285 530; x_wconf 78' lang='lat' dir='ltr'><strong>aut</strong></span> <span class='ocrx_word' id='word_1_20' title='bbox 318 482 367 529; x_wconf 76' lang='lat' dir='ltr'><strong>si</strong></span> <span class='ocrx_word' id='word_1_21' title='bbox 405 480 511 528; x_wconf 71' lang='lat' dir='ltr'><strong>erit</strong></span> <span class='ocrx_word' id='word_1_22' title='bbox 552 477 735 526; x_wconf 76' lang='lat' dir='ltr'><strong>tardus</strong></span> <span class='ocrx_word' id='word_1_23' title='bbox 779 475 859 523; x_wconf 81' lang='lat' dir='ltr'><strong>ad</strong></span> <span class='ocrx_word' id='word_1_24' title='bbox 898 474 1007 522; x_wconf 78' lang='lat' dir='ltr'><strong>hoc</strong></span> <span class='ocrx_word' id='word_1_25' title='bbox 1045 487 1259 539; x_wconf 79' lang='lat' dir='ltr'><strong>quoque,</strong></span> <span class='ocrx_word' id='word_1_26' title='bbox 1306 487 1363 519; x_wconf 83' lang='lat' dir='ltr'><strong>eo</strong></span> <span class='ocrx_word' id='word_1_27' title='bbox 1407 467 1616 518; x_wconf 76' lang='lat' dir='ltr'><strong>adhuc</strong></span> 
     </span>
    </p>
   </div>
   <div class='ocr_carea' id='block_1_3' title="bbox 77 546 1616 615">
    <p class='ocr_par' dir='ltr' id='par_1_3' title="bbox 77 546 1616 615">
     <span class='ocr_line' id='line_1_5' title="bbox 77 546 1616 615; baseline -0.01 -4"><span class='ocrx_word' id='word_1_28' title='bbox 77 561 298 612; x_wconf 71' lang='lat' dir='ltr'><strong>remedio</strong></span> <span class='ocrx_word' id='word_1_29' title='bbox 341 566 528 607; x_wconf 74' lang='lat' dir='ltr'><strong>utatur</strong></span> <span class='ocrx_word' id='word_1_30' title='bbox 568 557 628 603; x_wconf 90' lang='lat' dir='ltr'><strong>Z.</strong></span> <span class='ocrx_word' id='word_1_31' title='bbox 696 572 781 614; x_wconf 88' lang='lat'><strong>10,</strong></span> <span class='ocrx_word' id='word_1_32' title='bbox 835 571 886 615; x_wconf 86' lang='lat'><strong>1,</strong></span> <span class='ocrx_word' id='word_1_33' title='bbox 929 550 995 607; x_wconf 70' lang='lat'><strong>45</strong></span> <span class='ocrx_word' id='word_1_34' title='bbox 1039 551 1242 600; x_wconf 76' lang='lat' dir='ltr'><strong>omissos</strong></span> <span class='ocrx_word' id='word_1_35' title='bbox 1281 553 1440 615; x_wconf 82' lang='lat' dir='ltr'><strong>sorte</strong></span> <span class='ocrx_word' id='word_1_36' title='bbox 1492 546 1616 596; x_wconf 71' lang='lat' dir='ltr'><strong>ali-</strong></span> 
     </span>
    </p>
   </div>
   <div class='ocr_carea' id='block_1_4' title="bbox 76 628 1622 1094">
    <p class='ocr_par' dir='ltr' id='par_1_4' title="bbox 76 628 1622 1094">
     <span class='ocr_line' id='line_1_6' title="bbox 76 628 1619 706; baseline -0.008 -18"><span class='ocrx_word' id='word_1_37' title='bbox 76 657 247 706; x_wconf 77' lang='lat' dir='ltr'><strong>quos,</strong></span> <span class='ocrx_word' id='word_1_38' title='bbox 302 654 452 704; x_wconf 75' lang='lat' dir='ltr'><strong>quos</strong></span> <span class='ocrx_word' id='word_1_39' title='bbox 491 636 598 700; x_wconf 66' lang='lat' dir='ltr'><strong>ipse</strong></span> <span class='ocrx_word' id='word_1_40' title='bbox 642 633 787 683; x_wconf 68' lang='lat' dir='ltr'><strong>valde</strong></span> <span class='ocrx_word' id='word_1_41' title='bbox 824 631 1030 696; x_wconf 78' lang='lat' dir='ltr'><strong>probet,</strong></span> <span class='ocrx_word' id='word_1_42' title='bbox 1075 633 1197 679; x_wconf 87' lang='lat' dir='ltr'><strong>leve</strong></span> <span class='ocrx_word' id='word_1_43' title='bbox 1234 629 1480 695; x_wconf 88' lang='lat' dir='ltr'><strong>quidem,</strong></span> <span class='ocrx_word' id='word_1_44' title='bbox 1522 628 1619 676; x_wconf 79' lang='lat' dir='ltr'><strong>sed.</strong></span> 
     </span>
     <span class='ocr_line' id='line_1_7' title="bbox 76 705 1619 776; baseline -0.008 -9"><span class='ocrx_word' id='word_1_45' title='bbox 76 733 261 766; x_wconf 81' lang='lat' dir='ltr'><strong>tamen</strong></span> <span class='ocrx_word' id='word_1_46' title='bbox 281 718 495 764; x_wconf 81' lang='lat' dir='ltr'><strong>fortasse</strong></span> <span class='ocrx_word' id='word_1_47' title='bbox 525 712 864 761; x_wconf 85' lang='lat' dir='ltr'><strong>eximendum</strong></span> <span class='ocrx_word' id='word_1_48' title='bbox 897 709 1085 759; x_wconf 89' lang='lat' dir='ltr'><strong>omisso</strong></span> <span class='ocrx_word' id='word_1_49' title='bbox 1109 709 1328 776; x_wconf 69' lang='lat' dir='ltr'><strong>aliquos,</strong></span> <span class='ocrx_word' id='word_1_50' title='bbox 1365 716 1536 774; x_wconf 81' lang='lat' dir='ltr'><strong>q&#39;uum</strong></span> <span class='ocrx_word' id='word_1_51' title='bbox 1559 705 1619 753; x_wconf 89' lang='lat' dir='ltr'><strong>in</strong></span> 
     </span>
     <span class='ocr_line' id='line_1_8' title="bbox 79 786 1620 862; baseline -0.007 -18"><span class='ocrx_word' id='word_1_52' title='bbox 79 795 289 862; x_wconf 85' lang='lat' dir='ltr'><strong>optimis</strong></span> <span class='ocrx_word' id='word_1_53' title='bbox 327 792 609 842; x_wconf 88' lang='lat' dir='ltr'><strong>Codicibus</strong></span> <span class='ocrx_word' id='word_1_54' title='bbox 642 808 762 857; x_wconf 79' lang='lat' dir='ltr'><strong>quos</strong></span> <span class='ocrx_word' id='word_1_55' title='bbox 795 808 911 838; x_wconf 91' lang='lat' dir='ltr'><strong>non</strong></span> <span class='ocrx_word' id='word_1_56' title='bbox 946 792 1184 857; x_wconf 84' lang='lat' dir='ltr'><strong>legatur,</strong></span> <span class='ocrx_word' id='word_1_57' title='bbox 1230 802 1286 836; x_wconf 88' lang='lat' dir='ltr'><strong>et</strong></span> <span class='ocrx_word' id='word_1_58' title='bbox 1318 786 1620 853; x_wconf 82' lang='lat' dir='ltr'><strong>saepissime</strong></span> 
     </span>
     <span class='ocr_line' id='line_1_9' title="bbox 79 864 1622 940; baseline -0.007 -17"><span class='ocrx_word' id='word_1_59' title='bbox 79 888 384 940; x_wconf 83' lang='lat' dir='ltr'><strong>suspectum</strong></span> <span class='ocrx_word' id='word_1_60' title='bbox 421 871 486 920; x_wconf 88' lang='lat' dir='ltr'><strong>sit</strong></span> <span class='ocrx_word' id='word_1_61' title='bbox 520 871 646 923; x_wconf 88' lang='lat' dir='ltr'><strong>illud</strong></span> <span class='ocrx_word' id='word_1_62' title='bbox 679 870 765 918; x_wconf 68' lang='lat' dir='ltr'><strong>ali.</strong></span> <span class='ocrx_word' id='word_1_63' title='bbox 834 868 1052 918; x_wconf 86' lang='lat' dir='ltr'><strong>Deinde</strong></span> <span class='ocrx_word' id='word_1_64' title='bbox 1084 886 1126 928; x_wconf 86' lang='lat'><strong>1,</strong></span> <span class='ocrx_word' id='word_1_65' title='bbox 1156 878 1204 928; x_wconf 76' lang='lat'><strong>4,</strong></span> <span class='ocrx_word' id='word_1_66' title='bbox 1238 882 1294 915; x_wconf 85' lang='lat'><strong>12</strong></span> <span class='ocrx_word' id='word_1_67' title='bbox 1332 866 1446 933; x_wconf 72' lang='lat' dir='ltr'><strong>qui</strong></span> <span class='ocrx_word' id='word_1_68' title='bbox 1467 864 1622 931; x_wconf 76' lang='lat' dir='ltr'><strong>quia</strong></span> 
     </span>
     <span class='ocr_line' id='line_1_10' title="bbox 82 946 1619 1017; baseline -0.007 -15"><span class='ocrx_word' id='word_1_69' title='bbox 82 972 116 1002; x_wconf 82' lang='lat' dir='ltr'><em>a</em></span> <span class='ocrx_word' id='word_1_70' title='bbox 152 952 329 1017; x_wconf 78' lang='lat' dir='ltr'><strong>pennis</strong></span> <span class='ocrx_word' id='word_1_71' title='bbox 374 950 569 998; x_wconf 81' lang='lat' dir='ltr'><strong>duabus</strong></span> <span class='ocrx_word' id='word_1_72' title='bbox 602 949 694 996; x_wconf 79' lang='grc' dir='ltr'><em>Ιιοο</em></span> <span class='ocrx_word' id='word_1_73' title='bbox 728 966 828 996; x_wconf 81' lang='lat' dir='ltr'><strong>esse</strong></span> <span class='ocrx_word' id='word_1_74' title='bbox 863 965 1042 996; x_wconf 75' lang='lat' dir='ltr'><strong>nomen</strong></span> <span class='ocrx_word' id='word_1_75' title='bbox 1079 947 1378 995; x_wconf 73' lang='lat' dir='ltr'><strong>existimant</strong></span> <span class='ocrx_word' id='word_1_76' title='bbox 1407 963 1459 996; x_wconf 88' lang='lat' dir='ltr'><strong>v.</strong></span> <span class='ocrx_word' id='word_1_77' title='bbox 1492 946 1619 993; x_wconf 86' lang='lat' dir='ltr'><strong>Not.</strong></span> 
     </span>
     <span class='ocr_line' id='line_1_11' title="bbox 80 1022 1621 1094; baseline -0.007 -13"><span class='ocrx_word' id='word_1_78' title='bbox 80 1030 139 1092; x_wconf 84' lang='lat'><strong>5,</strong></span> <span class='ocrx_word' id='word_1_79' title='bbox 178 1047 233 1094; x_wconf 86' lang='lat'><strong>9,</strong></span> <span class='ocrx_word' id='word_1_80' title='bbox 276 1026 335 1078; x_wconf 81' lang='lat'><strong>15</strong></span> <span class='ocrx_word' id='word_1_81' title='bbox 376 1047 437 1076; x_wconf 75' lang='lat' dir='ltr'><strong>ea</strong></span> <span class='ocrx_word' id='word_1_82' title='bbox 482 1044 741 1094; x_wconf 77' lang='lat' dir='ltr'><strong>quoque,</strong></span> <span class='ocrx_word' id='word_1_83' title='bbox 787 1044 969 1092; x_wconf 76' lang='lat' dir='ltr'><strong>quae,</strong></span> <span class='ocrx_word' id='word_1_84' title='bbox 1015 1026 1168 1091; x_wconf 76' lang='lat' dir='ltr'><strong>quia</strong></span> <span class='ocrx_word' id='word_1_85' title='bbox 1204 1026 1503 1091; x_wconf 79' lang='lat' dir='ltr'><strong>plerumque</strong></span> <span class='ocrx_word' id='word_1_86' title='bbox 1540 1022 1621 1071; x_wconf 81' lang='lat' dir='ltr'><strong>ob-</strong></span> 
     </span>
    </p>
   </div>
   <div class='ocr_carea' id='block_1_5' title="bbox 82 1105 1662 1169">
    <p class='ocr_par' dir='ltr' id='par_1_5' title="bbox 82 1105 1662 1169">
     <span class='ocr_line' id='line_1_12' title="bbox 82 1105 1662 1169; baseline -0.007 -9"><span class='ocrx_word' id='word_1_87' title='bbox 82 1118 285 1160; x_wconf 74' lang='lat' dir='ltr'><strong>servata</strong></span> <span class='ocrx_word' id='word_1_88' title='bbox 318 1117 461 1167; x_wconf 78' lang='lat' dir='ltr'><strong>sunt,</strong></span> <span class='ocrx_word' id='word_1_89' title='bbox 497 1106 648 1169; x_wconf 74' lang='lat' dir='ltr'><strong>vulgo</strong></span> <span class='ocrx_word' id='word_1_90' title='bbox 680 1106 826 1168; x_wconf 72' lang='lat' dir='ltr'><strong>sigua</strong></span> <span class='ocrx_word' id='word_1_91' title='bbox 861 1106 1160 1152; x_wconf 77' lang='lat' dir='ltr'><strong>creduntur.</strong></span> <span class='ocrx_word' id='word_1_92' title='bbox 1192 1119 1239 1167; x_wconf 83' lang='lat'><strong>9,</strong></span> <span class='ocrx_word' id='word_1_93' title='bbox 1269 1117 1327 1165; x_wconf 79' lang='lat'><strong>4,</strong></span> <span class='ocrx_word' id='word_1_94' title='bbox 1366 1119 1431 1167; x_wconf 84' lang='lat'><strong>97</strong></span> <span class='ocrx_word' id='word_1_95' title='bbox 1463 1105 1623 1167; x_wconf 67' lang='grc' dir='ltr'><em>δροπ-</em></span> <span class='ocrx_word' id='word_1_96' title='bbox 1655 1117 1662 1123; x_wconf 73' lang='grc'><strong>“</strong></span> 
     </span>
    </p>
   </div>
   <div class='ocr_carea' id='block_1_6' title="bbox 85 1179 1627 1563">
    <p class='ocr_par' dir='ltr' id='par_1_6' title="bbox 85 1179 1627 1563">
     <span class='ocr_line' id='line_1_13' title="bbox 85 1179 1623 1248; baseline -0.007 -10"><span class='ocrx_word' id='word_1_97' title='bbox 85 1191 208 1239; x_wconf 81' lang='lat' dir='ltr'><strong>deus</strong></span> <span class='ocrx_word' id='word_1_98' title='bbox 239 1217 307 1224; x_wconf 90' lang='lat'>—</span> <span class='ocrx_word' id='word_1_99' title='bbox 341 1204 538 1235; x_wconf 83' lang='lat' dir='ltr'><strong>moram</strong></span> <span class='ocrx_word' id='word_1_100' title='bbox 571 1201 812 1248; x_wconf 77' lang='lat' dir='ltr'><strong>semper</strong></span> <span class='ocrx_word' id='word_1_101' title='bbox 842 1201 957 1248; x_wconf 75' lang='lat' dir='ltr'><strong>per</strong></span> <span class='ocrx_word' id='word_1_102' title='bbox 991 1200 1052 1231; x_wconf 81' lang='lat' dir='ltr'><strong>se</strong></span> <span class='ocrx_word' id='word_1_103' title='bbox 1085 1182 1251 1231; x_wconf 75' lang='lat' dir='ltr'><strong>habet..</strong></span> <span class='ocrx_word' id='word_1_104' title='bbox 1276 1201 1327 1232; x_wconf 87' lang='lat' dir='ltr'><strong>v.</strong></span> <span class='ocrx_word' id='word_1_105' title='bbox 1351 1185 1476 1230; x_wconf 89' lang='lat' dir='ltr'><strong>Not.</strong></span> <span class='ocrx_word' id='word_1_106' title='bbox 1507 1179 1623 1229; x_wconf 89' lang='lat' dir='ltr'><strong>crit.</strong></span> 
     </span>
     <span class='ocr_line' id='line_1_14' title="bbox 88 1261 1627 1329; baseline -0.004 -15"><span class='ocrx_word' id='word_1_107' title='bbox 88 1286 142 1317; x_wconf 90' lang='lat'><strong>11</strong></span> <span class='ocrx_word' id='word_1_108' title='bbox 165 1305 178 1329; x_wconf 81' lang='lat'><strong>,</strong></span> <span class='ocrx_word' id='word_1_109' title='bbox 218 1266 274 1321; x_wconf 76' lang='lat'><strong>5,</strong></span> <span class='ocrx_word' id='word_1_110' title='bbox 320 1270 354 1320; x_wconf 72' lang='grc'>4</span> <span class='ocrx_word' id='word_1_111' title='bbox 399 1274 463 1313; x_wconf 75' lang='lat' dir='ltr'><strong>ut</strong></span> <span class='ocrx_word' id='word_1_112' title='bbox 503 1281 592 1311; x_wconf 80' lang='lat' dir='ltr'><strong>nos</strong></span> <span class='ocrx_word' id='word_1_113' title='bbox 630 1264 834 1324; x_wconf 72' lang='lat' dir='ltr'><strong>infinito</strong></span> <span class='ocrx_word' id='word_1_114' title='bbox 879 1262 1043 1325; x_wconf 73' lang='lat' dir='ltr'><strong>magis</strong></span> <span class='ocrx_word' id='word_1_115' title='bbox 1087 1263 1279 1313; x_wconf 73' lang='lat' dir='ltr'><strong>eadem¹</strong></span> <span class='ocrx_word' id='word_1_116' title='bbox 1302 1262 1396 1309; x_wconf 74' lang='lat' dir='ltr'><strong>illa</strong></span> <span class='ocrx_word' id='word_1_117' title='bbox 1440 1261 1627 1309; x_wconf 76' lang='lat' dir='ltr'><strong>audita</strong></span> 
     </span>
     <span class='ocr_line' id='line_1_15' title="bbox 87 1341 1624 1414; baseline -0.005 -19"><span class='ocrx_word' id='word_1_118' title='bbox 87 1364 240 1414; x_wconf 79' lang='lat' dir='ltr'><strong>quam</strong></span> <span class='ocrx_word' id='word_1_119' title='bbox 279 1345 447 1391; x_wconf 80' lang='lat' dir='ltr'><strong>lecta</strong></span> <span class='ocrx_word' id='word_1_120' title='bbox 491 1342 827 1390; x_wconf 80' lang='lat' dir='ltr'><strong>delectent.</strong></span> <span class='ocrx_word' id='word_1_121' title='bbox 881 1341 948 1388; x_wconf 90' lang='lat' dir='ltr'><strong>ib.</strong></span> <span class='ocrx_word' id='word_1_122' title='bbox 977 1357 1007 1404; x_wconf 84' lang='lat'>9</span> <span class='ocrx_word' id='word_1_123' title='bbox 1044 1344 1356 1406; x_wconf 78' lang='lat' dir='ltr'><strong>profecto</strong></span> <span class='ocrx_word' id='word_1_124' title='bbox 1392 1343 1624 1406; x_wconf 81' lang='lat' dir='ltr'><strong>perfe-</strong></span> 
     </span>
     <span class='ocr_line' id='line_1_16' title="bbox 86 1418 1626 1489; baseline -0.004 -15"><span class='ocrx_word' id='word_1_125' title='bbox 86 1436 254 1476; x_wconf 75' lang='lat' dir='ltr'><strong>ctum</strong></span> <span class='ocrx_word' id='word_1_126' title='bbox 289 1423 529 1489; x_wconf 70' lang='lat' dir='ltr'><strong>quiddam</strong></span> <span class='ocrx_word' id='word_1_127' title='bbox 550 1421 695 1482; x_wconf 69' lang='lat' dir='ltr'><strong>fieri.</strong></span> <span class='ocrx_word' id='word_1_128' title='bbox 740 1419 794 1481; x_wconf 76' lang='lat'><strong>3,</strong></span> <span class='ocrx_word' id='word_1_129' title='bbox 830 1418 885 1479; x_wconf 88' lang='grc'><strong>6,</strong></span> <span class='ocrx_word' id='word_1_130' title='bbox 925 1435 1019 1466; x_wconf 87' lang='grc'><strong>100</strong></span> <span class='ocrx_word' id='word_1_131' title='bbox 1038 1423 1190 1484; x_wconf 79' lang='lat' dir='ltr'><strong>finge</strong></span> <span class='ocrx_word' id='word_1_132' title='bbox 1219 1421 1381 1469; x_wconf 79' lang='lat' dir='ltr'><strong>solum</strong></span> <span class='ocrx_word' id='word_1_133' title='bbox 1407 1429 1626 1469; x_wconf 78' lang='lat' dir='ltr'><strong>natum</strong></span> 
     </span>
     <span class='ocr_line' id='line_1_17' title="bbox 87 1499 1623 1563; baseline -0.005 -9"><span class='ocrx_word' id='word_1_134' title='bbox 87 1504 360 1554; x_wconf 75' lang='lat' dir='ltr'><strong>nothum.</strong></span> <span class='ocrx_word' id='word_1_135' title='bbox 398 1516 453 1561; x_wconf 87' lang='lat'><strong>2,</strong></span> <span class='ocrx_word' id='word_1_136' title='bbox 490 1501 546 1561; x_wconf 88' lang='lat'><strong>8,</strong></span> <span class='ocrx_word' id='word_1_137' title='bbox 585 1499 614 1548; x_wconf 91' lang='grc'>5</span> <span class='ocrx_word' id='word_1_138' title='bbox 651 1499 835 1563; x_wconf 78' lang='lat' dir='ltr'><strong>adjuta</strong></span> <span class='ocrx_word' id='word_1_139' title='bbox 866 1517 1023 1547; x_wconf 75' lang='lat' dir='ltr'><strong>cura</strong></span> <span class='ocrx_word' id='word_1_140' title='bbox 1058 1508 1313 1549; x_wconf 76' lang='lat' dir='ltr'><strong>natura.</strong></span> <span class='ocrx_word' id='word_1_141' title='bbox 1356 1517 1442 1562; x_wconf 87' lang='lat'><strong>11,</strong></span> <span class='ocrx_word' id='word_1_142' title='bbox 1471 1499 1530 1562; x_wconf 78' lang='lat'><strong>3,</strong></span> <span class='ocrx_word' id='word_1_143' title='bbox 1565 1515 1623 1549; x_wconf 84' lang='lat'><strong>11</strong></span> 
     </span>
    </p>
   </div>
   <div class='ocr_carea' id='block_1_7' title="bbox 88 1580 1659 1643">
    <p class='ocr_par' dir='ltr' id='par_1_7' title="bbox 88 1580 1659 1643">
     <span class='ocr_line' id='line_1_18' title="bbox 88 1580 1659 1643; baseline -0.005 -10"><span class='ocrx_word' id='word_1_144' title='bbox 88 1584 193 1633; x_wconf 73' lang='lat' dir='ltr'><strong>uisi</strong></span> <span class='ocrx_word' id='word_1_145' title='bbox 221 1582 311 1630; x_wconf 68' lang='lat' dir='ltr'><strong>ubi</strong></span> <span class='ocrx_word' id='word_1_146' title='bbox 341 1587 587 1628; x_wconf 75' lang='lat' dir='ltr'><strong>natura</strong></span> <span class='ocrx_word' id='word_1_147' title='bbox 623 1596 782 1625; x_wconf 74' lang='lat' dir='ltr'><strong>cura</strong></span> <span class='ocrx_word' id='word_1_148' title='bbox 807 1580 1038 1643; x_wconf 70' lang='lat' dir='ltr'><strong>juvetur.</strong></span> <span class='ocrx_word' id='word_1_149' title='bbox 1074 1597 1126 1628; x_wconf 88' lang='lat' dir='ltr'><strong>v.</strong></span> <span class='ocrx_word' id='word_1_150' title='bbox 1162 1581 1288 1630; x_wconf 90' lang='lat' dir='ltr'><strong>Not.</strong></span> <span class='ocrx_word' id='word_1_151' title='bbox 1331 1581 1398 1628; x_wconf 85' lang='lat' dir='ltr'><strong>cf.</strong></span> <span class='ocrx_word' id='word_1_152' title='bbox 1433 1599 1475 1642; x_wconf 89' lang='lat'><strong>1,</strong></span> <span class='ocrx_word' id='word_1_153' title='bbox 1518 1598 1559 1640; x_wconf 89' lang='lat'><strong>1,</strong></span> <span class='ocrx_word' id='word_1_154' title='bbox 1595 1594 1627 1625; x_wconf 85' lang='lat'>2</span> <span class='ocrx_word' id='word_1_155' title='bbox 1658 1595 1659 1598; x_wconf 47' lang='lat'>¹</span> 
     </span>
    </p>
   </div>
   <div class='ocr_carea' id='block_1_8' title="bbox 89 1658 1638 2744">
    <p class='ocr_par' dir='ltr' id='par_1_8' title="bbox 89 1658 1634 2275">
     <span class='ocr_line' id='line_1_19' title="bbox 89 1658 1630 1724; baseline -0.005 -12"><span class='ocrx_word' id='word_1_156' title='bbox 89 1681 190 1712; x_wconf 78' lang='lat' dir='ltr'><strong>non</strong></span> <span class='ocrx_word' id='word_1_157' title='bbox 233 1668 537 1708; x_wconf 76' lang='lat' dir='ltr'><strong>naturam</strong></span> <span class='ocrx_word' id='word_1_158' title='bbox 585 1658 852 1724; x_wconf 71' lang='lat' dir='ltr'><strong>defecisse,</strong></span> <span class='ocrx_word' id='word_1_159' title='bbox 898 1658 987 1706; x_wconf 83' lang='lat' dir='ltr'><strong>sed</strong></span> <span class='ocrx_word' id='word_1_160' title='bbox 1028 1676 1278 1719; x_wconf 78' lang='lat' dir='ltr'><strong>curam,·</strong></span> <span class='ocrx_word' id='word_1_161' title='bbox 1330 1663 1423 1709; x_wconf 91' lang='lat' dir='ltr'><strong>sed</strong></span> <span class='ocrx_word' id='word_1_162' title='bbox 1461 1660 1630 1707; x_wconf 86' lang='lat' dir='ltr'><strong>talem</strong></span> 
     </span>
     <span class='ocr_line' id='line_1_20' title="bbox 89 1736 1631 1804; baseline -0.004 -15"><span class='ocrx_word' id='word_1_163' title='bbox 89 1737 528 1790; x_wconf 85' lang='lat' dir='ltr'><strong>allitterationem</strong></span> <span class='ocrx_word' id='word_1_164' title='bbox 564 1753 742 1784; x_wconf 82' lang='lat' dir='ltr'><strong>amare</strong></span> <span class='ocrx_word' id='word_1_165' title='bbox 778 1754 1074 1791; x_wconf 88' lang='lat' dir='ltr'><strong>sermonem</strong></span> <span class='ocrx_word' id='word_1_166' title='bbox 1108 1740 1374 1788; x_wconf 88' lang='lat' dir='ltr'><strong>Latinum</strong></span> <span class='ocrx_word' id='word_1_167' title='bbox 1401 1736 1631 1804; x_wconf 57' lang='lat' dir='ltr'><strong>copiose</strong></span> 
     </span>
     <span class='ocr_line' id='line_1_21' title="bbox 92 1814 1631 1885; baseline -0.003 -18"><span class='ocrx_word' id='word_1_168' title='bbox 92 1835 146 1868; x_wconf 89' lang='lat' dir='ltr'><strong>et</strong></span> <span class='ocrx_word' id='word_1_169' title='bbox 190 1817 398 1885; x_wconf 83' lang='lat' dir='ltr'><strong>egregie</strong></span> <span class='ocrx_word' id='word_1_170' title='bbox 442 1831 619 1880; x_wconf 88' lang='lat' dir='ltr'><strong>nuper</strong></span> <span class='ocrx_word' id='word_1_171' title='bbox 662 1814 726 1868; x_wconf 87' lang='lat' dir='ltr'><strong>A.</strong></span> <span class='ocrx_word' id='word_1_172' title='bbox 764 1817 827 1865; x_wconf 88' lang='lat' dir='ltr'><strong>F.</strong></span> <span class='ocrx_word' id='word_1_173' title='bbox 865 1817 1102 1865; x_wconf 86' lang='lat' dir='ltr'><strong>Naekius</strong></span> <span class='ocrx_word' id='word_1_174' title='bbox 1146 1818 1204 1867; x_wconf 89' lang='lat' dir='ltr'><strong>in</strong></span> <span class='ocrx_word' id='word_1_175' title='bbox 1247 1821 1438 1868; x_wconf 86' lang='lat' dir='ltr'><strong>Museo</strong></span> <span class='ocrx_word' id='word_1_176' title='bbox 1481 1817 1631 1864; x_wconf 86' lang='lat' dir='ltr'><strong>Rhe-</strong></span> 
     </span>
     <span class='ocr_line' id='line_1_22' title="bbox 90 1886 1634 1960; baseline -0.001 -14"><span class='ocrx_word' id='word_1_177' title='bbox 90 1914 241 1947; x_wconf 87' lang='lat' dir='ltr'><strong>nano</strong></span> <span class='ocrx_word' id='word_1_178' title='bbox 298 1897 400 1956; x_wconf 88' lang='grc' dir='ltr'>ΙΙΙ,</span> <span class='ocrx_word' id='word_1_179' title='bbox 454 1894 498 1944; x_wconf 73' lang='grc' dir='ltr'><strong>ὃ.</strong></span> <span class='ocrx_word' id='word_1_180' title='bbox 573 1894 758 1943; x_wconf 88' lang='lat' dir='ltr'><strong>docuit</strong></span> <span class='ocrx_word' id='word_1_181' title='bbox 782 1931 796 1956; x_wconf 96' lang='lat'><strong>,</strong></span> <span class='ocrx_word' id='word_1_182' title='bbox 860 1897 1172 1960; x_wconf 87' lang='lat' dir='ltr'><strong>praesertim</strong></span> <span class='ocrx_word' id='word_1_183' title='bbox 1226 1897 1266 1946; x_wconf 93' lang='lat' dir='ltr'><strong>si</strong></span> <span class='ocrx_word' id='word_1_184' title='bbox 1322 1886 1634 1948; x_wconf 78' lang='lat' dir='ltr'><strong>diversitate</strong></span> 
     </span>
     <span class='ocr_line' id='line_1_23' title="bbox 93 1973 1634 2042; baseline 0 -18"><span class='ocrx_word' id='word_1_185' title='bbox 93 1973 411 2042; x_wconf 82' lang='lat' dir='ltr'><strong>quantitatis</strong></span> <span class='ocrx_word' id='word_1_186' title='bbox 454 1975 779 2036; x_wconf 82' lang='lat' dir='ltr'><strong>syllabarum</strong></span> <span class='ocrx_word' id='word_1_187' title='bbox 819 1975 1071 2023; x_wconf 81' lang='lat' dir='ltr'><strong>mollitur.</strong></span> <span class='ocrx_word' id='word_1_188' title='bbox 1141 1979 1311 2026; x_wconf 88' lang='lat' dir='ltr'><strong>Porro</strong></span> <span class='ocrx_word' id='word_1_189' title='bbox 1353 1993 1439 2040; x_wconf 83' lang='lat'><strong>12,</strong></span> <span class='ocrx_word' id='word_1_190' title='bbox 1474 1993 1533 2041; x_wconf 88' lang='grc'><strong>9,</strong></span> <span class='ocrx_word' id='word_1_191' title='bbox 1571 1976 1634 2024; x_wconf 78' lang='lat'><strong>15</strong></span> 
     </span>
     <span class='ocr_line' id='line_1_24' title="bbox 94 2052 1633 2120; baseline 0.002 -18"><span class='ocrx_word' id='word_1_192' title='bbox 94 2052 220 2120; x_wconf 62' lang='grc' dir='ltr'><strong>φίας).</strong></span> <span class='ocrx_word' id='word_1_193' title='bbox 250 2053 454 2118; x_wconf 74' lang='lat' dir='ltr'><strong>fortia,</strong></span> <span class='ocrx_word' id='word_1_194' title='bbox 502 2054 623 2100; x_wconf 78' lang='lat' dir='ltr'><strong>dum</strong></span> <span class='ocrx_word' id='word_1_195' title='bbox 661 2053 930 2114; x_wconf 72' lang='lat' dir='ltr'><strong>dicuutur,</strong></span> <span class='ocrx_word' id='word_1_196' title='bbox 979 2055 1397 2118; x_wconf 76' lang='lat' dir='ltr'><strong>videbantur,</strong></span> <span class='ocrx_word' id='word_1_197' title='bbox 1452 2057 1633 2118; x_wconf 77' lang='lat' dir='ltr'><strong>stulta,</strong></span> 
     </span>
     <span class='ocr_line' id='line_1_25' title="bbox 95 2132 1634 2200; baseline 0.001 -19"><span class='ocrx_word' id='word_1_198' title='bbox 95 2152 209 2181; x_wconf 84' lang='lat' dir='ltr'><strong>cum</strong></span> <span class='ocrx_word' id='word_1_199' title='bbox 244 2134 521 2192; x_wconf 79' lang='lat' dir='ltr'><strong>laeserunt,</strong></span> <span class='ocrx_word' id='word_1_200' title='bbox 562 2141 889 2182; x_wconf 76' lang='lat' dir='ltr'><strong>vocantur.</strong></span> <span class='ocrx_word' id='word_1_201' title='bbox 958 2134 1218 2200; x_wconf 87' lang='lat' dir='ltr'><strong>Denique</strong></span> <span class='ocrx_word' id='word_1_202' title='bbox 1255 2153 1272 2182; x_wconf 94' lang='lat'>1</span> <span class='ocrx_word' id='word_1_203' title='bbox 1293 2172 1307 2191; x_wconf 89' lang='lat'><strong>,</strong></span> <span class='ocrx_word' id='word_1_204' title='bbox 1344 2135 1402 2196; x_wconf 70' lang='lat'><strong>5,</strong></span> <span class='ocrx_word' id='word_1_205' title='bbox 1434 2132 1480 2198; x_wconf 61' lang='lat'><strong>5⁴</strong></span> <span class='ocrx_word' id='word_1_206' title='bbox 1504 2152 1634 2200; x_wconf 80' lang='lat' dir='ltr'><strong>quae</strong></span> 
     </span>
     <span class='ocr_line' id='line_1_26' title="bbox 95 2195 1210 2275; baseline -0.001 -14"><span class='ocrx_word' id='word_1_207' title='bbox 95 2228 325 2261; x_wconf 80' lang='lat' dir='ltr'><strong>summo</strong></span> <span class='ocrx_word' id='word_1_208' title='bbox 357 2211 487 2258; x_wconf 85' lang='lat' dir='ltr'><strong>solo</strong></span> <span class='ocrx_word' id='word_1_209' title='bbox 518 2195 927 2275; x_wconf 69' lang='lat' dir='ltr'><strong>spao·sa·suut</strong></span> <span class='ocrx_word' id='word_1_210' title='bbox 961 2214 1210 2260; x_wconf 75' lang='lat' dir='ltr'><strong>semina.</strong></span> 
     </span>
    </p>

    <p class='ocr_par' dir='ltr' id='par_1_9' title="bbox 95 2288 1638 2744">
     <span class='ocr_line' id='line_1_27' title="bbox 230 2288 1638 2355; baseline 0.002 -19"><span class='ocrx_word' id='word_1_211' title='bbox 230 2291 381 2336; x_wconf 90' lang='lat' dir='ltr'><strong>Haec</strong></span> <span class='ocrx_word' id='word_1_212' title='bbox 414 2289 593 2348; x_wconf 89' lang='lat' dir='ltr'><strong>attuli,</strong></span> <span class='ocrx_word' id='word_1_213' title='bbox 636 2304 699 2337; x_wconf 91' lang='lat' dir='ltr'><strong>ut</strong></span> <span class='ocrx_word' id='word_1_214' title='bbox 732 2290 1122 2355; x_wconf 87' lang='lat' dir='ltr'><strong>proprietatem</strong></span> <span class='ocrx_word' id='word_1_215' title='bbox 1153 2288 1384 2337; x_wconf 84' lang='lat' dir='ltr'><strong>Fabiani</strong></span> <span class='ocrx_word' id='word_1_216' title='bbox 1419 2289 1638 2339; x_wconf 87' lang='lat' dir='ltr'><strong>dicendi</strong></span> 
     </span>
     <span class='ocr_line' id='line_1_28' title="bbox 96 2366 1635 2435; baseline 0.001 -19"><span class='ocrx_word' id='word_1_217' title='bbox 96 2366 301 2435; x_wconf 87' lang='lat' dir='ltr'><strong>generis</strong></span> <span class='ocrx_word' id='word_1_218' title='bbox 318 2367 397 2417; x_wconf 85' lang='lat' dir='ltr'><strong>,ab</strong></span> <span class='ocrx_word' id='word_1_219' title='bbox 424 2366 568 2413; x_wconf 88' lang='lat' dir='ltr'><strong>omni</strong></span> <span class='ocrx_word' id='word_1_220' title='bbox 590 2382 745 2432; x_wconf 89' lang='lat' dir='ltr'><strong>parte</strong></span> <span class='ocrx_word' id='word_1_221' title='bbox 767 2366 1117 2432; x_wconf 84' lang='lat' dir='ltr'><strong>explicarem,</strong></span> <span class='ocrx_word' id='word_1_222' title='bbox 1155 2385 1326 2432; x_wconf 86' lang='lat' dir='ltr'><strong>quum</strong></span> <span class='ocrx_word' id='word_1_223' title='bbox 1347 2386 1635 2435; x_wconf 83' lang='lat' dir='ltr'><strong>composu-</strong></span> 
     </span>
     <span class='ocr_line' id='line_1_29' title="bbox 95 2443 1638 2512; baseline 0 -17"><span class='ocrx_word' id='word_1_224' title='bbox 95 2448 269 2505; x_wconf 84' lang='lat' dir='ltr'><strong>issem,</strong></span> <span class='ocrx_word' id='word_1_225' title='bbox 316 2443 410 2492; x_wconf 85' lang='lat' dir='ltr'><strong>ubi</strong></span> <span class='ocrx_word' id='word_1_226' title='bbox 454 2461 487 2491; x_wconf 84' lang='lat' dir='ltr'><strong>a</strong></span> <span class='ocrx_word' id='word_1_227' title='bbox 532 2445 750 2509; x_wconf 83' lang='lat' dir='ltr'><strong>simplici</strong></span> <span class='ocrx_word' id='word_1_228' title='bbox 793 2459 847 2492; x_wconf 88' lang='lat' dir='ltr'><strong>et</strong></span> <span class='ocrx_word' id='word_1_229' title='bbox 881 2445 1008 2493; x_wconf 87' lang='lat' dir='ltr'><strong>trita</strong></span> <span class='ocrx_word' id='word_1_230' title='bbox 1039 2448 1390 2512; x_wconf 84' lang='lat' dir='ltr'><strong>grammatica</strong></span> <span class='ocrx_word' id='word_1_231' title='bbox 1422 2448 1638 2496; x_wconf 85' lang='lat' dir='ltr'><strong>ratione</strong></span> 
     </span>
     <span class='ocr_line' id='line_1_30' title="bbox 97 2522 1636 2591; baseline 0.001 -19"><span class='ocrx_word' id='word_1_232' title='bbox 97 2524 367 2572; x_wconf 83' lang='lat' dir='ltr'><strong>discedere</strong></span> <span class='ocrx_word' id='word_1_233' title='bbox 391 2522 719 2586; x_wconf 83' lang='lat' dir='ltr'><strong>Quintiliano</strong></span> <span class='ocrx_word' id='word_1_234' title='bbox 742 2522 1055 2588; x_wconf 84' lang='lat' dir='ltr'><strong>placuisset,</strong></span> <span class='ocrx_word' id='word_1_235' title='bbox 1090 2541 1205 2572; x_wconf 91' lang='lat' dir='ltr'><strong>non</strong></span> <span class='ocrx_word' id='word_1_236' title='bbox 1234 2527 1387 2591; x_wconf 87' lang='lat' dir='ltr'><strong>quasi</strong></span> <span class='ocrx_word' id='word_1_237' title='bbox 1412 2543 1636 2591; x_wconf 81' lang='lat' dir='ltr'><strong>carpere</strong></span> 
     </span>
     <span class='ocr_line' id='line_1_31' title="bbox 98 2600 1635 2673; baseline 0.002 -22"><span class='ocrx_word' id='word_1_238' title='bbox 98 2619 199 2671; x_wconf 83' lang='lat' dir='ltr'><strong>ego</strong></span> <span class='ocrx_word' id='word_1_239' title='bbox 245 2603 440 2651; x_wconf 68' lang='lat' dir='ltr'><strong>&#39;vellem</strong></span> <span class='ocrx_word' id='word_1_240' title='bbox 480 2615 534 2648; x_wconf 89' lang='lat' dir='ltr'><strong>et</strong></span> <span class='ocrx_word' id='word_1_241' title='bbox 576 2600 834 2666; x_wconf 80' lang='lat' dir='ltr'><strong>castigare</strong></span> <span class='ocrx_word' id='word_1_242' title='bbox 882 2600 1212 2652; x_wconf 86' lang='lat' dir='ltr'><strong>eruditissimi</strong></span> <span class='ocrx_word' id='word_1_243' title='bbox 1254 2620 1308 2653; x_wconf 89' lang='lat' dir='ltr'><strong>et</strong></span> <span class='ocrx_word' id='word_1_244' title='bbox 1341 2604 1635 2673; x_wconf 85' lang='lat' dir='ltr'><strong>diligentis-</strong></span> 
     </span>
     <span class='ocr_line' id='line_1_32' title="bbox 98 2678 1081 2744; baseline -0.004 -12"><span class='ocrx_word' id='word_1_245' title='bbox 98 2681 209 2732; x_wconf 82' lang='lat' dir='ltr'><strong>simi</strong></span> <span class='ocrx_word' id='word_1_246' title='bbox 243 2678 429 2729; x_wconf 78' lang='lat' dir='ltr'><strong>Latini</strong></span> <span class='ocrx_word' id='word_1_247' title='bbox 465 2678 735 2744; x_wconf 81' lang='lat' dir='ltr'><strong>scriptoris</strong></span> <span class='ocrx_word' id='word_1_248' title='bbox 770 2683 1081 2728; x_wconf 82' lang='lat' dir='ltr'><strong>sermonem.</strong></span> 
     </span>
    </p>
   </div>
  </div>
 </body>
</html>
