1728 3002
102 130 183 169 294
646 128 813 172 Etenim
852 155 908 161 --
946 130 1087 173 Etiam

152 243 328 277 malorum
351 250 459 290 negat
491 245 532 286 8,
555 242 599 287 4,
623 246 681 279 22.
711 245 802 278 Nam
835 250 879 279 et
912 243 1053 285 initium
1083 243 1287 281 hexametri
1317 245 1436 281 statim
1467 246 1645 293 invenias,
1707 245 1710 247 ’

135 295 200 323 -et
222 289 492 324 Anacreontion
518 290 680 335 protinus
707 292 814 325 colon
838 290 985 334 efficias,
1011 297 1054 326 et
1077 292 1107 325 si
1131 291 1224 327 velis
1249 291 1450 336 trimetron,
1476 300 1520 329 et
1547 296 1645 339 quod

152 335 291 370 duobus
315 336 465 379 pedibus
491 343 533 370 et
556 343 656 381 parte
679 335 991 380 πενθημιμερὲια
1011 337 1159 372 Graecis
1182 338 1323 383 dicitur,
1345 345 1391 374 et
1411 340 1647 386 haemomnia

151 380 192 415 in
227 381 340 415 tribus
370 382 493 416 verbis
525 383 569 426 9,
607 382 651 426 4,
683 384 742 418 78.
775 383 911 417 Verum
949 389 990 418 et
1023 384 1175 428 pecunia
1202 385 1414 429 persuadet,
1441 391 1488 420 et
1519 387 1646 431 gratia,

154 433 198 462 et
235 428 428 462 auctoritas
466 428 641 471 dicentis,
685 435 731 463 et
771 428 947 476 dignitas,
993 431 1243 474 'postremo
1284 430 1383 476 (Sp.
1432 437 1471 475 ets
1504 432 1646 479 posit.)

154 480 318 518 aspectus
343 475 484 508 etiam
505 474 582 519 ipse
606 475 684 509 sine
707 486 802 510 voce
825 478 860 519 2,
882 476 937 519 15,
961 477 984 511 6
1012 480 1055 511 Z.
1235 498 1246 503 ι
1545 503 1546 506 ,

200 521 257 562 V)
282 524 448 563 negationi
483 524 683 565 opponitur.-
722 522 811 556 Sed
835 532 926 556 non
952 528 1126 567 perpetuo
1150 521 1366 557 intendimus
1391 521 1431 557 in
1452 523 1544 558 haec
1569 522 1648 559 ani-

152 578 268 609 mum,
293 573 353 610 et,
379 566 571 611 cupiditate
597 567 713 602 laudis
737 574 919 612 utcunque
947 576 1026 612 etc„
1051 579 1246 615 evagamur
1267 571 1302 612 3,
1329 571 1386 612 11,
1409 569 1467 605 25.
1496 581 1579 604 nam
1604 576 1648 606 et

156 623 236 647 esse
270 618 388 656 potest
422 613 534 657 turpis
563 614 780 649 domesticus
803 614 864 649 ille
888 620 1115 659 praeceptor:
1147 626 1232 650 nec
1268 615 1381 649 tutior
1403 615 1500 650 inter
1521 627 1650 652 servos

153 660 269 693 malos
296 679 340 685 —
365 659 596 695 conversatio
628 666 682 694 est
716 664 756 705 1,
795 663 831 704 2,
858 659 882 694 4
905 662 953 696 N.
989 660 1034 702 cs.
1069 664 1102 704 1,
1126 662 1160 701 6.
1185 664 1218 696 1.
1258 665 1292 705 1,
1321 663 1379 705 10,
1399 665 1437 696 2,
1472 663 1510 706 8,
1532 663 1568 705 6,
1588 661 1651 698 42.

156 707 212 748 11,
239 707 273 748 3,
300 708 379 740 127.
406 709 462 749 12,
487 707 522 750 6,
546 709 569 741 7
594 708 642 740 Ν.
673 713 728 741 est
751 712 796 741 et
824 708 896 741 hoc
919 706 1059 754 signum
1083 707 1296 742 alacritatis:
1322 719 1470 752 neque
1493 727 1542 736 -—
1566 719 1651 754 spe-

154 763 237 786 rare
269 762 414 794 possum
449 755 495 795 1,
533 754 575 796 3,
612 755 668 787 10.
699 758 882 798 tempora,
925 753 1053 797 quibus
1084 759 1131 788 et
1163 754 1352 799 pauciores
1384 754 1531 798 literae,
1551 766 1651 790 -nec

155 797 289 831 similes
325 797 380 831 his
415 798 548 833 nostris
579 810 703 833 earum
736 800 876 834 formae
911 800 1076 843 fuerunt,
1120 806 1166 844 et
1193 799 1251 836 vis
1292 810 1477 845 quoque
1508 799 1653 838 diversa

154 847 195 886 1,
229 848 274 886 7,
313 846 366 877 11.
401 850 441 879 ut
471 850 515 879 et
552 844 702 880 nimium
736 845 916 890 dicerent,
960 858 1047 881 nec
1080 852 1227 882 tamen
1264 852 1380 882 totum
1411 847 1454 890 5,
1480 849 1545 892 10,
1570 849 1650 883 100.

154 902 187 924 v.
215 891 247 923 N
256 901 296 923 e‹
317 901 382 924 ue.
1545 921 1548 928 ,

201 902 476 980 VI)Iab1-ump1‘t
507 949 708 971 sermonem.-
745 942 782 971 et
812 943 931 973 cetera
953 942 987 983 7,
1015 937 1051 982 4,
1077 941 1133 974 17.
1157 939 1192 982 8,
1216 940 1252 982 3,
1275 938 1334 974 63·
1364 938 1422 974 75.
1462 939 1500 982 9,
1524 941 1560 982 2,
1595 938 1651 977 15.

156 984 236 1017 100.
260 988 295 1016 et
314 988 471 1026 cetera,
506 995 598 1027 quae
624 982 753 1028 adjecit
786 984 820 1027 6,
842 985 877 1028 3,
904 984 963 1019 40.
988 997 1022 1021 v.
1048 984 1219 1020 Ceteri.
1252 990 1321 1019 etc·
1344 985 1382 1027 8,
1405 984 1440 1026 6,
1460 986 1507 1020 33
1529 985 1578 1020 Ν.
1603 998 1652 1020 cr.

153 1030 189 1071 9,
212 1032 247 1072 2,
273 1029 328 1064 19.
357 1031 413 1071 11,
441 1031 475 1071 3,
500 1031 558 1064 39.
597 1029 648 1074 (α.
673 1034 695 1068 l,
723 1035 759 1063 et
781 1030 936 1074 caetera)
959 1030 995 1074 4,
1019 1034 1055 1074 2,
1084 1033 1140 1067 51.
1166 1031 1202 1073 5,
1227 1033 1285 1074 11,
1314 1033 1378 1073 12;
1417 1035 1454 1066 et
1475 1028 1545 1066 alia
1572 1032 1654 1076 pln-

153 1075 243 1109 rima
268 1077 302 1118 5,
332 1077 387 1118 10,
412 1076 471 1110 98.
499 1074 544 1117 cs.
569 1075 605 1118 6,
637 1078 670 1119 1,
699 1074 756 1111 54.
781 1077 894 1111 robur
917 1088 958 1111 ac
984 1079 1157 1121 lacertos,
1176 1077 1391 1122 barbamque
1414 1082 1497 1112 ante
1521 1077 1655 1121 omnia,
1703 1092 1725 1121 q

157 1128 192 1156 et
226 1121 294 1155 alia
309 1147 319 1164 ,
364 1131 455 1165 quae
478 1128 606 1155 natura
631 1121 775 1166 propria
799 1123 959 1158 maribus
982 1125 1081 1158 dedit
1104 1127 1143 1168 5,
1169 1126 1226 1166 12,
1246 1123 1312 1158 -1S.
1344 1127 1381 1157 et
1402 1122 1502 1158 mille
1527 1123 1596 1158 alia
1618 1125 1655 1167 9,

155 1170 190 1210 3,
216 1170 248 1203 1.
276 1173 312 1200 et
336 1167 508 1210 deinceps
534 1169 567 1208 9,
591 1170 624 1209 3,
649 1170 706 1203 39.
737 1181 770 1202 v.
795 1170 1050 1214 Deinceps.
1086 1176 1122 1204 et
1144 1171 1246 1213 plura
1270 1169 1305 1212 5,
1330 1170 1388 1211 10,
1411 1169 1470 1204 60.
1496 1175 1533 1206 et
1553 1171 1658 1215 plura

154 1208 193 1247 in
218 1214 370 1247 eundem
395 1214 542 1246 modum
573 1214 607 1256 5,
634 1215 691 1256 11,
714 1212 750 1246 4.
784 1221 820 1248 et
842 1215 981 1259 reliqua
1006 1215 1043 1258 4,
1069 1218 1104 1258 2,
1130 1217 1208 1250 106.
1244 1220 1282 1249 et
1303 1214 1432 1250 similia
1460 1218 1495 1258 1,
1526 1217 1563 1259 5,
1595 1217 1656 1252 69.

154 1271 186 1293 v.
212 1258 403 1293 Similis.
443 1265 479 1292 et
513 1270 603 1303 quae
638 1265 833 1303 sequuntur
856 1262 900 1303 9,
925 1263 965 1303 3,
993 1262 1058 1302 65;
1091 1267 1128 1295 et
1158 1266 1256 1295 totus
1287 1261 1390 1295 locus
1409 1262 1446 1303 9,
1466 1264 1510 1303 2,
1536 1264 1590 1296 15.
1617 1263 1655 1306 9,

154 1307 190 1348 3,
214 1306 273 1341 96.
310 1310 346 1339 et
374 1309 470 1338 totus
495 1305 555 1339 hic
579 1306 682 1338 locus
712 1306 754 1347 9,
779 1308 822 1349 3,
848 1308 903 1341 50.
936 1313 972 1341 et
994 1312 1090 1341 totus
1118 1306 1272 1351 denique
1291 1305 1352 1340 hic
1373 1306 1477 1341 locus
1500 1308 1536 1352 9,
1559 1310 1596 1352 2,
1619 1311 1642 1343 7

155 1357 191 1386 et
215 1357 330 1385 tot1un
352 1361 467 1395 paene
500 1350 715 1395 principium
739 1352 774 1394 9,
796 1351 832 1395 4,
860 1352 917 1389 74.
1310 1383 1313 1385 .
1608 1376 1619 1383 ,

110 1407 298 1450 Etenim.
373 1419 456 1452 Hoc
495 1418 535 1452 in
565 1418 708 1453 testium
745 1419 1026 1466 interrogatione
1049 1422 1149 1457 valet
1178 1419 1393 1466 plurimum,
1421 1420 1459 1454 in
1493 1421 1658 1458 oratione

80 1484 83 1486 ·
153 1462 326 1511 perpetua
350 1465 522 1499 dissimile
547 1471 619 1508 est3
647 1465 780 1500 etenim
807 1465 874 1500 sibi
899 1467 978 1512 ipse
1001 1467 1196 1513 respondet
1223 1472 1346 1502 orator
1370 1466 1406 1510 5,
1432 1468 1493 1510 11,
1513 1466 1547 1502 5.

108 1521 274 1564 Ethice.
321 1534 424 1568 locus
449 1533 488 1567 in
514 1533 632 1568 ethice
657 1534 846 1581 negotialis
869 1537 906 1578 2,
929 1538 988 1579 21,
1012 1538 1046 1571 3.
1083 1546 1197 1580 pars
1220 1535 1283 1569 illa
1314 1529 1534 1579 moralis,
1563 1546 1656 1581 quae
1724 1553 1728 1560 =

154 1579 284 1614 dicitur
307 1580 498 1624 Ethice‚
525 1587 623 1615 certe
647 1586 729 1615 tota
759 1582 895 1615 oratori
919 1587 974 1616 est
999 1583 1269 1616 accommodata
1296 1583 1353 1625 12,
1380 1583 1418 1624 2,
1441 1581 1499 1631 15.

108 1635 190 1679 Eth
197 1636 382 1731 0Ῑῖἕῖξίοὸ
410 1655 513 1731 {ent
524 1662 543 1685 e
555 1661 581 1685 n
593 1656 607 1684 t
619 1650 662 1685 ia
683 1650 898 1687 universalis
924 1656 978 1686 est
1000 1660 1078 1687 vox
1088 1675 1100 1694 ,
1138 1650 1279 1685 ethol.
1304 1641 1469 1694 personis
1491 1649 1657 1716 contine-

153 1701 212 1728 tur
264 1722 275 1739 ,
324 1722 334 1740 ,
450 1725 458 1734 ,

108 1750 265 1793 Etiam·
347 1763 393 1808 α)
429 1766 625 1802 delectatus
652 1772 707 1802 est
730 1766 786 1800 his
812 1765 919 1801 etiam
941 1765 995 1801 Μ.
1026 1762 1167 1798 Tullius
1191 1764 1228 1805 9,
1251 1764 1287 1804 3,
1315 1759 1375 1797 74.
1409 1763 1454 1797 de
1477 1761 1524 1798 iis
1535 1763 1656 1798 „etiam

154 1830 200 1835 —
226 1809 389 1854 adjiciam
413 1815 456 1846 ib.
485 1814 543 1849 99.
572 1824 629 1857 ap.
653 1812 821 1847 Asinium
845 1811 951 1846 etiam
975 1813 1007 1853 1,
1028 1811 1064 1853 8,
1084 1812 1139 1845 11.
1164 1820 1185 1843 a
1209 1807 1386 1843 Cicerone
1414 1808 1523 1843 etiam
1548 1820 1657 1854 pne-
1723 1837 1728 1847 ,

155 1857 248 1890 latae
277 1857 488 1901 frequenter
517 1869 648 1894 causae
671 1862 706 1901 7,
734 1861 769 1901 2,
805 1859 862 1893 39.
895 1862 935 1890 ut
961 1857 1082 1890 theses
1108 1854 1214 1889 etiam
1238 1854 1418 1898 simplices
1440 1858 1488 1899 7,
1525 1857 1586 1899 10,
1614 1845 1654 1891 ρ5.

157 1912 304 1937 somnos
323 1903 426 1937 etiam
440 1909 475 1938 et
486 1904 547 1938 illa
566 1915 633 1949 per
643 1904 801 1949 quietem
808 1903 889 1939 visa
899 1906 956 1945 12,
967 1903 1045 1946 1‚6.
1062 1901 1176 1937 verba
1191 1902 1403 1945 vultumque
1418 1905 1568 1945 tantum,
1581 1912 1658 1937 non
1724 1899 1728 1904 ’

157 1948 265 1983 etiam
290 1949 445 1984 animum
470 1950 504 1990 6,
527 1953 563 1994 2,
587 1951 645 1985 26.
671 1949 716 1992 cf.
740 1953 774 1993 7,
792 1948 828 1991 4,
846 1949 905 1984 35.
939 1950 1009 1983 Per
1032 1959 1071 1982 se
1096 1948 1270 1988 deforme,
1293 1947 1358 1983 vel
1378 1957 1454 1981 non
1475 1947 1515 1982 in
1537 1954 1656 1990 coetu,

155 2005 321 2031 vomere:
359 1995 399 2030 in
422 2001 548 2040 coetu,
574 1996 715 2030 etiam
743 2006 840 2030 non
863 1994 1010 2040 populi:
1045 1992 1353 2038 populi‚.etim
1385 2004 1476 2028 non
1504 1993 1658 2028 Romani
1705 2012 1725 2033 ,v

156 2043 192 2085 8,
216 2039 252 2084 4,
278 2043 314 2076 8.
339 2047 386 2076 et.
422 2043 523 2076 nullo
557 2043 700 2077 colente
724 2045 760 2086 2,
786 2043 844 2086 19,
870 2045 905 2076 2.
936 2041 1008 2075 Sed
1033 2038 1199 2076 elevandi
1223 2050 1337 2086 genus
1361 2045 1417 2074 est
1439 2039 1547 2074 etiam
1570 2051 1657 2074 cau-

155 2099 275 2121 sarum
312 2087 441 2122 relatio
474 2089 510 2132 6,
538 2090 573 2132 3,
602 2092 658 2124 77.
693 2094 816 2132 aptare
852 2093 899 2122 et.
925 2086 1127 2122 orationem
1154 2085 1264 2128 locis,
1302 2085 1544 2130 temporibus,
1572 2096 1658 2130 per-

157 2134 256 2168 sonis
283 2139 338 2168 est
361 2135 520 2178 ejusdem
546 2134 689 2170 virtutis
713 2135 748 2179 6,
775 2137 808 2178 5,
840 2136 896 2168 11.
921 2139 1075 2168 metrum
1097 2132 1136 2166 in
1158 2131 1281 2167 verbis
1303 2133 1434 2175 modo,
1467 2132 1658 2176 rhythmus

155 2186 203 2214 et.
237 2180 275 2213 in
300 2180 463 2225 corporis
485 2187 586 2216 motu
610 2188 664 2215 est
687 2182 732 2224 9,
756 2180 801 2224 4,
827 2182 882 2216 50.
921 2180 1038 2214 coitus
1074 2184 1121 2214 et.
1159 2178 1377 2223 syllabarum
1407 2187 1486 2212 non
1510 2178 1658 2224 ¹negabo

155 2227 198 2269 9,
224 2225 266 2269 4,
293 2228 349 2262 59.
385 2226 555 2263 tractavit
585 2234 632 2262 et.
670 2238 813 2261 omnem
845 2227 923 2261 fere
957 2224 1156 2259 studiorum
1185 2222 1370 2258 materiam
1401 2225 1466 2266 10,
1503 2227 1545 2268 1,
1578 2224 1660 2260 129.
1697 2216 1702 2222 ’
1726 2233 1728 2238 ’

158 2283 265 2316 quam
295 2273 435 2317 omnia,
470 2279 518 2308 et.
546 2285 637 2319 quae
663 2272 894 2308 delectationi
920 2272 1112 2308 videantur
1130 2271 1240 2313 data,
1280 2269 1325 2302 ad
1349 2269 1542 2305 victoriam
1574 2281 1659 2314 spe-

156 2323 255 2352 ctent
280 2321 335 2361 10,
363 2323 399 2363 2,
427 2323 483 2354 27.
511 2319 540 2354 si
565 2320 644 2354 illas
672 2321 739 2363 (res
767 2321 899 2353 divinas
926 2317 1005 2361 etc.)
1033 2317 1064 2351 ii
1091 2318 1281 2358 docerent,
1312 2314 1391 2359 qui
1417 2316 1559 2350 etiam
1582 2316 1660 2351 elo-
1726 2346 1728 2351 .

157 2364 218 2407 qui
242 2365 542 2406 praestantissime
568 2370 717 2411 possent
741 2368 797 2409 12,
821 2368 857 2408 2,
880 2365 916 2401 9.
949 2375 1030 2398 cum
1058 2368 1107 2397 et.
1132 2363 1203 2396 hoc
1226 2372 1340 2408 genus
1366 2361 1524 2396 simulari
1542 2361 1660 2396 litium
1710 2396 1725 2406 .-.

156 2412 270 2443 soleat
301 2413 365 2454 11,
403 2415 444 2454 1,
478 2413 534 2447 56.
571 2417 771 2456 praestatur
797 2412 867 2445 hoc
895 2409 1085 2454 aliquando
1114 2413 1161 2442 et.
1196 2406 1426 2455 dignitatibus
1453 2410 1496 2446 ib,
1521 2408 1581 2443 67.
1611 2405 1658 2449 qs.

157 2457 215 2497 11,
240 2457 275 2497 3,
306 2459 384 2490 170.
412 2465 475 2491 etc.
499 2459 652 2493 fortasse
676 2457 768 2492 sicut
796 2456 1024 2497 scribebant,
1050 2453 1234 2495 etiamtS
1242 2467 1275 2497 p.
1302 2453 1351 2487 ita
1375 2453 1507 2496 etiam)
1529 2455 1660 2499 loque-

157 2501 288 2534 bantur
312 2503 347 2543 1,
370 2505 404 2544 7,
431 2505 486 2537 13.
525 2515 623 2538 cum
646 2503 882 2538 mutationum
909 2503 1013 2536 castis
1036 2501 1187 2543 habeat,
1222 2500 1363 2534 etiam
1395 2498 1560 2534 similiter
1578 2500 1659 2534 -de-
1719 2503 1728 2533 ’-,“

111 2570 118 2573 ⁷
157 2546 249 2580 sinat
272 2547 308 2588 9,
333 2547 366 2588 3,
393 2548 449 2581 85.
485 2550 645 2594 Ideoque
677 2549 774 2584 docti
810 2547 989 2583 rationem
1021 2545 1264 2590 componendi
1297 2545 1516 2592 intelligunt,
1551 2545 1658 2579 etiam
1718 2554 1728 2582 ⁴,

156 2591 293 2627 indocti
320 2594 540 2636 voluptatem
563 2597 599 2636 9,
623 2595 658 2638 4,
686 2596 775 2639 116;
807 2594 996 2638 Antiphon
1020 2603 1203 2637 quoque
1240 2597 1277 2626 et
1300 2591 1498 2625 orationem
1523 2590 1658 2634 primus
1702 2604 1707 2614 ·

157 2637 322 2683 scripsit,
354 2644 390 2672 et
426 2638 539 2673 nihilo
574 2641 691 2674 minus
727 2649 812 2684 etc.,·
848 2640 989 2675 etiam
1027 2639 1236 2684 Polycrates
1271 2648 1333 2669 —:
1373 2641 1409 2670 et
1441 2636 1658 2671 Theodorus
1715 2667 1728 2676 ,

157 2692 218 2719 etc.
243 2687 277 2727 3,
309 2687 341 2726 1,
372 2686 425 2717 11.
457 2684 500 2725 cs.
526 2686 560 2728 5,
587 2689 643 2730 13,
669 2687 723 2722 16.
762 2683 920 2720 clausula
945 2686 1129 2730 quoq'tie
1165 2695 1186 2719 e
1214 2685 1284 2719 tlon
1308 2681 1339 2716 is
1362 2681 1563 2717 firmissima
1589 2687 1656 2725 est,
1722 2683 1728 2696 ⁴

155 2732 219 2766 sed
253 2731 418 2765 claudent
458 2729 598 2764 etiam
634 2733 692 2774 (α.
727 2737 749 2767 ι.
776 2733 837 2775 et)
871 2733 1002 2777 breves
1030 2732 1075 2775 9,
1106 2728 1153 2774 4,
1183 2731 1230 2766 93
1292 2753 1302 2764 .
1339 2741 1384 2762 cr.
1425 2727 1463 2762 in
1495 2727 1658 2775 apologis
1688 2778 1693 2779 ⁷
