1728 3002
14 2035 19 2038 .
2 1884 34 1972 '‘ffq:
3 1826 21 1873 *KR
30 1807 34 1815 -

847 123 977 169 Ratio
1592 123 1671 163 761
1705 125 1709 135 ‘

189 249 271 284 fera
291 245 439 282 habebit
463 242 616 290 aliquam
640 252 671 276 r.
697 243 738 286 1,
760 241 804 286 5,
826 242 884 278 53.
918 239 964 283 ej:
988 241 1032 284 8,
1055 240 1091 283 6,
1115 239 1174 276 90.
1200 237 1236 281 4,
1260 239 1297 281 2,
1324 235 1404 273 104.
1428 241 1469 272 ut
1491 235 1677 289 tpnunj1-

190 295 267 338 hd,
290 293 387 339 qnod
407 292 447 327 in
470 301 510 325 se
532 301 563 325 r.
589 299 663 323 non
686 288 805 332 babet,
827 298 901 323 non
922 286 962 322 in
985 285 1127 321 ratione
1152 290 1319 319 versetur
1340 286 1397 327 10,
1422 286 1458 326 7,
1484 286 1540 318 12.
1564 289 1604 316 ut
1627 284 1676 325 ld,

191 341 290 386 qnod
312 339 506 386 fingemus,
537 334 743 371 credibilem
765 334 1005 369 rationem
1028 338 1066 368 et
1089 331 1303 367 ordinem
1328 330 1457 364 habeat
1479 328 1525 373 4,
1549 332 1592 371 2,
1621 332 1678 364 89.

190 385 446 432 probationes,
473 392 565 427 quae
587 380 792 416 credibilem
819 392 849 415 r.
873 380 1068 422 subjectam
1092 379 1223 412 habent
1251 378 1286 420 5,
1312 378 1368 419 12,
1390 378 1447 411 13.
1469 376 1523 410 sic
1542 376 1680 409 haben-

194 433 242 466 da
266 437 321 466 est
346 428 563 465 auctoritatis
580 437 626 470 r.,
653 437 699 460 ne
723 434 784 460 eto.
810 427 844 469 6,
870 429 904 469 1,
929 425 986 461 34.
1010 425 1208 460 inseremus
1232 422 1451 467 expositioni
1474 428 1510 456 et
1533 422 1680 456 brevem

196 476 537 512 defensionem
569 479 604 508 et
637 478 716 507 rat.
755 473 927 506 sactorum
950 470 990 515 4,
1013 474 1060 515 2,
1089 471 1167 506 108.
1200 470 1372 503 luminum
1405 469 1682 513 umbrarumque

194 523 378 559 invenisse
403 532 433 556 r.
458 523 514 563 12,
539 521 594 562 10,
617 517 654 553 4.
682 519 725 552 ad
746 518 956 555 varietatem
981 527 1165 552 causarum
1190 527 1220 551 r.
1245 516 1414 549 mutanda
1434 520 1488 549 est
1513 518 1568 559 10,
1589 518 1624 557 7,
1645 518 1682 550 3.

197 579 341 604 omnem
363 566 525 603 veritatis
546 564 780 610 inquirendae
804 575 835 599 r.
864 564 994 599 omittit
1016 565 1060 606 6,
1083 566 1128 606 2,
1155 563 1190 598 6.
1214 560 1259 603 cs.
1286 565 1328 604 2,
1355 565 1411 605 12,
1437 564 1492 595 11.
1523 561 1682 595 contenti

195 614 372 651 rationem
394 615 495 657 plura
521 611 733 657 quaesituris
755 612 947 645 ostendere
970 612 1005 654 5,
1033 611 1089 651 10,
1112 611 1170 644 31.
1196 613 1364 653 percepta
1388 608 1500 641 semel
1523 606 1685 641 imitandi

194 670 228 696 r.
252 662 288 704 7,
316 662 373 702 10,
395 661 430 695 9.
452 669 508 701 r.,
533 668 603 703 qua
624 658 692 691 ista
714 656 922 692 exercitatio
944 656 1092 691 inventa
1115 654 1181 698 sit,
1205 663 1277 688 non
1301 653 1491 698 pervident
1513 655 1547 696 2,
1575 655 1630 696 10,
1652 657 1686 688 7.

194 717 315 759 neque
341 717 391 740 ex
415 704 493 740 aliis
517 703 608 738 locis
629 715 659 738 r.
683 709 971 750 argumentorum
998 702 1036 736 in
1054 703 1121 736 hac
1145 706 1247 746 parte
1270 699 1344 745 peti
1368 705 1486 744 potest
1510 701 1543 742 5,
1571 702 1625 743 13,
1651 703 1685 734 1.

194 751 307 797 judici
338 762 369 786 r.
405 755 547 785 nostrae
578 749 835 784 moderationis
866 748 1013 794 probari
1044 748 1151 783 debet
1176 748 1240 790 11,
1272 750 1313 789 1,
1341 747 1401 781 68.
1430 747 1521 780 haec
1551 757 1622 779 una
1653 756 1685 780 r.

195 796 380 844 proposita
408 802 462 831 est
483 797 681 831 servandae
703 795 878 840 pecuniae
901 797 946 838 4,
969 798 1013 839 2,
1037 795 1094 830 18.
1118 793 1236 838 aliqua
1258 791 1407 828 vivendi
1430 803 1461 826 r.
1484 793 1688 836 quaerenda

196 849 253 879 est
274 844 310 886 6,
332 843 390 877 Pr.
418 841 472 876 14.
500 847 570 877 rat.
591 843 743 876 fortasse
769 853 844 876 non
868 842 1029 885 reddam,
1057 840 1208 892 sentiam
1234 849 1314 873 esse
1339 837 1467 872 melius
1490 839 1525 881 9,
1547 838 1583 880 4,
1608 840 1688 873 119.

198 889 256 969 ἑ
273 888 934 980 2³.⁷gz1}.9·.3;.?;.{³;.¹533553gss¹2⁰3
952 885 1688 976 {¹5¹3}‘ffl“zffff⁸3.{·’.f¹¹¹.23.3222.⁵2111¹33

199 979 358 1015 oriminis
381 983 426 1022 7,
454 981 496 1021 1,
525 982 579 1012 11.
610 989 642 1012 r.
668 978 886 1013 defensionis
910 989 997 1012 suae
1021 977 1175 1012 reddidit
1205 979 1270 1018 11,
1298 980 1339 1019 1,
1365 977 1423 1012 69.
1447 981 1488 1010 ut
1515 976 1690 1010 libertatis

198 1031 345 1060 nostrae
367 1036 396 1060 r.
415 1025 586 1059 reddatur
606 1026 651 1059 ib.
674 1025 733 1060 67.
757 1036 786 1059 r.
812 1024 937 1058 mortis
959 1023 998 1057 ἰῑι
1020 1028 1146 1057 senatu
1171 1022 1287 1057 reddit
1310 1025 1351 1063 7,
1375 1022 1421 1066 4,
1443 1023 1500 1058 39.
1534 1023 1581 1056 ad
1603 1023 1690 1057 red-

201 1072 354 1107 dendarn
376 1081 408 1105 r.
430 1070 528 1105 vitae
553 1073 617 1113 12,
641 1071 685 1114 7,
710 1073 742 1104 1.
765 1070 904 1105 reddita
930 1081 996 1104 cur
1016 1069 1055 1103 id
1077 1069 1138 1103 fiat
1155 1080 1185 1103 r.
1211 1072 1246 1111 2,
1269 1067 1305 1111 4,
1333 1070 1388 1102 12.
1421 1067 1465 1110 cs.
1490 1068 1525 1108 6,
1547 1070 1582 1111 3,
1608 1071 1687 1103 112.

197 1123 334 1152 remota
356 1128 387 1151 r.
404 1116 555 1150 honesta
580 1119 636 1158 12,
661 1119 695 1159 1,
719 1118 777 1152 39.
801 1127 883 1151 cum
905 1115 1098 1161 eloquendi
1119 1126 1149 1150 r.
1170 1113 1325 1162 ingressi
1348 1125 1469 1148 sumus
1489 1117 1548 1158 12,
1570 1115 1629 1149 Pr.
1650 1117 1686 1149 3.

200 1163 307 1198 altius
335 1162 451 1197 omnis
485 1161 539 1196 rei
572 1163 766 1206 repetenda
795 1174 826 1197 r.
850 1167 905 1202 est
926 1163 972 1206 6,
997 1164 1043 1205 2,
1065 1164 1100 1196 2.
1139 1160 1200 1205 qni
1230 1160 1434 1205 reposcenti
1462 1160 1573 1194 filium
1598 1161 1690 1204 patri

200 1210 302 1244 velut
323 1208 497 1242 rationem
519 1207 799 1252 impendiorum,
833 1218 1020 1252 exponens
1047 1225 1092 1234 —
1119 1207 1206 1240 dicit
1229 1210 1268 1249 1,
1291 1208 1358 1250 ,10,
1383 1207 1439 1241 18.
1472 1217 1552 1240 cum
1576 1207 1688 1241 ratio-

199 1265 284 1290 nem
305 1253 392 1288 facti
414 1259 688 1298 reposcerentur
712 1255 747 1298 6,
773 1256 807 1294 3,
832 1256 888 1289 10.
917 1254 981 1289 vel
1003 1258 1128 1288 contra
1153 1258 1316 1296 receptas
1340 1252 1627 1297 persuasion
1641 1265 1688 1287 es

199 1299 442 1336 rationem
461 1299 564 1344 sequi
585 1301 620 1342 2,
643 1301 678 1343 8,
702 1300 736 1334 6.
762 1301 849 1333 duas
873 1311 903 1334 r.
930 1299 1031 1344 sequi
1056 1302 1090 1342 1,
1112 1302 1147 1340 2,
1175 1302 1208 1333 2.
1234 1298 1279 1340 cs.
1307 1301 1340 1341 1,
1365 1299 1398 1341 5,
1426 1299 1485 1333 63.
1515 1301 1548 1342 1,
1573 1301 1608 1342 7,
1634 1300 1690 1334 16.

200 1347 237 1386 3,
259 1346 296 1389 6,
322 1346 380 1382 29.
404 1344 456 1381 sio
478 1345 655 1379 rationem
676 1346 761 1389 (Sp.
781 1345 957 1390 rationes)
978 1351 1106 1390 sponte
1130 1346 1235 1390 quad.
1260 1350 1454 1390 sequantur
1475 1343 1576 1390 (audi
1599 1347 1689 1379 Sub-

197 1391 325 1436 iectum
348 1398 612 1434 argumenta
635 1404 677 1425 ex
701 1394 966 1426 antecedentibus
986 1391 1145 1427 varietas
1171 1397 1479 1438 argumentornm3
1507 1396 1550 1426 Ζ.
1569 1393 1687 1436 conjic.

199 1437 384 1482 sequatur)
407 1438 442 1478 5,
466 1439 521 1477 10,
545 1439 612 1472 125
637 1438 682 1472 Ν.
700 1446 731 1472 et
750 1439 788 1472 S.
818 1437 847 1471 si
873 1438 951 1482 quis
976 1449 1007 1472 r.
1036 1438 1200 1482 subjiciat
1223 1438 1257 1481 5,
1284 1437 1340 1481 14,
1363 1440 1422 1472 21.
1449 1437 1495 1479 cs.
1513 1439 1548 1479 9,
1572 1439 1607 1480 3,
1629 1437 1689 1474 94.

200 1494 282 1520 esse
311 1495 393 1518 eum
418 1482 594 1527 (par-tem)
620 1483 810 1529 aliquando
835 1484 1119 1529 simplicem,
1150 1484 1342 1528 aliquando
1369 1483 1509 1518 ratione
1533 1484 1689 1528 subje-

202 1535 273 1564 cta
295 1531 332 1572 8,
359 1532 394 1571 5,
415 1527 452 1564 4.
477 1528 525 1570 qs.
550 1532 582 1571 1,
605 1530 642 1570 9,
665 1531 698 1565 3.
723 1531 760 1572 4,
783 1529 819 1573 4,
846 1532 880 1565 8.
912 1536 948 1564 et
974 1531 1018 1564 ad
1046 1530 1269 1575 propositum
1295 1531 1455 1573 subjecta
1475 1541 1519 1572 r.,
1542 1536 1578 1563 et
1603 1530 1690 1564 item

200 1574 240 1608 in
267 1574 461 1608 distributis
489 1575 670 1618 supposita
702 1575 786 1619 (fig.
812 1588 869 1619 ap.
901 1578 998 1617 Cic.)
1023 1577 1068 1620 9,
1094 1579 1132 1618 l,
1159 1575 1214 1610 34.
1245 1575 1292 1616 ff.
1316 1577 1358 1618 9,
1384 1578 1426 1617 3,
1450 1576 1508 1610 93.
1543 1575 1607 1609 uni
1635 1576 1691 1610 rei

159 1648 163 1650 ,
200 1620 391 1664 multiplex
415 1630 446 1654 r.
470 1620 695 1666 subjungitur
719 1624 762 1662 9,
786 1623 829 1664 3,
855 1622 912 1656 96.
945 1621 990 1662 cs.
1014 1623 1053 1664 5,
1079 1620 1144 1663 14,
1168 1620 1204 1655 4.
1229 1621 1444 1655 elocutionis
1468 1633 1498 1655 r.
1523 1622 1693 1655 tractabi-

200 1677 280 1700 mus
298 1668 334 1709 8,
357 1666 415 1699 Pr.
433 1665 489 1700 13.
511 1676 580 1699 nec
603 1666 817 1700 rationes
840 1677 908 1700 nec
937 1668 1154 1710 exempla
1179 1668 1321 1701 tradere
1347 1668 1381 1710 5,
1409 1669 1464 1710 13,
1492 1668 1547 1702 16.
1574 1667 1690 1702 viam

203 1712 334 1756 quand.
370 1716 476 1754 atque
505 1710 742 1745 rationem
766 1713 906 1746 tradere
931 1715 970 1755 5,
994 1715 1036 1755 1,
1060 1715 1094 1747 3.
1126 1722 1200 1746 non
1228 1712 1313 1757 quia
1336 1712 1512 1747 rationem
1533 1713 1692 1756 videbat,

203 1758 268 1791 sed
290 1756 327 1790 id
351 1757 521 1791 valetudo
547 1756 625 1800 ipsa
646 1764 812 1804 coegerat
835 1761 878 1801 2,
907 1761 972 1800 17,
1001 1760 1035 1793 9.
1082 1757 1131 1803 b)
1157 1765 1231 1802 post
1257 1762 1486 1802 Praepositi..-
1518 1760 1610 1794 haec
1638 1761 1692 1793 ad

204 1801 379 1848 propositi
400 1801 472 1836 mei
497 1813 528 1836 r.
552 1803 647 1848 legat
669 1805 714 1846 9,
740 1807 787 1846 2,
811 1807 845 1837 1.
878 1804 940 1837 alii
963 1814 1110 1848 omnes,
1133 1810 1362 1848 quotcunque
1385 1805 1457 1838 sint
1476 1811 1692 1850 temporum,

205 1849 302 1892 qnod
326 1849 379 1881 ad
402 1859 432 1881 r.
459 1848 513 1891 (a.
535 1851 558 1882 1.
579 1849 796 1892 orationem)
822 1849 998 1893 pertineat
1026 1850 1112 1894 (Sp.
1138 1861 1231 1894 quae
1254 1868 1299 1875 —-
1322 1850 1555 1894 pertineant),
1580 1862 1694 1895 paeo-

202 1905 268 1928 nas
292 1895 470 1938 appellant
492 1893 529 1936 9,
551 1890 587 1937 4,
609 1894 656 1929 96
676 1895 724 1933 N.
749 1901 915 1930 contra
936 1907 968 1930 r.
992 1907 1122 1931 causae
1144 1896 1396 1940 superstitione
1419 1902 1694 1941 praeceptorum

204 1940 297 1974 trahi
320 1939 358 1981 4,
381 1942 416 1981 2,
439 1940 498 1974 85.
524 1939 658 1985 figurae
683 1960 730 1967 -—
753 1947 878 1975 contra
897 1941 1148 1976 rationem
1166 1943 1252 1987 (Sp.
1278 1942 1403 1986 fidem)
1427 1943 1598 1987 loquendi
1624 1955 1694 1977 au-

207 1985 438 2020 ctoritate
469 1990 634 2020 veterum
666 1992 833 2031 receptae
854 1986 898 2028 4,
922 1991 965 2031 2,
991 1989 1060 2023 118
1078 1991 1120 2022 Ζ.
1154 1989 1239 2022 dum
1268 1988 1345 2033 ipse
1382 1989 1503 2024 omnia
1535 2000 1693 2023 secun—

206 2033 311 2065 dum
342 2042 373 2065 r.
401 2031 421 2063 f
482 2030 528 2064 rit
562 2033 607 2074 2,
632 2034 699 2075 17,
730 2033 789 2068 25.
823 2035 1019 2069 secundum
1051 2033 1228 2068 rationem
1260 2046 1382 2069 rernm
1408 2051 1455 2059 —-
1476 2034 1694 2069 animorum-

206 2088 276 2122 que
309 2076 391 2110 habi
477 2077 734 2113 conformanda
766 2089 843 2114 vox
876 2085 931 2114 est
962 2082 1026 2123 11,
1050 2082 1092 2122 3,
1125 2079 1183 2115 45.
1221 2082 1349 2124 quaed.
1381 2082 1636 2115 secundum
1663 2093 1694 2114 r.

203 2133 328 2206 ggmxjrn
360 2122 568 2167 adjecerunt
591 2125 635 2168 3,
657 2127 701 2170 2,
723 2127 758 2160 3.
784 2126 893 2160 rebus
917 2127 996 2160 sub
1019 2127 1126 2162 eand.
1151 2137 1182 2161 r.
1208 2126 1439 2163 venientibus
1471 2129 1540 2162 010.
1563 2129 1610 2171 5,
1635 2129 1692 2170 10,

273 2181 286 2203 Λ
310 2193 320 2203 0

255 2258 295 2301 ζ)
327 2261 444 2312 Alglat.
480 2258 529 2302 a)
551 2261 764 2312 simpliciter.-
797 2273 910 2297 cura
931 2263 1174 2310 Protogenes,
1205 2263 1395 2298 ratione
1420 2262 1626 2308 Pamphilus
1650 2275 1694 2298 ac

208 2306 446 2347 Melanthius,
468 2306 637 2340 facilit
649 2307 726 2340 ate
749 2306 955 2352 Antiphilus
983 2315 1036 2343 est
1055 2309 1376 2354 praestantissimus
1395 2313 1451 2353 12,
1475 2311 1530 2351 10,
1548 2311 1582 2344 6.
1603 2321 1695 2354 quae

209 2351 391 2385 simodica
411 2350 626 2398 obtigerunt,
649 2359 799 2396 possunt
815 2359 883 2388 rat.
895 2354 1055 2399 ampliari
1079 2357 1136 2389 Pr.
1147 2358 1206 2389 27.
1230 2357 1400 2389 mundum
1421 2355 1538 2399 ipsum
1556 2357 1696 2390 ratione

211 2396 294 2440 (Sp.
320 2399 416 2431 inser.
447 2395 542 2440 ejus)
569 2409 650 2432 esse
676 2399 935 2444 compositum,
961 2412 1068 2444 quam
1089 2407 1214 2445 postea
1241 2401 1286 2435 sit
1310 2402 1391 2445 lyra
1411 2401 1548 2435 imitata
1570 2405 1612 2445 1,
1635 2404 1695 2445 10,

211 2444 256 2494 12
278 2443 315 2475 S.
340 2449 621 2495 sermo-constat
641 2445 841 2488 ratione,
869 2453 1046 2482 vetustate
1071 2454 1134 2481 etc·
1157 2447 1395 2482 Rationem
1417 2453 1573 2491 praestat
1589 2459 1696 2492 prae-

211 2498 316 2531 clplle
340 2490 523 2535 analogia,
546 2499 802 2535 nonnunquam
825 2497 860 2525 et
883 2492 1100 2538 etymologia
1125 2496 1158 2536 1,
1185 2494 1220 2535 6,
1246 2496 1279 2527 1.
1305 2494 1404 2538 quod
1424 2494 1564 2528 ratione
1593 2494 1697 2528 colli-

172 2575 185 2590 ·
212 2533 309 2587 gitur
331 2537 376 2577 7,
399 2536 442 2577 8,
470 2536 504 2569 3.
540 2535 628 2569 falsa
662 2536 760 2571 veris
793 2537 921 2571 similia
944 2537 1140 2585 geometria
1161 2550 1192 2573 r.
1221 2539 1454 2584 deprehendit
1478 2543 1521 2583 1,
1550 2541 1611 2582 10,
1638 2541 1696 2575 39.

211 2580 298 2615 inde
322 2581 367 2614 ad
388 2580 449 2624 id,
472 2582 569 2624 quod
594 2581 724 2616 extolli
749 2585 916 2618 volumus
938 2596 969 2618 r.
996 2584 1136 2619 ducitur
1157 2586 1200 2627 8,
1223 2584 1268 2628 4,
1293 2586 1350 2620 15.
1382 2585 1471 2619 nihil
1501 2587 1615 2620 adhuc
1641 2587 1698 2618 fa-

211 2631 308 2660 ctum
330 2637 410 2660 esse
431 2638 464 2661 r.
489 2627 537 2671 6,
563 2626 610 2670 5,
632 2630 669 2663 ¹7.
705 2630 801 2672 quod
827 2631 1029 2674 exponebat
1059 2635 1097 2665 et
1116 2642 1148 2664 r.
1176 2630 1264 2666 fecit
1289 2631 1480 2674 credibile,
1513 2637 1550 2666 et
1571 2632 1698 2666 affectu

213 2681 357 2716 qnoque
374 2671 538 2725 implevit
552 2672 591 2725 4,
609 2677 646 2716 2,
665 2676 734 2708 110
745 2679 788 2709 Ζ.
816 2682 938 2710 carent
963 2682 1032 2710 art
1044 2688 1083 2720 e,
1107 2675 1262 2722 ideoque
1277 2684 1361 2712 sunt
1383 2677 1636 2722 disciplina
1661 2682 1696 2709 et

211 2722 300 2753 rat.
317 2717 370 2763 (α.
390 2722 415 2753 1.
437 2718 644 2765 disciplinae
662 2720 866 2767 traditione)
883 2722 1063 2759 formandi
1082 2726 1138 2768 11,
1157 2726 1193 2768 3,
1210 2724 1255 2761 61
1271 2726 1320 2760 Ν.
1338 2736 1373 2760 υ.
1394 2725 1698 2768 Praeceptum.
