1728 3002
156 186 238 227 658
654 179 940 238 Philosophor
967 207 1023 214 —
1052 182 1230 250 Pistum⁸

203 298 334 338 talem,
363 296 574 330 rationalem
599 298 656 340 12,
680 299 717 340 2,
740 298 797 331 10.
825 294 871 338 cs.
901 297 936 340 6,
961 300 997 340 2,
1020 298 1056 333 8.
1084 309 1154 343 qua
1177 298 1318 334 ratione
1339 310 1380 335 se
1402 299 1590 334 Lucretius
1613 299 1700 335 dicit

206 348 395 388 praecepta
417 342 665 388 philosophiae
689 342 848 377 carmine
873 354 952 378 esse
975 346 1204 388 complexum
1241 347 1276 390 3,
1305 348 1338 388 1,
1361 344 1456 385 4‚N.
1478 356 1549 381 nec
1576 346 1719 393 ignerat

206 388 452 434 philosophiae
478 387 716 432 (grammatice
736 397 843 434 potest
868 389 961 435 esse)
987 393 1021 433 1,
1044 389 1080 434 4,
1104 390 1138 425 4.
1186 391 1276 436 phil.
1308 390 1466 426 simulari
1495 398 1616 436 potest
1643 395 1701 436 12,

206 439 268 479 3,·
287 438 342 469 12.
389 435 652 480 philosophiam
676 446 725 471 ex
747 437 914 481 professo
944 437 1210 473 ostentantibus»
1236 441 1294 482 11,
1329 441 1364 482 1,
1398 440 1456 473 33.
1505 439 1604 474 Idem
1633 438 1704 480 (L.

210 479 376 526 Crassus)
403 481 613 524 confitetur,
648 493 690 516 ea
713 482 784 526 jam
808 494 887 517 esse
911 494 932 516 a
961 483 1050 527 phil.
1078 485 1234 528 petenda
1258 484 1303 529 (ι’.
1329 497 1357 518 e.
1383 496 1470 530 quae
1502 486 1546 519 de
1578 497 1702 530 aequo,

205 529 314 571 justo,
346 539 451 570 vero,
483 530 565 562 bono
590 528 785 571 dicuntur),
816 528 987 564 videlicet
1023 530 1106 574 quia
1140 531 1253 576 magis
1283 531 1372 565 haec
1399 529 1453 564 illi
1488 529 1633 565 videtur
1663 531 1702 564 in

207 573 435 656 ⁹⁰⁸⁸e⁵⁸iffie
460 585 583 609 earum
605 585 726 609 rerum
749 574 863 611 fuisse
886 579 943 619 12,
966 579 1002 620 2,
1030 577 1064 612 5.
1086 577 1126 611 in
1148 576 1376 623 philosophia
1401 585 1526 622 parum
1551 575 1704 624 diligens

163 646 460 722 Phil’ositphor.
506 676 567 722 qui
589 677 729 712 beatam
753 677 867 715 vitam
889 678 1017 715 vivere
1037 680 1151 724 volet,
1188 679 1462 725 philosophetur
1493 680 1637 724 oportet
1667 679 1705 723 5,

210 722 267 767 14,
289 726 344 758 13.
391 723 714 768 philosophandum
737 730 793 759 est
815 725 849 765 5,
879 727 935 770 10,
961 727 1019 761 70.
1054 725 1093 760 in
1114 726 1250 762 scholis
1272 725 1603 772 philosophantium
1642 726 1704 770 (a.

210 774 232 805 ῑ.
254 769 574 814 philosophorum)
600 773 656 814 12,
682 772 715 814 3,
737 774 782 806 12
804 773 854 806 N.
879 785 926 806 cr.

163 815 502 872 PhssOSOPhUS·a]
532 828 623 862 Nam
643 833 741 863 certe
765 828 1088 874 philosophos
1112 829 1174 866 etc}
1199 829 1318 865 dicam
1343 829 1392 875 (S
1399 843 1435 874 p,
1460 828 1492 864 si
1515 826 1706 874 physicos)

210 876 244 917 2,
268 873 324 917 14,
351 873 375 906 4
396 874 443 908 Ν.
472 887 517 907 cr.
544 881 576 908 et
601 875 636 908 S.
685 875 730 909 ab
752 875 971 919 Aristotele,
1011 886 1152 911 summo
1175 877 1252 920 ejus
1285 876 1410 911 aetatis
1442 876 1503 920 ph.
1528 877 1561 919 1,
1587 877 1621 918 1,
1645 875 1705 909 23.

209 931 291 954 cum
315 919 567 964 philosophum
593 919 738 964 dicunt,
773 922 846 956 hoc
867 921 982 968 accipi
1003 924 1156 966 volunt,
1186 923 1320 958 bonum
1356 922 1477 958 virum
1499 923 1536 964 2,
1563 922 1622 964 21,
1647 920 1706 957 12.

209 967 311 1011 phil..
336 965 398 1010 qui
421 967 509 1000 deos
533 976 640 1013 agere
661 978 783 1001 rerum
814 969 1049 1008 humanarum
1084 980 1205 1003 curam
1235 974 1409 1018 negarent
1441 966 1486 1012 5,
1517 967 1567 1011 6,
1598 967 1623 1002 ’3
1655 967 1706 1000 N·

208 1012 297 1057 phil.
325 1012 498 1047 inferiora
522 1012 640 1047 omnia
666 1013 864 1059 praeceptis
890 1014 963 1049 suis
988 1015 1138 1050 credunt
1165 1016 1201 1059 5,
1222 1017 1280 1060 11,
1306 1016 1365 1054 39.
1411 1011 1709 1056 administrationi

210 1059 313 1103 reip.,
339 1070 360 1092 a
384 1070 454 1103 qua
480 1059 686 1106 longissime
709 1060 789 1104 isti,
823 1060 885 1105 qui
909 1061 996 1105 phil.
1022 1067 1221 1104 vocantur,
1250 1066 1479 1096 recesserunt
1501 1060 1559 1104 11,
1589 1062 1624 1102 1,
1648 1058 1707 1094 35.

211 1115 284 1139 non
305 1104 440 1139 virtute
465 1115 506 1140 ac
530 1105 668 1149 studiis,
693 1112 733 1140 ut
758 1107 976 1142 haberentur
997 1107 1215 1152 philosophi,
1238 1105 1458 1150 laborabant,
1482 1106 1547 1140 sed
1567 1105 1709 1141 vultum

211 1157 246 1185 et
271 1150 467 1195 tristitiam,
501 1151 767 1187 dissentientem
795 1165 816 1187 a
841 1154 972 1188 ceteris
995 1154 1154 1188 habitum
1179 1155 1340 1198 pessimis
1362 1152 1522 1188 moribus
1545 1156 1710 1196 praeten-

211 1198 342 1230 debant
365 1199 421 1231 Pr.
451 1197 507 1232 15.
554 1198 874 1244 philosophos
905 1199 958 1234 uti
991 1201 1235 1235 rhetorum
1269 1201 1401 1244 armis,
1438 1209 1514 1233 non
1546 1197 1619 1232 suis
1651 1199 1709 1240 12,

211 1247 245 1286 2,
270 1245 303 1277 5.
330 1254 404 1276 non
427 1254 471 1277 eo
495 1244 671 1288 pertinet,
703 1250 743 1279 ut
767 1257 846 1280 esse
882 1252 1124 1281 oratorem
1153 1245 1486 1291 philosophum
1519 1243 1632 1279 velim
1663 1245 1708 1276 ib.

210 1289 245 1323 6.
292 1287 335 1332 β)
361 1291 466 1323 Genii.
481 1303 492 1323 .·
527 1290 607 1333 quis
632 1290 926 1335 philosophorum
951 1298 1011 1326 aut
1033 1292 1071 1326 in
1093 1292 1234 1334 iudiciis
1263 1294 1451 1338 frequens,
1474 1294 1536 1325 aut
1556 1290 1597 1324 in
1619 1298 1710 1323 con-

210 1333 366 1368 tionibus
390 1335 506 1368 clarus
532 1335 602 1368 fuit
627 1339 682 1378 12,
707 1340 739 1377 2,
763 1341 795 1372 7.
845 1338 1021 1381 exemplis
1044 1338 1156 1372 utitur
1189 1337 1320 1382 philos.
1357 1340 1376 1378 (
1387 1335 1483 1378 Cic.)
1515 1336 1550 1379 5,
1589 1337 1647 1376 10,
1674 1334 1709 1371 6.

211 1380 363 1424 quidde
385 1379 473 1423 phil.
499 1381 649 1424 loquor,
684 1393 834 1425 quorum
873 1384 957 1416 fons
989 1383 1067 1427 ipse
1102 1384 1268 1417 Socrates
1302 1386 1336 1426 1,
1373 1385 1430 1425 10,
1467 1383 1522 1416 13.
1561 1391 1582 1413 a
1619 1379 1708 1424 phil.

208 1426 376 1467 lectione,
392 1431 431 1459 ut
448 1432 568 1459 essent
581 1428 691 1460 multa
707 1427 810 1461 nobis
829 1430 982 1472 petenda
1005 1448 1052 1454 —
1067 1428 1157 1463 vitio
1176 1430 1312 1463 factum
1329 1433 1384 1462 est
1404 1425 1508 1472 [alio]
1526 1431 1710 1461 oratorum

213 1475 269 1514 10,
298 1475 330 1512 1,
357 1473 413 1506 35.
460 1471 542 1505 libri
568 1472 685 1516 phil.
710 1474 897 1507 sententiis
923 1477 1165 1518 poetarum
1191 1474 1316 1508 referti
1341 1474 1375 1516 5,
1411 1476 1468 1517 11,
1493 1473 1539 1508 39
1567 1474 1614 1505 N·
1648 1470 1711 1516 qui

210 1518 296 1562 phil.
323 1516 468 1551 nomine
492 1517 584 1552 niale
613 1524 761 1553 utuntur
783 1523 818 1563 2,
851 1521 907 1561 16,
941 1521 973 1555 5.
1021 1519 1428 1565 philosophorum
1462 1519 1712 1557 consulto-

210 1575 380 1607 rumque
407 1563 595 1607 opiniones
618 1565 739 1612 legere
765 1569 823 1608 12,
852 1569 908 1609 11,
935 1569 991 1600 17.
1025 1577 1100 1599 non
1127 1577 1148 1599 a
1171 1566 1259 1610 phil.
1284 1565 1417 1600 scholis
1440 1564 1582 1601 virtutis
1605 1574 1713 1608 prae-

212 1615 314 1654 cepta
338 1615 545 1654 peterentur
568 1612 625 1644 Pr.
657 1614 714 1645 17.
762 1612 1059 1656 philosophorum
1085 1612 1250 1656 quibusd.
1285 1613 1423 1646 nullum
1457 1610 1602 1646 videtur
1629 1621 1713 1644 esse

210 1657 385 1699 verbum,
423 1658 518 1700 quod
540 1667 615 1690 non
638 1658 741 1701 plura
765 1657 942 1705 significet
966 1661 1002 1701 7,
1028 1659 1064 1701 9,
1102 1661 1136 1692 1.
1185 1658 1222 1702 y)
1243 1656 1283 1692 id
1305 1663 1416 1691 unuin
1441 1656 1574 1704 epilogi
1578 1666 1710 1736 a§Remis

211 1702 328 1738 visum
353 1707 406 1735 est
430 1702 655 1747 philosophis
679 1704 758 1737 fere
775 1704 953 1747 omnibus,
978 1704 1038 1748 qui
1056 1705 1101 1749 de
1126 1706 1202 1738 arte
1221 1703 1377 1738 oratoria
1393 1703 1563 1747 scriptum
1626 1702 1714 1747 qnid

209 1748 431 1793 reliquerunt
453 1749 488 1791 6,
512 1751 545 1791 1,
570 1752 593 1783 7
607 1762 616 1791 ;
653 1750 757 1793 apud
784 1761 875 1795 quos
903 1752 1031 1796 (phil.)
1057 1750 1135 1785 vitii
1159 1747 1243 1784 loco
1267 1752 1322 1784 est
1345 1746 1439 1784 affici
1461 1750 1506 1782 ib.
1544 1756 1635 1793 quae
1666 1747 1713 1781 ad

210 1795 318 1839 phil.
346 1800 452 1838 atque
477 1800 701 1829 oratores
725 1797 904 1839 pertinent
924 1800 980 1840 12,
1008 1799 1064 1839 11,
1092 1799 1151 1831 22.
1196 1796 1292 1831 inter
1313 1796 1400 1841 phil.
1430 1795 1633 1829 reddendus
1658 1798 1714 1828 est

213 1844 270 1884 10,
292 1843 326 1884 1,
342 1843 407 1883 753
433 1841 593 1884 paulatin
617 1853 638 1875 a
663 1841 900 1888 philosophis,
923 1855 966 1878 ac
985 1842 1142 1877 maxime
1159 1842 1304 1886 Stoicis,
1334 1846 1459 1876 auctus
1475 1846 1529 1875 est
1544 1850 1713 1874 numerus

209 1886 385 1930 (partium
412 1886 600 1932 orationis)
630 1889 662 1929 1,
687 1886 722 1932 4,
750 1890 806 1926 19.
853 1895 1056 1935 quanquam
1093 1887 1266 1924 tractetur
1298 1900 1320 1923 a
1351 1883 1439 1933 phil.
1467 1886 1574 1921 latius
1609 1886 1715 1931 (apte

210 1935 341 1966 dicendi
373 1935 490 1974 locus)
522 1936 578 1977 11,
603 1936 637 1976 1,
667 1934 700 1968 5.

165 1977 428 2021 PhonaSCUS·
474 2000 549 2024 non
573 1989 708 2037 magia,
745 2002 854 2035 quam
881 1992 1067 2036 phonasco
1091 1991 1199 2032 (satis
1226 1991 1320 2035 esi),
1345 1989 1458 2033 acutis
1482 1986 1628 2035 tantum,
1653 1993 1715 2022 ant

210 2035 363 2078 mediis,
397 2040 457 2069 aut
481 2036 651 2082 gravibus
675 2037 798 2080 so'nis,
830 2044 891 2072 aut
913 2039 1042 2086 horum
1067 2038 1173 2072 etiam
1197 2036 1382 2082 particulis
1410 2037 1651 2087 excellere-2,
1676 2036 1712 2078 8,

211 2083 266 2117 15.
312 2092 398 2116 cura
431 2091 506 2115 non
540 2083 619 2117 ead.
660 2083 956 2127 oratoribus,
996 2079 1088 2130 qua'e
1121 2083 1408 2128 phonascis,
1450 2086 1622 2122 convenit
1656 2083 1713 2126 11,

209 2131 253 2171 3,
294 2129 337 2163 19
356 2140 449 2173 seqq.

164 2182 355 2226 Phrasis.
395 2195 523 2229 Macer
546 2199 583 2229 et
604 2195 793 2232 Lucretius
816 2196 961 2244 legendi
987 2196 1151 2242 quidem,
1187 2198 1252 2232 sed
1288 2183 1363 2231 non
1394 2199 1434 2230 u't
1468 2188 1637 2241 phi-asin,
1673 2193 1711 2228 id

212 2247 289 2284 est,
319 2252 448 2286 corpus
473 2242 700 2286 eloquentiae
723 2243 858 2278 faciant
883 2246 937 2286 10,
962 2246 996 2287 1,
1019 2245 1076 2279 87.
1108 2243 1152 2285 cf.
1183 2247 1240 2287 10,
1266 2246 1300 2287 1,
1324 2243 1370 2277 42
1395 2241 1433 2277 S.

163 2286 388 2340 Physicus.
434 2298 686 2346 Anaxagorae
702 2299 846 2346 physici
861 2302 918 2344 12,
934 2303 969 2345 2,
995 2303 1053 2335 22.
1080 2313 1114 2335 v.
1140 2301 1307 2336 Philos
1321 2311 1344 2334 ο
1357 2301 1488 2344 phus-

164 2342 321 2384 PiCtOI'-
346 2356 432 2390 clari
451 2356 609 2401 pictores
626 2359 683 2400 12,
695 2359 751 2401 10,
761 2359 794 2392 3.
814 2369 848 2401 p.
866 2357 1051 2392 clarissimi
1073 2359 1107 2400 5,
1122 2361 1177 2401 12,
1190 2361 1249 2393 21.
1270 2370 1307 2402 p.
1325 2356 1492 2402 penicilla
1509 2353 1711 2398 (desidet-ai)

209 2403 244 2442 2,
269 2403 328 2444 21,
351 2401 409 2436 24.
456 2409 491 2436 et
518 2414 566 2446 p.‚
592 2414 675 2436 cum
707 2403 748 2439 vi
786 2403 871 2437 artis
904 2416 989 2439 suae
1023 2403 1154 2446 efficit,
1197 2409 1235 2437 ut
1268 2405 1442 2448 quaedam
1475 2402 1635 2437 eminere
1670 2400 1710 2435 in

209 2456 339 2488 opere,
374 2449 500 2492 quaed.
527 2449 718 2483 recessisse
750 2451 959 2494 credamus,
995 2449 1072 2494 ipse
1107 2461 1150 2483 ea
1178 2452 1286 2494 plana
1314 2461 1394 2484 esse
1425 2459 1501 2483 non
1534 2446 1709 2490 nescit'2,

209 2492 266 2533 17,
294 2495 350 2525 21.
398 2494 478 2538 quis
502 2494 619 2537 pictor
642 2495 781 2538 omnia,
824 2507 914 2540 quae
955 2496 995 2530 in
1027 2507 1147 2530 rerum
1179 2502 1307 2535 natura
1351 2501 1457 2538 sunt,
1497 2494 1710 2527 adumbrare

209 2536 331 2570 didicit
360 2542 395 2582 7,
423 2543 479 2583 10,
506 2541 541 2575 9.
590 2540 744 2584 pictores
769 2552 880 2585 opera
902 2542 1062 2586 priorum
1091 2541 1129 2575 in
1153 2544 1361 2586 exemplum
1384 2542 1566 2575 intuentur
1589 2540 1646 2579 10,
1671 2541 1708 2582 2,

207 2584 242 2659 ἓ.
264 2583 407 2636 quidam
430 2597 462 2628 p.
489 2585 530 2664 lin
548 2586 592 2667 ἑά
631 2589 747 2622 solum
783 2589 949 2631 student,
983 2593 1023 2621 ut
1053 2587 1256 2622 describere
1290 2588 1428 2622 tabulas
1459 2583 1635 2619 mensuris
1666 2585 1709 2618 ac

222 2638 311 2660 mels
336 2637 450 2663 sciant
475 2634 487 2663 i
509 2657 518 2665 .
573 2658 581 2666 .

158 2669 190 2711 P
192 2671 340 2712 ictum·
370 2685 399 2727 I)
425 2699 504 2721 ars:
538 2701 629 2733 quae
643 2687 764 2732 (artes)
778 2690 910 2733 operis,
934 2691 1030 2734 quod
1043 2690 1157 2725 oculis
1175 2670 1370 2733 subjicitur,
1399 2685 1707 2722 consummatione

203 2728 309 2762 finem
333 2731 531 2775 accipiunt,
563 2736 677 2778 ‹suaiis
704 2741 757 2769 est
786 2747 819 2778 p.
846 2739 882 2779 2,
908 2737 965 2779 18,
988 2739 1022 2770 2.
1046 2736 1166 2770 floruit
1189 2736 1284 2770 circa
1307 2733 1508 2778 Philippum
1533 2737 1568 2767 et
1589 2740 1704 2777 usque

205 2775 249 2808 ad
273 2786 500 2813 successores
527 2779 726 2815 Alexandri
749 2781 888 2825 pictura
923 2781 1116 2824 praecipue
1151 2784 1217 2825 12,
1250 2783 1315 2824 10,
1349 2779 1385 2817 6.
1432 2788 1507 2814 non
1539 2783 1635 2814 esset
1668 2786 1704 2820 Ρ.
