1728 3002
139 188 221 231 154
594 181 922 227 condimentum
949 207 1007 217 ——
1035 184 1220 230 Confero

177 301 269 345 justa
293 304 480 342 natura,
511 299 574 333 sed
603 298 888 334 condicione
922 304 1179 345 temporum
1212 300 1352 337 inutilia
1373 304 1432 346 12,
1463 304 1497 345 1,
1525 299 1584 337 41.
1619 301 1664 344 cs.
1725 304 1728 306 ’

177 349 214 390 4,
241 349 274 389 1,
301 348 356 381 57.
388 347 444 388 11,
469 347 503 387 3,
531 347 598 380 137
610 358 619 388 ;
666 357 746 379 cum
772 347 842 380 hoc
865 345 1013 382 vivendi
1037 348 1134 381 nulla
1157 349 1261 382 cond.
1285 354 1340 383 est
1360 349 1403 392 9,
1426 350 1468 392 3,
1486 349 1544 384 95.
1580 359 1669 384 ver-

177 404 282 427 suum
307 392 450 436 propria
475 393 579 425 cond.
607 397 660 425 est
685 393 720 434 9,
744 390 786 434 4,
815 390 886 434 84ς
934 403 1012 436 pro
1041 393 1252 428 condicione
1275 405 1461 430 causarum
1486 395 1521 438 3,
1547 395 1582 438 6,
1609 394 1666 429 15.

174 449 257 485 pro
291 439 395 472 cond.
426 438 597 482 cujusque
630 437 701 471 litis
739 442 798 471 aut
826 437 1014 484 litigatoris
1043 441 1086 482 5,
1111 443 1154 482 7,
1179 439 1237 474 24.
1279 440 1530 482 secundum
1559 441 1664 475 cond.

177 483 503 521 controversiarum
528 486 594 528 10,
621 487 638 517 1
653 510 663 527 ,
688 486 746 519 71.
785 495 856 518 sec.
883 486 987 520 cond.
1012 485 1278 530 propositorum
1300 485 1348 530 (a
1383 490 1406 521 1.
1428 486 1603 528 -tionum)
1629 487 1665 530 6,

177 535 200 566 2
240 534 296 565 17.
1500 543 1513 549 ³

131 558 476 619 Coitdimentum.
500 584 625 621 'velut
658 586 790 630 quodd.
822 586 975 632 simplex
1006 587 1179 623 orationis
1206 589 1312 624 cond.
1335 590 1379 633 6,
1400 590 1448 633 3,
1473 589 1529 625 19.
1564 589 1666 625 velut

176 644 323 678 asperso
344 633 498 677 quodam
518 633 624 666 cond.
651 633 686 675 9,
713 634 747 675 3,
771 631 806 665 4.

129 678 310 722 condio.
359 689 389 723 si
411 701 480 733 qua
504 689 610 724 etiam
635 688 860 736 ambiguitate
884 689 1048 724 conditur
1070 688 1292 736 (urbanitas)
1314 691 1349 735 6,
1364 693 1400 735 3,
1418 691 1477 728 96.
1517 689 1663 726 nimium

110 762 119 767 -
172 737 316 773 condita
349 736 462 770 oratio
496 738 557 779 11,
583 738 627 778 3,
658 737 734 771 182.
775 746 846 779 quo
880 735 963 780 quid
998 742 1051 771 est
1086 742 1212 771 natura
1243 737 1354 785 magis
1379 748 1560 782 asperum,
1591 737 1664 772 hoc

172 783 334 829 pluribus
349 781 586 816 condiendum
604 787 658 815 est
671 781 914 826 voluptatibus
932 784 965 825 5,
984 782 1040 825 14,
1056 783 1112 817 35.
1143 794 1163 816 a
1179 782 1355 818 Cicerone
1370 785 1422 818 sic
1441 789 1496 819 est
1509 781 1663 817 Fabricii

170 831 234 865 illa
257 830 343 875 fuga
366 827 509 862 condita
535 829 576 871 5,
600 829 645 872 3,
671 826 729 863 40.
773 829 967 864 verbonun
994 828 1105 876 gratia
1130 829 1353 864 extrinsecus
1385 829 1586 864 condienda
1607 833 1663 863 est
1696 857 1702 861 .

197 878 218 910 2
258 878 302 910 10
340 876 396 909 38.

125 879 471 975 an’disc'ipulus.
520 934 554 975 1,
577 931 693 974 2,’26.
715 934 756 974 72,
780 934 815 975 2,
842 933 898 965 12.
937 930 1263 977 condiscipulorum
1288 930 1438 966 imitatio
1459 934 1497 975 2,
1519 932 1556 975 3,
1580 932 1637 966 10.

125 977 355 1020 condisco.
395 989 498 1023 eand.
524 988 756 1035 gracilitatem
781 988 863 1023 stilo
887 987 1034 1036 exigere
1063 989 1268 1024 condiscant
1301 991 1335 1034 1,
1359 990 1395 1032 9,
1418 991 1454 1022 2.

125 1034 346 1077 Conditor.
386 1044 527 1079 urbimn
550 1046 754 1080 conditores
777 1049 812 1087 2,
839 1047 895 1088 16,
923 1047 957 1080 9.
985 1049 1020 1090 3,
1046 1050 1080 1089 2,
1101 1045 1135 1081 4.
1163 1047 1272 1081 urbes
1300 1044 1546 1082 conditoribus
1572 1043 1661 1080 sffe-

166 1100 251 1128 runt
273 1093 413 1126 laudem
440 1094 474 1134 3,
502 1095 537 1133 7,
563 1093 618 1126 18.
654 1097 708 1125 est
732 1091 974 1126 conditoribus
999 1093 1141 1126 urbimn
1166 1092 1318 1136 infame,
1349 1091 1570 1127 contraxisse
1593 1091 1660 1125 ali-

168 1151 275 1184 quam
309 1137 549 1182 perniciosam
583 1137 712 1171 ceteris
743 1143 885 1184 gentem
917 1140 960 1172 ib.
986 1141 1043 1173 21.
1088 1138 1214 1183 Crispe
1237 1138 1473 1186 Jugurthinae
1495 1137 1661 1173 conditor

165 1184 338 1220 historiae
367 1187 479 1226 Epig
492 1197 519 1217 r.
557 1185 592 1224 8,
621 1186 656 1226 3,
680 1185 737 1218 29.
768 1182 814 1224 cs.
840 1186 896 1226 12,
926 1186 983 1226 11,
1007 1186 1067 1218 23.
1104 1195 1171 1228 pro
1201 1190 1396 1230 parente
1431 1189 1486 1218 est
1507 1182 1660 1219 condi-

168 1237 243 1266 tor
270 1229 414 1273 (urbis)
438 1231 473 1272 3,
498 1233 533 1271 7,
557 1230 614 1263 26.

120 1277 282 1322 Condo.
331 1285 361 1328 Ι)
386 1288 626 1320 Romanorum
651 1284 786 1329 primus
818 1284 978 1319 condidit
1012 1284 1130 1330 aliqua
1159 1285 1210 1320 in
1242 1286 1336 1320 hanc
1365 1284 1548 1320 materiam
1581 1283 1658 1329 (sio

164 1348 249 1370 omn.
285 1334 415 1375 Cedat,-
455 1334 522 1375 Sp.
546 1333 615 1365 hac
638 1331 745 1374 mat.)
778 1331 830 1364 Μ.
856 1330 943 1365 Cato
976 1332 1016 1373 3,
1043 1335 1082 1373 1,
1111 1333 1155 1367 19
1179 1336 1222 1366 Ζ.
1266 1333 1415 1366 alterum
1441 1330 1528 1365 illud
1551 1331 1659 1366 etiam

163 1381 262 1426 prius
297 1379 426 1412 satirae
460 1389 572 1424 genus
605 1377 763 1412 condidit
798 1376 990 1411 Terentius
1031 1377 1149 1412 Varro
1181 1380 1245 1421 10,
1273 1380 1310 1420 1,
1334 1378 1396 1413 95.
1433 1377 1658 1412 conditorum

163 1424 369 1462 Chalcidico
393 1435 503 1459 versu
526 1424 722 1458 carminum
747 1425 803 1467 10,
833 1426 866 1467 1,
891 1423 948 1458 56.
1001 1422 1054 1468 11)
1080 1426 1105 1458 ἱ.
1130 1437 1161 1469 q.
1190 1428 1394 1458 occulto.-
1421 1422 1542 1470 gladio
1566 1434 1657 1458 con-

163 1473 238 1507 dito
262 1474 297 1513 8,
318 1472 377 1509 Pr.
403 1471 458 1506 15.

118 1518 337 1562 conduco.
382 1528 414 1567 Ι)
440 1539 551 1561 unum
573 1526 611 1561 in
634 1528 752 1561 locum
776 1524 951 1560 conduxit
973 1525 1134 1561 breviter
1154 1525 1438 1570 propositionem
1460 1531 1498 1561 et
1519 1537 1652 1560 assum-

162 1576 298 1610 tionem
322 1573 356 1616 5,
383 1571 438 1615 14,
462 1575 497 1609 9.
591 1574 638 1616 ΙΙ)
663 1573 700 1607 Si
725 1572 923 1617 portorimn
947 1571 1094 1606 Rhodiis
1115 1573 1276 1606 locare
1298 1572 1489 1607 honestum
1511 1577 1592 1615 est,
1618 1577 1657 1606 et

161 1620 438 1657 Hermocreonti
476 1621 736 1654 conducere
768 1622 853 1653 Cic.
879 1618 918 1661 5,
954 1621 1019 1660 10,
1049 1617 1105 1653 78.
1151 1617 1321 1662 judicium
1351 1619 1396 1652 de
1429 1619 1599 1653 locato·
1618 1623 1655 1652 et

163 1668 398 1703 conducto
421 1664 456 1708 4,
480 1669 514 1705 2,
541 1666 597 1700 61.
635 1665 855 1709 [conductus
880 1670 934 1698 est
957 1676 1083 1699 caecus
1109 1675 1212 1698 secus
1236 1663 1333 1699 viam
1356 1670 1452 1699 stare
1485 1665 1523 1708 8,
1544 1666 1581 1708 2,
1607 1666 1656 1699 20

164 1716 210 1749 N.
247 1726 278 1746 v.
309 1710 520 1756 Caecus]
614 1713 682 1755 111)
704 1711 788 1755 quid
813 1711 881 1744 sibi
903 1710 1058 1745 maxime
1085 1711 1302 1745 conduceret
1325 1713 1382 1753 11,
1407 1713 1441 1754 1,
1466 1713 1522 1744 12.

118 1759 316 1802 confero·
357 1770 399 1813 Ι)
416 1773 551 1813 proprie
576 1767 613 1812 α)
633 1772 653 1803 1'.
673 1782 703 1812 q.
728 1771 766 1801 in
793 1771 984 1814 aliquem
1009 1772 1150 1801 locum
1175 1779 1356 1809 congero
1373 1781 1384 1800 .·
1408 1764 1442 1809 a)
1467 1767 1652 1802 11788ΐο8-

119 1846 123 1850 .
161 1817 257 1852 tibus
290 1816 390 1850 cibos
425 1826 489 1850 ore
526 1826 592 1849 suo
626 1816 776 1849 collatos
805 1814 1004 1858 partiuntur
1036 1816 1077 1856 2,
1110 1814 1155 1856 6,
1179 1816 1224 1855 7;
1275 1813 1442 1847 conferre
1470 1812 1653 1847 materiam

162 1874 308 1898 omnem
335 1864 455 1905 decet,
485 1868 673 1906 antequam
696 1861 816 1895 dicere
841 1859 1021 1894 ordiamur
1045 1861 1080 1902 3,
1105 1860 1140 1902 9,
1166 1860 1201 1893 8.
1226 1857 1266 1892 in
1289 1858 1356 1901 iis,
1384 1869 1474 1902 quae
1497 1859 1654 1903 scripse-

161 1909 290 1951 rimus,
327 1910 428 1943 velut
453 1919 607 1942 summas
639 1908 689 1941 in
720 1905 1011 1941 commentarium
1040 1911 1076 1939 et
1103 1904 1222 1948 capita
1244 1905 1411 1939 conferre
1434 1906 1500 1947 10,
1526 1907 1652 1947 7,.32.

161 1968 195 1991 v.
221 1955 595 1992 Commentarius,
635 1965 727 1998 quae
750 1953 800 1987 in
822 1952 1008 1997 proximos
1035 1950 1192 1995 quinque
1215 1949 1327 1984 libros
1354 1951 1482 1984 collata
1508 1955 1591 1984 sunt
1614 1952 1652 1994 8,

161 2003 221 2036 Pr.
248 2005 279 2035 1.
323 2001 367 2042 cs.
392 2002 449 2035 25.
477 2011 675 2045 quaecunq.
707 1999 756 2033 in
785 1998 985 2033 orationem
1009 1997 1138 2031 collata
1162 2002 1244 2030 sunt
1267 1999 1309 2038 3,
1333 1999 1378 2040 3,
1403 1998 1458 2030 10.
1498 1995 1580 2032 ἰίεᾱ.
1603 1995 1652 2031 in

161 2048 322 2082 ultimam
352 2053 489 2091 partem
516 2046 655 2081 collatis
681 2047 724 2088 9,
748 2047 790 2088 3,
817 2047 863 2080 77
890 2045 938 2080 Ν.
976 2049 1016 2078 ut
1040 2054 1088 2077 ex
1111 2042 1260 2089 singulis
1285 2041 1550 2087 quaestionibus
1575 2041 1652 2077 sin·-

160 2094 235 2142 guli
261 2105 386 2128 sensus
409 2093 455 2126 in
480 2092 704 2137 prooemium
722 2092 954 2125 conferantur
969 2088 1005 2132 4,
1027 2092 1060 2132 1,
1085 2091 1142 2123 23.
1171 2088 1332 2123 artifices·
1346 2090 1450 2133 plura
1471 2087 1519 2122 in
1540 2099 1650 2122 unam

160 2142 315 2175 tabulam
341 2150 449 2184 opera
476 2140 704 2173 contulerunt
727 2139 762 2180 8,
787 2139 828 2181 5,
851 2137 907 2171 26.
946 2135 1100 2180 plurium
1126 2134 1172 2168 in
1197 2147 1307 2168 unum
1330 2136 1480 2169 confero
1501 2134 1650 2172 inventa

160 2189 204 2229 3,
234 2190 275 2226 1,
302 2189 371 2227 22;
407 2197 487 2219 cum
514 2191 549 2219 et
573 2183 760 2220 Socrati
787 2184 954 2217 collatum
981 2182 1025 2216 sit
1050 2182 1095 2215 ad
1118 2181 1255 2215 victiun
1281 2183 1346 2224 12,
1370 2183 1412 2224 7,
1438 2181 1475 2216 9.
1534 2180 1577 2223 b)
1605 2182 1649 2214 de

161 2235 329 2276 pecunia.-
358 2231 643 2275 impendiorum,
673 2241 763 2274 quae
790 2229 839 2263 in
864 2227 1113 2262 educationem
1139 2226 1332 2261 contulerit
1354 2229 1388 2269 1,
1414 2227 1560 2268 1Ο,’18.
1593 2224 1649 2261 illi

158 2279 362 2322 postulant,
406 2283 444 2310 ut
474 2277 604 2311 vicena
631 2277 819 2311 conferant
852 2273 900 2318 (i.
927 2287 956 2312 e,
981 2273 1190 2317 solvant)
1224 2276 1266 2315 7,
1299 2273 1342 2313 6,
1372 2275 1406 2304 2.
1488 2270 1534 2316 β)
1561 2273 1587 2304 i.
1611 2284 1648 2316 ιι.

159 2336 379 2366 compono.-
413 2323 566 2357 hominis
595 2329 693 2356 ortus
721 2333 777 2356 ex
807 2326 962 2364 utroque
993 2319 1212 2366 gignentium
1241 2318 1425 2351 confertur
1455 2319 1500 2359 2,
1533 2317 1575 2360 9,
1609 2318 1646 2362 3.

158 2381 180 2403 e
205 2368 351 2414 singulis
376 2378 448 2401 non
473 2369 640 2402 membris
662 2369 726 2402 sed
744 2366 866 2400 frustis
889 2367 1017 2399 collata
1042 2364 1177 2408 (oratio)
1200 2364 1233 2398 8.
1258 2365 1292 2405 5,
1317 2365 1380 2404 27;
1409 2361 1551 2407 [ordine
1571 2363 1648 2396 col-
1671 2404 1674 2405 ⁷

157 2416 230 2448 lata
254 2414 472 2447 enumeratio
496 2413 530 2457 4,
556 2415 591 2458 5,
616 2418 634 2448 1
654 2415 700 2448 Ν.
730 2425 764 2447 υ.
792 2410 1020 2455 Colloco.]
1054 2411 1156 2444 velut
1178 2408 1293 2442 studia
1315 2408 1440 2442 inter
1465 2419 1532 2443 nos
1555 2418 1646 2442 con-

161 2460 363 2495 ferebamus
387 2458 421 2500 4,
449 2461 503 2492 Pr.
531 2463 563 2493 1.
616 2463 654 2504 y)
678 2462 702 2493 i.
728 2471 759 2503 q.
788 2464 1020 2491 converto.-
1052 2455 1177 2489 illuc
1205 2455 1426 2488 conferenda
1448 2459 1503 2489 est
1529 2454 1645 2488 oratio

157 2510 193 2547 7,
208 2508 243 2548 2,
259 2506 320 2546 363
350 2515 421 2548 quo
445 2516 509 2538 me
531 2505 640 2539 miser
655 2503 863 2539 conferam?
888 2502 935 2536 in
956 2500 1181 2545 Capitolilum
1206 2502 1256 2534 ad
1278 2500 1398 2534 fratris
1412 2499 1645 2546 sanguinem?

159 2554 217 2595 11,
233 2553 267 2593 3,
285 2550 362 2584 115.
398 2550 457 2593 qni
482 2561 527 2583 se
553 2552 604 2583 ad
630 2549 870 2594 eloquentiam
894 2549 1120 2581 contulerunt
1146 2550 1201 2588 12,
1220 2549 1255 2589 2,
1269 2547 1301 2581 8.
1329 2557 1410 2580 cum
1433 2557 1478 2580 se
1501 2551 1644 2579 totum
1697 2572 1706 2576 -

159 2599 212 2632 ad
236 2595 468 2630 imitationem
489 2596 706 2630 Graecorum
725 2594 931 2630 contulisset
949 2595 1004 2635 10,
1030 2595 1063 2636 1,
1080 2593 1156 2627 108.
1184 2598 1256 2626 tam
1274 2593 1435 2635 molesta,
1458 2596 1496 2624 ut
1514 2591 1643 2635 pedem

161 2643 327 2678 conferre
351 2652 430 2674 cum
456 2639 604 2687 singulis
628 2652 701 2674 non
726 2639 893 2684 expediat
917 2639 952 2682 5,
977 2640 1034 2681 13,
1060 2640 1115 2672 11.
1146 2637 1191 2678 cs.
1217 2639 1251 2679 8,
1276 2639 1311 2679 6,
1336 2639 1400 2679 51;
1450 2638 1501 2677 11)
1523 2641 1640 2671 transl.

159 2689 202 2733 α)
228 2691 251 2723 ι’.
274 2701 305 2732 q.
332 2698 557 2729 comparo.-
602 2693 721 2720 nostra
754 2691 959 2732 argumenta
988 2695 1087 2718 cum
1115 2682 1399 2718 adversariorum
1427 2682 1643 2729 argumentis

160 2734 389 2770 conferemus
418 2734 460 2774 5,
492 2734 557 2774 13,
589 2735 645 2766 12.
690 2743 802 2775 parva
825 2731 887 2765 illa
912 2750 959 2757 -——
985 2730 1016 2763 si
1048 2740 1142 2763 cum
1165 2729 1299 2764 virtute
1326 2728 1556 2763 conferantur
1585 2730 1643 2771 11,

161 2786 196 2827 1,
222 2781 279 2817 13.
312 2779 343 2813 si
366 2776 538 2823 ampliora
560 2778 673 2813 verba
697 2788 795 2813 cum
820 2775 908 2822 ipsis
932 2774 1157 2820 nominibus,
1186 2783 1253 2821 pro
1275 2774 1404 2820 quibua
1427 2786 1471 2809 ea
1494 2773 1644 2819 posituri
