1728 3002
195 203 279 243 450
833 198 1028 244 Iuventio

226 321 325 357 vtur,
358 311 420 359 qui
444 331 490 339 —
513 312 729 346 contendant
753 314 788 355 1,
812 312 846 355 5,
870 312 931 348 66.
959 322 1028 347 nec
1051 311 1257 348 invenietur
1280 325 1336 349 ,ex
1358 315 1414 350 his
1435 319 1507 353 ulle
1535 319 1720 364 (species),

188 364 201 390 ’-
246 363 284 395 in
309 369 379 405 qua
402 369 476 393 non
499 359 643 393 laudare
665 359 857 393 debeamus
870 366 931 393 etc.
959 361 994 401 3,
1018 357 1054 402 4,
1079 360 1137 395 15.
1166 366 1296 405 (plotus
1319 361 1414 396 enim
1441 365 1588 410 quisque
1616 366 1720 402 inve—

242 406 312 442 niri
335 411 407 439 tam
441 406 588 439 demens
610 410 741 448 potest,
768 405 829 449 qui
852 422 896 430 —
920 405 1119 449 speraverit
1143 408 1199 449 10,
1222 412 1257 450 1,
1283 405 1341 440 41.
1367 407 1411 448 cs.
1441 407 1534 454 ³7,'-1‚
1559 413 1614 447 38.
1641 423 1720 446 cum

211 467 217 477 “-
239 454 278 488 in
306 452 361 487 his
393 461 500 485 nemo
535 451 581 485 sit
606 451 796 495 inventus,
829 449 867 484 in
891 461 963 496 quo
991 451 1082 485 nihil
1103 451 1324 487 desideretur
1350 455 1415 498 10,
1438 458 1482 500 2,
1503 457 1539 492 9.

320 509 370 551 11)
399 509 441 542 de
463 510 556 542 novis
579 510 694 542 rebus.-
730 506 771 550 a)
796 516 887 552 quae
911 507 1049 552 priores
1071 507 1383 553 invenerunt,
1414 511 1519 546 nobis
1543 519 1625 548 sunt
1644 514 1719 549 *re-

242 555 473 601 quirenda
498 554 532 598 5,
557 556 614 597 10,
642 556 721 587 121.
742 553 813 587 illis
835 554 925 587 haec
947 554 1230 590 invenienda
1252 556 1410 600 fuerunt,
1432 553 1720 606 nobisscbgno-

240 602 411 636 scenda
437 602 504 643 12,
543 603 607 643 11,
639 602 696 633 22.
741 601 831 634 haec
855 610 929 634 non
961 607 1032 634 tam
1060 600 1266 636 inventa
1295 614 1423 647 quam,
1467 614 1551 638 cum
1580 605 1718 649 fierent,

240 649 492 683 observata
516 656 595 680 esse
618 646 653 688 8,
682 645 740 679 Pr.
767 648 821 680 12.
869 645 901 680 si
929 655 1004 680 non
1026 646 1310 682 inveniendi
1332 659 1450 692 nova,
1476 656 1512 684 at
1535 656 1632 686 certe
1653 651 1719 695 ju-

240 692 434 729 dicandi
457 692 502 726 de
525 691 708 727 veteribus
733 692 892 726 laborem
916 693 973 726 Pr.
1008 695 1043 727 2.
1068 692 1115 734 cs.
1141 696 1187 736 2,
1222 693 1262 738 5,
1287 696 1321 728 3.
1354 695 1456 738 plura
1487 702 1590 738 sunt,
1627 707 1720 741 quae

237 739 393 775 inveniri
418 743 587 783 possunt,
621 748 726 782 quam
753 749 844 782 quae
866 738 1013 773 inventa
1044 745 1126 773 sunt
1158 741 1230 783 10,4
1264 740 1309 779 6,
1354 743 1398 784 73
1441 743 1538 776 nulla
1569 742 1615 777 sit
1647 754 1717 786 ιιι-ε,

237 785 352 831 qualis
379 786 526 820 inventa
551 789 605 818 est
635 786 689 824 10,
717 785 751 826 2,
775 785 810 818 8.
836 795 856 818 a
881 795 920 818 se
944 784 1127 819 inventam
1151 785 1299 831 (legem)
1325 788 1368 828 9,
1401 789 1447 830 2,
1479 787 1538 822 54.
1581 799 1720 831 paeona

236 834 479 867 inventum
515 841 535 863 a
568 830 861 874 Thrasymacho,
911 831 1160 874 probatum
1202 833 1245 866 ab
1276 831 1470 867 Aristotele
1501 836 1542 876 9,
1581 833 1627 876 4,
1660 836 1716 870 87.

234 884 361 913 contra
384 887 488 921 qnam
516 874 783 920 (obscuritatem)
809 876 956 911 inventa
978 877 1120 920 partitio
1148 883 1202 911 est
1225 877 1271 920 4,
1311 878 1352 920 5,
1383 873 1440 913 25.
1486 879 1618 924 primas
1649 880 1718 914 sibi

234 925 431 970 positiones
457 922 622 956 invenire
647 925 690 965 1,
729 923 769 964 6,
805 925 862 956 22.
908 923 1079 956 luminum
1101 924 1375 967 umbrarumque
1401 924 1584 960 invenisse
1607 927 1719 960 ratio-

233 982 318 1006 nem
347 973 403 1012 12,
434 971 490 1010 10,
513 967 549 1003 4.
596 967 792 1002 remedium
814 967 976 1003 inveniet
999 971 1055 1012 12,
1083 970 1118 1012 8,
1148 970 1184 1004 8.
1230 973 1272 1014 β)
1303 972 1336 1002 in
1368 977 1441 1003 ane
1475 974 1646 1006 oratoria.-
1680 971 1720 1015 a)

233 1015 399 1051 invenire
422 1014 574 1058 primum
596 1014 685 1056 suit,
725 1020 850 1058 estque
871 1014 1102 1058 praecipuum
1126 1016 1192 1059 10,
1226 1017 1273 1058 2,
1309 1018 1342 1049 1.
1388 1021 1428 1050 ut
1458 1016 1721 1052 inveniant

232 1063 324 1107 ipsi,
360 1068 396 1095 et
419 1059 708 1106 intelligant
733 1059 1045 1102 (oratoressuturi)
1084 1063 1119 1102 2,
1149 1061 1183 1104 5,
1219 1063 1274 1096 13.
1323 1061 1406 1106 quia
1441 1062 1592 1106 primum
1623 1070 1719 1097 esset

234 1106 481 1149 invenire,
507 1105 636 1140 deinde
659 1106 879 1148 judicare
902 1108 936 1150 3,
960 1108 995 1150 3,
1019 1107 1052 1142 5.
1077 1105 1122 1148 cs.
1147 1110 1182 1150 7,
1207 1107 1267 1141 Pr.
1289 1106 1322 1141 4.
1351 1108 1434 1141 dum
1455 1108 1656 1152 inveniunt,
1682 1115 1718 1143 et

233 1157 317 1188 dum
341 1154 487 1187 inventa
515 1153 713 1196 ponderant
737 1153 772 1195 8,
795 1153 853 1185 Pr.
875 1155 933 1187 27.
979 1162 1051 1197 quo
1074 1164 1235 1197 quaeque
1265 1151 1304 1186 in
1328 1164 1370 1187 ea
1395 1154 1581 1197 (materia)
1607 1156 1715 1189 modo

233 1199 522 1234 invenienda
547 1209 589 1230 ac
617 1199 860 1232 tractanda
882 1198 972 1240 sint,
998 1209 1157 1243 exequar
1180 1202 1215 1241 3,
1239 1202 1272 1241 1,
1298 1202 1329 1232 1.
1354 1200 1426 1235 hoc
1447 1200 1714 1244 inveniendum,

228 1252 270 1279 ut
295 1244 456 1279 adhiberi
477 1243 590 1287 possit
612 1250 857 1289 argumentum
882 1245 917 1286 5,
944 1246 1000 1286 10,
1026 1246 1104 1280 115.
1133 1246 1261 1278 audeat
1283 1246 1375 1279 haec
1398 1252 1494 1280 aetas
1525 1246 1567 1288 (ι’.
1595 1260 1627 1283 e.
1644 1247 1663 1290 1'
1672 1260 1717 1279 u-

230 1290 450 1331 ventus),
485 1294 520 1322 et
542 1289 642 1331 plura
670 1289 852 1331 inveniat,
877 1295 911 1322 et
937 1288 1094 1323 inventis
1122 1291 1273 1336 gaudeat
1298 1294 1333 1333 2,
1359 1290 1396 1334 4,
1421 1293 1457 1327 6.
1503 1292 1635 1327 ibidem
1658 1292 1717 1326 in-

229 1337 356 1372 venire
380 1336 416 1377 9,
439 1337 475 1376 2,
503 1334 550 1368 60
580 1335 624 1367 Ν.
648 1339 688 1366 ut
710 1335 801 1367 haeo
825 1333 1082 1376 (favorabilia)
1105 1335 1328 1370 invenire
1361 1343 1398 1370 et
1421 1332 1614 1383 augere,
1650 1338 1714 1379 ita,

213 1383 326 1428 ‘quod
350 1380 477 1421 laedit,
511 1384 571 1412 aut
592 1378 738 1413 omniuo
761 1380 1001 1423 repellere
1026 1385 1086 1413 aut
1120 1385 1218 1414 certe
1257 1380 1381 1414 minu
1393 1393 1494 1425 ere,
1535 1383 1574 1416 in
1608 1393 1715 1416 causa

227 1435 283 1464 est
305 1428 342 1471 4,
369 1430 402 1468 1,
427 1429 485 1460 27.
531 1435 594 1466 ea,
630 1436 720 1468 quae
746 1425 838 1458 bene
863 1424 1011 1458 inventa
1034 1431 1137 1465 sunt,
1165 1425 1252 1460 utile
1284 1426 1386 1470 sequi
1410 1430 1466 1470 10,
1487 1430 1536 1471 Ν2,
1561 1431 1593 1462 1.
1641 1429 1714 1462 Sed

229 1480 328 1516 esto,
376 1481 493 1515 neque
525 1469 652 1504 melius
665 1495 677 1512 ,
715 1471 811 1514 quod
843 1469 1067 1513 invenimus,
1107 1482 1210 1514 esse,
1248 1483 1367 1516 neque
1399 1472 1483 1516 p‘arx
1527 1479 1583 1507 est
1617 1479 1715 1507 certe

226 1519 414 1565 proximus
438 1519 540 1551 locus
570 1518 634 1560 10,
668 1516 710 1558 5,
748 1517 782 1551 6.
828 1514 865 1558 b)
890 1527 1007 1560 neque
1032 1517 1230 1559 contraria,
1268 1518 1491 1562 communia,
1518 1520 1625 1553 stulta
1645 1518 1713 1553 in-

226 1565 425 1601 venisse
453 1562 581 1595 dicitur
604 1561 808 1606 quisquam,
846 1562 909 1595 sed
933 1572 1025 1596 non
1047 1561 1235 1596 vitasse
1258 1564 1293 1604 3,
1318 1564 1361 1605 3,
1387 1565 1422 1598 5.
1470 1575 1551 1598 cum
1584 1565 1728 1600 eodem‘

224 1613 333 1647 modo
356 1608 558 1652 credibilia,
590 1617 661 1652 quo
694 1606 960 1652 persuasibilia,
996 1606 1100 1641 etiam
1135 1617 1210 1641 uon
1235 1613 1376 1652 orator,
1407 1609 1569 1644 inveniat
1589 1613 1626 1654 2,
1654 1611 1711 1655 15,

225 1662 283 1694 17.
308 1656 354 1699 cs.
380 1658 424 1690 ib.
451 1656 507 1689 13.
555 1653 689 1698 aliquid
712 1654 845 1700 grande
871 1652 1107 1696 inveniat,
1132 1653 1194 1698 qni
1217 1664 1359 1698 semper
1381 1655 1591 1699 quaerit,
1615 1658 1711 1700 quod

222 1702 372 1738 nimium
397 1707 451 1736 est
473 1703 510 1743 2,
534 1702 590 1742 12,
616 1701 649 1734 5.
696 1699 782 1743 quid
803 1698 842 1732 hi
868 1697 1007 1743 possint
1030 1698 1069 1732 in
1092 1699 1208 1733 causis
1221 1699 1404 1744 proprium
1425 1700 1590 1736 invenire
1612 1704 1648 1745 2,
1671 1701 1708 1745 4,

221 1752 282 1786 28.
328 1754 369 1782 ut
391 1751 598 1794 argumenta
623 1745 868 1780 inveniremus
892 1747 928 1788 5,
956 1747 1013 1788 10,
1038 1747 1116 1779 120.
1143 1744 1189 1786 cs.
1215 1747 1250 1788 5,
1276 1747 1333 1788 12,
1361 1747 1398 1789 8,
1442 1746 1612 1782 materiae
1633 1758 1709 1783 non

221 1795 404 1832 inveniret
427 1791 616 1827 exordium
642 1793 698 1836 10,
723 1793 758 1834 3,
783 1790 836 1824 14.
861 1796 901 1824 ut
925 1790 1189 1834 quaestionem,
1222 1791 1434 1834 continens,
1457 1792 1708 1837 iudicationem

220 1841 447 1877 inveniamus
470 1840 505 1881 3,
534 1840 592 1880 11,
617 1837 675 1872 26.
695 1865 700 1878 ,
720 1848 779 1871 res
805 1836 1032 1871 invenire
1059 1843 1095 1871 et
1118 1837 1381 1881 disponere
1409 1839 1472 1881 10,
1515 1841 1559 1882 1,
1589 1838 1624 1872 4.
1664 1840 1708 1883 c)

221 1888 393 1923 Gerund..·
419 1884 663 1919 difficultatem
684 1881 892 1918 inveniendi
922 1885 978 1926 11,
1001 1884 1037 1924 3,
1061 1882 1118 1917 52.
1163 1882 1287 1920 inven.
1315 1882 1418 1927 copia
1441 1885 1498 1927 10,
1522 1887 1556 1928 1,
1580 1885 1638 1920 69.
1664 1890 1722 1919 ut.

220 1933 283 1980 qui
308 1932 376 1967 sibi
407 1936 443 1966 et
483 1930 576 1966 inv.
609 1934 645 1963 et
681 1927 930 1972 iudicandi
959 1927 1146 1963 vindicent
1191 1934 1331 1973 partes,
1370 1940 1518 1973 quarum
1557 1930 1728 1971 alteram,

219 1975 449 2021 τοπικὴν,
473 1977 619 2010 alteram
657 1972 870 2017 κριτικὴν
905 1979 1040 2010 vocant
1063 1974 1098 2017 5,
1127 1973 1184 2018 14,
1207 1975 1267 2011 28.
1311 1973 1488 2009 rationem
1514 1974 1728 2022 inveni-s

218 2024 329 2061 endi
358 2025 427 2066 10,
461 2023 502 2061 5.
529 2021 583 2055 19.
614 2032 648 2055 v.
680 2019 916 2064 Dispono.
961 2020 1196 2064 Eloquor.
1223 2021 1317 2055 bene
1347 2019 1636 2056 inveniendi
1670 2020 1728 2059 etz?

217 2074 311 2106 bene
335 2065 617 2104 enuntiandi
643 2065 791 2101 scientia
815 2069 850 2109 7,
874 2068 910 2109 3,
931 2068 986 2100 12.
1011 2072 1109 2100 recte
1138 2065 1213 2101 inv.
1240 2065 1631 2111 scientiaaesthetorice)
1666 2068 1702 2111 5,
1726 2094 1728 2100 .

220 2120 278 2162 10,
302 2115 368 2159 543
403 2113 540 2149 acutior
569 2119 639 2157 atq.
664 2112 820 2146 habilior
842 2113 886 2145 ad
909 2111 1163 2147 inveniendum
1185 2112 1220 2154 6,
1246 2114 1281 2156 3,
1306 2114 1362 2146 12.
1722 2109 1728 2122 ’·

345 2170 413 2214 111)
438 2172 564 2205 Panic.
587 2168 630 2212 α)
651 2170 822 2213 pleraque
845 2179 919 2203 non
941 2168 1140 2203 inventa
1163 2179 1228 2212 per
1249 2179 1331 2211 me,
1357 2168 1421 2203 sed
1443 2168 1488 2202 ab
1509 2167 1588 2203 aliis
1614 2173 1704 2203 tra-

220 2218 321 2252 dita
343 2216 542 2251 continebit
565 2214 695 2259 (tiber)
722 2217 756 2257 3,
785 2217 818 2257 1,
843 2216 876 2249 5.
903 2225 951 2248 ex
984 2213 1146 2248 omnibus
1180 2214 1375 2249 novissime
1411 2214 1560 2250 inventa
1591 2213 1703 2257 (ratio

217 2262 443 2306 declamandi)
469 2265 504 2303 2,
529 2264 585 2305 10,
610 2263 643 2295 1.
688 2260 854 2296 inventas
878 2259 975 2304 (Sp.
1000 2257 1159 2302 inventa)
1184 2260 1229 2293 ab
1251 2260 1441 2294 inventore
1470 2265 1507 2294 et
1528 2259 1706 2304 subjectas

215 2321 275 2344 res
299 2309 392 2354 (Sp.
419 2306 604 2352 subjecta)
627 2306 672 2340 ab
705 2305 947 2341 obtinentibus
974 2305 1149 2352 significat
1171 2306 1207 2347 8,
1242 2306 1278 2346 6,
1315 2306 1361 2339 23
1394 2309 1438 2339 Z.
1474 2306 1526 2350 β)
1562 2307 1597 2339 in
1629 2313 1704 2339 arte

218 2357 373 2389 dicendi.-
413 2354 610 2389 inventa
644 2350 762 2386 subito
803 2362 872 2385 nec
906 2352 1041 2385 domo
1067 2351 1219 2384 allata
1250 2349 1299 2394 4,
1339 2350 1383 2393 5,
1419 2350 1454 2384 4.
1503 2362 1575 2385 non
1606 2351 1703 2385 enim

217 2407 355 2435 tantum
380 2401 528 2435 inventa
549 2405 695 2440 tenere,
730 2402 770 2430 ut
792 2397 1018 2441 disponamus
1041 2397 1085 2438 3,
1117 2397 1157 2438 3,
1190 2398 1246 2430 10.
1293 2396 1441 2431 inventa
1473 2396 1704 2431 dimetiuntur

215 2448 259 2488 8,
290 2448 348 2480 Pr.
374 2450 430 2480 27.
457 2446 643 2479 inventum
665 2442 855 2487 praecipue
877 2442 1004 2486 probet
1027 2442 1070 2484 5,
1109 2444 1174 2485 12,
1206 2444 1263 2475 22.
1312 2442 1499 2482 adhibetur
1527 2441 1699 2486 judicium

215 2491 460 2535 inventis,
486 2488 672 2535 dispositio
695 2488 916 2533 probatis
943 2490 998 2530 10,
1027 2486 1063 2530 4,
1099 2489 1132 2522 5.
1175 2486 1331 2523 inventis
1354 2487 1429 2523 vim
1456 2487 1634 2522 afferimus
1664 2489 1688 2522 8

213 2537 273 2569 Pr.
299 2540 356 2570 21.
382 2537 428 2578 cs.
454 2539 488 2580 2,
500 2536 536 2579 4,
560 2536 594 2571 6.
617 2534 672 2569 his
686 2534 855 2577 inventis,
879 2533 1086 2568 intuendum
1100 2532 1269 2578 deinceps
1285 2541 1348 2575 <tc-
1375 2535 1410 2577 3,
1427 2536 1483 2577 11,
1502 2537 1534 2568 1.
1553 2545 1586 2567 v.
1601 2533 1647 2575 11,
1664 2545 1686 2566 α

164 2589 374 2633 Inventio-
402 2605 443 2645 α)
467 2605 660 2638 Neminem.-
685 2601 796 2638 inve
812 2601 915 2636 ntio
941 2600 1046 2646 (pars
1069 2601 1270 2643 rhetorices)
1297 2602 1331 2643 3,
1355 2602 1390 2643 9,
1414 2603 1449 2634 2.
1478 2611 1512 2637 v.
1536 2601 1678 2634 Elocu
1698 2603 1700 2605 ’

214 2647 297 2681 tio.
343 2648 603 2694 ingenium,
638 2648 757 2691 inv„
793 2648 864 2683 vis
889 2647 944 2692 (a.
971 2651 994 2680 l.
1022 2647 1278 2689 inventiones)
1306 2645 1536 2683 facilitas
1567 2646 1641 2690 (ma
1672 2649 1699 2663 ’Δ

213 2706 269 2726 ma
294 2695 326 2726 in
350 2696 503 2737 oratore)
531 2697 588 2736 10,
615 2697 650 2737 2,
678 2697 734 2727 12.
780 2693 874 2728 inv.
899 2692 1138 2737 judicium
1160 2693 1267 2727 habet
1302 2694 1358 2736 12,
1383 2693 1439 2734 10,
1471 2692 1529 2727 79.
1559 2703 1594 2725 υ.
1626 2683 1676 2724 1⁴11

210 2738 394 2773 dicium.
418 2738 493 2774 inv.
521 2751 602 2773 cum
627 2739 799 2783 imperitis
821 2751 927 2784 saepe
951 2739 1148 2773 communis
1170 2739 1205 2781 8,
1228 2740 1263 2781 3,
1289 2738 1324 2772 2.
1369 2739 1477 2771 multa
1500 2736 1540 2771 in
1562 2731 1665 2771 Asini
1687 2775 1689 2777 ¹
1726 2778 1727 2781 Ἴ

171 2786 184 2791 ’“
210 2783 375 2820 Pollione
396 2783 474 2820 inv.
502 2786 559 2829 10,
585 2788 619 2827 1,
646 2786 725 2820 113.
781 2783 1006 2822 inventio
1036 2794 1178 2829 rerum,
1220 2782 1406 2820 electio
1437 2784 1630 2822 verborum
1661 2785 1681 2816 1

1706 2836 1714 2851 1
