1728 3002
1263 167 1279 190 0

499 201 667 245 Aoerbe
696 225 751 232 —
779 200 948 244 Acriter
1243 240 1246 246 ,
1487 202 1539 241 13
1578 220 1580 222 -

53 326 92 357 et
121 319 405 356 instantiora
455 327 547 364 quaa
577 315 748 360 dicimus,
772 313 947 363 (affeetu)
971 314 1017 350 ω.
1039 311 1097 350 54.
1122 319 1332 368 argumenta
1352 313 1476 348 acria
1502 320 1540 349 et

54 367 202 408 citata
229 368 255 402 9
293 365 330 409 4,
359 367 405 400 13
429 387 440 398 .
475 363 736 411 argumentatio
768 363 938 410 agilior
969 366 1007 395 et
1039 369 1190 394 acrior
1219 365 1256 394 et
1284 359 1540 395 instantior

55 417 115 457 11,
143 415 179 456 3,
204 392 286 447 164.
321 410 479 446 acrior
506 421 550 444 ao
580 408 896 444 vehementior
916 406 1081 452 probatio
1103 407 1139 448 9,
1163 409 1200 448 2,
1221 406 1257 441 6.
1292 406 1362 440 hae
1385 406 1540 450 particu-

53 460 111 495 lae
149 457 377 502 (samniae)
406 460 631 510 proutsunt
658 465 847 503 graves,
881 464 1030 496 acres,
1063 454 1218 505 lentae
1246 459 1309 486 etc.
1339 452 1376 495 9,
1404 451 1442 495 4,
1472 454 1541 496 69ς

19 503 29 508 ‘
48 503 175 540 'animo
206 500 450 548 praesenti
481 507 519 537 et
545 499 643 535 acri
670 503 707 546 6,
731 499 768 544 4,
794 501 830 536 8.
861 498 905 542 es.
939 502 973 543 1,
996 500 1030 541 3,
1054 499 1216 551 9.acr1s
1250 508 1357 542 quam
1384 498 1542 533 maxime

55 561 143 593 cura
171 551 210 592 1,
234 551 276 593 1,
297 550 331 584 3.
363 559 482 583 acrem
511 546 745 582 intentionem
772 547 814 590 8,
838 547 880 589 2,
907 547 966 580 23.
993 555 1068 579 acn
1097 545 1214 578 studio
1244 546 1302 586 10,
1327 544 1369 587 6,
1398 543 1433 579 4.
1464 545 1542 580 acri

55 596 197 634 ratione
213 595 267 638 8,.
282 595 319 639 6,
344 595 401 630 58.
431 593 601 639 judicium
626 600 729 628 acre
761 599 1024 636 tersumque
1054 592 1111 633 12,
1142 593 1199 633 10,
1222 591 1279 623 20.
1312 589 1356 631 cs.
1383 593 1415 634 1,
1442 591 1479 634 6,
1503 593 1539 626 3.

54 639 100 676 Si
125 638 294 686 judicium
322 640 438 674 acrius
463 639 521 674 his
552 638 729 683 corruptis
758 638 927 673 adhibeas
958 639 1020 679 12,
1047 638 1108 679 10,
1134 637 1194 671 76.
1222 635 1387 670 acerrimi
1416 637 1541 681 judicii

55 686 119 728 (Ρ.
145 684 324 729 roegtziue)
347 687 383 728 8,
407 687 444 730 3,
467 685 524 719 24.
546 685 759 719 acerrimum
781 685 941 718 laborem
966 685 1023 725 10,
1047 685 1084 726 3,
1107 682 1175 724 263
1228 683 1280 735 st),
1302 684 1345 716 «le
1370 687 1538 726 personis:

55 737 269 777 praeceptor
295 742 406 766 acer
435 737 542 776 atque
571 731 766 765 subtilis
791 734 825 773 1,
846 729 884 772 4,
906 728 966 764 25.
995 734 1071 762 tum
1094 728 1283 762 modesu
1305 733 1381 762 tum
1409 740 1541 764 acres

57 780 121 813 etc.
140 787 223 812 esse
247 779 415 813 volumus
442 775 609 822 (patroni)
630 778 667 820 9,
693 776 730 820 4,
754 778 834 811 133.
858 786 959 809 acres
981 785 1087 809 senes
1114 777 1169 816 11,
1193 775 1227 815 3,
1251 775 1331 809 178.

11 818 189 864 Acerba
245 834 322 868 Nec
352 845 430 867 sum
460 834 550 868 adeo
577 839 732 868 aetatum
751 833 979 878 imprudens,
1008 836 1048 865 ut
1074 830 1276 865 instandum
1299 831 1432 866 teneris
1454 843 1543 877 pro-

58 879 155 914 tinus
178 881 308 915 acerbe
331 885 452 924 putem
474 882 510 923 1,
536 882 571 923 1,
594 881 653 913 20.

11 924 250 970 Acerbitas.
296 936 336 970 in
359 946 404 970 eo
427 935 592 980 (Lucilio)
614 936 811 970 libertas
834 936 940 979 atque
968 933 1053 968 inde
1081 931 1317 968 acerbitas
1340 939 1377 968 et
1405 935 1541 968 abun-

59 983 218 1018 dantia
248 981 359 1015 salis
393 983 448 1023 10,
475 985 508 1024 1,
535 981 582 1017 94
600 985 647 1016 -Ζ-
681 987 718 1016 et
745 979 923 1028 ingenii
955 979 1145 1024 plurimum
1173 984 1228 1012 est
1256 978 1295 1012 iu
1327 990 1372 1014 eo
1404 980 1540 1024 (Cassio

59 1027 222 1078 Severo),
268 1033 305 1061 et
339 1027 482 1061 acerb.
511 1027 619 1070 mira;
651 1046 697 1054 —
726 1028 791 1061 sed
850 1027 904 1059 lus
937 1025 1168 1060 stomacho
1201 1035 1307 1069 quam
1345 1027 1540 1061 consilio

57 1074 156 1109 dedit
176 1076 223 1108 ib.
247 1075 329 1108 117.
362 1071 409 1114 cf·
434 1075 490 1115 12,
513 1075 570 1116 10,
595 1075 652 1108 11.
689 1072 790 1118 cujus
812 1038 943 1117 gamini)
973 1070 1148 1106 acerbitas
1171 1070 1212 1104 in
1235 1069 1392 1114 catullo,
1429 1072 1541 1107 Biba-

59 1121 167 1163 culo,
187 1118 338 1155 Horatio
362 1120 420 1162 10,
446 1121 480 1161 1,
503 1119 564 1154 96.

10 1161 219 1207 Amathus·
246 1186 299 1209 ao.
323 1174 364 1208 in
384 1175 606 1209 emendando
630 1177 666 1218 2,
691 1177 726 1217 2,
748 1177 785 1209 7.
808 1173 1038 1208 Placidum
1060 1174 1227 1217 nomine,
1253 1173 1336 1219 quia
1362 1173 1394 1209 is
1418 1187 1541 1210 acer-

55 1221 137 1256 bus
160 1226 290 1256 natura
314 1226 427 1263 esset,
455 1221 647 1256 Acidum
679 1219 837 1264 (dicium)
865 1221 902 1262 6,
930 1222 964 1260 3,
988 1220 1050 1263 53;
1121 1221 1248 1254 modus
1277 1220 1368 1255 mihi
1396 1221 1540 1256 videtur

54 1266 209 1312 qnidam
225 1266 421 1309 tenendus,
447 1272 488 1300 nt
509 1278 628 1312 neque
651 1283 695 1292 -
722 1266 892 1310 quidquid
915 1271 969 1299 est
994 1266 1083 1299 illud
1110 1267 1226 1300 adhuc
1249 1268 1418 1301 acerbum
1443 1268 1482 1311 (ι’.
1508 1283 1542 1314 q.

53 1313 329 1354 inungatur-um)
362 1313 565 1356 proferatur
597 1315 664 1355 12,
693 1313 737 1355 6,
766 1315 800 1346 2.
839 1311 1008 1353 tenuis,
1049 1311 1220 1355 inanis,
1263 1323 1326 1346 ac.
1358 1314 1539 1358 pusilla,

31 1357 227 1400 11101Ιί8,
268 1356 537 1392 effeminata
566 1357 675 1404 (vox)
708 1361 767 1400 11,
802 1359 848 1399 3,
877 1360 935 1392 32.
970 1356 1109 1401 (vox),
1148 1358 1208 1392 cui
1242 1358 1374 1393 Graeci
1405 1371 1540 1395 nomen

36 1403 364 1441 ·.nnmritudinis
397 1405 592 1447 dederunt,
625 1415 732 1447 super
759 1405 904 1437 modum
930 1415 972 1437 ac
1001 1415 1116 1446 paene
1147 1410 1308 1438 naturam
1337 1405 1440 1439 vocis
1467 1408 1539 1440 hu·-

46 1457 178 1486 mme
202 1450 361 1483 acerba
383 1452 428 1483 ib.
452 1451 536 1492 169;
591 1461 645 1483 ac.
671 1449 819 1483 crimina
842 1450 877 1491 6,
904 1451 941 1492 3,
966 1452 1045 1484 100.
1077 1461 1170 1496 Ψωθ
1193 1456 1277 1484 sunt
1299 1453 1466 1487 acerba
1492 1464 1538 1487 ac

53 1495 268 1530 luctuosa
289 1495 325 1536 6,
347 1497 384 1538 2,
407 1497 465 1530 23.
490 1495 727 1530 acerbissimis
755 1495 838 1529 fatis
863 1496 905 1538 6,
930 1496 990 1529 Pr.
1017 1494 1054 1531 4.
1178 1499 1182 1503 '

7 1539 192 1582 ΑΩΘΙὛΟ·
227 1552 339 1586 verba
363 1557 576 1588 acervantur
595 1551 631 1595 9,
656 1554 691 1595 3,
712 1550 774 1586 47.

9 1595 213 1638 AoerWS·
247 1607 384 1642 etiamsi
415 1619 489 1643 non
517 1618 597 1653 per
636 1610 799 1656 gradus
833 1609 1046 1653 ascendant,
1083 1615 1206 1644 tamen
1236 1610 1338 1647 velut
1368 1621 1539 1647 acervo

30 1666 35 1670 ·
55 1653 210 1698 quodam
231 1654 432 1690 allevantur
453 1653 602 1698 (verba)
624 1656 660 1697 8,
683 1654 720 1697 4,
743 1655 802 1690 26.

7 1699 302 1744 Ασαιιῑιιιὶιιιη.
351 1711 533 1745 acetabun
568 1709 800 1756 (vocamur),
845 1711 1017 1757 quidquid
1053 1712 1162 1746 habet
1194 1711 1260 1754 (z.
1294 1714 1338 1746 «ιε
1368 1714 1538 1748 canae.-

15 1800 17 1803 .
55 1759 147 1802 abiu.
165 1756 315 1803 liabent)
337 1758 373 1800 8,
397 1758 434 1800 6,
459 1758 506 1791 35
530 1757 579 1790 Ν.
626 1775 629 1778 <

8 1800 188 1846 Acilius·
221 1814 453 1850 Placidum
473 1813 637 1857 nomine,
670 1813 754 1858 quia
776 1812 808 1848 is
833 1814 1028 1848 acerbus
1055 1819 1183 1848 natura
1205 1819 1322 1858 esset,
1346 1813 1536 1849 Acidum

52 1859 208 1904 (affetum)
231 1862 268 1904 6,
291 1863 327 1903 3,
349 1860 407 1894 53.

10 1901 153 1957 &ies-
197 1916 233 1959 1)
259 1915 394 1950 securis
421 1914 589 1959 utrinque
619 1915 755 1949 habens
793 1914 907 1949 aciem
937 1917 976 1958 1,
1009 1913 1050 1958 4,
1087 1918 1143 1948 12.
1178 1914 1307 1950 mentis
1336 1914 1538 1950 intentio

56 1965 94 1997 et
118 1962 220 1996 velut
251 1972 311 1994 ac.
339 1960 511 1993 luminum
536 1964 599 2003 11,
629 1964 664 2003 2,
697 1963 752 1995 10.
786 1961 911 2003 juvant
942 1960 1055 1994 aciem
1087 1960 1300 2004 (oculorum)
1327 1964 1386 2004 10,
1415 1964 1451 2005 3,
1478 1964 1537 1997 31.

35 2003 111 2048 ·11)
135 2007 177 2038 de
208 2009 353 2038 exera‘iu
382 2008 559 2039 instructo.-
596 2005 729 2049 duplici
756 2006 832 2040 acie
856 2007 896 2048 5,
919 2010 955 2049 7,
980 2009 1015 2040 3.
1047 2007 1124 2040 acie
1155 2006 1294 2044 directa
1313 2018 1471 2053 pugnare
1499 2010 1537 2049 2,

32 2062 42 2078 t
56 2051 117 2092 13,
140 2048 175 2083 4.
205 2049 260 2083 ire
280 2049 319 2094 iu
343 2049 455 2083 aciem
478 2056 622 2083 coactus
644 2053 680 2093 9,
707 2054 743 2092 2,
770 2052 828 2085 85.
864 2051 942 2084 acie
969 2052 1089 2093 victa,
1120 2051 1159 2085 in
1182 2064 1252 2095 qua
1274 2058 1418 2086 steterat
1439 2056 1475 2094 7,
1499 2056 1537 2096 2,

54 2095 123 2136 κς
173 2093 371 2135 transfertur
397 2095 444 2126 ad
475 2098 655 2127 certamina
685 2098 859 2129 orafionis:
898 2096 993 2129 acies
1022 2098 1115 2139 justa
1143 2096 1201 2139 (in
1220 2096 1323 2139 soro)
1353 2100 1388 2140 2,
1419 2100 1475 2140 10,
1498 2099 1536 2132 8.

9 2174 11 2176 ,
55 2140 140 2174 dnm
162 2145 230 2173 stat
258 2139 353 2173 acies
384 2138 441 2182 (in
466 2138 678 2182 alteratione)
708 2139 751 2182 6,
774 2138 816 2180 4,
842 2142 886 2174 17
909 2142 958 2174 Ν.
990 2151 1058 2174 nos
1088 2147 1241 2175 armatos
1269 2148 1364 2176 stare
1393 2142 1432 2176 in
1458 2143 1536 2178 acie

53 2184 116 2229 (de
139 2184 341 2228 oratoribus)
369 2187 427 2226 10,
451 2186 482 2225 1,
503 2185 564 2219 29.

9 2229 138 2289 Aeol·-
170 2247 210 2276 ut
230 2240 269 2275 in
293 2240 382 2275 cibis
409 2250 494 2274 acor
515 2239 592 2284 ipse
617 2239 793 2283 jucundus
813 2245 869 2274 est
890 2241 941 2281 (a.
966 2243 991 2274 1.
1014 2239 1152 2285 macor)
1175 2242 1212 2285 9,
1235 2242 1270 2286 3,
1293 2245 1352 2279 27.

9 2284 211 2341 Aequiro.
253 2297 296 2339 a)
318 2299 362 2331 de
381 2300 514 2341 opibus.-
545 2295 665 2330 dicant
689 2296 767 2330 sine
794 2296 850 2329 his
876 2295 915 2329 in
940 2297 1022 2332 foro
1046 2297 1149 2331 multi
1177 2303 1213 2332 et
1235 2300 1421 2344 acquirant
1446 2301 1535 2347 (sine

61 2342 228 2386 obieci-h
262 2344 346 2376 dum
372 2343 418 2377 sit
444 2342 661 2386 locupletior
688 2342 814 2387 aliquis
841 2341 1005 2377 sordidae
1035 2344 1164 2378 mercis
1192 2346 1392 2392 negotiator
1416 2352 1451 2392 1,
1476 2352 1535 2392 12,

58 2390 115 2422 17.
148 2388 331 2432 acquirere
361 2388 430 2422 sibi
457 2387 745 2423 benevolentiam
769 2390 804 2431 3,
827 2388 862 2430 8,
886 2391 921 2422 7.
955 2394 1134 2434 utcunque
1164 2390 1304 2426 laudem
1330 2394 1365 2435 3,
1391 2396 1448 2436 11,
1472 2397 1532 2429 25.

55 2432 204 2480 gratiam
225 2433 367 2467 dicendi
388 2439 424 2468 et
447 2433 531 2478 (Sp.
558 2433 596 2477 e)
618 2435 762 2478 paribus
786 2439 822 2468 et
847 2433 931 2478 (Sp.
961 2433 1041 2478 om.)
1065 2436 1251 2471 contrariis
1277 2449 1355 2483 acq.
1376 2440 1409 2480 9,
1432 2442 1466 2478 3,
1486 2440 1534 2475 74

54 2480 100 2512 Ζ.
121 2478 230 2530 fidem
258 2479 407 2523 acquirit
432 2479 466 2521 4,
491 2483 524 2523 1,
550 2479 611 2522 543
673 2485 842 2524 quantum
867 2479 906 2513 in
927 2479 1079 2514 infantia
1100 2489 1340 2525 praesumtum
1363 2491 1418 2518 est
1440 2492 1534 2519 tem-

52 2533 169 2567 poris,
205 2524 463 2559 adolescentiae
491 2524 684 2569 acquiritur
716 2529 748 2567 1,
777 2529 809 2568 1,
839 2526 893 2560 19.
930 2536 1020 2570 quae
1049 2527 1175 2570 justior
1205 2529 1411 2573 acquirendi
1439 2532 1532 2566 ratio

43 2568 117 2614 -th,
144 2579 250 2614 quam
277 2581 326 2604 ex
350 2570 604 2605 honestissimo.
622 2571 745 2605 labore
770 2573 827 2613 12,
851 2574 886 2612 7,
914 2573 969 2605 10.
996 2571 1086 2606 nihil
1113 2573 1297 2618 acquirere
1319 2577 1419 2609 volet
1450 2587 1532 2610 ora-

31 2614 115 2648 'ica'
133 2615 228 2650 ultra
249 2627 355 2660 quam
383 2616 467 2650 satis
495 2616 563 2651 erit
582 2619 628 2650 fh.
655 2620 711 2650 12.
746 2615 938 2660 acquisitae
970 2617 1194 2653 extrinsecus
1222 2620 1300 2663 opis
1330 2624 1366 2662 2,
1392 2622 1448 2663 16,
1475 2625 1534 2658 13.

10 2670 23 2679 ·
40 2659 158 2704 ’βχᾶε
182 2663 259 2694 aliis
285 2664 400 2700 rebus.-
434 2661 655 2707 acquisita
681 2663 852 2696 facultate
875 2668 911 2696 et
938 2664 1040 2708 quasi
1066 2664 1265 2710 reposita
1287 2667 1322 2708 8,
1345 2667 1404 2700 Pr.
1429 2667 1490 2702 29.

0 2709 183 2778 Aq'ioer·
203 2744 269 2772 3—
291 2738 332 2763 se
359 2727 398 2763 in
426 2734 535 2775 tenue
569 2729 759 2764 discrimen
786 2728 973 2766 intendere
1000 2733 1040 2774 1,
1066 2734 1105 2774 1,
1130 2731 1164 2766 5.
1193 2748 1237 2756 —
1262 2734 1391 2778 aliquid
1416 2742 1530 2768 exco-

45 2776 158 2817 gitare
172 2770 230 2818 ,5,
244 2773 306 2817 13,
329 2770 389 2810 44.
415 2785 459 2801 —
482 2775 694 2821 propulsare
718 2780 848 2822 aliquos
869 2777 905 2821 6,
929 2774 966 2820 4,
991 2778 1048 2811 11.
1072 2794 1118 2801 -
1147 2776 1241 2812 tueri
1269 2779 1410 2823 culpam
1433 2780 1468 2823 6,
1492 2779 1528 2822 4,
