1742 2964
213 203 323 244 1024

210 315 432 362 Valgius,
483 314 524 352 C.
568 318 698 358 rhetor,
743 315 938 361 discipulus

256 375 470 420 Apollodori
489 379 524 419 3,
545 377 578 419 5,
600 380 654 412 17.
679 377 719 410 In
740 376 939 421 praeceptis

255 435 471 480 Apollodori
497 435 679 469 tradendis
704 435 830 469 Latine
858 436 940 470 dili-

257 495 484 541 gentissimus
510 495 575 529 fuit
599 497 638 537 3,
667 497 684 528 1
700 520 709 538 ,
733 496 788 531 18.
825 499 939 529 Inter-

257 557 400 598 pre1a1i0
431 556 514 588 haec
540 557 664 588 Latina
689 557 811 588 citatur
833 556 878 598 3,
904 556 939 598 5,

260 616 316 647 17.
342 615 375 656 5,
403 615 457 657 10,
486 613 521 648 4.

212 672 448 717 Varenus,
479 674 521 708 L.
547 685 579 708 v.
603 672 732 708 Cicero
757 676 848 707 orat.
872 681 940 716 pro

258 732 419 766 Vareno.

212 809 259 817 ——
289 790 329 825 C.
356 797 391 825 et
414 790 480 826 Cn.
501 795 535 835 7,
563 794 595 835 1,
619 792 654 827 9.

211 866 259 876 —-
287 849 409 894 [poeta
434 853 496 895 10,
523 853 562 894 1,
585 852 631 886 89
657 850 703 884 N.
730 847 794 895 cta]

211 909 408 953 Varius,
433 911 472 944 L.
499 918 610 954 poeta.
640 911 804 943 Iudicium
822 910 864 942 de
888 919 940 951 eo,

261 969 396 1014 ejusque
421 970 582 1013 Thyeste
605 970 661 1010 10,
682 973 713 1012 1,
731 970 788 1004 98.
825 969 941 1002 Verba

259 1042 302 1062 ex
325 1029 487 1073 Thyeste
514 1030 548 1071 3,
573 1029 607 1070 8,
633 1026 691 1062 45.
717 1028 855 1061 Auctor
873 1032 939 1070 est,

256 1087 447 1135 Virgilium
480 1086 714 1133 paucissimo·
756 1085 814 1120 die
843 1096 943 1121 com-

255 1147 419 1194 posuisse
442 1158 571 1183 versus
595 1149 652 1189 10,
677 1148 709 1188 3,
733 1146 770 1180 8.

209 1206 258 1236 -‘·
286 1208 353 1254 Q.‚
378 1205 614 1242 Sucronensis
639 1207 681 1248 5,
709 1207 763 1248 12,
790 1205 848 1239 10.

211 1267 366 1303 Varro
396 1265 592 1305 Atacinus,
627 1265 666 1299 P.
705 1271 805 1308 poeta
839 1266 880 1306 1,
906 1261 941 1306 5,

260 1327 305 1361 18
326 1326 373 1359 Ν.
399 1326 578 1368 Interpres
603 1322 723 1366 operis
751 1321 858 1356 alieni
884 1324 941 1365 10,

260 1389 293 1430 1,
318 1387 377 1420 87.
412 1384 525 1418 Judic.
553 1383 595 1414 ‹Ie
623 1393 660 1414 eo
686 1383 729 1415 ib.

211 1465 257 1474 --
297 1445 350 1478 M.
394 1441 600 1476 Terentius.
644 1441 839 1483 Praecepta
881 1449 941 1472 sa-

256 1503 411 1551 pientiae
438 1501 604 1537 versibus
629 1498 773 1533 tradidit
795 1501 826 1541 1,
850 1496 886 1541 4,
903 1498 938 1532 4.

256 1566 356 1600 Liber
381 1563 452 1606 ejus
480 1561 523 1595 de
548 1559 660 1593 lnitiis
681 1557 786 1592 Urbis
805 1559 940 1591 Romae

258 1627 291 1667 1,
317 1624 351 1666 6,
378 1624 421 1655 12
438 1622 484 1655 Ν.
521 1619 657 1653 Satirae
684 1629 814 1664 genus,
843 1617 940 1661 quod

258 1694 334 1719 non
381 1682 458 1715 sola
514 1677 708 1712 carminum
764 1676 940 1712 varietate

255 1743 429 1784 mixtum,
458 1737 617 1772 condidit
643 1739 698 1780 10,
728 1739 761 1779 1,
785 1735 840 1771 95.
877 1738 940 1769 Ju-

256 1805 378 1836 dicium
404 1802 445 1833 de
472 1811 509 1835 οο
534 1800 576 1831 ib.
614 1797 681 1831 Vir
696 1797 939 1829 Romanorum

257 1858 515 1896 eruditissimus
546 1858 624 1890 ibid.
673 1857 790 1890 Paene
819 1855 940 1888 omnia

256 1920 401 1955 tradidit
439 1921 500 1960 12,
535 1919 600 1959 11,
644 1913 702 1952 24.
762 1913 937 1948 Plurimos

254 1981 369 2015 libros
402 1983 436 2012 et
472 1974 696 2010 doctissimos
738 1971 938 2017 composuit

258 2042 324 2082 10,
354 2041 394 2080 1,
421 2037 477 2072 95.
536 2035 620 2077 Ejus
654 2035 817 2078 quaedam
848 2033 937 2077 Ety-

256 2098 435 2143 mologiae
483 2093 677 2136 refelluntur
714 2095 756 2135 1,
793 2093 836 2135 6,
878 2094 936 2126 37.

257 2159 339 2201 Ejus
367 2158 408 2189 de
422 2156 546 2188 Plauto
574 2154 734 2196 judicium
756 2153 808 2191 10,
828 2154 860 2191 1,
878 2153 935 2185 99.

209 2218 388 2258 Varus,
423 2215 463 2247 L.
502 2212 722 2256 Epicureus,
775 2209 936 2244 Caesaris

255 2273 435 2320 (Augusti)
455 2274 588 2307 amicus
604 2272 639 2313 6,
664 2272 697 2313 3,
724 2271 769 2305 78
790 2270 837 2304 N.
853 2277 882 2302 et
897 2270 934 2303 S.

207 2335 447 2377 Vatinius,
474 2334 512 2366 P.
543 2331 580 2365 in
613 2341 692 2364 eum
725 2330 817 2362 salse
842 2328 936 2361 dicta

257 2393 442 2431 Ciceronis
459 2393 493 2435 6,
522 2393 557 2433 3,
580 2391 638 2424 68.
660 2391 717 2424 77.
733 2387 790 2422 84.
817 2393 935 2420 tamen

254 2456 424 2490 defensus
454 2464 474 2485 a
499 2449 674 2485 Cicerone
707 2450 770 2490 11,
803 2450 843 2490 1,
875 2448 931 2481 73.

255 2514 300 2556 cs.
341 2514 482 2549 Cicero.
523 2509 655 2544 Calvus
689 2506 727 2541 in
751 2506 934 2542 Vatinium

252 2575 287 2617 6,
317 2576 350 2615 1,
379 2574 423 2609 13
448 2570 483 2605 S.

207 2631 428 2668 Vectius.
481 2640 587 2674 quem
621 2623 935 2661 Praenestinorum

255 2701 420 2724 sermone
459 2694 638 2727 utentem,
680 2683 840 2718 Lucilius
875 2683 933 2717 in—

255 2754 408 2783 sectatur
435 2751 465 2790 1,
493 2748 526 2788 5,
555 2746 599 2780 56
627 2746 672 2779 N.

208 2808 380 2845 Venus.
403 2825 446 2832 —-
473 2806 559 2839 facit
578 2804 731 2839 Veneris
749 2804 781 2846 1,
806 2801 849 2845 6,
876 2800 930 2841 14,

979 52 1013 86 O

602 200 740 245 Index
777 200 1012 248 Nominum
1049 205 1132 248 Pro
1135 206 1346 262 priorum.

1051 330 1118 355 cur
1160 326 1293 356 armata
1336 333 1390 367 ap.
1425 321 1732 358 Lacedaemonios

1051 382 1086 423 2,
1110 379 1144 421 4,
1171 381 1216 415 26
1237 382 1284 417 N.
1320 381 1500 415 Venerem
1525 391 1630 425 quam
1656 381 1735 415 coi-

1051 444 1126 473 tum
1150 434 1286 475 dixisse
1310 440 1422 486 magis
1446 430 1550 475 decet
1574 441 1610 483 8,
1624 441 1659 483 6,
1674 439 1732 475 24.

1005 497 1292 546 Verginius,
1321 499 1465 532 Flavus.
1494 500 1604 532 rhetor
1631 501 1672 540 3,
1697 500 1733 543 6,

1050 558 1107 593 44.
1133 562 1167 603 7,
1192 558 1229 603 4,
1252 557 1310 592 24.
1338 557 1463 591 Artem
1482 557 1626 590 scholae
1653 562 1734 591 tan-

1055 625 1128 653 tum
1153 617 1355 663 composuit
1378 619 1423 660 7,
1446 614 1492 658 4,
1515 613 1563 648 40
1582 615 1647 649 Ν.’
1662 615 1736 659 ejus

1054 680 1175 712 dicium
1205 681 1259 719 11,
1286 679 1320 720 3,
1346 676 1412 710 126
1438 675 1487 709 N.
1515 686 1560 708 cr.
1606 674 1734 708 Aetate

1056 735 1267 784 Quintiliani
1290 737 1332 779 3,
1358 736 1397 778 1,
1421 736 1479 768 21.
1521 732 1736 768 Accuratius

1054 797 1195 841 scripsit
1212 798 1254 829 de
1271 801 1343 828 arie
1363 795 1527 827 rhetorica
1551 795 1594 827 ib.
1629 795 1736 827 Erro-

1053 859 1099 889 ris
1124 858 1277 899 arguitur
1302 851 1339 896 4,
1369 854 1403 895 1,
1433 853 1490 885 23.

1006 916 1192 952 Verres,
1219 925 1301 948 cum
1326 913 1510 957 peculatus
1533 919 1616 944 reus
1640 909 1736 944 Ver-

1052 985 1111 1010 res
1149 974 1292 1015 fortiter
1328 977 1365 1006 et
1407 969 1582 1004 industrie
1625 967 1734 1002 tuitus

1055 1039 1178 1068 contra
1204 1033 1334 1079 piratas
1361 1030 1517 1066 Siciliam
1544 1027 1674 1062 dicitur
1700 1028 1735 1071 5,

1056 1094 1120 1137 13,
1145 1093 1203 1128 35.
1249 1090 1339 1137 Quis
1361 1100 1429 1124 nos
1453 1090 1561 1131 ferat,
1585 1087 1618 1121 si
1639 1087 1737 1122 Ver-

1054 1163 1132 1188 rem
1158 1160 1260 1186 suem
1287 1149 1515 1185 nominemus
1534 1146 1576 1189 8,
1602 1144 1650 1188 6,
1674 1145 1736 1181 37.

1053 1229 1100 1236 -
1135 1208 1344 1246 ornamenta
1378 1205 1488 1242 sociis
1521 1203 1665 1240 abstulit
1696 1204 1735 1250 5,

1056 1274 1121 1314 11,
1145 1274 1180 1307 7.
1212 1282 1251 1305 v.
1272 1267 1456 1305 cicero.

1006 1329 1223 1364 Verrius.
1251 1331 1308 1372 11,
1334 1330 1369 1370 2,
1399 1328 1457 1361 31.

1006 1387 1254 1429 Vestinus,
1281 1387 1334 1420 M.
1359 1386 1401 1427 6,
1429 1386 1471 1426 3,
1494 1380 1542 1417 64
1568 1381 1617 1416 Ν.

1007 1445 1205 1482 Vettius.
1235 1458 1269 1480 v.
1296 1442 1531 1488 Chrysippus.

1007 1506 1044 1540 V
1056 1511 1166 1539 etto.
1179 1502 1404 1549 (Sp.Var1-0)
1419 1514 1474 1545 ap.
1487 1501 1569 1534 Cic.
1582 1501 1617 1543 8,
1626 1499 1662 1542 6,
1670 1500 1733 1535 73.

1007 1564 1190 1600 Vibius.
1230 1575 1262 1597 v.
1288 1560 1446 1605 Crispus.
1472 1558 1612 1594 Curius.

1007 1622 1283 1665 Victorius,
1323 1619 1529 1654 Marcellus.
1561 1621 1607 1653 ad
1638 1632 1733 1664 quem

1054 1690 1102 1716 est
1128 1681 1355 1715 Prooemium
1387 1682 1488 1713 totius
1521 1681 1651 1722 oper-is,-
1685 1678 1732 1722 cf.

1052 1740 1087 1784 4,
1099 1742 1156 1774 Pr.
1175 1743 1206 1774 1.
1230 1741 1323 1773 Idem
1337 1745 1608 1787 commemoratur
1622 1738 1734 1783 Epist.

1054 1802 1096 1834 ad
1115 1799 1251 1844 Tryph.
1283 1802 1316 1832 1.
1350 1799 1411 1837 l’r.
1433 1798 1468 1832 6.
1497 1797 1519 1831 6
1534 1798 1590 1831 Pr.
1612 1799 1649 1833 1.
1672 1801 1729 1842 12,

1053 1862 1110 1902 11,
1125 1861 1182 1897 31,
1209 1858 1337 1892 Filium
1357 1858 1433 1902 ejus
1450 1851 1732 1904 instituit'Qm‘n..

1051 1919 1197 1953 tilianus
1221 1918 1277 1950 Pr.
1303 1917 1336 1952 6.
1358 1915 1382 1949 4
1404 1917 1462 1950 Pr.
1487 1918 1518 1950 1.

1004 1976 1288 2024 Virgiliano
1312 1986 1423 2011 versu
1451 1977 1514 2018 10,
1540 1977 1580 2018 1,
1602 1976 1662 2011 92.

1003 2035 1238 2083 Virgilius
1261 2035 1379 2076 Maro,
1406 2034 1444 2066 P.
1474 2034 1546 2077 ejus
1562 2046 1678 2069 versus
1695 2044 1730 2070 et

1049 2099 1153 2130 verba
1178 2097 1233 2136 12,
1259 2097 1314 2136 11,
1339 2093 1395 2127 26.
1422 2095 1477 2126 27.
1511 2087 1569 2127 sub
1586 2094 1730 2130 Menal-

1050 2167 1114 2190 cae
1141 2166 1285 2197 persona
1312 2152 1486 2198 Virgilius
1517 2158 1570 2186 est
1593 2153 1727 2189 intelli-

1050 2215 1186 2261 gendus
1213 2214 1248 2256 8,
1276 2213 1311 2254 6,
1334 2211 1392 2246 47.
1422 2211 1459 2244 ἰιι
1482 2211 1662 2249 Bucolicis
1689 2217 1726 2260 8,
1737 2198 1742 2262 ¹!

1049 2275 1091 2316 6,
1115 2272 1172 2307 46.
1203 2272 1244 2313 9,
1270 2273 1313 2313 2,
1342 2271 1397 2304 13.
1416 2272 1498 2313 ’10,
1527 2273 1571 2314 1,
1595 2274 1650 2308 56.
1688 2274 1727 2310 in

1045 2333 1163 2378 primo
1185 2329 1389 2376 Georgicon
1413 2329 1451 2372 8,
1476 2331 1510 2374 3,
1538 2332 1595 2367 78.
1632 2334 1727 2379 Quid

1047 2400 1196 2436 operum
1230 2398 1375 2422 suorum
1407 2387 1590 2434 principiis
1618 2393 1726 2429 faciat

1046 2449 1091 2493 4,
1117 2452 1158 2492 1,
1184 2447 1240 2483 34.
1286 2448 1370 2492 Ejus
1401 2459 1525 2482 manus
1549 2461 1577 2485 s.
1609 2447 1723 2488 αὐτό-

1045 2520 1169 2554 γραφα
1196 2510 1229 2550 1,
1253 2509 1288 2550 7,
1312 2508 1368 2540 20.
1403 2507 1513 2551 Jopas
1538 2510 1571 2553 1,
1592 2512 1648 2554 10,
1666 2513 1724 2548 10.

1045 2563 1322 2601 α’νταποδόσεως
1338 2567 1521 2609 praeclara
1537 2569 1628 2612 apud
1638 2568 1742 2622 Vir-4

1046 2625 1168 2672 gilium
1196 2626 1306 2658 multa
1331 2625 1473 2669 reperio
1503 2628 1666 2671 exempla
1688 2623 1742 2676 8,ξ

1046 2687 1091 2727 3,
1115 2686 1173 2719 79.
1218 2683 1388 2719 Visiones
1421 2685 1592 2728 quaedam
1627 2688 1742 2730 apudi

1046 2753 1127 2777 eum
1150 2743 1183 2782 6,
1207 2746 1240 2784 2,
1267 2744 1310 2776 32
1334 2755 1382 2787 sq.
1419 2743 1454 2785 8,
1478 2744 1511 2785 3,
1535 2744 1591 2777 63.
1624 2745 1658 2787 8,
1682 2745 1742 2789 4‚¹,

1044 2801 1102 2837 24.
1126 2802 1245 2845 Mus,
1270 2801 1425 2835 clausula
1443 2802 1478 2843 8,
1496 2803 1529 2844 3,
1542 2804 1599 2837 20.
1625 2802 1720 2839 Ver·
1738 2789 1742 2795 .
