1728 3002
553 230 755 276 Puteum
785 252 842 261 —
869 228 1015 272 Potior
1469 234 1553 275 675

0 347 7 354 ⁸
74 347 121 391 ό.
149 348 186 392 5,
210 349 268 391 12,
290 349 326 383 9.
352 346 411 383 18.
456 341 620 379 defensio
641 343 751 391 longe
776 349 850 387 pot.
872 346 909 388 7,
934 341 972 386 4,
991 341 1026 377 4.
1050 349 1126 388 pot.
1150 344 1258 378 totius
1284 355 1410 379 causae
1433 343 1556 388 dispo-

7 403 22 411 ·
62 394 158 430 sitio
180 397 216 437 7,
246 395 303 436 10,
327 394 382 427 11.
428 391 610 434 exempla,
641 400 732 434 qnae
757 395 839 424 sunt
862 389 906 424 in
930 389 1027 424 omni
1051 401 1183 436 genere
1207 401 1391 424 causarum
1416 396 1491 435 pot.
1518 393 1555 434 2,

12 439 18 442 ”
73 439 111 482 4,·
133 442 189 474 20.
213 443 388 482 excepta,
422 447 513 482 quae
541 435 785 479 potentissima
820 441 886 477 est,
918 435 1177 470 exercitatione
1211 440 1275 479 1¹,
1303 439 1343 479 2,
1373 437 1430 472 36.
1477 441 1553 480 pot.

74 484 217 520 dicendi
239 495 352 531 genus
375 485 411 525 2,
441 486 496 525 17,
520 484 576 516 12.
620 480 879 515 incrementum
903 487 973 526 pot.
1003 483 1039 524 8,
1062 481 1096 523 4,
1121 485 1154 517 3,
1181 483 1373 524 primum
1397 493 1439 516 ac
1462 488 1551 529 pot.

73 530 127 576 (α.
154 534 179 566 1.
201 527 439 576 potissimum)
461 529 581 563 locum
604 527 740 562 obtinet
762 529 799 571 6,
824 529 856 570 ⁵,
881 528 914 562 5.
961 527 1214 571 potentissimis
1234 538 1358 562 eorum
1379 526 1558 572 (locorum)

74 576 234 612 breviter
255 586 440 611 occttrram
462 576 497 612 2.
535 576 591 617 17,
630 574 684 608 16.
733 573 999 618 potentissimae
1030 574 1280 618 probationum
1314 578 1359 618 1,
1396 577 1460 617 10,
1493 576 1554 610 38.

74 628 149 668 pot.
173 622 335 667 quaestio
358 623 394 664 3,
417 621 452 663 8,
477 619 532 655 16.
553 618 590 663 4,
614 621 648 662 1,
670 617 729 653 24.
776 625 850 664 pot.
876 625 929 653 est
954 619 999 653 in
1025 631 1067 654 ea
1105 620 1254 664 ‘pratitas
1282 623 1318 662 7,
1348 622 1384 660 3.
1407 622 1465 656 28.
1492 621 1559 655 vel

72 667 215 756 ροιᾶιι
238 667 392 702 dicendo
407 665 505 748 §atio
533 667 589 710 10,
614 667 648 709 1,
674 668 730 700 17.
775 667 821 700 de
847 675 963 711 aequo
986 671 1155 700 tractatus
1186 665 1424 712 potentissimi
1454 667 1491 710 7,
1517 667 1556 712 8,

74 715 129 753 13.
188 715 506 758 .5,1o,11.·
578 752 581 753 ⁷
651 752 657 756 Ι

26 756 243 803 Potenter.
288 779 357 804 nec
378 773 516 804 tantmn
537 767 709 811 praestari
731 767 802 802 hoc
825 778 937 814 genus
960 774 1050 812 pot.,
1075 769 1139 802 sed
1163 767 1283 812 etiam,
1306 767 1367 802 ubi
1391 779 1464 803 non
1490 773 1556 812 est,

74 815 268 851 desiderari
291 816 383 850 solet
405 815 442 859 5,
461 817 500 858 7,
523 815 639 848 37Ν.
688 815 786 858 quod
812 820 871 848 aut
895 814 1110 858 turpiter
1137 820 1196 848 aut
1218 819 1439 858 potenter
1462 816 1556 859 (Sp.

74 861 229 915 impot..)
252 861 381 895 dicitur
401 861 439 922 6,
463 860 499 902 3,
526 861 572 895 83
596 863 637 894 Ζ.
662 865 700 893 ut
728 859 821 912 dicat
846 860 1011 912 utilite
1020 872 1039 894 r
1062 866 1098 893 et
1119 861 1171 893 ad
1192 859 1432 912 efficiendum,
1461 861 1557 905 quod

70 907 543 996 gtffifiepsotifssel&
561 906 762 994 772,1,<Ῑέ;)ξ1
783 916 830 939 1n
856 906 1086 994 altercatione
1113 912 1351 950 potentum
1377 907 1427 950 fit,
1452 917 1558 951 quam

29 994 238 1041 Potentia.
285 1006 491 1042 divitiae
512 1011 548 1040 et
569 1012 721 1050 poten
737 1005 801 1039 tia
824 1011 859 1040 et
882 1005 1034 1052 gratia
1058 1006 1294 1041 certissimum
1316 1007 1454 1042 faciunt
1478 1018 1559 1043 mo-

76 1065 155 1088 rum
179 1053 462 1099 experimentum
484 1055 519 1095 3,
542 1055 577 1094 7,
603 1050 661 1086 14.
708 1053 908 1086 adulatores
931 1052 1127 1096 praesentis
1152 1059 1225 1097 pot.
1253 1057 1308 1096 12,
1336 1056 1391 1097 10,
1420 1056 1477 1089 13.

29 1098 237 1142 Potestas.
281 1111 317 1154 1)
331 1112 364 1149 α’.
389 1122 422 1155 q.
439 1108 664 1151 facultas.
717 1107 756 1151 α)
782 1120 838 1142 ars
869 1114 923 1143 est
954 1114 1111 1153 potestas
1141 1110 1221 1152 via,
1265 1109 1302 1144 id
1335 1116 1390 1145 est
1421 1111 1560 1155 ordine,

79 1155 239 1191 efficiens
273 1159 311 1199 2,
342 1158 387 1191 17
400 1179 411 1195 ,
441 1154 499 1189 41.
547 1154 656 1188 habet
690 1165 750 1188 res
790 1154 869 1198 ipsa
906 1155 1030 1188 miram
1070 1156 1198 1199 quand.
1243 1152 1294 1189 in
1338 1156 1558 1193 orationibus

77 1202 172 1236 vim
201 1213 244 1236 ac
274 1206 441 1246 potest.
503 1202 560 1243 11,
597 1201 631 1242 3,
666 1202 712 1242 2;
760 1211 852 1244 quae
882 1200 932 1234 in
964 1206 1176 1245 potestatem
1207 1201 1356 1236 victoris
1389 1203 1557 1238 venirent

77 1248 115 1292 5,
131 1249 189 1291 10,
205 1246 283 1282 114.
305 1258 423 1291 neque
438 1251 520 1281 sunt
536 1251 654 1280 motus
674 1244 723 1279 in
748 1252 952 1279 nostram
978 1252 1261 1290 potestatem
1280 1249 1330 1288 (a.
1348 1252 1371 1282 1.
1391 1250 1557 1292 Amat.)

75 1293 111 1336 6,
134 1296 171 1336 2,
192 1293 240 1329 29
261 1294 309 1328 Ν.
337 1305 384 1327 ιτ.
409 1300 441 1326 et
464 1294 501 1325 S.
549 1291 694 1325 affectus
716 1290 754 1324 in
781 1303 844 1325 sua
870 1297 943 1335 pot.
984 1292 1151 1327 habuisse
1187 1295 1255 1334 10‚-
1276 1296 1309 1336 1,
1345 1293 1402 1328 48.
1448 1295 1489 1340 β)
1525 1309 1558 1331 ο.

77 1341 208 1380 finit„-
240 1338 436 1372 tricesimus
461 1338 536 1371 dies
559 1337 731 1371 reddebat
753 1336 851 1371 vieto
875 1338 1076 1372 certaminis
1104 1344 1313 1382 potestatem
1344 1343 1359 1373 1
1375 1366 1386 1380 ,
1420 1343 1466 1384 2,
1496 1340 1556 1376 24.

73 1385 114 1425 fit
135 1384 239 1424 etiem
268 1395 319 1420 ex
342 1385 479 1418 duobus
506 1382 659 1429 eligendi
684 1388 758 1426 pot.
786 1385 820 1425 5,
848 1386 904 1425 10,
936 1385 994 1422 69.
1040 1386 1142 1419 velut
1174 1385 1289 1419 recisa
1321 1386 1447 1419 orandi
1485 1393 1560 1429 pot.

0 1427 16 1446 ⁴¹
71 1432 109 1474 2,
136 1430 194 1474 16,
215 1429 253 1467 4.
297 1429 500 1464 rhetoricen
521 1440 599 1463 esse
622 1428 715 1463 vim
740 1430 988 1472 persuadendi.
1035 1429 1143 1475 Quod
1167 1441 1235 1476 ego
1270 1431 1360 1467 ve'm
1401 1434 1556 1477 appello,

13 1482 65 1528 ’.τ
98 1475 235 1520 letique
261 1481 570 1520 potestatem,
600 1475 763 1508 nonnulli
787 1476 1064 1509 facultatem
1091 1482 1225 1511 vocant
1258 1479 1292 1518 2,
1319 1479 1374 1519 15,
1402 1479 1435 1512 3.
1461 1479 1555 1522 data,

30 1523 65 1549 2’?
122 1523 169 1556 od
194 1522 295 1565 velit,
318 1521 462 1566 petendi
485 1526 659 1565 potestate
683 1523 716 1562 7,
738 1524 774 1561 7,
797 1523 831 1554 2.
855 1521 960 1555 unius
983 1524 1150 1557 servandi
1175 1522 1383 1565 potestatem
1396 1524 1558 1559 *habebat

139 1569 197 1610 10,
221 1566 300 1601 104.
345 1567 398 1611 11)
420 1570 443 1600 ι’.
467 1580 499 1611 q.
525 1570 783 1610 imperium.-
814 1569 915 1602 velut
936 1568 1014 1611 jure
1044 1570 1151 1612 quod.
1174 1569 1456 1612 potestatis,
1483 1581 1555 1614 quo

75 1613 172 1655 (Sp.
196 1613 293 1656 qua)
328 1613 407 1647 fere
436 1614 506 1646 hoc
541 1613 726 1646 hominum
758 1623 871 1659 genus
904 1613 1125 1656 intumescit,
1165 1613 1412 1657 imperiosi
1450 1621 1556 1659 atque

74 1657 216 1692 interim
240 1658 516 1692 saevientes
542 1661 575 1699 1,
599 1661 633 1699 1,
659 1659 682 1692 8
705 1661 768 1698 Ζ.;
816 1669 925 1701 resp.,
950 1670 1040 1706 quae
1067 1659 1209 1703 populi,
1233 1671 1322 1702 quae
1347 1671 1556 1706 paucorum,

23 1706 34 1723 ''
76 1712 168 1750 quae
190 1704 300 1742 unius
321 1709 495 1746 potestate
520 1709 730 1749 regerentur
753 1705 786 1745 5,
814 1706 868 1745 10,
895 1705 954 1737 63.
1000 1716 1079 1739 cum
1107 1705 1330 1748 depositurus
1359 1712 1453 1740 esset
1476 1718 1557 1741 eam

74 1754 151 1794 pot.
186 1747 380 1791 (tyrannus)
411 1750 446 1791 7,
478 1748 514 1790 4,
546 1752 603 1782 22.
650 1748 720 1792 111)
755 1750 798 1781 de
841 1752 1130 1791 magistratu.-
1176 1750 1262 1783 facit
1293 1756 1329 1784 et
1361 1752 1556 1787 fortuna

79 1793 269 1828 discrimen
292 1799 328 1826 et
354 1799 581 1837 potestas,
606 1805 672 1827 nec
687 1795 811 1827 eadem
836 1806 891 1838 ap.
915 1794 1189 1839 principem,
1214 1796 1555 1842 magistratum,

17 1846 22 1850 ’
78 1845 374 1881 senatorem,
408 1839 645 1882 privatum
670 1847 731 1874 etc.
759 1840 851 1873 ratio
877 1846 931 1873 est
970 1843 1023 1883 11,
1057 1844 1090 1883 1,
1120 1842 1179 1875 43.
1226 1853 1306 1875 cum
1337 1843 1451 1883 maior
1480 1850 1556 1887 pot.

77 1884 174 1932 cogit
197 1883 232 1926 4,
258 1887 291 1926 1,
318 1886 364 1918 72
387 1885 432 1918 Ν.
454 1886 551 1918 nulla
575 1890 648 1928 pot.
675 1885 809 1918 obstitit
832 1888 866 1927 7,
893 1889 926 1927 1,
952 1888 1006 1921 32.
1038 1888 1148 1930 ejusd.
1169 1899 1204 1930 p.
1229 1887 1392 1920 homines
1420 1889 1454 1931 5,
1476 1892 1511 1931 2,
1534 1890 1557 1925 5

76 1933 124 1966 N.
150 1930 272 1974 judex,
295 1929 325 1962 si
342 1930 447 1963 estin
468 1930 582 1974 aliqua
611 1942 646 1974 p.
670 1930 706 1972 4,
718 1931 751 1972 5,
766 1933 866 1964 101v.
888 1930 1150 1977 interveniente
1180 1932 1296 1975 aliqua
1326 1943 1362 1976 p.
1389 1934 1425 1976 7,
1446 1937 1479 1977 1,
1495 1937 1556 1973 32.

25 1974 164 2019 Potio.
218 1986 436 2020 mortiferam
459 1999 494 2030 p.
519 1990 553 2028 7,
580 1988 615 2028 3,
641 1989 675 2019 7.
699 1987 728 2019 si
752 1986 880 2029 is'pot.
908 1998 928 2020 a
960 1998 998 2021 se
1034 1989 1148 2022 datam
1183 1988 1326 2022 bibisset
1359 1992 1394 2030 7,
1429 1993 1464 2033 2,
1499 1994 1555 2026 17.

76 2038 243 2077 acceptae
261 2031 414 2075 potionis
436 2038 539 2076 epota
556 2037 653 2075 parte
674 2034 716 2064 ὦ.
737 2033 973 2076 manifestum,
991 2034 1069 2076 quis
1089 2034 1270 2076 potionem
1288 2035 1438 2076 dederit,
1467 2048 1558 2081 quae

77 2080 108 2114 si
134 2077 265 2112 veneni
291 2077 358 2110 suit
381 2085 441 2111 etc.
470 2080 513 2111 ib.
543 2079 599 2111 18.
647 2077 744 2110 dedit
767 2077 801 2111 ei
828 2080 1032 2122 potionem,
1064 2090 1132 2123 qua
1156 2085 1260 2123 epota
1287 2083 1322 2123 7,
1345 2083 1380 2124 2,
1407 2082 1464 2116 25.
1494 2083 1557 2128 qui

74 2125 187 2159 vitam
210 2123 352 2157 abstutit
375 2123 453 2155 data
475 2129 549 2167 pot.
573 2124 608 2164 9,
638 2125 673 2165 2,
698 2123 774 2156 105.

28 2170 188 2215 Potior.
233 2177 271 2222 α)
296 2192 325 2212 ο.
352 2180 483 2213 Subsa:
518 2177 693 2222 potiorem
716 2178 753 2212 in
778 2178 910 2213 scholis
939 2179 1173 2214 eruditionem
1207 2191 1287 2215 esse
1323 2193 1430 2225 quam
1459 2183 1557 2218 domi

75 2231 111 2270 2,
137 2229 171 2269 3,
196 2228 254 2259 10.
298 2235 428 2271 genera
452 2224 591 2258 dicendi
616 2224 684 2257 alia
709 2223 785 2257 aliis
808 2231 880 2267 pot.
905 2225 940 2267 8,
975 2226 1033 2259 Pr.
1071 2226 1125 2260 16.
1173 2225 1314 2259 laudem
1349 2227 1423 2261 w'ta
1453 2240 1488 2273 p.
1519 2233 1555 2273 2,

77 2274 134 2315 16,
158 2273 192 2306 8.
215 2281 354 2313 semper
381 2270 524 2314 neganti
546 2269 688 2314 aliquod
713 2280 842 2304 nomen
870 2281 949 2304 esse
976 2271 1184 2314 dicendum,
1221 2273 1315 2315 qnod
1349 2272 1393 2306 sit
1417 2280 1489 2317 pot.
1519 2278 1555 2318 7,

75 2321 111 2360 3,
134 2319 168 2352 8.
191 2322 327 2360 partem
350 2327 384 2359 p.
410 2317 467 2349 Pr.
494 2314 549 2350 14.
574 2328 607 2360 p.
633 2314 718 2349 mihi
741 2315 831 2349 ratio
856 2315 1002 2350 vivendi
1027 2317 1189 2359 honeste,
1213 2328 1318 2360 quam
1340 2319 1400 2352 vel
1425 2320 1556 2363 optime

74 2362 216 2397 dicendi
242 2365 274 2404 1,
297 2364 331 2400 2,
359 2362 393 2394 3.
411 2365 546 2412 fatur&
570 2361 687 2405 potior
710 2366 762 2395 est
786 2363 880 2394 salus
905 2368 1024 2396 nostra
1037 2374 1142 2406 quam
1161 2363 1352 2397 adversarii
1377 2365 1552 2408 pernicies

73 2411 110 2452 7,
133 2411 168 2450 2,
191 2409 249 2442 21.
270 2418 307 2451 p.
332 2405 458 2441 fnisset
481 2419 535 2451 ap.
560 2417 617 2440 me
645 2406 827 2441 Ciceronis
851 2407 1024 2441 sententia
1047 2410 1080 2449 3,
1108 2409 1144 2450 8,
1175 2410 1206 2442 1.
1240 2410 1387 2445 honesta
1411 2409 1553 2453 (verba)

76 2454 236 2497 turpibus
262 2452 403 2496 potiora
441 2462 581 2497 semper
610 2454 652 2496 8,
689 2455 733 2495 3,
769 2455 820 2487 17.
857 2452 900 2494 cs:
935 2455 982 2495 9,
1014 2452 1058 2496 4,
1091 2454 1146 2489 58.
1191 2454 1369 2489 rusticane
1403 2456 1477 2491 vita
1506 2469 1565 2493 an.

75 2499 210 2533 urbana
233 2504 310 2542 pot.
333 2500 369 2538 2,
398 2497 440 2538 4,
473 2497 530 2532 24.
576 2499 618 2543 β)
648 2501 848 2540 simpliciter.
900 2497 938 2541 a)
968 2501 1082 2533 Maso.
1098 2514 1108 2531 .·
1146 2500 1345 2543 potioribus
1378 2502 1551 2545 praeferri

74 2548 132 2588 10,
159 2548 191 2587 1,
216 2544 295 2578 126.
341 2541 378 2586 b)
408 2544 542 2578 Nemn:
578 2542 644 2577 nisi
669 2543 763 2578 forte
799 2545 869 2578 hoc
899 2544 1017 2587 potins
1052 2550 1105 2578 est
1139 2546 1181 2587 8,
1216 2547 1259 2588 6,
1283 2546 1339 2580 25.
1389 2546 1426 2581 id
1456 2550 1552 2592 quod

75 2597 113 2630 et
133 2590 194 2624 ille
223 2589 341 2633 posuit
372 2589 507 2633 prius
539 2595 574 2623 et
602 2589 679 2633 ipsa
711 2595 837 2623 natura
870 2599 933 2623 sua
966 2589 1128 2634 potius
1161 2602 1203 2625 ac
1238 2592 1378 2634 majus
1418 2596 1481 2637 12,
1518 2597 1553 2637 1,

61 2641 109 2682 ,1.
159 2636 252 2681 Quid
293 2635 338 2668 sit
375 2635 482 2681 igitur
526 2641 600 2678 pot.
639 2646 744 2678 quam
776 2645 942 2669 numerus
980 2637 1026 2678 9,
1060 2635 1102 2678 4,
1141 2637 1197 2671 57.
1233 2636 1279 2678 cs.
1315 2640 1381 2681 10,
1416 2642 1458 2682 7,
1492 2642 1552 2674 23.

23 2687 26 2692 ’
74 2683 217 2715 nonita
240 2681 451 2715 miserum
476 2686 529 2714 est
553 2699 598 2706 -—
621 2679 856 2724 potiusque
896 2682 1030 2723 multo,
1071 2693 1174 2725 quam
1206 2690 1265 2716 etc.
1303 2686 1358 2726 11,
1391 2685 1426 2725 3,
1462 2687 1551 2727 1363

0 2736 4 2738 ·
72 2737 145 2760 non
172 2729 287 2762 sotum
307 2728 447 2770 potiora
472 2737 549 2760 esse
572 2727 720 2760 honesta
746 2738 848 2770 quam
874 2727 972 2760 utilia
1007 2729 1047 2769 3,
1078 2729 1122 2770 8,
1153 2729 1207 2763 32.
1253 2739 1320 2762 nos
1355 2730 1553 2773 potioribus

4 2795 8 2798 -
70 2774 237 2814 yacenius
260 2773 295 2815 4,
320 2776 353 2815 2,
377 2771 411 2806 4.
439 2772 483 2812 cs.
511 2774 544 2814 9,
560 2772 594 2813 4,
616 2774 694 2806 113.
718 2771 774 2805 hic
797 2777 908 2806 metus
925 2789 968 2797 —
992 2784 1011 2805 a
1031 2772 1229 2816 potioribus
1248 2781 1382 2808 avertat
1407 2787 1554 2810 necesse

55 2820 122 2860 'est
145 2820 179 2860 9,
205 2819 242 2861 4,
269 2818 326 2853 35.
373 2817 414 2862 γ)
439 2821 634 2862 Supertat..·
673 2820 767 2862 quod
793 2824 846 2852 est
871 2818 906 2853 in
934 2818 1050 2852 causis
1083 2819 1306 2864 potissimum
1333 2823 1388 2863 12,
1417 2823 1451 2862 3,
1477 2824 1511 2858 t.

1173 2875 1259 2908 43*
