1728 3002
57 223 140 264 756
242 256 245 260 ,
531 216 712 273 Quoque
743 240 798 247 -—
828 215 1110 271 Quotcunque

103 344 191 369 nere
217 342 290 367 non
312 335 430 376 potest
452 339 567 375 unus,
591 328 727 375 aliquid
749 334 786 364 et
810 329 1133 364 commendantium
1148 328 1319 375 'personis
1341 326 1439 363 dabit
1466 330 1531 373 12,
1554 331 1590 367 7.

104 381 138 416 5.
175 380 293 426 Quare
317 377 552 420 declamatio,
593 388 628 421 q.
660 382 716 410 est
739 375 951 421 judiciorum
977 384 1038 411 etc.
1062 376 1206 423 imago,
1236 376 1360 411 similis
1383 386 1463 410 esse
1486 375 1591 410 debet

103 425 266 463 veritati:
299 436 335 468 q.
360 430 510 458 autem
544 422 677 467 aliquid
703 423 742 457 in
765 433 805 458 se
830 423 940 458 habet
962 419 1228 467 ἐπιδεικτικὸν,
1258 422 1424 458 nonnihil
1445 421 1513 456 sibi
1534 420 1593 455 ni-

101 473 191 508 toris
215 480 395 506 assumere
425 471 558 514 2‚'1o,
588 473 643 504 12.

60 541 255 596 Quoque.
316 548 468 596 Quoque
496 559 563 595 ego
591 546 828 594 (soloecismus)
857 549 899 591 1,
923 547 966 592 5,
989 549 1046 585 39.
1095 548 1172 595 Ego
1199 558 1343 594 quoque
1365 545 1431 582 tibi
1460 546 1594 583 favebo

105 602 207 641 (Cic.
233 599 275 630 de
304 598 374 630 coci
393 597 483 638 filio)
507 597 542 638 6,
570 597 603 637 3,
626 594 683 630 47.
732 594 775 638 α)
799 608 828 628 c.
849 595 1014 630 Nominib.
1041 603 1071 630 et
1098 598 1225 631 lferb..·
1251 594 1410 630 Historia
1435 606 1470 638 q.
1500 595 1596 628 alere

106 644 304 680 orationem
326 643 480 687 quodam
502 641 605 676 uberi
625 642 854 686 jucundoque
877 652 986 676 succo
1010 647 1129 687 potest
1157 644 1213 686 10,
1243 644 1277 686 1,
1300 644 1358 676 31.
1397 639 1442 683 cs.
1466 638 1513 683 4,
1537 640 1597 673 Pr.

105 695 128 724 2
146 695 187 725 Z.
220 693 276 732 12,
301 691 335 731 2,
360 688 417 723 25.
443 687 482 721 in
504 689 597 723 falso
623 700 656 732 q.
681 687 770 722 ratio
794 686 918 721 similis
941 691 977 731 7,
1002 691 1036 732 2,
1062 689 1119 724 53.
1146 690 1267 733 quales
1290 692 1372 722 sunt
1395 686 1482 722 editi
1507 697 1528 720 a
1550 685 1597 730 Q.

105 747 248 782 quoque
272 734 469 769 Hortensio
494 737 529 777 2,
554 738 588 777 1,
614 737 655 768 11
682 735 728 768 N.
768 746 799 768 υ.
822 733 986 768 Etiam.
1014 740 1054 768 ut
1084 734 1139 769 ira
1164 745 1420 778 nonnunquam
1442 732 1596 766 indoctis

107 796 142 828 q.
176 781 417 827 eloquentiam
443 781 551 815 faciat
573 781 618 823 6,
644 783 688 822 2,
713 780 770 815 26.
806 779 850 822 cf.
874 783 938 824 10,
966 783 1008 823 1,
1033 783 1123 824 1213
1156 779 1277 828 magni
1303 791 1338 824 q.
1372 780 1599 824 professores

105 833 152 871 2,
182 832 247 871 11,
273 831 304 862 1.
335 827 476 861 modica
503 839 538 872 «Ι.
563 826 767 871 eloquentia
795 829 852 866 12,
877 829 934 869 11,
957 827 1015 863 29.
1042 828 1242 862 necessaria
1265 837 1300 871 q.
1327 825 1481 860 orationi
1505 825 1599 858 sub-

105 876 252 910 trahunt
274 875 386 910 verba
408 875 444 916 8,
468 877 503 918 2,
530 875 585 910 19.
615 885 678 908 sua
702 885 739 918 q.
767 873 996 907 confessione
1019 873 1055 916 6,
1082 875 1117 917 3,
1142 876 1199 908 22.
1226 882 1484 917 nonnunquam
1510 869 1600 904 taci-

105 928 163 956 tae
187 934 221 966 q.
252 920 485 967 cogitationes
516 919 556 954 in
590 925 746 954 mentem
773 925 1004 954 revertuntur
1028 922 1092 963 11,
1120 922 1166 964 2“,
1190 922 1246 955 17.
1269 918 1387 954 tenuis
1412 930 1448 962 q.
1474 922 1510 951 et
1534 927 1601 951 an·-

107 974 210 1002 ousta
237 966 373 1015 ingenii
396 978 492 1002 vena
515 967 551 1009 6,
570 969 606 1010 2,
630 968 665 1001 3.
692 965 738 1007 cs.
761 965 797 1007 6,
820 968 854 1009 3,
879 968 925 1000 32
960 967 998 1008 8,
1023 968 1057 1008 3,
1081 967 1139 1001 86.
1165 968 1222 1008 10,
1245 966 1281 1008 3,
1304 967 1348 1008 3;
1383 961 1539 999 exclusis
1564 973 1601 1006 q.

107 998 185 1057 fiis,
221 1012 407 1048 excusatio
432 1018 595 1057 superest
617 1016 659 1056 7,
684 1011 729 1054 4,
755 1010 812 1046 14.
851 1017 1114 1059 congregantur
1137 1023 1172 1056 q.
1196 1013 1310 1048 verba
1341 1011 1437 1046 idem
1464 1009 1601 1057 signifi-

107 1060 223 1095 cantia
249 1061 293 1103 9,
316 1062 362 1102 3,
388 1058 435 1094 45
460 1060 507 1094 Ν.
535 1059 631 1104 quod
655 1058 821 1092 affectant
844 1070 878 1102 q.
905 1062 961 1101 11,
987 1062 1022 1101 3,
1049 1059 1106 1093 56.
1137 1059 1234 1092 hunc
1258 1057 1430 1092 disertum
1451 1065 1600 1100 praece-

106 1113 246 1151 ptorem
269 1107 482 1150 prudentem
505 1117 541 1150 q.
569 1111 613 1140 et
639 1115 714 1138 non
745 1104 908 1151 ignarum
938 1104 1091 1139 docendi
1114 1115 1194 1139 esse
1218 1103 1399 1149 oportebit
1419 1106 1461 1146 2,
1489 1104 1534 1146 3,
1557 1103 1598 1143 73

107 1153 242 1187 sicut
274 1153 312 1185 in
344 1151 422 1187 vita
454 1151 494 1185 in
532 1150 648 1186 causis
683 1161 863 1196 quoque
898 1162 979 1195 spes
1012 1150 1192 1195 improbas
1224 1151 1358 1185 habent
1381 1151 1444 1194 12,
1473 1151 1517 1191 1.‚
1544 1149 1602 1182 13.

106 1199 149 1244 β)
169 1200 197 1232 e.
213 1202 387 1232 Pronum„-
413 1197 477 1231 Est
502 1197 540 1231 in
569 1208 624 1232 eo
649 1209 683 1241 q.
704 1197 882 1240 nonnihil,
907 1198 1002 1242 quod
1025 1205 1089 1231 etc.
1110 1196 1146 1240 9,
1173 1195 1210 1238 4,
1234 1197 1291 1234 65.
1317 1206 1370 1231 eo
1385 1208 1432 1240 .q.
1455 1195 1602 1229 adhuc

107 1244 269 1279 remedio
298 1248 417 1276 utatur
446 1246 509 1285 11,
537 1246 581 1285 2,
605 1244 662 1278 29.
689 1243 784 1286 quod
817 1254 897 1277 cum
927 1243 974 1277 sit
999 1243 1135 1277 factum
1162 1241 1223 1276 iis
1250 1254 1286 1288 q.
1315 1241 1534 1287 temporibus
1555 1258 1604 1266 -—

107 1296 240 1335 quanto
258 1300 353 1322 nunc
377 1290 487 1334 magis
511 1289 717 1321 faciendum
740 1294 794 1322 est
817 1287 853 1331 4,
875 1291 911 1329 2,
937 1291 1016 1323 122.
1039 1295 1080 1323 ut
1102 1299 1185 1333 pars
1211 1286 1366 1323 hominis
1389 1295 1443 1323 est
1465 1295 1604 1327 manus,

110 1337 186 1380 ejus
213 1334 333 1381 digiti,
363 1334 564 1368 illorum
586 1345 619 1376 q.
644 1333 783 1367 articuli
810 1337 852 1375 7,
883 1334 946 1376 10,
971 1337 1005 1368 7.
1037 1333 1084 1377 [si
1108 1334 1175 1368 erit
1200 1335 1322 1367 tardus
1347 1335 1392 1367 ad
1413 1335 1485 1368 hoc
1509 1340 1602 1375 quo·

109 1393 191 1427 que,
217 1392 261 1415 eo
283 1382 399 1414 adhuc
422 1379 512 1422 (Sp.
538 1379 582 1413 ad
598 1380 681 1422 hoc,
706 1388 750 1412 eo
772 1377 929 1422 quoque)
943 1379 1104 1412 remedio
1127 1384 1247 1412 utatur
1267 1382 1324 1421 11,
1348 1382 1384 1421 2,
1410 1380 1456 1413 29
1475 1378 1522 1414 N.
1535 1373 1598 1419 cn]

108 1427 226 1462 omnia
254 1433 370 1461 autem
402 1424 586 1459 credibilia
613 1435 662 1458 ex
694 1424 899 1468 hujusmodi
926 1424 1085 1458 fontibus
1109 1423 1241 1467 fluunt,
1277 1424 1337 1457 An
1362 1422 1531 1458 credibile
1557 1421 1603 1454 sit

109 1482 188 1516 eice,
215 1473 300 1507 illa
325 1482 531 1518 quoque,
559 1470 620 1504 An
644 1471 761 1504 scelus
786 1471 903 1514 palam
924 1470 1084 1504 factum?
1109 1477 1171 1504 etc.
1196 1471 1230 1513 5,
1252 1472 1309 1514 10,
1332 1469 1389 1506 19.
1418 1469 1495 1505 sine
1518 1478 1603 1512 pro-

106 1520 286 1565 positione
310 1518 476 1563 aliqua
500 1529 535 1561 q.
561 1515 645 1550 satis
671 1516 899 1550 manifestum
922 1522 977 1550 est
998 1515 1034 1559 4,
1060 1515 1095 1559 4,
1118 1518 1161 1558 23
1198 1515 1285 1550 facit
1306 1526 1366 1550 res
1389 1516 1486 1550 ead.
1513 1524 1604 1553 oon-

107 1567 218 1601 cisam
243 1575 430 1610 quoque
454 1562 652 1598 orationem
678 1563 713 1604 8,
738 1562 773 1606 5,
796 1565 854 1597 27.
877 1563 975 1606 quod
997 1561 1086 1596 facit
1109 1562 1347 1606 syllabarum,
1373 1561 1495 1595 idem
1515 1570 1604 1594 ver-

107 1614 236 1647 borum
262 1624 296 1656 q.
323 1611 417 1644 inter
441 1621 479 1644 se
504 1608 687 1654 copulatio
715 1611 761 1651 8,
783 1610 830 1651 3,
859 1610 915 1643 16.
947 1619 980 1642 υ.
1009 1609 1142 1642 Idem.
1174 1608 1272 1652 quod
1297 1606 1466 1651 probavit
1487 1611 1603 1640 morte

110 1672 145 1704 q.
171 1659 275 1703 ipsa
302 1660 363 1699 12,
395 1659 440 1699 1,
469 1659 524 1690 17.
585 1653 624 1699 γ)
653 1668 682 1688 c.
712 1655 938 1699 Conjunction.
964 1661 996 1687 et
1021 1655 1136 1688 Actu„-
1164 1659 1270 1688 erunt
1293 1653 1447 1688 dilucida
1471 1657 1514 1690 et
1535 1662 1604 1687 ne-

109 1705 284 1752 gligenter
311 1713 399 1748 quo
414 1713 499 1747 que
524 1700 750 1735 audientibus
779 1705 900 1744 aperta
924 1701 960 1743 8,
984 1702 1019 1743 2,
1043 1701 1100 1734 23.
1129 1698 1173 1742 qs.
1199 1701 1235 1743 9,
1259 1701 1295 1742 3,
1320 1698 1378 1737 49.
1404 1711 1437 1734 v.
1461 1698 1527 1737 Est.
1555 1701 1605 1736 ,et

107 1752 260 1796 piscium
285 1762 318 1794 q.
345 1759 478 1796 genera
501 1747 568 1781 alia
591 1747 708 1791 planis
731 1747 907 1792 gaudent,
941 1745 1011 1780 alia
1031 1746 1194 1788 saxosis,
1226 1745 1432 1792 regionibus
1458 1742 1605 1783 etiem

108 1797 346 1841 litoribusque
375 1795 530 1829 discreta
554 1799 637 1827 sunt
663 1795 702 1835 5,
730 1796 794 1836 10,
820 1795 877 1827 21.
915 1804 947 1826 v.
976 1792 1138 1826 Etiam.
1167 1791 1372 1826 etiamsi
1396 1797 1451 1826 est
1472 1790 1514 1824 in
1532 1788 1605 1824 illis

109 1853 144 1886 q.
171 1849 295 1878 cantus
322 1841 512 1876 obscurior
535 1843 591 1882 11,
619 1842 653 1882 3,
680 1841 759 1874 172.
809 1838 904 1873 Sed
929 1837 1032 1882 copia
1055 1839 1114 1879 (α.
1140 1841 1162 1871 1.
1186 1840 1285 1871 inser.
1313 1836 1370 1881 et)
1398 1849 1434 1883 q.
1461 1836 1616 1875 modum·

109 1901 255 1936 egressa
277 1888 408 1923 vitiosa
432 1893 487 1922 est
513 1887 557 1928 8,
582 1887 621 1928 6,
650 1886 706 1919 16.
743 1882 788 1926 os.
814 1885 860 1928 8,
886 1886 929 1924 3,
953 1883 1020 1926 74;
1062 1895 1144 1918 cum
1170 1889 1215 1918 et
1246 1883 1318 1919 sic
1342 1896 1377 1929 q.
1405 1881 1606 1918 rarissimus

108 1938 186 1979 ejus
211 1935 258 1970 sit
280 1946 366 1969 usus
392 1937 424 1976 1,
451 1933 484 1974 5,
506 1932 568 1966 42.
596 1931 640 1972 ej:
663 1932 699 1973 8,
723 1930 760 1973 4,
783 1933 842 1965 20.
877 1931 1056 1964 dabuntur
1076 1930 1148 1963 illis
1176 1936 1271 1964 tum
1297 1942 1333 1976 q.
1358 1940 1423 1965 sua
1445 1935 1606 1971 tempera

109 1986 143 2025 2,
171 1985 204 2025 1,
232 1984 287 2016 13.
318 1979 428 2014 Illic
452 1990 487 2023 q.
511 1998 558 2005 —-
581 1976 816 2011 similiter
838 1981 1047 2023 argtunenta
1070 1977 1249 2010 ducuntur
1274 1979 1309 2019 7,
1333 1979 1369 2019 2,
1394 1976 1450 2011 16.
1503 1971 1547 2018 ὃ)
1568 1975 1603 2008 in

103 2031 179 2070 fine
209 2029 409 2062 sententiae:
450 2026 526 2058 Nec
559 2023 590 2057 si
618 2023 725 2056 mutis
755 2023 836 2056 finis
859 2024 1046 2067 voluptas,
1074 2022 1308 2056 rationalibus
1331 2031 1366 2064 q.
1383 2024 1430 2065 ⁷5,
1456 2023 1520 2061 11,
1546 2019 1602 2061 35.

107 2073 352 2162 litzgulllifnictrqt
362 2072 442 2152 iS‘ie‘d
450 2068 794 2158 ntlluliiaxagrailtiggglii’
811 2068 1459 2158 31:322,m‘izggissageussgldlilbels(Zd0i;gn
1461 2065 1602 2157 ’ἓξὲξ

109 2168 153 2200 de
178 2166 234 2199 his
258 2177 291 2210 q.
319 2166 355 2208 9,
379 2162 414 2207 4,
443 2165 501 2198 79.
530 2161 576 2203 cf.
601 2164 646 2195 ib.
671 2165 729 2196 17.
749 2160 811 2194 ubi
834 2171 908 2195 non
933 2160 1110 2195 dissidens
1133 2170 1153 2194 a
1180 2171 1275 2195 voce
1298 2139 1512 2205 permittitur
1533 2168 1626 2204 ,εον

108 2218 183 2246 stus
213 2224 247 2256 q.
273 2213 337 2253 11,
365 2211 409 2253 3,
435 2208 516 2244 165.
563 2207 647 2242 Scio
681 2217 790 2252 posse
811 2206 930 2241 videri
951 2207 1117 2251 quibusd.
1143 2206 1298 2250 speciem
1323 2202 1603 2250 amplificationis

106 2259 331 2302 hyperbolen
356 2264 390 2298 q.
415 2256 452 2298 8,
475 2255 511 2296 4,
537 2256 595 2290 29.
625 2252 669 2295 cf.
695 2252 731 2297 4,
755 2256 790 2296 2,
818 2254 884 2288 125
909 2257 952 2288 Z.
996 2252 1170 2298 Equidem
1197 2258 1235 2287 et
1255 2251 1294 2286 in
1321 2262 1496 2297 personas
1511 2249 1604 2296 10101

107 2304 217 2338 incidi
243 2309 287 2338 et
309 2303 347 2336 in
372 2313 450 2336 rem
474 2313 509 2346 q.
536 2301 580 2344 9,
609 2303 655 2342 2,
681 2302 738 2335 73.
764 2298 809 2341 cs.
833 2301 892 2343 10,
913 2302 945 2342 1,
970 2300 1050 2334 115.
1513 2297 1515 2299 ’

64 2369 195 2423 Quot·
245 2384 366 2423 quot
390 2389 523 2427 genera
548 2383 585 2413 et
614 2387 705 2421 quae
729 2387 944 2423 quamquo
967 2378 1141 2412 multae
1165 2376 1237 2411 sint
1259 2374 1459 2422 speciest).
1486 2373 1599 2418 1,.10·

110 2425 171 2469 [cs.
195 2430 231 2469 7,
255 2427 290 2469 4,
314 2424 387 2470 26.]
417 2425 474 2460 oui
499 2426 587 2459 duas
614 2430 651 2459 et
668 2424 798 2471 viginti
820 2424 972 2471 linguas,
1002 2436 1037 2469 q.
1061 2423 1263 2458 nationibus
1285 2422 1503 2467 imperabat,
1526 2421 1601 2450 tra-

110 2473 204 2505 ditur
227 2478 331 2506 notas
355 2471 468 2506 fuisse
497 2474 553 2514 11,
570 2474 606 2514 2,
627 2473 683 2506 50.
707 2472 789 2505 loca
812 2470 962 2513 infinita,
987 2481 1054 2514 per
1071 2480 1163 2512 quae
1176 2470 1301 2512 verba,
1329 2473 1415 2511 quot
1441 2463 1506 2505 (⁸¹⁵0
1528 2463 1595 2505 SP-

109 2519 150 2550 «le
175 2519 287 2560 conj„
318 2525 399 2560 opit.
430 2519 534 2551 Codd.
561 2518 677 2559 quod,
703 2529 738 2550 a.
763 2521 785 2550 1.
810 2515 926 2559 quae)
952 2521 1035 2550 sunt
1058 2515 1096 2550 in
1119 2515 1274 2560 quinque
1299 2517 1423 2547 contra
1445 2508 1598 2549 Verrem

107 2564 286 2596 secundae
314 2563 465 2596 actionis
488 2562 609 2605 libris,
635 2563 862 2606 explicentur
886 2564 948 2605 11,
976 2565 1020 2605 2,
1047 2563 1105 2597 25.
1127 2562 1175 2595 Ν.
1200 2573 1246 2595 cr.
1269 2557 1464 2594 totidem
1485 2562 1598 2600 gene·

104 2608 204 2642 ribus
236 2608 475 2651 corrumpitur
508 2608 651 2651 oratio,
673 2614 781 2650 quot
805 2613 963 2642 ornatur·
979 2609 1026 2651 8,
1054 2609 1094 2650 3,
1124 2607 1169 2642 58
1203 2618 1236 2640 υ.
1260 2605 1460 2651 Quoque.
1483 2601 1598 2642 ‘1¹¹0t

103 2653 142 2735 {in
166 2665 271 2733 cauisa
297 2654 503 2732 {pdtidem
526 2654 566 2688 in
587 2653 828 2699 prosopopeia
850 2658 934 2689 sunt
959 2652 1152 2690 varietates
1181 2654 1238 2695 11,
1265 2648 1385 2705 ¹⁹4¹*
1409 2643 1513 2687 4133,
1538 2645 1596 2686 1¹¹

127 2726 136 2735 .
163 2712 196 2734 v.
267 2708 289 2732 o
323 2710 334 2731 1
379 2710 457 2733 em.

58 2753 354 2810 Quotcunque·
411 2764 470 2798 alii
507 2776 607 2799 omn
620 2776 688 2809 es,
721 2772 879 2810 quoto.
915 2766 1008 2800 sint
1035 2771 1260 2809 temporum,
1292 2756 1388 2804 quod
1414 2757 1458 2791 ad
1485 2755 1595 2790 ratio·-

103 2822 187 2848 nem
209 2811 404 2858 pertineat,
427 2820 584 2855 paeonas
609 2813 790 2856 appellant
812 2813 856 2855 9,
879 2812 928 2855 4,
950 2812 996 2847 96
1016 2814 1060 2845 Z.
1234 2824 1239 2825 ⁷
