1728 3002
167 268 249 308 548
412 244 427 253 ὀ
642 261 837 320 Namque
866 290 922 298 -
955 263 1157 308 Narratio
1205 266 1224 278 ‘

215 380 409 424 scriptores
435 379 623 424 quidem
646 378 842 414 iamborum
854 380 1059 426 veterisque
1071 362 1279 416 comoediae
1294 380 1480 419 otiamin
1505 381 1576 419 mi·
1593 393 1702 427 saepe

212 429 400 461 laudantur
422 428 480 468 10,
507 429 538 468 1,
565 426 599 460 9.
625 424 670 466 ‘'s-
699 429 731 468 1,
755 429 791 468 7,
818 428 873 460 10.
900 429 934 470 1,
968 431 1024 470 11,
1061 429 1116 462 18.
1149 430 1207 471 10,
1241 431 1274 471 1,
1311 429 1380 472 503
1429 429 1545 471 Num⁴
1571 435 1702 464 certe

213 471 517 507 nemodubitabit
543 475 599 514 12,
626 475 658 511 1,
688 475 742 505 11.
768 484 801 510 υ.
827 471 976 507 Certe.
1025 472 1065 516 η)
1095 487 1161 518 seq.
1199 487 1361 519 neque.-
1402 475 1509 508 Nam
1527 477 1702 520 'neque

216 531 357 563 semper
381 523 435 552 est
459 518 717 562 desperandum
744 530 806 551 —:
849 529 1001 562 neque
1026 521 1116 553 adeo
1145 520 1300 564 jejunam
1333 531 1376 554 ac
1407 519 1601 565 pauperem
1639 533 1706 555 na·-

214 572 293 599 tura
317 564 558 609 eloquentiam
582 564 669 597 fecit
696 566 751 607 10,
773 566 808 606 5,
829 565 862 599 5.
888 576 982 598 nam
1007 575 1161 610 neque
1184 565 1260 601 vim
1284 576 1409 600 eorum
1422 561 1703 611 consemientur:

214 618 259 646 et
283 611 486 645 elocutione
506 609 674 657 ‘contenti
699 626 744 631 -—
766 610 984 644 videbuntur
1007 614 1041 654 2,
1067 613 1099 654 5,
1125 614 1181 645 21.
1208 613 1316 645 Nam
1340 623 1425 646 nec
1447 632 1495 639 —
1518 625 1604 648 nec
1632 614 1710 647 de-.

216 658 357 702 nique
392 660 427 699 3,
460 658 496 700 9,
530 658 566 692 9.
593 655 638 698 qs·
675 660 705 698 l,
740 659 797 699 11,
831 660 885 691 17.
922 669 952 691 v.
985 658 1153 702 Neque.
1179 658 1228 700 θ)
1243 671 1311 703 seq.
1332 662 1433 692 Pron.
1454 661 1587 693 interne
1612 659 1708 693 nam

215 705 322 750 quis
348 705 467 738 credat
492 704 527 743 9,
557 706 590 741 1,
620 703 671 736 18.
717 703 825 736 Nam
850 703 954 747 quis
980 704 1114 737 dubitat
1139 704 1175 747 9,
1197 702 1232 745 4,
1258 706 1337 738 130.
1367 703 1412 745 cs.
1442 708 1477 747 7,
1503 708 1560 749 10,
1587 706 1623 740 9.
1650 708 1708 748 11,

216 756 249 794 1,
274 752 331 786 25.
360 753 417 793 12,
443 751 498 789 10,
529 752 584 782 21.
634 749 742 782 Nam
777 749 892 793 quid
932 750 1104 793 impurius
1139 750 1174 792 9,
1199 751 1235 792 2,
1269 751 1326 784 80.
1353 749 1398 791 cs.
1442 753 1475 791 1,
1503 755 1540 793 2,
1575 753 1647 786 15.’
1669 752 1706 793 6,

213 799 247 841 5,
270 798 294 832 9
336 799 392 839 11,
419 798 453 838 1,
476 793 534 829 84.
582 795 687 828 Nam
714 796 938 839 quomodo
971 797 1081 839 judex
1105 795 1226 829 doceri
1248 802 1366 839 potest
1391 797 1427 839 9,
1457 799 1492 839 2,
1517 800 1552 831 2.
1579 796 1624 838 cf.
1651 799 1707 839 10,

212 847 247 887 3,
275 846 330 877 11.
378 853 478 875 nam
502 851 590 885 quo
619 841 716 874 alio
741 843 872 876 modo
904 842 964 875 fiat
987 842 1195 888 frugalitas?
1226 844 1260 885 1,
1283 842 1321 884 6,
1348 845 1402 877 17.
1435 853 1542 877 nem
1574 854 1710 888 quan-

212 897 262 924 to
290 889 406 922 minus
435 886 604 922 oderint?
639 887 674 930 9,
699 890 734 930 2,
759 890 816 922 76.

167 937 379 990 Nanlque.
427 943 469 988 α)
497 947 529 977 in
553 944 736 987 ρνἰπσὶρίοε
777 943 863 989 (seq.
886 942 1019 987 vocali)
1044 946 1100 979 Pr.
1129 948 1165 980 7.
1195 945 1230 988 5,
1255 943 1312 990 14,
1338 947 1397 981 33.
1419 946 1456 989 8,
1487 945 1548 986 l’r.
1579 945 1635 981 19.
1671 946 1709 989 8,

212 994 248 1036 6,
273 995 319 1027 36
342 995 386 1025 Z.
414 991 472 1025 40.
500 992 556 1030 10.
583 993 616 1032 1,
640 991 696 1024 27.
724 993 781 1032 11,
808 993 842 1029 2.
867 992 923 1024 23.
951 994 1006 1032 11,
1031 993 1066 1033 3,
1101 993 1180 1026 133.
1214 993 1294 1028 179.
1329 995 1387 1031 12,
1416 991 1453 1034 7,
1486 992 1524 1027 5.
1557 994 1613 1035 12,
1649 993 1708 1034 1ο,

214 1038 271 1074 58.
297 1040 514 1081 Namque
537 1037 609 1069 hoc
637 1035 698 1079 qui
721 1036 868 1079 fecerit,
900 1036 933 1070 ei
958 1048 1016 1070 res
1048 1048 1129 1070 cum
1161 1037 1364 1072 nominibus
1401 1039 1474 1072 suis
1504 1043 1706 1077 occurrent.

214 1085 286 1120 Sed
311 1095 402 1128 opus
427 1089 482 1117 est
511 1082 629 1116 studio
658 1089 720 1115 etc.
748 1083 956 1126 Namque
983 1082 1050 1116 ista
1081 1084 1276 1128 quaerendi
1301 1092 1360 1119 ete.
1385 1084 1548 1118 anxietas
1579 1085 1614 1127 8,
1646 1085 1708 1118 Pr.

211 1133 275 1172 293
313 1141 429 1173 namq.
456 1125 587 1162 πάθος
615 1129 771 1162 concitat
793 1129 828 1170 6,
854 1132 890 1170 2,
917 1131 971 1162 12.
1018 1128 1061 1172 β)
1087 1133 1327 1173 postpositum.-
1370 1129 1521 1164 maciem
1553 1136 1708 1175 namque

213 1180 250 1211 et
279 1176 517 1209 infirmitatem
546 1177 581 1216 2,
604 1174 640 1215 4,
665 1175 700 1208 6.
748 1174 842 1207 Mire
866 1187 903 1208 n.
932 1176 967 1213 9.
995 1178 1031 1217 2,
1055 1178 1111 1211 29.
1138 1176 1256 1210 omnia
1283 1184 1319 1210 n.
1343 1174 1412 1210 ista
1441 1177 1476 1220 9,
1510 1174 1550 1218 4,
1582 1176 1640 1211 32.
1663 1176 1708 1218 ⁴Is

213 1234 250 1256 n.
277 1229 336 1255 etc.
363 1223 398 1263 8,
427 1222 463 1263 6,
491 1223 549 1254 71.
578 1219 707 1265 [Quae
731 1232 767 1255 n.
793 1219 861 1265 (Z.
891 1220 998 1265 enim)
1025 1227 1079 1255 est
1103 1222 1265 1266 quaestio
1293 1224 1328 1266 3,
1359 1223 1397 1266 9,
1431 1224 1454 1257 3
1483 1220 1559 1267 N.]
1585 1219 1710 1269 agitari

212 1280 248 1301 n.
275 1267 413 1301 animos
439 1269 471 1308 1,
498 1267 554 1307 10,
581 1265 636 1299 34.

165 1311 416 1356 Nanciscor.
463 1323 565 1358 velut
589 1332 751 1365 campum
780 1322 877 1355 nacti
900 1308 1136 1366 expositionis
1159 1322 1194 1366 4,
1221 1327 1257 1367 2,
1282 1325 1340 1360 39.

166 1368 320 1411 Nares.
359 1390 464 1412 nares
490 1389 534 1412 eo
558 1384 719 1421 tempore
744 1376 791 1420 (i.
827 1391 856 1412 e.
896 1379 1262 1422 adolescentiae)
1300 1385 1437 1422 tument
1469 1382 1534 1423 11,
1569 1382 1614 1423 3,
1647 1381 1706 1416 29.

210 1437 286 1462 non
305 1425 404 1460 oris
427 1425 536 1458 modo
560 1424 735 1458 suavitate
763 1423 827 1457 sed
850 1425 1039 1458 narium
1069 1436 1231 1469 quoque,
1268 1437 1334 1469 per
1372 1437 1481 1470 fluas,
1515 1428 1612 1470 quod
1645 1432 1708 1467 stt-

210 1478 331 1517 perest
353 1471 478 1513 vocis,
513 1470 671 1516 egeritur
694 1471 736 1503 ib.
767 1470 822 1504 16.
846 1469 886 1503 in
913 1471 1104 1504 adversum
1126 1476 1266 1518 tergere
1289 1482 1326 1506 n.
1351 1474 1408 1514 11,
1436 1474 1472 1516 3,
1499 1475 1578 1507 121.
1601 1471 1708 1509 Nari-

211 1521 278 1553 bus
302 1528 376 1552 non
398 1519 475 1551 fere
500 1517 690 1560 quidquam
714 1515 884 1549 decenter
907 1515 1147 1560 ostendimus,
1185 1516 1324 1551 tamesti
1351 1517 1489 1552 derisus
1523 1518 1581 1562 iis,
1617 1529 1708 1553 con-

211 1569 366 1607 temtus,
402 1562 585 1596 fastidium
613 1561 805 1607 significari
829 1563 933 1600 solet,
981 1563 1072 1596 Nam
1095 1568 1130 1597 et
1151 1573 1343 1610 corrugare
1359 1575 1489 1607 nares,
1526 1570 1565 1598 ut
1588 1565 1707 1599 Hora-

211 1611 283 1646 tius
307 1610 379 1653 ait,
411 1614 446 1643 et
474 1609 622 1651 inflare,
654 1613 691 1641 et
713 1618 883 1646 movere.
920 1613 955 1642 et
982 1607 1092 1655 digito
1125 1607 1343 1654 inquietare,
1378 1615 1415 1644 et
1448 1611 1552 1654 pulso
1586 1611 1705 1646 subito

212 1656 340 1702 spiritu
363 1660 553 1695 excutere,
590 1660 626 1688 et
647 1653 817 1688 diducere
845 1655 1006 1698 saepius,
1033 1660 1070 1688 et
1092 1655 1197 1699 plana
1218 1648 1574 1701 manusresuffiare,
1600 1656 1708 1690 inde-

213 1714 338 1738 corum
369 1707 424 1736 est
457 1703 488 1734 ib
519 1702 578 1735 80.
615 1700 798 1745 loquendo
830 1711 896 1744 per
926 1709 1031 1735 nares
1054 1702 1097 1734 ib.
1124 1701 1182 1735 56.
1206 1700 1351 1748 sanguis
1373 1706 1492 1746 potest
1513 1712 1536 1737 e
1556 1700 1705 1736 naribus

210 1748 426 1795 profluxisse
451 1747 486 1791 5,
519 1747 554 1790 9,
579 1747 614 1782 9.
1712 1774 1715 1775 ⁷

167 1794 384 1838 Narratio.
432 1805 474 1846 α)
497 1806 530 1837 fn
554 1803 714 1836 dicendo:
748 1805 783 1845 2,
812 1803 870 1845 13,
895 1805 928 1836 1.
953 1804 988 1846 3,
1012 1803 1047 1845 9,
1073 1805 1104 1839 1.
1132 1799 1165 1838 5.
1189 1802 1225 1846 4,
1251 1805 1284 1844 1.
1309 1802 1365 1839 24.
1391 1805 1449 1838 73.
1473 1802 1509 1846 4,
1532 1804 1568 1846 2,
1593 1804 1616 1837 2
1639 1808 1704 1839 eae.

211 1855 255 1886 ib.
281 1854 323 1886 31
351 1851 397 1885 N.
425 1848 503 1884 107.
529 1851 586 1892 11,
610 1851 644 1891 3,
674 1848 759 1890 1523
794 1859 830 1882 n.
859 1850 913 1882 est
939 1848 1160 1895 probationis
1185 1849 1352 1883 continua
1386 1849 1584 1894 propositio
1608 1849 1643 1896 45,
1667 1853 1703 1892 2,

211 1900 270 1934 79.
299 1897 420 1933 brevis
444 1895 511 1930 erit
534 1906 583 1938 n.,
607 1895 638 1929 si
662 1902 724 1929 etc.
750 1896 794 1927 ib.
823 1893 880 1928 40.
907 1895 1004 1928 n.'in
1028 1895 1255 1932 contionibus
1278 1895 1483 1936 necessaria
1517 1897 1552 1938 3,
1585 1896 1620 1935 8,
1646 1898 1688 1929 11

212 1944 370 1988 (qualem
395 1945 553 1975 actionem
577 1953 610 1974 n.
634 1939 802 1984 postulet)
829 1944 885 1982 11,
916 1941 950 1984 3,
977 1941 1056 1976 162.
1079 1953 1116 1975 n.
1142 1942 1220 1976 fere
1249 1942 1424 1976 tardiores
1453 1947 1558 1986 atque
1578 1942 1684 1979 mode

212 1990 340 2024 stiores
370 1988 548 2022 desiderat
570 1987 694 2030 pedes,
721 1991 757 2020 et
770 1986 934 2020 omnibus
957 1987 1018 2028 (Ζ.
1047 1987 1133 2030 conj.
1157 1986 1410 2028 incisionibus)
1429 1987 1583 2021 maxime
1610 1985 1704 2021 mix-⁶

211 2042 281 2070 tos.
307 2052 354 2057 -
380 2036 511 2068 docere
539 2039 574 2068 et
596 2033 745 2078 infigere
781 2032 908 2066 animis
933 2043 992 2067 res
1015 2043 1156 2076 semper
1180 2033 1276 2076 cupit
1307 2034 1344 2076 9,
1371 2032 1408 2075 4,
1435 2031 1512 2067 134.
1559 2031 1604 2076 β)
1629 2033 1690 2066 Eri

211 2087 330 2117 autem
353 2093 389 2115 n.
417 2085 539 2124 aperta
564 2085 635 2122 atq.
661 2078 836 2120 dilucida,
872 2079 903 2112 si
931 2086 992 2115 ete.
1020 2077 1056 2121 4,
1085 2081 1119 2121 2,
1144 2079 1200 2113 36.
1227 2079 1417 2112 constricta
1441 2090 1485 2112 an
1505 2078 1609 2112 latius
1624 2079 1683 2112 fus

211 2139 262 2170 n.,
293 2126 463 2161 continua
487 2137 532 2159 an
557 2125 693 2167 divisa,
727 2130 825 2158 recta
852 2135 895 2158 an
923 2125 1049 2158 ordine
1074 2129 1272 2167 permutato
1295 2127 1331 2166 2,
1357 2127 1413 2167 13,
1438 2125 1470 2159 5.
1500 2125 1582 2158 ficta
1603 2130 1644 2158 ¹n.

211 2177 247 2215 2,
276 2174 321 2208 19
345 2174 392 2206 Ν.
416 2182 453 2206 n.
479 2170 525 2205 sit
553 2170 688 2211 lucida,
720 2170 863 2213 brevis,
895 2170 1099 2206 verisimilis
1126 2171 1169 2203 ib.
1202 2171 1258 2204 31.
1297 2170 1448 2214 repetita
1480 2181 1516 2205 n.
1550 2172 1594 2204 ib.
1626 2173 1643 2204 1
1695 2174 1698 2175 ⁷

210 2220 410 2264 perfectas,
446 2217 674 2261 imperfectas
698 2227 734 2250 n.
759 2218 803 2249 ib.
829 2217 865 2250 3.
913 2215 951 2260 γ)
978 2218 1110 2251 Genit..·
1143 2214 1386 2250 narrationum
1408 2221 1480 2254 tres
1504 2214 1659 2260 accepim

211 2265 370 2309 species,
407 2269 581 2307 excepta,
606 2273 675 2306 qua
697 2261 737 2295 in
759 2261 875 2295 causis
898 2262 1030 2295 utimur
1051 2263 1086 2304 2,
1113 2259 1149 2302 4,
1173 2264 1208 2295 2.
1236 2262 1322 2295 duas
1345 2262 1384 2295 in
1414 2261 1554 2304 judiciis
1577 2271 1681 2296 narra

210 2312 349 2345 tionum
372 2309 510 2354 species
533 2308 569 2349 4,
595 2311 630 2351 2,
662 2311 717 2341 11.
744 2307 955 2341 narrationis
981 2309 1081 2341 color
1107 2309 1142 2348 3,
1167 2307 1203 2348 6,
1227 2307 1285 2342 92.
1312 2310 1368 2350 12,
1396 2309 1441 2341 10
1459 2307 1533 2342 ’71.
1560 2316 1596 2340 n.
1621 2306 1681 2341 fln'

211 2355 247 2398 4,
270 2360 307 2399 2,
331 2358 408 2390 132.
445 2354 623 2389 difficilius
651 2353 891 2387 narrationum
917 2364 1029 2400 genus
1051 2351 1086 2393 4,
1111 2355 1146 2394 2,
1170 2353 1216 2386 66
1239 2366 1304 2397 seq.
1331 2333 1537 2397 pressffille
1554 2359 1595 2397 ιιι.
1619 2363 1662 2399 gr

211 2401 325 2435 cilitas
352 2400 387 2443 4,
412 2403 448 2443 3,
472 2404 506 2434 2.
555 2401 599 2434 ab
622 2399 724 2433 initio
747 2411 784 2432 n.
813 2402 870 2442 11,
893 2400 927 2440 3,
953 2398 1029 2432 144.
1079 2398 1117 2431 in
1142 2399 1341 2442 praeceptis
1377 2411 1414 2434 n.
1445 2400 1480 2441 8,
1514 2401 1548 2440 2,
1580 2401 1638 2432 22.

211 2450 293 2480 Dat.
322 2454 353 2480 et
380 2450 530 2480 Accus.:
560 2445 755 2479 narrationi
781 2455 854 2477 non
877 2445 1167 2478 accommodatus
1192 2443 1347 2486 (gesius)
1384 2447 1440 2487 11,
1473 2446 1507 2486 3,
1531 2445 1588 2479 93.
1611 2454 1678 2478 nar

210 2492 407 2526 rationibus
434 2503 507 2526 non
535 2491 708 2524 inutiliter
730 2489 951 2536 subjungitur
975 2501 1064 2533 opus
1096 2490 1300 2524 destruendi
1333 2501 1416 2533 eas,
1466 2490 1562 2533 quod
1605 2485 1652 2522 ἐν

212 2534 318 2578 σκευὴ
348 2544 383 2571 et
408 2535 620 2581 παρασκευή
643 2542 795 2571 vocatur
817 2539 850 2578 2,
876 2535 910 2576 4,
945 2537 1008 2576 18;
1043 2536 1265 2569 narrationes
1289 2536 1370 2569 stilo
1402 2533 1570 2578 componi
1594 2537 1630 2578 2,

211 2581 267 2615 15.
294 2583 533 2616 narrationem
558 2582 643 2616 dicit
667 2583 778 2614 malus
802 2582 910 2614 homo
942 2585 976 2623 2,
1002 2584 1058 2623 20,
1089 2583 1143 2615 10.
1191 2592 1227 2615 n.
1259 2592 1437 2625 nunquam
1469 2580 1592 2627 exiget
1621 2592 1643 2623 p
1665 2578 1674 2587 ‘

208 2631 293 2661 vata
319 2628 527 2661 deliberatio
550 2631 585 2671 3,
611 2629 647 2670 8,
670 2630 724 2661 10.
751 2638 785 2660 n.
815 2626 929 2668 omni,
963 2638 1032 2670 qua
1055 2633 1192 2670 potest,
1226 2627 1338 2674 gratia
1361 2638 1402 2660 ac
1426 2636 1562 2660 venere
1585 2636 1655 2659 exo

209 2672 361 2706 nandum
383 2672 418 2713 4,
444 2677 478 2714 2,
504 2675 583 2706 116.
610 2673 827 2707 orationibus
866 2673 1065 2716 complures
1098 2673 1299 2716 hujusmodi
1332 2682 1367 2706 n.
1398 2671 1554 2705 insertae
1586 2673 1621 2714 6,

207 2717 266 2762 42,
292 2718 474 2750 miscenda
496 2718 541 2750 sit
565 2730 610 2751 an
634 2720 829 2762 separanda
853 2729 888 2751 n.
916 2716 952 2760 4,
976 2721 1010 2761 2,
1037 2721 1115 2752 101.
1165 2717 1287 2761 [multi
1312 2717 1555 2751 narrationem⁴
1578 2716 1637 2750 lon
1664 2714 1673 2723 '

206 2767 342 2796 mutant
370 2763 576 2804 hyperbatis
599 2765 634 2806 8,
661 2767 694 2805 b',
719 2765 776 2798 67.
804 2776 836 2798 υ.
868 2764 1225 2807 Hyperbaton.]
1271 2761 1308 2803 ζ)
1341 2765 1474 2796 Ablata
1518 2761 1548 2796 si
1577 2771 1655 2797 van

208 2814 317 2842 tatem
344 2807 532 2841 criminum
557 2811 761 2843 narratione
785 2809 1084 2849 demonstraveris
1106 2807 1141 2850 4,
1164 2811 1200 2850 3,
1223 2812 1256 2843 7.
1282 2808 1341 2852 [n.
1377 2820 1518 2842 causam
1541 2817 1654 2860 propo

206 2856 278 2896 (εἰσ
303 2855 379 2889 edd.
403 2855 445 2887 tle
469 2853 554 2896 conj.
581 2856 717 2895 Regii
731 2866 739 2896 ;
778 2857 824 2888 ad
850 2856 954 2890 Codd.
979 2858 1117 2899 propius
1139 2865 1176 2890 n.
1205 2854 1385 2900 proposit}
1410 2853 1615 2898 confirmari¹
1632 2863 1652 2887 a
