1794 2976
608 207 809 253 Urbanus
836 233 893 250 -—.
920 207 1112 267 Usquam
1537 214 1615 252 921

133 325 456 373 ,opportunmnrk
483 322 533 369 ⁴,
554 326 599 368 1,
627 323 686 360 49.
721 323 881 366 oratoria
897 324 979 359 urb.
1012 333 1117 366 rara,
1149 333 1220 358 nec
1250 332 1302 361 ex
1333 327 1434 368 parte
1465 322 1621 366 propria,

136 373 212 420 ‚scd
240 368 287 408 ‘Sd
327 367 428 407 hanc
442 369 759 416 Tfflcnsuetudinem
797 369 1062 406 accommodata
1102 369 1144 413 6,
1180 371 1221 412 3,
1267 366 1311 403 14
1334 373 1378 404 Ζ.
1423 369 1503 404 urb.
1546 369 1621 411 ejus

144 411 274 460 (codsa
297 417 431 462 Seven)
445 428 586 453 amma
609 419 672 460 ιο,
691 420 725 460 1,
750 419 828 451 117.
851 418 962 453 mua
982 417 1061 450 urb.
1087 414 1138 459 (fn
1166 413 1294 458 Coeno)
1317 417 1360 450 ιτ..
1378 416 1457 451 115.
1490 421 1622 460 quanta

118 456 185 505 ,b
206 464 301 508 ionis
323 464 460 506 urla-23
484 463 519 508 5,
539 465 575 499 8.
605 474 674 497 nec
696 474 845 508 usquam
867 464 948 507 plus
973 461 1047 497 loci
1070 461 1204 506 reperit
1229 462 1309 496 urb.
1331 461 1369 505 6,
1390 461 1428 504 4,
1454 463 1510 495 10.
1537 472 1624 495 con-

118 504 313 554 ssi'mdonis
359 507 370 519 ⁴
431 508 517 544 latio
539 528 587 536 -
604 510 754 544 multum
782 510 891 544 habet
911 507 1119 544 uibanitatis
1141 508 1178 549 6,
1201 509 1236 548 3,
1259 508 1318 542 81.
1350 506 1517 542 narrandi
1543 508 1621 540 urb.

142 558 188 591 ib.
211 556 290 598 105.
315 555 376 601 qui
433 557 441 566 ‘
495 554 529 599 ),
549 554 581 590 ui
603 561 704 600 aptus
728 560 794 599 est,
815 554 1135 599 urbanitatis,
1158 553 1215 587 sin
1236 553 1350 595 aliter,
1378 553 1624 588 stultitiae

143 599 278 637 nomen
303 601 501 646 assequitur
521 601 557 644 8,
578 602 616 646 6,
637 599 685 635 74
712 613 746 636 υ.
765 601 998 635 Stultitia.
1027 600 1196 643 adjuvant
1218 599 1451 634 urbanitatem
1477 605 1514 634 et
1535 611 1624 638 ,ver-

144 659 207 692 ⁸¹³⁸
229 648 416 695 commode
439 645 545 692 positi
565 646 603 692 6,
619 648 655 690 3,
672 647 730 683 96.
755 658 803 682 ex
826 647 974 682 historia
999 646 1104 682 etiam
1126 647 1258 680 ducere
1285 645 1519 680 urbanitatem
1542 656 1626 680 eru-

141 693 256 737 ditum
290 697 336 730 ib.
353 694 415 731 98.
447 694 586 729 inclusa
617 692 775 732 breviter
804 692 1005 728 urbanitate
1037 694 1082 727 ib.
1107 692 1175 734 43ς
1211 694 1350 728 Amat..-
1383 702 1426 726 ea
1450 692 1528 725 urb.
1552 697 1626 726 tota

139 744 199 775 est
219 738 359 775 invidia
383 738 543 783 crimini·
577 738 750 775 ainohun
775 741 819 774 fb.
841 741 898 775 10.
925 741 969 774 ad
994 738 1231 774 resolvendos
1262 737 1379 782 aliqua
1404 739 1484 772 urb.
1508 737 1626 781 (judi-

115 784 220 829 ᾔρει)
240 785 283 829 4,
306 788 349 829 2,
377 785 433 821 19.
467 783 605 820 acutior
623 790 683 820 ἀἱ
704 785 766 820 iun
797 786 1057 830 atq..velocior
1083 784 1122 819 in
1152 785 1232 820 urb.
1256 783 1414 819 brevitas
1435 783 1476 827 6,
1499 785 1543 824 3,
1565 783 1624 819 45.

139 830 277 867 Domit.
305 831 472 875 Marsus,
501 830 562 876 qui
585 831 631 866 de
654 832 735 866 urb.
761 831 1030 879 diligentissime
1051 830 1194 876 scripsit
1217 832 1263 864 ib.
1283 832 1360 864 102.
1386 842 1419 864 v.
1441 829 1591 864 Risus.

98 894 313 942 Urbanus·
352 910 571 944 urbanum
595 909 671 944 Cic.
699 909 852 953 (novum)
880 909 994 945 credit
1014 911 1050 953 8,
1074 911 1110 954 3,
1137 909 1209 951 34<
1239 909 1280 952 1)
1304 911 1348 943 de
1370 912 1464 942 loco.-
1489 907 1625 942 rusti-

144 967 250 990 cane
278 956 354 991 vita
377 968 422 990 an
447 957 542 991 urb.
574 953 719 1001 potior?
745 959 787 999 2,
814 955 856 999 4,
881 955 938 991 24.
1006 957 1063 996 Π)
1089 958 1132 989 «le
1157 958 1302 998 ingenio.
1342 954 1392 997 α)
1415 955 1491 988 urb.
1517 956 1626 988 homo

144 1002 231 1043 erit,
261 1003 361 1044 cuius
390 1003 500 1036 multa
530 1003 624 1036 bene
649 1002 744 1036 dicta
769 1007 1012 1047 responsaque
1038 1008 1142 1037 erunt
1169 1004 1330 1036 Domit.
1356 1003 1405 1034 M
1411 1013 1489 1036 ars.
1514 1001 1560 1043 6,
1588 1002 1623 1043 3,

146 1048 225 1084 105.
273 1049 461 1082 Demosth.
497 1049 712 1082 urbanum
746 1048 859 1082 fuisse
891 1048 1032 1090 dicunt,
1077 1048 1287 1082 dicacem
1325 1052 1457 1094 negant
1493 1049 1536 1080 ib.
1568 1049 1627 1079 21.

141 1092 185 1138 β)
208 1095 287 1128 ead.
311 1095 373 1128 illa
396 1093 533 1137 mium,
563 1094 635 1128 alio
659 1094 823 1139 dicente,
855 1095 991 1128 urbana
1014 1104 1093 1128 esse
1115 1095 1159 1136 6,
1183 1095 1227 1137 3,
1254 1097 1309 1127 12.
1339 1093 1434 1137 quod
1459 1092 1496 1126 in
1520 1092 1627 1126 alium

141 1139 173 1173 si
199 1140 324 1174 abeant
417 1139 614 1183 diceretur,
650 1141 825 1174 urbanum
859 1151 933 1174 non
963 1145 1041 1174 erat
1070 1142 1116 1173 sb.
1148 1139 1205 1174 94.
1239 1139 1371 1173 dictum
1394 1149 1459 1182 per
1484 1149 1524 1172 se
1547 1139 1625 1172 urb.

141 1186 183 1218 1'11.
205 1184 262 1221 ⁵4.
285 1197 330 1219 ur
353 1209 364 1220 .
386 1196 500 1232 genus
523 1185 664 1230 dicendi
689 1189 724 1229 2,
747 1187 791 1228 8,
812 1185 848 1220 4.
874 1186 904 1220 si
926 1185 1035 1222 fuerit
1057 1195 1099 1219 os
1124 1203 1167 1211 —
1192 1186 1313 1228 urb.,
1338 1184 1374 1218 id
1397 1189 1472 1228 eut,
1495 1185 1533 1218 in
1554 1195 1626 1229 quo

138 1231 237 1266 nuua
260 1242 378 1280 neque
399 1231 687 1275 rusticitas,
717 1243 837 1276 neque
866 1231 1206 1278 peregrinitas
1235 1236 1382 1266 resonet
1406 1233 1470 1274 11,
1497 1233 1544 1275 3,
1568 1233 1626 1265 30.

139 1283 225 1318 rent
244 1279 324 1322 urb.
354 1277 440 1319 facit
462 1277 578 1323 aliqua
602 1278 778 1313 ex'nobis
802 1277 954 1322 adjectio
978 1279 1024 1320 6,
1047 1279 1091 1320 3,
1113 1280 1173 1313 71.

97 1340 225 1388 Utbfl.
263 1346 310 1399 1')
332 1358 366 1390 ἱιι
390 1344 597 1390 universum:
630 1357 740 1391 urbes
766 1356 872 1391 etiam
904 1356 1098 1401 populique
1123 1354 1303 1401 accipiunt
1329 1365 1461 1391 vocem
1490 1357 1505 1400 (
1517 1356 1550 1389 in
1574 1357 1629 1389 di-

103 1430 109 1435 „
141 1399 263 1444 cado)
280 1402 320 1445 9,
340 1405 377 1445 2,
401 1404 458 1436 31.
491 1402 529 1436 in
551 1402 690 1436 urbium
718 1402 853 1436 ambitu
882 1405 940 1444 11,
964 1405 999 1445 2,
1027 1405 1083 1436 21.
1112 1403 1254 1436 urbium
1280 1402 1484 1436 conditores
1508 1405 1542 1444 2,
1571 1403 1628 1444 16,

134 1447 178 1484 ’9-
198 1448 310 1482 inulta
330 1447 369 1482 in
390 1448 447 1482 liis
469 1447 795 1492 (declamationibus)
813 1448 1063 1492 relinquuntur
1077 1447 1227 1490 incerta,
1247 1469 1293 1474 —
1308 1448 1448 1482 urbium
1473 1448 1629 1492 ipsarum

141 1491 260 1536 vires,
286 1504 425 1535 mores,
450 1495 528 1537 jura
555 1500 590 1528 et
613 1495 668 1528 his
697 1495 822 1528 similia
847 1498 889 1537 2,
915 1497 982 1535 10,
1008 1493 1064 1528 14.
1095 1494 1347 1528 custodiendas
1371 1495 1478 1528 urbes
1502 1497 1546 1537 7,
1572 1497 1629 1537 10,

78 1570 82 1574 ,
142 1540 200 1572 13.
227 1548 355 1585 regere
377 1537 536 1574 consiliis
558 1541 685 1581 urbes,
710 1541 861 1574 fundare
900 1539 1062 1585 legibus,
1087 1541 1278 1573 emendare
1308 1540 1447 1583 judiciis
1482 1540 1541 1573 Pr.
1574 1542 1630 1578 10,

140 1583 317 1618 Themist-
340 1584 492 1618 suasisse
526 1585 748 1630 existimatur
779 1584 1078 1627 Atheniensibus,
1113 1592 1153 1618 ut
1181 1585 1304 1618 urbem
1331 1586 1552 1629 deponerent
1575 1597 1630 1629 ap.

143 1630 231 1664 deos
253 1631 289 1674 9,
311 1631 346 1670 2,
368 1630 424 1664 92.
447 1630 555 1664 urbes
581 1630 743 1664 similiter
769 1637 874 1674 atque
897 1630 1061 1663 homines
1084 1631 1271 1664 laudantur
1293 1633 1328 1674 3,
1353 1633 1387 1674 7,
1415 1629 1473 1666 25.
1506 1632 1630 1675 urbi-

141 1675 225 1719 bus
246 1674 682 1720 monteesilvasque
708 1677 835 1709 mutari
858 1678 902 1719 9,
930 1674 975 1718 4,
998 1675 1042 1717 43
1070 1676 1160 1710 bene
1187 1682 1339 1710 moratas
1361 1677 1440 1711 urb.
1465 1680 1569 1720 Trop.
1594 1677 1630 1720 8,

141 1721 178 1765 6,
195 1720 254 1756 24.
299 1719 352 1764 11)
375 1722 418 1754 de
435 1724 562 1755 Roma.-
586 1728 773 1765 postquam
797 1722 933 1755 Urbis
959 1722 1208 1765 appellatione,
1232 1722 1368 1756 e1iamsi
1393 1733 1523 1757 nomen
1548 1734 1631 1767 pro-

145 1766 263 1811 prium
285 1777 359 1800 non
384 1767 614 1810 adjiceretur,
640 1769 819 1802 Romam
842 1774 960 1802 tamen
986 1767 1100 1812 accipi
1124 1768 1170 1802 sit
1192 1774 1376 1812 receptum
1390 1769 1427 1811 6,
1445 1770 1481 1811 3,
1504 1771 1568 1803 103
1586 1773 1630 1803 Ζ.

147 1808 194 1854 qs.
217 1813 250 1854 8,
267 1815 308 1854 ’2,
329 1813 364 1847 8.
392 1813 428 1854 8,
449 1815 490 1855 ’5,
513 1815 546 1848 9.
569 1813 674 1854 huius
695 1815 874 1847 alumnum
897 1813 994 1851 urbis
1018 1814 1053 1855 8,
1081 1817 1114 1857 1,
1139 1816 1169 1847 3.
1198 1813 1382 1859 proprium
1408 1816 1537 1858 quend.
1565 1825 1631 1862 gu-

145 1858 362 1892 stum'urbis
387 1858 423 1900 6,
440 1860 475 1900 3,
495 1861 548 1893 17.
574 1859 674 1892 initia
691 1861 873 1893 Romanae
894 1859 992 1893 urbis
1017 1858 1065 1903 (S
1072 1868 1106 1902 p.
1127 1860 1226 1894 urbis
1247 1859 1394 1902 Romae)
1414 1863 1447 1902 1,
1466 1861 1502 1904 6,
1523 1863 1567 1894 12
1585 1865 1628 1895 Ζ.

146 1903 186 1938 in
206 1902 358 1941 vetustis
381 1903 550 1946 operibns
574 1905 672 1938 urbis
691 1911 834 1940 nostrae
858 1908 892 1949 1,
915 1905 951 1949 4,
975 1907 1032 1940 16.
1059 1906 1185 1940 Scauri
1210 1908 1393 1941 columnas
1418 1918 1484 1951 per
1505 1907 1631 1941 urbem

143 1949 308 1994 plaustris
330 1955 452 1983 vectas
476 1961 555 1984 esse
580 1952 615 1994 5,
640 1953 696 1993 13,
715 1950 763 1985 40
1082 1975 1090 1979 -
1462 1964 1466 1966 “

99 2004 266 2062 Urgem·
292 2016 397 2050 nimis
419 2026 531 2064 urgeo
558 2020 593 2060 9,
618 2021 652 2060 2,
680 2019 735 2054 57.
762 2019 837 2062 ine,
861 2019 919 2054 cui
946 2019 1131 2062 dictamus,
1156 2026 1258 2067 urget
1285 2022 1340 2062 10,
1363 2022 1398 2063 3,
1423 2021 1478 2056 19.
1503 2026 1632 2068 urgent

139 2063 313 2105 universa
339 2063 379 2104 5,
406 2065 471 2106 13,
495 2066 549 2097 13.
574 2075 677 2108 quam
700 2065 811 2111 magis
840 2076 1008 2100 aerumna
1030 2072 1186 2113 urget,
1214 2072 1286 2099 tam
1314 2066 1427 2113 magis
1452 2067 1497 2100 ad
1519 2069 1631 2101 male-

142 2109 347 2142 faciendum
369 2108 499 2161 Viget
525 2110 568 2151 9,
597 2111 648 2152 3,‘
662 2112 717 2145 15.
738 2117 906 2154 tanquam
927 2111 1146 2146 inventionis
1171 2112 1275 2156 copia
1298 2118 1492 2158 urgeantur
1516 2115 1571 2156 11,
1596 2114 1632 2156 3,

145 2155 202 2234 56t.
227 2154 307 2235 {¹¹85
310 2160 477 2233 1urgentis
500 2154 699 2190 orationem
720 2163 841 2203 gestus
865 2160 908 2191 ib.
930 2160 1009 2192 102.
1034 2169 1114 2194 vox
1138 2159 1296 2204 urgenda
1319 2160 1411 2192 ultra
1433 2158 1532 2194 vires
1557 2169 1632 2195 non

144 2211 185 2234 es
222 2213 233 2232 1
256 2225 266 2234 .
293 2220 296 2221 ν
332 2224 341 2233 .

95 2254 310 2309 natatus.
358 2269 551 2302 humana
575 2273 680 2312 atque
700 2269 877 2304 usitata
903 2272 947 2315 8,
969 2270 1011 2314 4,
1035 2274 1091 2306 20.
1115 2271 1233 2306 minus
1256 2270 1417 2306 exordiis
1443 2270 1573 2305 usitata
1594 2271 1630 2314 4,

148 2316 189 2356 1,
213 2313 269 2347 28.
303 2314 556 2347 clausularnon
578 2314 662 2347 usit.
685 2315 727 2358 8,
756 2317 797 2358 3,
825 2319 883 2350 20.
918 2328 1089 2353 novum
1115 2317 1273 2360 (nomen)
1300 2318 1337 2351 in
1360 2323 1469 2360 statu,
1497 2317 1630 2361 alioqui

147 2359 199 2392 ab
222 2359 446 2405 Hermagora
466 2359 561 2393 inter
575 2360 727 2404 species
749 2362 964 2405 juridiciales
987 2363 1207 2397 usitatum
1230 2366 1276 2406 3,
1300 2365 1343 2406 6,
1367 2365 1423 2398 53.
1452 2374 1506 2397 us.
1533 2363 1630 2398 circo

146 2414 280 2438 nomen
303 2408 343 2446 1,
367 2407 408 2447 5,
432 2407 488 2439 57.
511 2416 575 2443 us.
602 2411 638 2439 et
663 2408 847 2442 ceteris
878 2409 1060 2443 similis
1090 2409 1204 2443 oratio
1228 2411 1272 2451 8,
1295 2412 1337 2451 3,
1366 2408 1401 2442 4.
1436 2421 1491 2443 us.
1516 2411 1629 2444 verba

149 2453 183 2492 1,
207 2450 242 2491 5,
265 2451 300 2484 3.
323 2453 382 2484 71.
406 2450 521 2484 minus
544 2462 598 2485 us.
624 2461 736 2486 voces
762 2457 798 2496 1,
817 2455 853 2495 8,
879 2457 936 2489 15.
961 2454 1006 2496 qs.
1030 2458 1072 2496 2,
1096 2455 1143 2498 5,
1167 2454 1212 2494 4;
1248 2455 1344 2499 quod
1366 2454 1527 2489 usitatius
1551 2467 1630 2490 esse

146 2495 264 2538 coepit
287 2497 321 2538 3,
344 2497 380 2537 9,
405 2495 439 2532 4.
468 2496 714 2531 usitatissimus
736 2509 813 2532 mos
839 2504 872 2542 1,
895 2503 931 2542 7,
960 2501 1024 2541 14;
1058 2511 1117 2534 eas
1141 2501 1307 2545 (tabulas)
1333 2511 1409 2534 non
1433 2502 1549 2535 solum
1560 2513 1627 2536 ιτε-

146 2541 224 2576 felli
246 2542 311 2575 sed
335 2541 439 2575 etiam
463 2542 624 2577 accusari
651 2554 730 2577 esse
751 2545 919 2578 usitatiun
949 2547 990 2588 5,
1018 2547 1061 2588 5,
1088 2549 1121 2578 1.

102 2596 306 2653 Usquam·
350 2609 450 2644 velut
481 2609 645 2644 salientes
676 2612 761 2645 huc‹.
775 2612 878 2654 illuc,
916 2624 983 2647 nec
1018 2623 1164 2658 usquam
1197 2613 1402 2649 insistentes
1435 2616 1499 2657 10,
1524 2618 1569 2657 7,
1594 2616 1630 2649 6.

147 2655 282 2688 nullum
306 2661 466 2689 nostrum
488 2667 565 2700 usq.
589 2667 668 2690 esse
696 2657 933 2705 negligentem
956 2670 1159 2694 sermonem
1186 2661 1228 2693 ib.
1249 2660 1304 2694 28.
1336 2658 1383 2701 qs.
1406 2658 1449 2703 4,
1477 2663 1521 2703 2,
1551 2662 1628 2694 126.

149 2711 217 2752 nec
239 2707 476 2753 uzuh-tantum
508 2702 655 2736 affectus
678 2704 847 2751 valent'7
857 2730 868 2748 ,
891 2703 935 2747 4,
958 2708 1013 2739 23.
1050 2705 1094 2747 cs.
1117 2706 1159 2747 6,
1182 2703 1226 2746 4,
1252 2707 1308 2742 10.
1340 2716 1457 2751 neque
1482 2706 1630 2740 omniuo

150 2746 255 2788 hujus
281 2758 333 2780 rei
356 2747 516 2781 meminit
538 2759 616 2792 usq.
646 2754 751 2792 poeta
771 2749 847 2794 ipse
875 2753 940 2791 11,
963 2754 1006 2793 2,
1031 2753 1099 2794 16,
1134 2761 1238 2794 quem
1270 2752 1306 2784 si
1335 2757 1426 2797 usq.
1455 2752 1631 2786 remiserit

153 2790 326 2835 (dolorem)
350 2796 409 2836 11,
432 2796 466 2836 1,
490 2792 547 2829 54.
572 2794 653 2837 hic,
681 2795 717 2828 si
741 2806 833 2840 usq.
860 2797 893 2838 6,
920 2800 952 2839 1,
979 2799 1034 2831 51.
1528 2812 1530 2814 ’
