1728 3002
478 250 723 295 contractio
752 275 808 284 —
838 246 1054 311 contraho
1458 250 1538 291 177

55 367 124 412 (so.
146 373 267 412 annu
285 366 378 403 read.
403 367 506 412 adsto.
533 365 742 407 sumnum)
764 364 810 407 9,
833 365 876 407 3,
901 362 948 399 36
975 362 1019 397 N.
1045 369 1078 415 eg
1099 361 1147 396 N.
1175 373 1244 405 er.,·
1280 356 1537 414 relinquendae

55 419 221 449 contra
243 419 348 448 erant
381 414 383 418 ’
522 412 671 447 tabellae
685 413 741 455 10,
756 412 791 454 3,
806 413 862 446 32.
893 419 974 444 cum
987 410 1129 444 veniret
1154 411 1311 442 contra
1329 408 1536 442 Marcianus

57 460 94 503 6,
103 461 139 502 ὃ,
150 460 197 496 95
210 460 255 493 N.
274 456 285 468 ‘⁸
309 412 506 540 ἰὴῗςιῒ
517 459 771 502 Contine-tione.-
800 458 851 490 Et
874 460 1036 490 contra
1056 454 1132 489 cic.
1149 455 1194 488 ad
1206 455 1409 487 Brutum—
1421 453 1537 497 inquit

51 505 91 548 Β,
113 505 150 548 6,
172 506 232 541 20.
273 504 336 539 An
351 518 371 545 χ
391 543 394 546 ⁴
442 503 527 539 ibile
549 503 613 548 sit,
647 514 670 538 a
691 503 764 537 filio
783 508 922 547 patrem
945 500 1125 544 occisum,
1158 500 1335 533 incestum
1363 510 1447 533 cum.
1466 500 1538 533 filia

53 550 308 585 commissum?
340 555 383 586 ot
406 556 586 594 contra,
618 549 832 584 veneficium
858 545 895 582 in
922 556 1101 587 noverca,
1131 545 1342 580 adulter-hun
1368 545 1406 579 in
1430 547 1539 579 luxu-

7 604 21 614 ·
54 595 179 630 rioso?
208 597 244 639 5,
266 599 324 640 10,
348 598 392 632 19
415 597 461 630 Ν.
493 595 538 637 ff.
563 595 598 639 3,
625 597 660 639 8,
688 598 744 630 32.
779 596 812 637 5,
838 597 896 634 10,
919 592 978 628 48.
1003 592 1060 628 71.
1088 592 1123 635 9,
1147 594 1181 637 3,
1204 594 1240 626 7.
1267 592 1308 633 9,
1333 590 1368 634 4,
1394 591 1455 644 44,
1480 593 1536 626 52.

56 642 122 676 Est
144 647 281 685 autem,
318 642 412 687 quod
435 652 560 676 omnes
587 647 622 676 et
645 652 784 686 semper
807 646 842 675 et
865 639 996 684 ubique
1019 640 1163 681 deceat,
1199 638 1323 672 facere
1351 648 1394 671 ac
1417 638 1539 672 dicere

57 688 228 723 honeste:
263 694 514 732 contraque
537 687 715 722 neminem
737 688 812 721 ullo
839 686 877 720 in
901 687 983 720 loco
1006 684 1158 728 turpiter
1181 687 1244 727 11,
1275 687 1315 726 1,
1343 682 1398 717 14.
1435 683 1480 724 cs.
1505 687 1539 727 1,

60 734 118 776 12,
140 723 177 768 4.
197 733 233 777 8,
255 733 291 776 4,
315 736 350 767 1.
380 733 425 768 de
449 733 575 768 ordine
595 730 711 767 laudis
735 738 984 776 contraque
1006 727 1263 775 praecipiemus
1287 739 1354 764 suo
1377 735 1448 763 tem
1475 741 1547 764 ore

6 804 17 815 2
59 780 96 821 2,
119 777 156 822 4,
179 773 237 822 21.
260 777 312 820 cs.
329 778 364 823 7,
389 782 424 821 2,
449 782 491 814 31
517 783 560 814 Ζ.
594 785 631 813 at
653 785 776 814 contra
800 780 834 820 8,
859 779 894 820 6,
917 779 974 812 33.
1009 781 1069 810 aut
1091 782 1218 810 contra
1241 779 1274 818 1,
1299 777 1334 819 5,
1357 775 1414 828 68.
1462 782 1497 828 ᾳ.
1517 779 1542 809 1.

62 834 106 858 ac
126 821 250 860 contr:
265 826 313 858 Ν.
329 823 396 869 cr.)
420 825 453 868 5,
475 827 533 867 10,
554 824 611 860 64.
636 826 694 860 80.
725 825 903 868 sapienter
925 828 984 856 aut
1008 826 1132 856 contra
1153 824 1188 862 2,
1213 825 1247 864 5,
1272 821 1328 859 15.
1358 832 1394 855 m
1414 821 1543 866 quibus

61 869 213 913 patritun
241 878 308 914 pro
337 870 543 915 possessivo
566 870 713 913 dicitur,
749 871 824 905 vel
850 881 900 904 co
912 875 1013 902 ntra
1042 871 1076 910 1,
1101 868 1142 910 5,
1165 867 1224 902 45.
1260 866 1303 908 cs.
1330 869 1364 909 3,
1388 871 1424 910 7,
1447 870 1482 901 2.
1508 867 1544 910 4,

63 919 100 958 2,
124 916 194 954 52.
211 915 246 959 5,
270 919 327 958 10,
342 915 399 950 40.
426 917 461 959 9,
484 916 520 957 4,
544 917 600 952 96.
626 923 664 950 ut
680 927 727 950 ex
746 926 820 950 uno
843 917 963 960 plures
984 913 1222 959 intelligamus
1246 921 1324 956 etc„
1350 914 1412 947 vel
1427 913 1547 946 omnia

62 961 155 1006 haec
176 967 301 997 contra
322 963 358 1004 8,
381 962 416 1004 6,
442 963 486 997 19
510 963 558 996 N:
575 975 623 996 cr.
653 972 770 1007 neque
796 981 836 988 -
859 972 928 995 nec
949 966 1075 995 contra
1099 961 1154 1002 10,
1178 962 1213 1002 2,
1238 961 1295 992 22.
1327 964 1372 993 ut
1395 959 1486 992 haec
1509 958 1549 992 in

63 1014 177 1041 unum
199 1013 458 1055 congeruntur,
486 1007 551 1042 ita
577 1014 746 1042 contra
768 1007 830 1041 illa
855 1008 1013 1051 dispersa
1035 1010 1118 1039 sunt
1139 1006 1174 1048 9,
1202 1007 1237 1048 3,
1263 1005 1319 1042 39.

22 1059 282 1104 contractio.
326 1075 557 1110 humerorum
581 1076 802 1111 allevatio
830 1080 867 1109 et
889 1072 1152 1108 contractio
1178 1075 1234 1114 11,
1259 1073 1294 1114 3,
1317 1073 1376 1107 83.

12 1116 294 1161 Contractus·
339 1137 423 1167 ante
448 1132 564 1177 ipsum
588 1131 642 1167 rei
666 1137 888 1167 contractum
912 1129 959 1174 (ι’.
986 1143 1014 1164 e.
1039 1130 1235 1172 initium)
1257 1128 1294 1171 4,
1317 1132 1352 1172 2,
1373 1127 1424 1165 49
1446 1129 1494 1164 Ν.

15 1170 296 1217 7(ἶθῦῑῒὲὶάἱθῠ-
340 1186 465 1223 causas
486 1188 753 1223 contradicendi
775 1189 817 1229 9,
843 1191 887 1230 2,
910 1189 967 1222 83.
1001 1184 1209 1231 cuicunque'
1226 1186 1453 1221 adversarius
1479 1197 1555 1222 non

71 1232 281 1267 contradicit
303 1234 336 1276 5,
361 1237 418 1277 10,
443 1237 498 1269 13.
528 1235 655 1280 quibus
678 1232 838 1280 (legibus)
862 1233 1059 1268 contradici
1080 1233 1194 1278 possit
1215 1236 1252 1276 7,
1275 1236 1310 1277 7,
1333 1231 1367 1267 4.
1400 1239 1500 1278 pater
1520 1233 1556 1268 ei

71 1277 227 1321 (optioni)
248 1280 459 1315 contradicit
480 1282 516 1324 9,
539 1284 574 1325 2,
598 1283 656 1316 81.

26 1330 330 1386 Conttadicfio·
375 1340 439 1382 ubi
466 1339 736 1383 contradictioni
759 1349 860 1383 locus
882 1357 957 1382 non
982 1351 1037 1381 est
1061 1347 1101 1388 3,
1125 1332 1178 1387 ΘῘ
1194 1343 1251 1380 34.
1286 1344 1420 1391 aliquid
1443 1345 1560 1380 simile

18 1423 32 1429 ,
72 1382 344 1429 contradictioni
367 1393 410 1436 5,
435 1396 499 1437 13,
522 1394 581 1431 49.
608 1395 647 1428 in
669 1395 814 1429 scholis.
823 1400 920 1428 recte
946 1399 983 1427 et
1005 1392 1343 1427 contradictionibus
1376 1393 1460 1434 (Ge
1470 1406 1512 1425 νη
1525 1394 1560 1426 h.

73 1449 117 1470 ex
140 1439 197 1470 illo
223 1445 304 1481 opti.
328 1442 476 1473 codicum
499 1448 574 1474 ame
599 1446 635 1474 et
657 1444 784 1474 inserto.
799 1439 1002 1484 plenaribus
1027 1439 1145 1481 conjic.
1170 1437 1406 1481 plenioribus)
1430 1449 1563 1472 occur-

72 1492 193 1517 remus
219 1485 263 1517 ib.
284 1485 348 1527 503
394 1485 456 1519 ubi
482 1486 586 1520 nobis
611 1486 688 1530 ipsi
704 1486 869 1530 fingimus
896 1484 1213 1521 contradictionem
1236 1487 1280 1527 7,
1305 1486 1347 1526 3,
1375 1486 1433 1518 20.
1471 1495 1563 1518 con-

73 1526 215 1566 tradict.
238 1529 343 1565 nobis
366 1531 549 1574 oppositae
571 1533 614 1575 5,
645 1535 688 1567 13
703 1558 715 1574 ,
744 1532 801 1566 36.
845 1543 892 1564 ne
917 1530 1125 1565 contradict.
1154 1541 1213 1564 eas
1236 1534 1394 1573 ponant,
1436 1530 1564 1574 quibus

63 1572 184 1616 ⁴facile
212 1576 422 1619 responderi
450 1578 563 1620 possit
595 1581 639 1612 ib.
668 1577 728 1612 42.
773 1583 971 1621 ponuntur·
987 1577 1057 1610 hae
1089 1576 1299 1610 contradict.
1334 1575 1373 1608 in
1405 1577 1565 1613 secundo

21 1623 36 1658 A.
79 1618 264 1672 Ciceronis
286 1622 331 1655 de
354 1628 496 1657 oratore
518 1619 614 1658 libro'
634 1627 669 1667 2,
698 1627 752 1664 17,
778 1624 835 1658 36.
873 1622 1081 1656 contradict.
1105 1623 1248 1656 solvere
1272 1625 1307 1664 7,
1332 1624 1366 1663 1,
1390 1623 1446 1656 38.
1475 1633 1566 1656 con-

26 1685 30 1690 .
78 1665 326 1701 tradlctionem
343 1679 491 1703 sumere
521 1672 587 1711 11,
615 1671 657 1711 3,
683 1670 749 1704 163
774 1670 845 1712 N.‚·
881 1680 961 1702 cum
986 1678 1052 1712 pro
1076 1667 1229 1711 petitore
1253 1666 1392 1709 dicunt,
1422 1673 1458 1703 et
1487 1679 1566 1702 ex·-

70 1710 343 1755 positione,
369 1719 537 1758 tanquam
562 1714 699 1758 priores
722 1721 846 1760 agant,
868 1714 921 1748 uti
945 1716 1080 1754 solent3
1109 1719 1146 1747 et
1173 1713 1566 1756 contradictione,

78 1761 250 1800 tanquam
269 1759 575 1803 respondeant-4,
602 1763 646 1803 2,
671 1762 718 1796 29
745 1762 790 1794 Ν.
839 1761 900 1804 qni
924 1760 995 1794 loci
1020 1759 1183 1793 oriuntur
1210 1770 1259 1793 ex
1285 1759 1568 1793 contradictione

81 1802 119 1842 3,
140 1801 177 1846 8,
200 1801 256 1836 27.
279 1799 323 1837 in
339 1805 621 1844 contradictione
650 1805 716 1850 (sic
735 1808 780 1839 ad
798 1808 900 1840 Codd.
918 1808 1054 1848 propius
1072 1818 1171 1848 quam
1195 1809 1286 1846 vulg.
1313 1805 1570 1839 contradictio-

85 1845 206 1888 nibus)
227 1846 370 1883 interim
393 1856 508 1884 totum
531 1851 667 1886 crimen
690 1851 882 1896 exponitur
905 1852 940 1894 5,
966 1853 1022 1893 13,
1047 1852 1094 1886 28
1116 1852 1166 1886 Ν.
1189 1864 1238 1884 cr.

0 1942 2 1948 ,
41 1899 276 1965 contra-¹¹⁰·
325 1915 356 1956 Ι)
385 1920 531 1960 proprie.
576 1920 617 1960 α)
642 1918 762 1962 copias
789 1920 1001 1953 contrahere
1031 1920 1095 1960 12,
1126 1920 1168 1960 3,
1199 1918 1231 1952 5.
1282 1928 1371 1961 quos
1403 1917 1570 1952 contraxi

27 1987 30 1989 .
85 1959 257 1993 satellites
282 1961 322 2002 7,
346 1963 389 2002 2,
415 1961 472 1996 54.
498 1965 731 1998 -contraxisse
761 1965 913 2009 aliquam
943 1963 1182 2008 perniciosam
1212 1964 1340 1997 ceteris
1366 1971 1507 2010 gentem
1535 1966 1572 2006 3,

22 2029 31 2038 .
87 2008 124 2047 7,
149 2007 207 2038 21.
263 2005 310 2050 β)
334 2007 464 2040 collum
488 2009 785 2043 contrahitur
809 2016 845 2043 et
868 2010 1076 2045 tenditur
1101 2013 1155 2050 11,
1180 2010 1215 2050 3,
1238 2010 1295 2043 82.
1337 2020 1408 2052 quo
1433 2009 1572 2042 medius

4 2087 5 2090 Ἴ
89 2050 125 2084 di
150 2050 219 2084 'tus
246 2049 294 2084 in
321 2051 489 2094 pollicem
513 2054 732 2087 contrahitur
759 2057 804 2088 ib.
828 2056 875 2090 92
898 2055 945 2088 N.
993 2054 1219 2098 (superciliis)
1253 2054 1572 2096 contrahitur,

89 2061 232 2139 (jgrims)
257 2098 300 2129 ib.
326 2096 381 2132 78.
423 2109 458 2131 v.
482 2098 676 2132 Attollo.
714 2105 855 2145 gestus,
879 2099 942 2143 qui
964 2098 1204 2133 contrahit
1232 2100 1369 2132 alterno
1393 2100 1574 2144 celerique

70 2140 193 2175 “motu
214 2147 251 2176 et
277 2141 492 2186 explicat
521 2153 664 2176 manum
690 2145 734 2177 ib.
759 2147 838 2178 102.
880 2144 1070 2178 contractis
1092 2143 1290 2187 superciliis
1313 2147 1357 2177 ib.
1380 2146 1438 2179 79.
1484 2156 1577 2179 con-

92 2186 183 2220 trah'
252 2188 307 2222 ela
334 2190 396 2230 12,
428 2189 486 2222 Pr.
510 2187 555 2231 43
599 2194 778 2223 contracta
803 2189 985 2223 cervicula
1011 2191 1076 2230 11,
1109 2191 1151 2231 3,
1183 2190 1261 2222 180.
1304 2196 1377 2222 tres
1402 2191 1577 2225 contracti

95 2231 155 2276 (di
180 2234 191 2242 ⁹
266 2235 313 2267 ib.
337 2232 394 2267 94.
443 2239 541 2268 tanto
570 2234 967 2268 contractioribus
1002 2234 1135 2267 ultimis
1163 2234 1281 2280 digitis
1310 2237 1351 2268 ib.
1378 2235 1436 2270 95.
1525 2237 1577 2280 Π)

25 2299 37 2318 ,·
92 2282 208 2314 tmnsl.
261 2276 304 2321 ι)
329 2278 513 2313 Ciceronis
537 2280 717 2314 contraxit
742 2278 1038 2322 (commentarios)
1067 2281 1134 2322 10,
1158 2283 1202 2322 7,
1226 2282 1283 2314 31.
1322 2291 1578 2327 nonnunquam

98 2322 427 2358 summittenda
451 2330 487 2359 et
512 2326 834 2363 contrahenda
860 2325 976 2358 oratio
1007 2327 1063 2367 11,
1088 2329 1120 2366 1,
1144 2324 1203 2360 45.
1239 2331 1280 2358 ut
1306 2327 1463 2361 breviter
1489 2339 1580 2362 con-

95 2369 235 2402 traham
255 2379 426 2403 summam
450 2371 484 2413 5,
507 2373 563 2413 10,
589 2371 646 2407 94.
682 2372 895 2409 contrahere
916 2377 1075 2414 tempora
1100 2371 1241 2405 dicendi
1264 2372 1372 2414 6,-5,
1398 2371 1434 2406 4.
1475 2372 1579 2418 [cum

98 2414 239 2447 decoris
263 2415 375 2460 gratia
402 2418 622 2450 contrahitur
647 2417 723 2461 (Sp.
741 2418 825 2458 conj.
850 2416 1042 2459 trajicitur3
1066 2419 1164 2450 Amb.
1185 2420 1203 2450 1
1243 2417 1410 2460 trahitur)
1437 2419 1579 2466 longius

28 2465 46 2507 ἢ,
97 2460 251 2494 verbum
273 2461 308 2501 8,
329 2459 365 2501 6,
393 2459 439 2494 65
465 2463 512 2494 Ν.
537 2461 603 2506 cn]
635 2463 815 2507 quaelibet
837 2473 886 2496 ex
907 2462 951 2495 iis
975 2461 1107 2495 artibus
1131 2461 1178 2495 in
1201 2473 1334 2506 paucos
1358 2465 1467 2499 libros
1491 2477 1582 2500 con-

35 2510 45 2521 '·
98 2505 307 2539 trahi-solet
332 2507 387 2546 12,
405 2508 461 2547 11,
478 2507 543 2550 163
571 2509 796 2550 fundere,
821 2517 912 2552 quae
938 2512 1063 2541 natura
1085 2513 1330 2542 contracta
1354 2517 1437 2544 sunt
1463 2513 1520 2554 10,
1544 2512 1580 2553 5,

28 2551 30 2553 ’
103 2553 146 2584 11
171 2551 218 2584 Ν.
269 2557 555 2586 contractum
587 2553 727 2588 dicendi
755 2554 976 2598 propositum
1008 2565 1086 2596 opp.
1117 2554 1319 2588 uberius
1352 2558 1415 2598 11,
1452 2559 1489 2599 1,
1524 2559 1582 2591 32.

54 2596 66 2611 ⁷
105 2596 344 2630 summissa
367 2603 437 2641 atq.
467 2604 711 2633 contracta
732 2610 826 2634 voce
846 2612 924 2651 opp.
951 2604 1103 2632 erecta
1126 2605 1161 2633 et
1185 2601 1414 2634 concitata
1440 2604 1483 2636 ib.
1501 2602 1581 2636 175.

0 2679 3 2686 Ι
32 2650 34 2653 ·
103 2640 151 2682 cs.
175 2642 230 2675 ⁴8.
256 2640 316 2675 64.
368 2642 413 2686 β)
436 2645 460 2676 ι’.
484 2655 515 2687 q.
543 2651 768 2687 comparo:
798 2646 969 2678 crudltate
996 2649 1177 2679 contracta
1199 2649 1234 2687 7,
1259 2648 1294 2688 3,
1319 2648 1373 2680 33.
1414 2647 1584 2691 quidquid

55 2724 57 2726 ,
90 2686 259 2725 ἶιιιιιῑιοιῆει
286 2687 444 2732 corrupti
474 2689 692 2724 contraxerit
715 2693 755 2733 2,
786 2692 848 2732 10,
878 2691 913 2724 6.
955 2688 1156 2731 inimicitias
1180 2691 1300 2725 domui
1337 2693 1395 2733 (a.
1419 2697 1439 2726 1.
1466 2693 1586 2736 domi)

105 2737 332 2766 contraxeras
354 2737 399 2775 7,
427 2736 469 2776 1,
498 2735 543 2768 53
569 2735 617 2770 N.
643 2748 718 2778 σὴς
758 2741 799 2769 ut
823 2755 870 2762 —
893 2736 1056 2770 exoletos
1083 2743 1328 2771 scrutatus
1360 2745 1523 2772 auctores
1550 2738 1587 2771 id

91 2775 220 2820 ipsum
245 2782 376 2821 petat
400 2789 448 2813 ex
470 2779 548 2823 his,
580 2791 672 2825 quae
693 2781 777 2817 inde
805 2778 1129 2826 contraxerit,
1160 2783 1258 2827 quod
1284 2793 1359 2817 non
1382 2783 1589 2831 intelligun-

110 2826 169 2856 tur
190 2823 225 2864 8,
248 2826 284 2866 2,
310 2825 355 2857 12
378 2825 427 2859 Ν.
450 2837 496 2859 cr.

157 2892 240 2924 Lex.
268 2891 384 2935 Quini.
1182 2896 1227 2929 12

0 460 4 468 r

0 473 3 480 ι

0 514 1 529 l
