1728 3002
122 230 205 270 502
625 229 885 273 Ludibrium
921 253 977 262 —-
1014 229 1142 289 Luna

118 339 387 384 Ludibrium.
423 354 519 390 affici
542 365 647 400 vero,
671 361 709 391 et
725 355 854 393 iravel
868 356 968 391 luctu
987 366 1215 402 permovere,
1237 355 1340 401 cuius
1354 361 1410 392 est
1419 354 1575 400 ludibrii,
1595 354 1667 392 mai

167 398 332 443 quibusd.
355 412 495 448 pugnae
523 402 721 437 simulacris
747 403 792 437 ad
814 413 943 442 verum
977 403 1168 438 discrimen
1206 422 1254 429 —
1291 402 1586 438 consuescimus?
1627 405 1665 444 2,

167 446 224 487 10,
249 447 285 480 8.
333 452 370 480 et
391 449 534 490 vultus,
566 454 603 483 et
625 460 706 484 vox
730 456 792 483 eto.
818 448 976 484 ludibrio
999 455 1082 484 sunt
1103 447 1328 491 hominibus,
1361 459 1451 493 quos
1480 459 1556 484 non
1581 459 1670 495 per-7

165 497 358 572 Τοέετέωῑ
380 494 416 537 6,
442 497 477 539 1,
499 493 560 530 45.
606 495 652 530 ad
674 494 882 530 foedissima
906 506 1022 542 usque
1044 495 1199 531 ludibria
1219 496 1388 531 labuntur
1414 494 1512 541 (Sp.
1536 492 1667 540 dilab.)

190 562 201 580 2
254 564 263 580 ,
311 541 335 571 2
358 543 402 575 Z·

117 590 347 638 Ludicrus.
392 618 451 644 ars
473 607 612 643 ludicra
635 610 670 651 3,
698 609 735 653 6,
759 610 818 645 18.

117 649 256 692 LUdO·
291 662 333 705 α)
361 664 549 709 quicum
570 667 706 700 luserat
730 668 787 710 11,
810 669 847 712 2,
873 667 941 710 38;
966 662 1253 712 ψευδογραφίις,
1277 666 1456 712 quibus
1482 666 1585 711 pueri
1609 666 1685 702 lu«

164 708 251 743 dere
279 711 482 746 solebamus
521 715 555 756 1,
591 714 647 756 10,
683 713 743 748 39.
797 723 845 748 ne
883 714 1037 749 carmine
1070 713 1214 758 quidem
1241 714 1412 748 ludere
1447 713 1667 748 contrarium

163 753 286 798 fuerit,
312 755 404 792 sicut
427 758 581 793 athletae
604 758 680 794 otio
708 763 744 793 et
770 759 1040 803 jucundioribus
1066 759 1182 803 epulis
1212 759 1421 794 reficiuntur
1453 761 1509 802 10,
1542 759 1578 803 5,
1610 761 1667 794 15.

162 798 202 833 in
225 802 413 837 orchestra
434 805 509 848 pila
529 803 600 839 lusi
623 805 659 848 6,
683 807 719 848 3,
743 808 811 849 713
844 806 1018 850 juvenum
1038 806 1102 841 vel
1124 805 1216 840 sibi
1242 805 1442 840 ludentium
1472 806 1508 849 6,
1541 807 1586 848 3,
1622 805 1669 841 16

162 846 234 890 N.;
262 853 317 882 tot
339 860 473 896 genera
496 850 646 885 ludendi
671 853 728 894 12,
758 854 817 895 11,
841 853 898 887 18.
946 851 1041 886 inter
1064 852 1259 896 ludendum
1286 854 1320 895 1,
1344 854 1379 895 3,
1404 854 1460 886 12.
1485 850 1530 896 β)
1555 853 1668 885 dicen-

164 893 208 927 do
222 906 233 927 .·
273 893 311 928 in
337 907 379 930 re
404 895 498 930 tristi
519 897 611 931 ludit
638 896 852 942 compositio
877 899 913 941 9,
939 898 975 941 4,
999 899 1056 933 28.
1105 907 1175 942 qua
1202 897 1362 942 (ironia)
1391 895 1466 932 Cic.
1491 896 1577 931 lusit
1606 897 1666 941 (a.

163 941 187 972 l.
213 950 299 974 usus
323 940 398 986 sit),
424 953 505 976 cum
527 961 575 967 —
597 942 716 988 inquit
738 943 776 987 6,
801 946 836 988 3,
860 945 919 980 68.
967 945 1031 978 sed
1056 942 1254 989 (Alcaeus)
1278 949 1315 978 et
1342 942 1427 978 lusit
1451 941 1519 988 (sio
1554 947 1598 977 Z.
1627 956 1670 976 ex

165 987 266 1020 Voss.
294 989 326 1020 1.
355 990 400 1031 3;
431 990 500 1032 Sp.
547 990 612 1024 sed
637 989 821 1034 inlusus)
855 996 891 1025 et
920 989 959 1024 in
991 1001 1131 1024 amores
1165 990 1350 1024 descendit
1383 991 1441 1033 10,
1474 991 1509 1032 1,
1545 989 1591 1024 63
1615 989 1667 1024 Ν.
1724 990 1728 993 “

150 1043 209 1111 ὃν·
226 1035 334 1114 {1456
357 1045 438 1114 Rap.
466 1033 637 1071 Ovidiuin
659 1036 853 1081 ludentem,
878 1035 953 1072 Cur
976 1046 1045 1084 ego
1069 1046 1146 1071 non
1169 1036 1309 1080 dicam,
1331 1035 1452 1080 Furia,
1476 1039 1513 1070 te
1536 1034 1669 1070 suriam

187 1102 197 1120 ²
224 1101 232 1111 ”
249 1104 259 1121 ²
395 1106 405 1115 υ
1379 1108 1381 1110 ,

114 1130 278 1176 Ludus·
329 1147 364 1191 1)
387 1151 430 1183 de
457 1154 676 1189 solemnibus:
712 1151 788 1186 ludi
814 1150 970 1185 Floralia
997 1162 1040 1184 ac
1061 1148 1262 1195 Megalesia
1285 1152 1320 1193 1,
1344 1150 1379 1194 5,
1403 1149 1459 1195 52.
1499 1149 1668 1202 ludorum

159 1191 324 1242 talariam
349 1193 389 1236 (ι’.
416 1209 444 1230 e.
470 1201 669 1232 musicorum
697 1197 768 1242 Ζ.)
791 1197 937 1232 licentia
962 1200 1018 1240 11,
1044 1199 1078 1240 3,
1111 1198 1157 1232 58
1181 1197 1228 1231 N.
1253 1203 1283 1230 et
1318 1197 1356 1230 S.
1405 1197 1450 1230 de
1477 1195 1667 1230 instituen-
1689 1198 1695 1204 ”

161 1236 214 1270 dis
238 1239 331 1273 ludis
356 1242 572 1284 (consultatio
584 1243 616 1288 >³
640 1247 681 1286 3,
716 1245 751 1289 8,
779 1245 836 1278 28.
914 1242 965 1287 11)
1001 1244 1138 1277 schola.-
1183 1243 1343 1285 ludus,
1392 1241 1474 1287 quia
1506 1242 1552 1276 sit
1585 1243 1669 1276 lon-

186 1282 306 1319 issime
335 1297 356 1319 a
386 1288 494 1322 lusu
522 1291 615 1333 1,.6‚
649 1289 707 1324 34.
755 1290 903 1324 literarii
930 1291 954 1323 l.
992 1292 1027 1332 1,
1051 1288 1087 1332 4,
1118 1292 1186 1331 27;
1228 1289 1328 1332 cujus
1363 1294 1538 1331 matrem,
1574 1288 1668 1323 dixit

190 1331 272 1364 Cic.
285 1330 315 1375 ),
338 1333 421 1365 dum
444 1333 599 1369 vixisset
618 1336 663 1368 lu
674 1337 698 1368 d
708 1347 732 1368 u
743 1348 778 1368 m
808 1336 856 1376 (ι’.
887 1348 916 1370 e.
948 1340 989 1368 lu
1000 1348 1021 1377 p
1032 1347 1083 1367 an
1093 1347 1113 1367 a
1127 1335 1174 1377 rl,
1198 1340 1384 1378 postquam
1397 1341 1539 1368 mortua
1555 1340 1662 1377 esset,
1719 1356 1728 1362 -

160 1376 431 1423 magistros
465 1380 514 1420 (i,
547 1393 575 1414 e.
613 1382 865 1422 auctionis)
910 1380 1089 1414 habuisse.
1135 1381 1358 1413 Dicebantur
1403 1385 1541 1422 autem,
1578 1382 1663 1414 dimi

161 1420 280 1465 vixit,
313 1423 464 1458 infames
489 1425 645 1460 feminae
670 1426 869 1461 convenire
893 1427 937 1459 ad
963 1436 1044 1458 eum
1078 1424 1224 1458 solitae:
1269 1429 1352 1468 post
1381 1430 1534 1461 mortem
1566 1426 1664 1460 bona
1725 1442 1728 1447 ·

161 1466 239 1510 ejus
271 1469 459 1504 venibant.
519 1472 730 1516 Quanquam
764 1473 824 1505 hic
853 1472 995 1504 ludus
1029 1481 1095 1515 per
1130 1470 1399 1504 translationem
1444 1471 1558 1505 dictus
1595 1477 1664 1514 est,
1723 1479 1728 1484 ’

159 1514 376 1560 magistri
400 1527 465 1559 per
488 1518 754 1564 ambiguitatem
778 1518 814 1560 6,
838 1519 873 1561 3,
907 1519 969 1560 513
1004 1527 1111 1562 quem
1137 1516 1279 1561 saepius
1303 1527 1324 1551 a
1350 1517 1436 1551 ludo
1462 1517 1508 1562 (ἰ.
1534 1530 1568 1552 ε.
1587 1521 1662 1560 gla-
1724 1539 1728 1546 ·

160 1559 331 1605 diatorio)
354 1563 555 1598 redemerat
580 1566 615 1608 8,
640 1565 674 1606 5,
701 1567 746 1598 12
769 1565 818 1598 Ν.

113 1612 279 1669 Lugeo·
314 1630 477 1678 lugentes
503 1631 735 1666 disertissime
762 1631 936 1677 quaedam
959 1631 1165 1666 exclamare
1188 1631 1223 1674 6,
1246 1633 1282 1674 2,
1312 1631 1371 1666 26.

113 1670 327 1716 Lumbus;
357 1687 475 1722 sinum
498 1700 612 1734 usque
638 1690 684 1723 ad
711 1689 853 1723 lumbos
879 1689 1104 1723 reduxerunt
1131 1691 1189 1732 11,
1215 1690 1250 1732 3,
1275 1689 1356 1725 131.

112 1739 295 1784 Lumen·
334 1756 366 1798 Ι)
388 1760 537 1800 proprie.
563 1756 605 1801 α)
629 1761 729 1792 solis.-
767 1767 899 1801 corpus
923 1756 962 1790 in
984 1757 1120 1791 lumine
1149 1757 1313 1790 umbram
1339 1755 1426 1790 facit
1452 1756 1488 1798 5,
1513 1757 1577 1800 10,
1603 1757 1661 1790 80.

159 1800 387 1836 luminum
410 1804 543 1837 umbr
558 1814 759 1848 arumque
787 1804 964 1837 rationem
987 1806 1043 1847 12,
1072 1805 1130 1846 10,
1155 1804 1191 1836 4.
1238 1801 1282 1847 β)
1326 1806 1482 1836 lucerna.-
1522 1801 1562 1835 in
1584 1802 1664 1835 cla-

157 1845 336 1882 rissimum
361 1850 514 1883 solem
538 1852 688 1884 mortale
716 1852 872 1884 tumen
899 1849 1035 1883 inferre
1059 1850 1094 1892 5,
1119 1850 1176 1891 12,
1201 1849 1225 1885 8
1247 1848 1296 1882 Ν.
1329 1847 1558 1882 lucubrantes
1577 1848 1662 1882 lum.

158 1902 269 1926 unum
292 1895 394 1928 velut
418 1900 533 1930 tectos
557 1896 714 1930 maxime
737 1901 858 1930 teneat
883 1898 940 1939 10,
964 1898 998 1938 3,
1026 1896 1085 1930 25.
1132 1894 1268 1928 lumina
1292 1903 1368 1928 non
1390 1893 1485 1928 inter
1506 1894 1664 1937 umbras,

1712 1651 1728 1761 4

1714 1764 1728 1800 i

160 1939 223 1971 sed
247 1940 353 1982 plane
376 1941 414 1974 in
439 1942 618 1985 tenebris,
651 1941 804 1976 clariora
831 1947 914 1975 sunt
938 1944 973 1984 2,
1000 1944 1055 1983 12,
1080 1943 1115 1975 7.
1141 1941 1191 1983 ll)
1215 1943 1241 1974 i.
1265 1953 1296 1985 q.
1322 1944 1499 1974 oculus.-
1532 1940 1664 1973 fron-
1711 1979 1715 1981 ‚

160 1984 228 2018 tis
253 1997 295 2019 ao
323 1986 549 2021 luminum
572 1988 811 2022 inconstantia
835 1987 1013 2032 trepidare
1038 1988 1073 2030 9,
1095 1988 1131 2029 3,
1158 1989 1245 2029 1013
1276 1990 1390 2019 transl.
1405 2000 1416 2019 .-
1451 1984 1538 2018 mihi
1566 1985 1662 2019 filius

158 2030 278 2064 minor
304 2049 349 2055 —-
373 2032 473 2077 prior
499 2036 650 2068 alterum
677 2046 725 2069 ex
750 2035 888 2068 duobus
917 2034 1009 2067 eruit
1035 2034 1161 2067 lumen
1191 2034 1323 2075 (morte
1353 2032 1442 2072 sua)
1474 2031 1520 2073 6,
1555 2032 1612 2064 Pr.
1639 2031 1663 2066 6
1711 2075 1715 2078 .

159 2077 207 2109 N.
262 2078 333 2122 111)
356 2082 596 2123 splendor:
623 2079 666 2124 α)
691 2081 823 2125 optima
852 2085 1047 2114 cernuntur
1070 2089 1136 2112 suo
1167 2072 1319 2111 lumine‘
1341 2077 1376 2119 8,
1403 2077 1461 2110 Pr.
1486 2079 1544 2109 21.
1569 2087 1660 2121 quae
1708 2117 1714 2124 ,

159 2122 384 2166 (translatio)
408 2126 445 2158 in
471 2126 634 2161 oratione
663 2127 855 2170 quamlibet
880 2127 976 2160 clara
1005 2125 1152 2169 proprio
1188 2130 1308 2157 tamen
1339 2124 1425 2156 lum.
1462 2123 1660 2175 eluceat-8,

158 2168 194 2211 6,
217 2167 263 2212 43
298 2171 454 2205 lumen
479 2174 565 2206 illud
593 2178 792 2207 conventus
818 2170 1059 2206 honestissimi
1097 2168 1311 2203 tenebris
1336 2179 1378 2202 ac
1410 2169 1662 2211 solitufdlnl

158 2216 406 2257 praetulissem
434 2221 468 2260 1,
492 2222 527 2260 2,
544 2221 595 2261 ,9;
629 2218 817 2253 Ciceronis
845 2217 1105 2252 sententiaaet
1129 2214 1317 2249 contiones
1346 2214 1560 2266 non-minus
1583 2215 1660 2266 cla-

158 2271 237 2294 rum
264 2263 490 2306 eloquentiae
515 2266 539 2298 1.
569 2266 762 2299 ostendunt
785 2267 819 2307 3,
847 2266 882 2306 8,
908 2265 965 2298 65.
999 2261 1228 2307 praecipuum
1258 2261 1483 2304 eloquentiae
1511 2260 1536 2294 l.
1563 2260 1661 2312 dedit

156 2305 211 2339 M.
238 2308 379 2342 Tullius
404 2311 438 2353 3,
469 2313 502 2352 1,
526 2313 582 2344 20.
631 2311 859 2344 manifestum
884 2311 952 2352 jam
978 2310 1075 2352 (Sp.
1102 2307 1171 2340 iter
1199 2305 1269 2350 ad)
1294 2305 1430 2352 ingenii
1449 2307 1478 2340 ¹l.
1504 2306 1661 2340 ostendit

157 2352 216 2386 Pr.
241 2353 264 2388 6
287 2358 329 2388 Z.
357 2357 403 2390 N.
428 2361 468 2389 ut
489 2357 711 2391 tenebris
739 2355 1056 2391 orationisinferat
1079 2353 1256 2397 quoddam
1291 2351 1548 2399 intelligentiae
1572 2362 1660 2385 suae
1697 2365 1708 2380 ν

157 2398 311 2434 lumen
335 2401 370 2444 8,
395 2404 430 2444 2,
454 2403 510 2436 23.
548 2415 579 2437 υ.
618 2404 668 2436 In
680 2403 723 2436 fe
738 2413 802 2436 ro.
849 2402 1009 2435 nondum
1039 2404 1174 2433 tantum
1210 2398 1352 2432 dicendi
1386 2399 1411 2432 1.
1446 2402 1659 2440 accesserat,

158 2448 195 2476 ut
220 2445 326 2479 etiam
350 2458 415 2490 per
440 2448 615 2481 obstantia
649 2452 851 2492 erumperet
885 2449 942 2489 12,
978 2447 1013 2488 9,
1038 2447 1070 2479 5.
1120 2445 1189 2478 hoc
1224 2444 1351 2478 orandi
1386 2445 1411 2478 1.
1446 2445 1596 2496 11‚·2,·
1623 2446 1675 2481 7.

157 2491 201 2530 ῥ’)
228 2493 258 2523 in
296 2495 387 2526 libris
420 2497 473 2527 vel
506 2496 719 2536 orationibus,
750 2495 909 2537 imprimis
943 2493 985 2525 de
1017 2493 1282 2524 sententiis.-
1322 2491 1413 2523 haec
1448 2493 1664 2523 excitatiora
1691 2506 1703 2530 χ

158 2534 334 2571 lumina
358 2538 401 2582 (i.
430 2552 460 2573 e.
486 2540 773 2580 sententiae)
809 2541 864 2580 12,
894 2540 949 2580 10,
974 2536 1031 2572 49.
1059 2536 1240 2570 lumina
1266 2536 1325 2569 illa
1350 2546 1423 2569 non
1446 2536 1660 2569 flammae
1695 2536 1703 2569 i

158 2581 218 2611 sed
250 2583 489 2619 scintillis
517 2586 612 2619 inter
635 2583 1033 2619 sumnmemicantibus
1060 2582 1189 2616 similia
1222 2584 1257 2623 8,
1290 2582 1324 2623 5,
1354 2583 1412 2616 29.
1460 2586 1546 2615 nota
1577 2584 1661 2613 sunt
1696 2590 1701 2625 j

158 2626 325 2660 studiosis
354 2630 443 2664 haec
467 2633 551 2665 lum.
580 2634 637 2670 12.
663 2634 719 2674 10,
743 2631 802 2666 62.
850 2629 995 2663 alterius
1019 2628 1115 2662 modi
1144 2628 1277 2661 lumina
1315 2639 1393 2672 opp.
1419 2625 1480 2660 ille
1506 2625 1658 2669 simplex
1687 2628 1699 2703 ᾗ

157 2671 282 2704 modus
306 2674 340 2715 9,
366 2677 400 2716 2,
430 2680 462 2708 2,
509 2679 599 2711 haec
624 2677 804 2711 lumina
828 2675 1000 2710 orationis
1031 2675 1132 2709 velut
1171 2674 1343 2707 oculos
1377 2672 1548 2715 quosdam
1581 2672 1660 2704 elo-

158 2716 326 2759 quentiae
352 2730 431 2752 esse
459 2723 493 2764 8,
519 2723 552 2765 5,
578 2722 634 2757 34,
663 2722 708 2764 ‘'s-
733 2724 769 2766 8,
793 2723 828 2765 6,
853 2725 888 2757 7.
914 2720 958 2762 cs.
985 2724 1020 2762 9,
1047 2723 1080 2763 1,
1105 2720 1162 2754 25.
1195 2720 1257 2753 38.
1302 2715 1447 2751 lumina'
1465 2715 1697 2768 sententia-7¹

157 2773 236 2794 rum
262 2763 298 2806 9,
323 2768 358 2806 2,
386 2767 466 2798 102.

114 2805 250 2849 Luna.
289 2835 334 2843 -—
356 2822 524 2867 globosa,
557 2835 602 2857 an
627 2825 753 2868 plana,
787 2835 833 2858 an
858 2828 963 2858 acuta
985 2825 1020 2867 7,
1045 2824 1080 2865 2,
1104 2822 1146 2856 6.»
1187 2821 1217 2854 si
1250 2824 1361 2855 vento
1385 2819 1488 2853 rubet
1518 2819 1542 2855 l.
1566 2818 1602 2862 5,
1625 2818 1679 2861 9,·
