1728 3002
588 185 747 230 Odium
785 210 842 218 —
891 183 1078 227 offendo
1505 189 1586 228 593

94 316 180 343 vum
201 302 442 358 muingere,
476 303 614 348 prolata
635 302 784 345 dextra,
822 299 869 335 sit
891 298 1058 350 odiosum
1081 301 1127 334 ib.
1164 300 1243 334 131.
1276 299 1366 335 nihil
1401 305 1455 336 est
1483 301 1590 335 odio-

99 353 171 386 sius
193 351 417 386 affectauone
445 351 478 392 1,
506 350 542 392 6,
563 347 622 384 40.
659 347 755 390 11)1·.
788 360 821 392 q.
849 359 894 380 su
909 358 1185 390 pervacuus,
1210 351 1441 381 molestus.-
1465 347 1589 385 odiosa

99 409 186 432 cura
207 399 242 440 8,
265 398 302 440 3,
325 399 371 431 30
397 396 443 430 Ν.
468 395 607 430 nisiex
638 393 760 430 verbis
795 399 866 437 atq.
899 391 1084 426 sententiis
1114 403 1180 436 per
1208 403 1287 427 sese
1324 393 1362 427 id
1393 393 1590 438 quaeritur,

101 443 189 478 natis
211 442 338 478 odiosa
362 452 442 476 esse
464 451 537 476 non
559 440 690 485 poterit
717 439 960 484 (compositio)
986 440 1023 482 9,
1045 437 1082 477 4,
1109 440 1176 472 137
1202 439 1250 472 Ν.
1276 452 1324 473 cr.
1362 445 1591 484 praetereunt

100 495 270 533 tanquam
293 499 371 523 rem
393 489 635 521 molestam
658 492 695 520 et
720 487 788 520 od.
810 486 844 527 5,
871 487 927 527 13,
961 485 1019 518 36.
1055 483 1101 525 cs.
1138 487 1192 526 11,
1227 486 1261 528 3,
1294 487 1351 520 33.
1398 497 1474 519 non
1508 486 1591 531 quia

101 535 192 570 illud
216 545 290 568 non
321 533 368 568 sit
403 533 588 576 Latinum,
617 532 681 566 sed
712 531 796 578 quia
828 531 874 578 sit
910 530 1139 572 odiosum,
1180 535 1234 573 et,
1272 536 1311 564 ut
1343 530 1421 575 ipse
1451 532 1592 566 Graeco

102 581 218 616 verbo
245 579 479 627 significavit,
519 577 778 624 περίεργον
801 580 837 621 1,
860 577 896 620 6,
923 575 979 612 19.
1022 575 1113 610 nihil
1147 582 1202 610 est
1225 576 1384 611 odiosius
1411 584 1511 612 recta
1531 578 1609 612 ina·

101 625 315 672 repetitione
338 627 375 669 6,
400 628 434 668 1,
457 627 493 668 2,

60 680 235 739 Odium·
283 694 542 736 n)Nom1‘na1..·
579 690 690 732 (inter
719 693 873 734 pessimos
907 687 1072 733 affectu)
1102 689 1137 732 5,
1171 691 1228 731 10,
1262 688 1320 724 34.
1351 702 1386 726 v.
1425 691 1515 725 Ira.
1546 702 1594 725 ne

104 741 190 776 inde
216 739 390 782 odium,
421 738 508 771 hinc
531 742 796 771 contemtus
820 736 956 770 oriatur
980 738 1016 777 2,
1039 738 1076 778 2,
1106 736 1140 770 5.
1189 741 1309 779 turpes
1344 747 1386 770 ac
1420 743 1595 772 nocentes

105 785 265 832 sequitur
288 787 347 820 od.
372 783 408 826 4,
436 786 469 826 1,
499 782 551 817 14.
598 785 642 826 β)
666 783 772 816 Genit-
798 790 829 815 et
853 785 959 815 Dan:
988 782 1019 816 si
1043 788 1251 827 argumento
1283 781 1438 817 nitemur
1467 783 1594 826 odii,

104 839 223 867 utrum
247 833 319 866 boc
341 841 390 865 ex
412 828 598 864 invidia
627 827 690 870 sit,
725 839 770 861 an
797 839 843 862 ex
867 827 1011 871 injuria.
1044 839 1090 862 an
1123 838 1172 861 ex
1211 828 1371 862 ambitu?
1408 835 1513 864 vetus
1549 841 1595 864 an

106 877 268 914 novum?
299 877 378 910 adv.
405 875 635 916 inferiorem,
670 884 810 917 parem,
843 873 1092 917 superiorem?
1125 873 1299 915 alienum,
1326 875 1592 920 propinquum?

110 926 144 967 5,
183 927 241 966 12,
276 926 311 957 7.
358 921 565 955 criminibus
597 918 696 952 odii
733 924 768 952 et
802 918 990 965 gratiae
1022 925 1153 952 vacant
1190 922 1242 958 10.
1281 923 1314 961 1,
1347 920 1404 954 34.
1438 921 1595 964 suspicio

106 969 331 1005 odiorum
360 966 405 1008 4,
455 970 496 1009 1,
538 969 581 1007 73
625 964 808 1017 frugalitas
858 975 913 1008 ap.
937 964 1143 1011 ⁴§jhm-itas
1182 964 1332 999 forsitan
1372 966 1456 1000 odio
1499 968 1597 1001 foret

108 1012 224 1059 3‚'¹7,
259 1012 317 1048 24.
369 1012 453 1046 illae
492 1011 790 1056 reprehensiones
829 1009 976 1043 animo
1016 1011 1142 1043 dantur
1176 1016 1235 1044 aut
1271 1011 1373 1054 justis
1399 1011 1525 1046 odiis
1561 1014 1597 1054 5,

110 1064 168 1104 13,
196 1062 252 1095 38.
277 1060 317 1105 y)
348 1061 530 1092 sit-cusat..-
574 1057 617 1090 ad
651 1056 830 1098 odium,
865 1054 1259 1090 conciliationem
1297 1065 1358 1091 etc.
1390 1057 1597 1102 impellendi

110 1106 219 1142 animi
242 1107 276 1148 3,
304 1105 340 1147 8,
365 1107 420 1138 12.
445 1103 491 1136 in
519 1103 577 1136 od.
607 1112 732 1136 eorum
756 1111 952 1135 conversus
979 1104 1034 1144 11,
1062 1105 1094 1142 1,
1121 1103 1188 1143 81;
1214 1114 1304 1146 quae
1334 1103 1456 1138 odium
1483 1105 1540 1146 (a.
1576 1109 1599 1141 1.

109 1150 282 1194 taedium)
317 1160 391 1184 non
424 1149 570 1182 afferant
603 1151 659 1190 11,
694 1150 730 1190 2,
764 1146 822 1180 41.
879 1147 922 1180 ad
956 1147 1219 1181 conciliandum
1250 1148 1317 1192 iis,
1353 1160 1444 1193 quos
1478 1149 1601 1186 invi-

110 1209 188 1233 sos
219 1199 340 1231 facere
377 1194 556 1235 volueris,
590 1193 746 1228 odium
778 1194 819 1234 5,
857 1194 913 1234 13,
950 1194 1006 1226 38.
1035 1192 1078 1234 qil
1108 1194 1144 1235 6,
1169 1197 1205 1235 2,
1232 1195 1286 1229 16.
1335 1196 1489 1229 odium
1512 1194 1601 1230 tur-

109 1244 274 1290 pitudo
296 1241 384 1276 facit
406 1242 440 1284 6,
469 1243 502 1282 1,
527 1238 583 1273 14.
629 1250 674 1272 ne
697 1239 756 1272 od.
780 1238 975 1271 studiorum
999 1239 1133 1272 faciant
1170 1245 1319 1284 negatae
1349 1241 1600 1287 (remissiones)

112 1295 147 1333 1,
171 1292 206 1332 3,
234 1292 292 1325 11.
338 1287 368 1320 si
392 1282 627 1330 (eloquentia)
649 1284 770 1318 odium
794 1295 843 1318 ex
867 1285 972 1328 quad.
999 1284 1171 1319 servitute
1194 1285 1315 1320 tulerit
1347 1288 1381 1331 5,
1409 1287 1464 1331 14,
1492 1290 1539 1323 30
1565 1302 1600 1324 v.

112 1333 387 1370 Fastidium.
435 1332 590 1365 odium
617 1330 814 1374 iramque
841 1331 982 1376 frangat
1004 1331 1143 1370 (risus)
1168 1332 1203 1373 6,
1237 1333 1271 1374 3,
1309 1335 1342 1367 9.
1393 1330 1426 1367 δ”
1458 1336 1599 1369 Amat..-

111 1381 253 1430 dignius
275 1378 500 1414 odio'scelus
527 1380 562 1418 7,
591 1379 626 1418 2,
649 1376 706 1410 36.
754 1375 875 1409 liberis
909 1375 1013 1409 odio
1038 1382 1073 1409 et
1099 1377 1255 1423 gratia
1279 1379 1456 1413 mentibus
1481 1382 1516 1423 5,
1543 1385 1600 1424 11,

111 1431 169 1464 37.
215 1425 342 1471 procul
368 1424 412 1458 ab
438 1422 533 1465 ira,
567 1422 692 1466 procul
718 1421 762 1454 ab
787 1423 855 1456 od.
880 1422 915 1463 6,
938 1425 973 1464 2,
996 1420 1063 1459 ⁷14.
1095 1422 1180 1456 odio
1213 1424 1386 1459 conflatos
1420 1432 1531 1460 testes
1566 1428 1600 1470 5,

110 1477 147 1517 7,
169 1474 228 1508 23.
251 1469 434 1506 invidia
458 1480 563 1511 reus,
595 1479 640 1501 an
664 1467 798 1510 odio,
833 1479 876 1501 an
901 1473 1147 1502 contemtu
1169 1470 1307 1503 laboret
1335 1474 1392 1513 12,
1416 1473 1452 1515 8,
1482 1473 1537 1507 14.

5 1545 9 1551 ⁴
67 1530 200 1572 Odor·
243 1549 311 1574 nec
333 1537 444 1585 magis
469 1542 544 1570 arte
573 1535 723 1569 traditur
743 1547 847 1579 quam
870 1540 1040 1582 gustus
1069 1541 1129 1569 ant
1152 1537 1264 1571 odoi·
1285 1539 1321 1581 6,
1347 1539 1381 1582 5,
1405 1542 1440 1574 1.

68 1596 346 1642 Oeconomia.
404 1606 644 1649 Hermagoras
685 1602 873 1646 judicium,
911 1602 1137 1647 partitionem
1152 1630 1163 1645 ,
1209 1605 1395 1650 ordinem,
1439 1619 1602 1654 quaeque

113 1652 327 1690 elocutionis
352 1656 455 1692 sunt,
487 1649 626 1691 subjicit
650 1649 899 1691 oeconomiae,
929 1661 1034 1692 quae,
1063 1650 1199 1684 Graece
1226 1653 1399 1695 appellata
1434 1665 1484 1688 ex
1516 1666 1603 1690 cura

111 1711 230 1738 rerum
257 1697 529 1731 domesticamm
552 1700 588 1728 et
612 1694 671 1726 hic
694 1706 760 1736 per
782 1694 991 1728 abusionem
1024 1696 1150 1738 posita,
1185 1697 1328 1730 nomine
1350 1699 1480 1734 Latino
1506 1707 1604 1736 caret

113 1751 149 1790 3,
171 1748 207 1786 3,
228 1746 264 1779 9.
290 1743 376 1776 Oec.
412 1742 450 1774 in
474 1741 530 1772 his
554 1742 740 1782 (veteribus
763 1742 943 1783 tragoediis
967 1747 998 1773 et
1015 1741 1220 1786 comoediis)
1246 1743 1472 1790 diligentior,
1498 1758 1603 1791 quam

113 1794 153 1828 in
173 1789 352 1835 plerisque
378 1797 556 1820 novorum
584 1785 650 1819 erit
675 1789 707 1828 1,
731 1786 766 1828 8,
790 1787 825 1821 9.

7 1861 10 1863 ’
70 1844 398 1936 Οθοοηοῐῖἒίοιιε.
441 1864 532 1899 quae
565 1863 654 1888 vere
686 1852 815 1888 dicitur
848 1853 1082 1889 oeconomica
1110 1854 1220 1890 totius
1247 1867 1376 1892 causae
1414 1858 1603 1904 dispositio

113 1910 150 1950 7,
176 1906 233 1947 10,
306 1926 314 1934 ·

70 1962 235 2007 OeduS.
291 1973 435 2004 veteres
457 1967 606 2000 oedos
631 1951 797 2001 dicebant
823 1969 857 2011 1,
882 1967 918 2011 5,
940 1970 999 2002 20.

0 2023 7 2033 ’
71 2026 271 2075 Offendo.
317 2033 348 2076 Ι)
372 2036 395 2068 ἰ.
424 2047 455 2079 q.
484 2036 648 2068 illido:
687 2039 794 2078 caput
818 2045 899 2068 eum
933 2035 987 2068 ad
1020 2034 1198 2069 fornicem
1230 2035 1377 2070 Fabium
1408 2037 1602 2074 offendisse

117 2087 180 2131 (a.
207 2089 229 2117 1.
260 2079 458 2120 demisisse)
489 2081 525 2122 6,
555 2083 598 2124 3,
627 2081 685 2114 67.
731 2086 772 2113 ut
802 2099 850 2106 —-
882 2086 1016 2114 temere
1051 2091 1171 2123 sparsa
1202 2091 1310 2114 manu
1343 2082 1390 2114 in
1418 2083 1604 2126 proximos

116 2131 272 2167 offendat
294 2129 349 2168 11,
375 2127 410 2168 3,
435 2126 503 2160 118
531 2127 578 2160 Ν.
604 2137 752 2170 quarum
775 2125 993 2170 (aquarum)
1019 2125 1138 2159 fluxus
1162 2126 1295 2170 aliquid
1326 2127 1406 2162 cavi
1430 2129 1602 2174 relinquit

117 2182 200 2223 post
225 2173 421 2216 idipsum.
455 2173 550 2215 quod
575 2172 770 2206 offenderat
797 2175 852 2212 11,
881 2173 912 2210 3,
939 2175 998 2207 21.
1046 2171 1098 2212 11)
1129 2173 1153 2204 ἰ.
1188 2185 1220 2215 q.
1255 2175 1294 2204 in
1308 2176 1450 2206 venio.-
1484 2175 1600 2219 ipsum

118 2221 304 2258 offendunt
327 2217 522 2251 temulento
546 2228 676 2262 sopore
697 2217 940 2263 profligatum,
984 2234 1026 2240 —
1057 2222 1281 2258 stertentem,
1317 2224 1505 2254 ructuosos
1528 2222 1602 2266 spi-

117 2268 220 2304 ritus·
239 2263 440 2312 geminare,
478 2265 747 2307 praeclarasque
781 2263 1054 2296 contubernales
1086 2279 1131 2284 —
1164 2268 1384 2296 transversas
1417 2266 1599 2311 incubare,

120 2320 157 2348 et
182 2313 336 2355 reliquas
361 2308 611 2350 circumjacere
634 2309 761 2352 passim
789 2312 841 2342 Co
855 2313 903 2340 el.
940 2307 975 2349 4,
1011 2310 1045 2348 2,
1082 2309 1166 2349 123,
1202 2307 1327 2354 catigat
1361 2310 1396 2342 in
1432 2314 1528 2352 sole,
1562 2321 1598 2348 et

121 2359 242 2394 omnia
265 2366 361 2389 nova
385 2353 544 2395 offendit,
569 2360 609 2387 ut
632 2355 691 2398 qui
725 2355 822 2387 solus
839 2353 1019 2394 xdiduxerit,
1054 2354 1149 2395 quod
1181 2352 1274 2386 inter
1305 2358 1433 2388 multos
1466 2358 1599 2393 facien-

120 2407 204 2439 dum
230 2408 284 2437 est
307 2404 341 2442 1,
363 2402 398 2440 2,
426 2400 480 2434 19.
528 2401 596 2440 111)
618 2402 642 2433 i.
668 2413 699 2444 q.
724 2401 863 2432 laedo.
895 2399 937 2441 α)
963 2401 1174 2439 simpticiter:
1208 2399 1296 2432 nihil
1321 2400 1478 2445 interest,
1507 2416 1598 2450 quo.

118 2451 226 2486 modo
250 2447 409 2482 offendas
430 2446 466 2486 9,
488 2447 524 2487 2,
546 2445 603 2480 69.
650 2444 739 2478 nihil
761 2445 903 2477 intrare*
920 2449 1037 2485 pou-st
1059 2443 1095 2476 in
1119 2444 1285 2487 affectus,
1317 2449 1411 2490 quod
1435 2448 1472 2481 in
1499 2461 1597 2494 aure,
1653 2449 1657 2452 ’

119 2497 220 2531 velut
248 2493 354 2538 quod.
379 2490 580 2530 vestibulo,
615 2489 731 2524 statim
754 2489 899 2524 offendit
926 2492 961 2530 9,
986 2491 1020 2530 4,
1052 2491 1105 2522 10.
1152 2489 1212 2522 illa
1238 2490 1276 2524 in
1310 2493 1454 2537 agendis
1484 2498 1598 2532 causis

119 2543 190 2587 jam
231 2539 377 2580 detrita,
418 2535 503 2570 inde
542 2541 644 2577 sunt,
686 2545 753 2569 nec
797 2535 980 2568 offendunt
1021 2539 1137 2567 tamen
1178 2535 1218 2576 8,
1250 2538 1289 2580 6,
1323 2540 1378 2573 51.
1425 2543 1597 2578 orationis

123 2585 358 2631 compositio,
392 2582 460 2615 nisi
494 2581 593 2615 varia
622 2586 693 2623 est,
719 2586 754 2614 et
775 2579 992 2613 offendit
1022 2579 1265 2624 similitudine,
1300 2589 1336 2617 et
1369 2585 1597 2624 affectatione

124 2628 510 2676 deprehenditur
542 2628 586 2668 9,
624 2626 666 2669 4,
692 2627 750 2661 60.
796 2623 835 2670 β)
863 2638 891 2658 c.
921 2625 1023 2676 Oly).-
1057 2625 1140 2659 Noli
1161 2627 1295 2671 facere,
1322 2630 1471 2665 offendis
1496 2634 1595 2669 illum

124 2680 279 2713 Domit.
319 2679 355 2709 A
360 2674 392 2716 f.
426 2676 462 2717 6,
492 2675 527 2716 3,
550 2673 605 2708 92.
654 2672 781 2716 quibus
816 2673 859 2705 de
894 2682 1008 2704 causis
1041 2671 1263 2714 provinciam
1293 2675 1496 2712 universam
1534 2689 1594 2716 etc,

124 2722 311 2758 offenderit
331 2720 367 2763 4,
390 2723 426 2762 2,
454 2720 520 2761 15;
558 2719 633 2752 Nec
655 2728 714 2752 me
740 2717 927 2751 offenderit
949 2718 1046 2750 lusus
1069 2717 1114 2750 in
1135 2718 1256 2762 pueris
1281 2722 1316 2762 1,
1348 2724 1383 2764 3,
1418 2727 1473 2757 10.
1522 2727 1596 2760 Nec

121 2779 278 2814 unquam
300 2777 358 2801 me
379 2765 430 2800 in
452 2766 507 2799 his
531 2763 700 2799 discentis
722 2763 822 2798 annis
846 2763 1020 2807 offendat,
1043 2762 1074 2796 si
1097 2764 1182 2808 quid
1205 2767 1420 2809 superfuerit
1441 2773 1475 2814 2,
1500 2770 1535 2814 4,
1558 2773 1598 2816 43

215 2839 296 2870 Lex.
320 2836 433 2879 Quint.
1236 2835 1281 2868 38
