1742 2964
162 200 274 242 1006
323 260 329 275 ¹

203 323 287 347 nem
310 323 331 345 a
353 309 522 345 Thersite
543 308 664 343 habita
686 310 728 342 11
742 333 752 352 ,
777 310 818 352 1,
842 309 900 343 37.

203 367 404 404 De-Ulixis
429 367 634 412 eloquentia
668 368 733 409 11,
757 367 798 407 3,
822 367 901 401 158.

203 429 262 461 De
286 437 411 460 senum
437 424 647 459 auctoritate
676 426 735 468 12,
758 423 794 466 4,
818 425 853 457 2.

157 483 471 519 Horatianus.
519 483 554 523 6,
576 483 612 522 3,
638 483 695 517 20.

156 540 387 577 Horatius
412 541 583 579 Flaccus,
611 541 655 587 Q.
685 540 797 575 verba
821 539 896 583 ejus

199 599 238 634 in
262 598 351 633 Arte
374 596 522 630 Poetica
544 596 608 640 Ep.
633 599 678 630 ad
702 597 842 641 Tryph.
860 598 896 630 2.

198 658 238 691 in
261 656 374 700 prima
398 660 500 697 parte
527 653 611 687 libri
636 655 680 689 de
704 660 779 688 arte
803 655 898 687 Poe-

182 715 269 749 tica
292 715 328 756 8,
351 715 386 752 3,
410 712 469 746 60.
515 712 658 753 Locus,
683 723 755 756 quo
775 711 895 746 navim

197 782 264 817 pro
288 768 484 813 republica,
510 768 682 802 fluctuum
705 774 897 812 tempesta-⁴

194 836 250 864 tes
287 838 354 872 pro
390 826 492 860 bellis
528 825 716 868 civilibus,
751 831 895 869 portum

195 897 265 931 pro
288 895 377 929 pace
402 889 507 927 atque
532 883 727 917 concordia
751 882 837 916 dicit
857 884 893 926 8,

195 946 243 987 6,
278 941 336 975 44.
392 939 598 974 Dormitare
637 940 815 974 interdum
859 939 893 974 ei

192 1002 376 1036 Homerus
402 997 479 1042 ipse
502 996 647 1032 videtur
680 999 744 1041 10,
770 1000 811 1040 1,
835 995 893 1030 24.

190 1061 390 1103 Tyrtaeum
424 1055 584 1089 Homero
621 1054 802 1101 subjungit
832 1056 889 1097 10,

192 1120 238 1160 15
267 1116 322 1151 57.
370 1112 562 1147 Pindarum
586 1112 715 1146 merito
741 1110 891 1146 credidit

190 1170 329 1208 nemini
352 1169 561 1218 imitabilem
586 1172 644 1213 10,
669 1172 702 1209 1,
726 1169 786 1205 61.
824 1172 891 1203 Ju-

191 1234 313 1265 dicium
345 1230 387 1261 (le
420 1240 457 1261 eo
494 1229 556 1270 10,
591 1230 633 1270 1,
661 1226 718 1262 94.
744 1226 800 1261 96.
847 1227 919 1269 In,

191 1286 402 1336 quibusdam
429 1284 617 1318 Horatium
642 1283 753 1317 nolim
776 1283 890 1316 inter-

190 1342 325 1390 pretari
357 1344 396 1382 1,
424 1342 468 1383 8,
496 1343 529 1374 6.
574 1339 751 1373 Dissentit
775 1340 818 1372 ab
843 1350 888 1372 eo

190 1399 431 1448 Quintilianus
462 1399 495 1430 in
526 1396 654 1440 judicio
680 1397 724 1430 de
747 1395 887 1429 Lucilio

191 1461 250 1502 10,
278 1460 312 1500 1,
341 1454 400 1490 94.

143 1513 398 1552 Horatius.
433 1509 625 1551 interfector
647 1511 769 1543 sororis
793 1510 827 1551 3,
850 1511 886 1552 6,

187 1575 245 1610 76.
268 1571 304 1615 4,
329 1574 364 1613 2,
383 1571 420 1602 7.
449 1570 482 1611 5,
513 1570 569 1609 11,
593 1569 636 1601 10
649 1568 697 1601 N.
720 1570 756 1610 7,
775 1565 810 1607 4,
829 1568 863 1600 8.

141 1627 459 1669 Hortensius,
486 1626 532 1671 Q.
562 1632 697 1658 orator:
727 1635 748 1657 a
767 1623 884 1658 Verre

187 1699 335 1726 aeneam
360 1685 553 1731 Sphingem
578 1686 765 1724 acceperat
786 1680 821 1723 6,
847 1682 881 1723 3,

183 1751 244 1786 98.
273 1746 404 1793 legitur
438 1740 552 1777 oratio
576 1750 641 1783 pro
666 1738 782 1775 Verre
809 1739 884 1779 (sed

180 1806 287 1850 ficia)
314 1806 370 1845 10,
397 1804 430 1843 1,
458 1802 516 1834 23.
563 1795 660 1830 Editi
679 1801 762 1829 sunt
776 1796 820 1828 ab
838 1805 884 1830 eo

183 1864 402 1900 Communes
424 1856 528 1899 Loci,
553 1853 679 1899 quibus
704 1852 885 1898 quaestio-

175 1932 248 1966 ·nes
278 1915 493 1966 generaliter
525 1917 721 1946 tractantur
762 1913 810 1953 2,
848 1912 882 1952 1,

185 1981 243 2014 11.
277 1973 427 2011 Juvenis
453 1969 717 2005 accusationem
740 1969 883 2010 suscepit

183 2039 250 2079 12,
285 2037 333 2076 7,
366 2030 402 2065 4.
450 2030 535 2072 Ejus
559 2027 689 2070 scripta
712 2025 804 2058 intra
826 2025 883 2057 fa-

180 2103 276 2128 mam
294 2092 441 2124 fuerunt
465 2089 522 2128 11,
547 2086 581 2126 3,
606 2085 639 2119 8.
686 2083 761 2116 Diu
781 2082 882 2126 prin-

182 2161 269 2194 ceps
294 2152 498 2187 oratorum,
533 2141 722 2185 aliquando
755 2151 878 2173 aemu-

180 2210 238 2243 lus
263 2203 450 2240 Ciceronis
474 2199 696 2235 existimatus
721 2202 786 2238 est,
810 2207 879 2230 no-

180 2264 330 2302 vissime
353 2260 472 2306 quoad
502 2256 596 2293 vixit
630 2255 807 2289 secundus
832 2257 876 2288 ib.

181 2324 263 2357 aad.
288 2323 344 2363 12,
370 2321 428 2361 11,
454 2319 511 2351 27.
543 2313 703 2348 Mediam
726 2313 878 2345 formam

179 2383 280 2414 tenet
298 2379 353 2418 12,
374 2377 431 2416 10,
448 2376 502 2407 11.
546 2371 686 2412 Annus,
710 2379 783 2413 quo
802 2374 878 2403 erat

179 2436 318 2472 Consul
341 2434 483 2466 futurus
504 2429 539 2470 6,
565 2427 600 2470 5,
622 2426 658 2463 4.
690 2426 878 2462 cervicem

177 2495 325 2528 videtur
346 2490 480 2535 primus
505 2485 639 2519 dixisse
674 2486 718 2526 8,
754 2486 797 2527 3,
820 2484 878 2520 35.

177 2549 286 2584 Actio
321 2551 385 2590 11,
423 2548 465 2587 3,
500 2545 539 2580 8.
584 2542 721 2576 Placuit
744 2541 877 2585 aliquid

133 2606 135 2609 ”
181 2616 227 2641 eo
243 2605 405 2647 dicente,
429 2602 527 2648 quod
547 2601 709 2646 legentes
727 2608 801 2632 non
818 2598 876 2631 in-

179 2662 346 2700 venimus
379 2663 422 2696 ib.
473 2656 669 2704 Diligentia
698 2655 877 2700 partiendi

180 2718 218 2762 4,
242 2719 277 2761 5,
299 2716 358 2752 24.
404 2715 583 2750 Memoria
606 2716 668 2754 10,
692 2715 734 2756 6,
756 2711 789 2747 4.
817 2714 874 2755 11,

181 2779 219 2821 2,
241 2774 298 2810 24.
345 2771 588 2818 Reprehendit
613 2770 765 2805 Tincam
790 2768 875 2805 Pla-

573 193 712 236 Index
742 191 975 237 Nominum
1004 194 1292 252 Propi-iorum.

1002 308 1184 344 centinum
1208 312 1243 354 1,
1256 310 1302 361 ,5‚
1325 313 1383 350 12.
1414 310 1503 346 Cato
1523 310 1695 346 Marciam

1002 366 1036 401 ei
1059 367 1204 401 tradidit
1226 370 1262 412 3,
1285 369 1320 412 5,
1346 372 1400 403 11.
1428 371 1484 412 10,
1510 370 1543 412 5,
1570 371 1626 403 13.

955 424 1260 460 Hortensius.
1283 426 1373 459 Filia
1383 426 1588 460 Hortensii:
1617 426 1694 469 ejus

1002 481 1127 515 Oratio
1168 483 1262 526 apud
1297 482 1524 518 Triumviros
1559 483 1693 526 habita,

1000 538 1133 585 legitur
1160 550 1234 574 non
1266 546 1402 577 tantum
1427 540 1466 574 in
1489 551 1600 574 sexus
1622 541 1693 573 ho·-

1001 606 1128 630 norem
1161 599 1196 642 1,
1222 600 1256 642 1,
1288 600 1322 633 6.

953 655 1152 699 Hydria.
1176 657 1346 689 comedia
1363 657 1549 690 Menandri
1573 656 1630 699 11,
1653 655 1690 698 3,

997 714 1039 748 91
1057 713 1104 747 Ν.

952 768 1239 814 Hyperides,
1277 777 1402 804 orator.
1446 771 1616 805 Iudicium
1646 771 1689 802 de

996 841 1034 862 eo
1061 831 1124 872 10,
1150 831 1192 871 1,
1215 829 1273 878 77.
1321 827 1428 862 Actio
1449 837 1517 872 pro
1539 827 1688 871 Phryne

995 884 1213 920 admirabilis
1239 888 1285 924 2,
1310 886 1370 928 15,
1395 885 1428 920 9.
1462 886 1543 919 add.
1567 886 1623 926 10,
1653 883 1689 927 5,

993 945 1028 976 2.
1068 942 1187 978 Attice
1207 942 1300 976 dixit
1322 945 1394 991 12,
1415 944 1486 986 10,
1516 945 1574 976 22.
1607 943 1688 985 plus

992 998 1140 1034 indulsit
1161 999 1337 1044 voluptati
1366 1002 1409 1033 ib.
1449 998 1494 1041 cf.
1518 999 1688 1033 Messala.

947 1057 1267 1102 Hyperbolus.
1299 1069 1334 1092 υ.
1359 1056 1526 1092 Maricas.

1299 1146 1333 1188 1.

946 1228 1167 1263 Ibericae
1190 1228 1323 1263 herbae
1346 1228 1383 1271 8,
1407 1230 1444 1270 2,
1466 1229 1500 1261 2.

946 1285 1094 1320 Ilium.
1119 1296 1200 1319 cum
1219 1297 1276 1330 ap.
1298 1285 1402 1319 Ilium
1415 1289 1609 1331 pugnatum
1628 1289 1684 1318 est

992 1343 1026 1384 5,
1053 1345 1110 1382 10,
1134 1341 1192 1376 42.

944 1397 1218 1442 Inscriptio.
1252 1396 1292 1431 in
1324 1396 1499 1431 Columna
1520 1398 1684 1431 Rostrata

990 1457 1025 1498 1,
1048 1458 1084 1498 7,
1110 1457 1166 1490 12.
1202 1454 1241 1488 in
1263 1453 1447 1489 Pulvinari
1470 1453 1565 1488 Solis
1588 1457 1631 1488 ib.

943 1511 1111 1545 Jonica
1136 1511 1230 1545 dicta
1254 1513 1290 1554 8,
1315 1513 1350 1554 3,
1373 1512 1431 1545 59.

942 1569 958 1601 1
969 1567 1153 1612 phicrat
1164 1579 1222 1603 eS.
1246 1566 1459 1612 proditionis
1473 1578 1557 1602 reus
1573 1566 1608 1612 5,
1623 1569 1681 1611 12,

988 1628 1044 1660 10.
1549 1631 1552 1636 ’

943 1682 1073 1727 [Irus.
1093 1683 1150 1726 (de
1165 1682 1249 1726 conj.
1271 1675 1678 1716 ObrechtiThersitae

987 1746 1094 1784 atque
1129 1741 1212 1783 Iro,
1251 1739 1315 1772 sed
1349 1744 1448 1773 recte
1474 1741 1524 1772 M
1527 1751 1680 1782 eye-tus

987 1800 1034 1832 ad
1055 1799 1167 1832 Amb.
1196 1798 1229 1831 1.
1259 1795 1462 1840 adquisiere
1494 1797 1616 1844 rediit)
1643 1797 1679 1839 3,

985 1855 1021 1898 7,
1048 1852 1121 1898 19.]
1419 1894 1433 1900 „
1498 1866 1503 1868 -

940 1913 1118 1946 Isaeus.
1150 1917 1262 1944 orator
1286 1912 1343 1954 12,
1373 1911 1431 1952 10,
1455 1911 1514 1944 22.

940 1968 1209 2011 Isauricus,
1233 1968 1274 2001 P.
1299 1966 1487 2004 Servilius.
1512 1968 1548 2010 6,
1571 1968 1606 2010 3,
1630 1966 1678 2002 25

984 2028 1032 2060 Ν.
1062 2025 1121 2060 48.

937 2085 1197 2118 Isocrates,
1229 2084 1272 2122 2,
1298 2079 1366 2123 15,
1390 2081 1448 2114 33.
1476 2081 1519 2121 3,
1545 2078 1592 2123 4,
1620 2082 1678 2115 11.

983 2142 1029 2184 3,
1062 2142 1104 2180 5,
1140 2140 1196 2172 18.
1232 2140 1277 2180 3,
1301 2139 1347 2180 6,
1373 2139 1407 2172 3.
1454 2136 1492 2171 iu
1518 2137 1678 2172 Helenes

980 2198 1086 2232 laude
1120 2197 1162 2237 3,
1186 2197 1230 2237 8,
1261 2197 1295 2228 9.
1329 2194 1370 2227 iu
1392 2193 1618 2240 Panegyrico
1642 2195 1690 2236 3,,

980 2256 1004 2290 8
1018 2280 1030 2298 ,
1067 2255 1100 2289 9.
1147 2253 1191 2286 de
1226 2251 1373 2295 Ephoro
1411 2256 1518 2295 atque
1552 2251 1676 2285 Thoo-

979 2321 1113 2356 pompo
1137 2309 1318 2354 quomodo
1341 2306 1554 2351 judicaverit
1580 2309 1616 2350 2,
1638 2308 1675 2349 8,

981 2371 1038 2406 11.
1063 2368 1143 2400 aaa.
1174 2369 1240 2409 10,
1267 2367 1306 2407 1,
1330 2363 1389 2399 47.
1435 2366 1605 2407 Judiezjum
1632 2366 1675 2398 ae

980 2439 1019 2459 eo
1043 2427 1100 2468 10,
1126 2425 1159 2466 1,
1182 2424 1241 2458 79.
1291 2423 1464 2456 Tribuitur
1486 2424 1517 2454 ei
1536 2422 1674 2455 Juoun-

981 2482 1070 2516 ditas
1096 2483 1165 2524 10,
1200 2482 1243 2519 1,
1278 2480 1356 2515 108.
1405 2478 1491 2522 Ejus
1517 2477 1607 2521 Ars,
1641 2477 1673 2512 si

979 2531 1099 2574 tamen
1119 2548 1270 2580 revera,
1296 2546 1386 2580 quae
1411 2534 1671 2577 circumfertur,

978 2597 1055 2640 ejus
1079 2600 1133 2630 est
1161 2597 1203 2637 2,
1228 2593 1293 2636 15,
1320 2591 1343 2625 4
1367 2593 1447 2625 adds
1471 2593 1514 2627 ib.
1546 2592 1603 2626 33.
1634 2592 1669 2634 3,

979 2656 1014 2697 1,
1039 2654 1093 2687 15.
1139 2649 1396 2696 Panegyricum
1412 2648 1488 2692 ejus
1509 2646 1568 2692 qui
1586 2658 1672 2690 par-

977 2709 1140 2752 cissime,
1176 2709 1299 2742 decem
1324 2704 1426 2740 annis
1449 2703 1570 2737 dicunt
1594 2705 1672 2738 ela-

978 2769 1140 2802 boratum
1157 2767 1211 2807 10,
1235 2762 1271 2807 4,
1294 2760 1330 2798 4.
1360 2763 1418 2795 De
1437 2766 1669 2805 praeceptore
