1728 3002
649 243 666 246 ”
683 242 888 294 Quaestio
1285 262 1291 276 ν
1473 244 1555 283 729

0 353 10 378 ³
72 361 184 408 qualis
205 371 285 396 esse
305 358 352 393 in
369 357 517 394 addictis
527 358 574 404 'q.
592 359 685 403 solet
704 359 738 401 5,
757 358 895 400 10,,60.
929 355 1155 402 quaestiones
1172 366 1251 390 esse
1278 362 1338 390 aut
1363 356 1409 389 in
1426 354 1559 399 scripto

75 413 136 442 aut
153 407 199 441 in
216 416 291 440 non
313 405 445 450 scripto
457 406 492 448 3,
511 407 546 449 5,
561 403 618 440 40.
644 414 718 439 non
736 409 791 438 est
811 403 861 438 in
885 401 1115 448 mnslatione
1131 414 1181 447 q.,
1198 403 1261 436 sed
1280 402 1324 436 in
1339 407 1397 445 eo,
1415 407 1562 446 propter

74 453 171 498 quod
193 452 452 487 transferuntur
474 452 513 494 3,
537 451 581 495 6,
607 453 664 486 70.
695 448 743 492 cs.
766 453 803 493 7,
826 452 867 493 9,
890 450 957 491 153
990 458 1080 493 quae
1104 447 1148 483 sit
1171 448 1296 482 inter
1322 447 1499 495 litigantes
1523 459 1559 492 q.

74 501 108 541 3,
134 501 190 542 11,
212 497 271 533 24.
295 496 340 539 qi:
362 495 397 540 4,
418 495 455 540 4,
483 498 518 532 8.
541 499 577 540 7,
600 497 636 540 6,
660 498 703 539 13
741 496 796 530 de
819 494 946 540 quibus
967 493 1036 528 erit
1059 506 1093 539 q.
1123 496 1179 535 10,
1203 497 1237 536 1,
1261 496 1317 529 33.
1351 499 1406 528 est
1429 493 1560 528 circa

73 546 203 589 hoc.q.
236 545 278 582 3.
311 544 356 586 3,
390 545 455 585 1ος
490 542 627 578 testis
649 547 685 577 et
708 541 928 586 quaestio
951 541 998 575 de
1027 539 1105 585 ipsa
1139 551 1197 583 re,
1235 551 1327 585 quae
1360 540 1397 574 in
1424 539 1558 583 judicio

64 595 140 633 est,
161 591 392 635 pronuntiant
414 589 449 632 5,
474 591 530 632 11,
555 588 614 624 44.
658 588 904 634 quaestionum
925 597 1032 630 saepe
1049 586 1088 620 in
1113 597 1219 620 unam
1242 585 1406 631 (causam)
1431 586 1562 620 cadere

73 637 194 680 plures
215 645 323 680 posse
346 637 383 679 3,
405 634 441 677 6,
463 635 523 671 91.
557 647 591 680 q.
617 633 710 669 inter
732 634 819 668 utile
846 639 951 679 atque
973 634 1162 668 honestum
1186 631 1358 667 consistet
1382 634 1416 674 3,
1441 632 1476 675 8,
1501 629 1560 665 24.

73 692 156 716 cum
178 693 213 726 q.
235 681 277 715 in
298 691 343 716 eo
369 680 551 723 consistit,
577 682 671 726 qnod
701 680 834 726 figurae
861 683 986 724 petunt
1016 679 1057 719 9.
1090 681 1136 720 2,
1159 679 1218 714 93.
1265 689 1334 723 qua
1357 678 1402 712 de
1422 689 1463 711 re
1487 682 1562 716 erat

72 739 109 772 q.
135 726 325 765 constituta
356 725 400 768 4,
429 729 472 770 2,
505 728 560 762 10.
607 739 642 772 q.
678 726 765 770 juris
795 725 911 760 omnis
940 730 999 760 aut
1030 725 1223 760 verborum
1255 723 1470 769 proprietate
1499 730 1562 758 etc.

0 795 2 805 ι
71 772 273 809 continetur
296 775 361 815 12,
386 775 430 815 2,
458 773 514 808 19.
560 782 606 807 ne
628 772 666 806 in
689 771 864 807 infinitum
890 783 926 816 q.
951 771 1080 806 evadat
1111 774 1155 813 2,
1193 773 1255 813 17,
1283 772 1337 805 16.
1387 782 1421 815 q.
1447 769 1564 803 omnis

0 822 14 854 ,ζ
71 829 118 855 ao
135 819 239 854 locus
265 817 373 853 habet
395 829 494 852 suam
511 817 786 863 'dispositionem
813 824 852 852 ut
880 818 999 852 theses
1024 816 1130 851 etiam
1153 815 1332 861 simplices
1355 818 1400 859 7,
1434 818 1496 859 10,
1527 817 1563 850 5.

0 861 10 934 'f
71 860 192 909 ‘potest
213 864 372 902 incidere
395 876 430 909 q.
458 866 494 906 7,
518 867 553 907 1,
579 866 636 902 19.
660 863 706 905 cs.
730 863 788 902 Pr.
806 867 863 898 12.
901 862 1145 908 quaestionem
1169 873 1217 897 ex
1235 861 1442 907 quaestione
1465 860 1564 894 nasci

10 923 15 934 ²
74 911 116 950 3,
138 913 210 955 11,.
228 912 263 944 3.
310 920 401 962 quae
417 908 488 954 (q.)
516 909 633 944 subito
657 910 750 943 inter
772 910 931 944 actiones
957 908 1056 943 nasci
1080 910 1195 943 solent
1222 912 1290 950 12,
1324 910 1369 951 3,
1398 911 1431 942 2.
1479 907 1564 941 inde

0 941 14 988 ,Γ
80 955 142 990 illa
165 968 200 1001 q.
224 961 387 990 exoritur
411 958 430 988 1
444 980 455 998 ,
479 957 524 998 5,
547 956 606 991 58.
650 954 710 989 hic
735 956 988 1005 vehemensdq.
1020 960 1056 988 et
1078 965 1204 998 aspera
1228 953 1391 991 exoritur
1419 954 1463 987 de
1488 954 1566 996 jure

4 1031 7 1035 .
80 1002 118 1045 5,
142 1003 201 1045 10,
224 1003 303 1036 113.
329 1014 365 1035 v.
388 999 574 1035 Exorio
583 1012 615 1035 r.
642 1001 702 1034 ubi
726 1001 877 1045 primum
900 1003 1066 1044 coeperat
1083 1011 1157 1033 non
1176 999 1386 1042 convenire,
1411 1011 1451 1044 q„
1468 998 1563 1033 orie-

74 1047 179 1083 batur
202 1049 239 1090 7,
263 1049 296 1090 1,
319 1047 354 1082 6.
380 1045 425 1088 cs.
448 1049 491 1081 ib.
507 1047 565 1082 60.
598 1058 619 1081 e
642 1046 745 1081 tertia
768 1045 942 1090 (persona)
964 1046 1063 1080 nulla
1086 1045 1173 1080 oriri
1197 1058 1229 1090 q.
1252 1051 1370 1089 potest
1391 1049 1427 1088 7,
1452 1047 1486 1087 1,
1507 1046 1565 1080 59.
1624 1079 1630 1081 ,

8 1106 11 1107 ’
125 1093 174 1127 od
205 1098 274 1128 n‘ec
305 1092 420 1127 omnis
453 1092 677 1137 quaestio
715 1093 809 1136 (Sp.
843 1091 960 1135 actio)
989 1091 1142 1136 patitur,
1184 1102 1252 1125 nec
1275 1091 1392 1125 omnis
1419 1101 1567 1125 causa

138 1138 253 1177 idei-at
275 1138 326 1182 4,
341 1140 383 1179 1,
405 1136 453 1172 24
475 1143 518 1173 Ζ.
567 1150 601 1184 q.
627 1138 796 1183 sequitur,
810 1149 858 1173 ex
879 1137 966 1182 ipsis
990 1137 1161 1180 testibus,
1187 1148 1235 1171 ex
1259 1137 1395 1180 causis,
1420 1148 1470 1170 ex
1494 1135 1568 1172 liti-

46 1187 59 1220 .'
72 1183 256 1234 gateribus
273 1185 321 1227 -5,
350 1187 395 1227 7,
426 1182 483 1219 34.
529 1185 716 1231 generales
740 1197 774 1229 q.
801 1184 845 1218 in
863 1183 927 1218 illo
950 1183 1107 1217 maxime
1133 1182 1331 1217 studiorum
1355 1194 1455 1217 more
1479 1193 1567 1218 ver-

31 1251 34 1255 ’
79 1235 169 1270 ’,ω
191 1233 255 1271 12,
278 1233 330 1273 2,’
351 1231 406 1265 18.
455 1226 492 1272 δ)
517 1232 648 1265 Genii„-
681 1231 776 1264 nuda
804 1230 1051 1275 quaestionum
1073 1229 1243 1273 asperitas
1273 1228 1320 1272 4,
1347 1231 1387 1271 1,
1413 1229 1470 1263 25.
1510 1228 1567 1262 in-

27 1279 34 1283 '
72 1239 179 1311 gran
213 1275 423 1322 refugienda
465 1286 538 1310 nou
577 1277 684 1310 modo
726 1275 908 1318 distinctio
949 1275 1196 1320 quaestionum
1231 1281 1285 1308 est
1321 1276 1384 1309 sed
1418 1274 1566 1309 omnino

29 1330 34 1343 ’
75 1321 239 1370 tractatio
254 1322 292 1362 4.
317 1322 351 1365 5,
377 1322 410 1357 6.
436 1322 765 1366 quaestionum
791 1328 827 1356 et
851 1327 1227 1369 argumentorum
1250 1320 1364 1368 frigus
1386 1323 1423 1364 2,
1449 1324 1506 1363 12,
1529 1321 1566 1355 6.

31 1366 115 1413 εἰμι
138 1366 289 1412 simplici
312 1379 348 1412 q.
377 1378 510 1415 genere
533 1369 579 1410 6,
611 1367 654 1411 4,
678 1371 721 1402 21
747 1369 795 1402 Ν.
842 1379 888 1402 ne
910 1369 1056 1402 modum
1079 1373 1152 1401 tam
1176 1379 1308 1411 parvae
1335 1379 1368 1411 q.
1394 1377 1567 1401 excesse-

17 1420 43 1445 ,ἐ
75 1412 149 1448 rint
173 1416 208 1457 1,
228 1417 265 1456 7,
288 1415 346 1448 29.
369 1412 510 1448 ‘certus
533 1414 624 1448 ordo
650 1426 684 1458 q.
709 1417 744 1457 2,
772 1415 826 1456 13,
854 1417 884 1448 1.
914 1414 947 1449 6.
973 1426 1006 1447 v.
1034 1413 1175 1448 Ordo.
1212 1412 1404 1447 maximam
1429 1418 1568 1456 partem
1604 1445 1609 1457 ,

77 1458 295 1504 quaestionis
317 1461 381 1502 12,
416 1462 458 1502 1,
488 1462 523 1495 9.
572 1458 704 1494 diversi
728 1459 974 1504 quaestionum
997 1465 1106 1493 status
1138 1462 1181 1501 3,
1214 1459 1259 1500 6,
1294 1462 1351 1493 21.
1396 1470 1568 1492 summam

73 1504 294 1550 ⁴quaestionis
321 1505 343 1539 5
347 1530 367 1548 a
393 1507 455 1548 13,
481 1507 538 1540 35.
583 1506 703 1550 aliquo
729 1506 896 1550 propriae
923 1518 956 1550 q.
984 1505 1131 1540 vinculo
1159 1506 1346 1548 copulatus
1371 1507 1412 1546 2,
1436 1504 1481 1546 4,
1509 1506 1566 1538 30.

28 1549 137 1588 *tis
160 1550 406 1595 quaestionum
428 1561 570 1594 semper
600 1562 763 1586 crescere
795 1553 901 1586 debet
931 1555 973 1594 7,
1009 1554 1052 1594 1,
1086 1554 1141 1585 17.
1190 1551 1224 1593 ε)
1249 1554 1432 1584 Accusa1.:
1473 1551 1570 1594 quod

82 1600 143 1629 aut
168 1595 285 1631 solvat
306 1595 548 1639 quaestionem
577 1603 636 1630 aut
661 1598 805 1640 adjuvet
828 1598 870 1640 5,
896 1599 959 1639 10,
983 1597 1040 1631 96.
1084 1607 1153 1630 nec
1176 1596 1308 1629 indicat
1330 1609 1386 1640 q.,
1415 1596 1478 1629 sed
1507 1596 1571 1628 ad-

82 1640 182 1685 juvat
202 1638 249 1683 4,
270 1638 315 1681 4,
336 1639 371 1673 4.
417 1651 464 1674 ne
487 1641 573 1683 arti,
595 1643 701 1685 culpa
729 1643 904 1686 quorund.
930 1641 1170 1684 pervicacium
1193 1643 1411 1685 perplexae,
1443 1641 1571 1675 videar

18 1718 26 1730 ,A
82 1689 121 1720 et
140 1684 218 1730 ipse
248 1684 492 1730 quaestionem
523 1687 699 1720 addidisse
733 1691 750 1721 1
766 1713 777 1730 ,
810 1689 851 1730 5,
885 1690 941 1721 17.
989 1697 1063 1720 non
1092 1687 1207 1720 sohun
1230 1686 1268 1720 in
1293 1686 1496 1733 digerendis
1520 1699 1571 1732 q.,

8 1752 33 1778 3.
70 1731 149 1769 ,sed
170 1730 276 1765 etiam
296 1730 336 1764 in
362 1732 581 1775 exequendis
607 1735 668 1774 11,
695 1735 740 1775 2,
765 1735 822 1766 37.
854 1731 898 1773 cs.
922 1735 964 1774 7,
999 1735 1043 1774 l,
1069 1733 1125 1767 18.
1173 1743 1296 1766 omnes
1322 1733 1438 1767 adhuc
1460 1745 1495 1777 q.
1522 1744 1571 1767 ex

16 1785 20 1795 f
81 1786 236 1822 persona
258 1775 421 1821 pentoris
444 1776 610 1810 duximus
634 1781 668 1818 7,
693 1781 727 1820 1,
758 1778 814 1812 54.
849 1778 1058 1822 quaestione
1081 1789 1234 1812 excussa
1260 1780 1295 1822 3,
1320 1780 1355 1822 5,
1380 1780 1436 1813 13.
1461 1789 1571 1823 quae-

45 1851 53 1860 .
81 1821 217 1856 stiones
243 1821 398 1866 explicet
425 1823 465 1864 1,
489 1824 533 1865 2,
562 1822 607 1856 14
631 1823 676 1856 N.
699 1822 860 1866 (tempus)
883 1824 968 1857 facit
993 1823 1080 1867 juris
1104 1836 1139 1868 q.
1164 1825 1208 1867 5,
1234 1826 1299 1867 10,
1319 1823 1377 1858 44.
1404 1823 1448 1866 cs.
1475 1827 1511 1867 7,
1536 1829 1571 1868 1,

45 1869 118 1911 “”,8.
140 1870 181 1910 7,
210 1870 273 1908 10,
299 1869 334 1901 2.
363 1872 529 1912 quattuor
555 1868 630 1910 ejus
653 1869 794 1915 generis
818 1869 1135 1914 quaestiones
1159 1871 1221 1904 vel
1245 1876 1397 1904 status
1420 1870 1571 1904 facimus

2 1943 3 1946 ,
40 1939 42 1941 ,
64 1916 127 1957 ,7,
162 1913 206 1956 5,
233 1914 272 1948 6.
320 1912 754 1958 omniaque-personae,
795 1915 1019 1960 quaestiones
1044 1923 1104 1950 eie.
1129 1916 1291 1950 habenda
1313 1915 1353 1950 in
1375 1916 1489 1950 oculis
1515 1919 1572 1954 10.

2 1991 5 1998 2
43 1949 120 2002 2⁵2,
147 1959 201 1994 15.
249 1969 339 2003 quae
363 1959 480 1992 omnia
505 1959 751 2004 quaestionem
772 1962 905 1996 habent
927 1961 973 1994 in
1000 1972 1063 2004 eo,
1093 1962 1212 2006 qualia
1235 1961 1306 1996 sint
1328 1965 1372 2005 7,
1395 1962 1438 2005 4,
1466 1965 1498 1996 1.
1525 1961 1570 2003 qs.

4 2023 7 2048 l
55 2011 67 2047 J
83 2006 120 2047 7,
145 2005 185 2047 5,
208 2006 243 2039 5.
290 2005 422 2037 factunm
446 2017 480 2049 q.
505 2005 611 2039 habet
635 2006 828 2050 simplicem
854 2026 896 2031 -
922 2007 1099 2052 duplicem
1126 2009 1160 2050 7,
1187 2011 1222 2051 2,
1246 2009 1279 2043 8.
1308 2007 1353 2049 cs.
1377 2011 1418 2050 2,
1447 2009 1512 2050 15,
1539 2011 1572 2041 1.

4 2049 7 2085 ἶ
54 2051 132 2093 ⁷23,
155 2050 203 2093 6,
227 2053 286 2085 72.
326 2052 367 2092 7,
394 2052 458 2092 10,
483 2051 517 2084 3.
565 2052 609 2085 de
633 2053 794 2086 habenda
819 2065 853 2097 q.
882 2052 930 2094 (in
955 2055 1140 2096 tormentis)
1165 2056 1205 2096 5,
1230 2053 1271 2095 4,
1297 2057 1332 2087 2.
1380 2053 1572 2087 inferenda

6 2110 10 2133 :
58 2100 140 2147 ³³5⁰i⁸t
157 2095 226 2129 alia
249 2108 284 2148 q.
307 2095 351 2148 ,⁶²
374 2094 422 2136 4,
446 2098 503 2147 2⁰:
550 2095 596 2130 in
616 2107 656 2130 re
681 2110 713 2141 q.
738 2097 958 2132 instituamus
992 2111 1038 2132 an
1066 2099 1114 2133 in
1139 2100 1237 2133 facto
1263 2103 1304 2141 7,
1334 2102 1376 2141 1,
1402 2101 1456 2133 13.
1503 2109 1572 2133 nec

4 2151 11 2179 i
58 2150 209 2180 ,omnes
231 2142 318 2175 mun
342 2152 507 2186 persequi
530 2142 692 2176 materias
715 2143 753 2176 in
778 2143 896 2180 animo
921 2150 986 2187 est,
1012 2156 1080 2179 nec
1104 2155 1229 2179 omnes
1252 2145 1339 2188 (Sp.
1366 2155 1572 2178 communes

9 2190 12 2210 '¹
65 2185 180 2230 ml)
206 2197 327 2221 earum
354 2193 488 2231 quaest.
520 2188 543 2219 7
555 2213 566 2230 ,
599 2187 641 2229 4,
675 2186 722 2222 40
744 2192 788 2222 Ζ.
836 2201 905 2234 qua
926 2190 1194 2234 praeparatione
1216 2190 1514 2234 praemuniendae
1538 2202 1572 2234 q.

119 2301 302 2376 frier-aiiter
332 2290 525 2358 traqcltantur
555 2328 602 2367 2,
632 2291 673 2367 lq,
708 2292 762 2359 1111
793 2337 824 2360 υ.
860 2292 1055 2361 εὶῙίπιὸοῒῖ).
1091 2308 1122 2361 si
1152 2295 1324 2361 {oxfdicio’
1340 2293 1575 2370 perssonaruffi

16 2372 21 2386 ⁸
122 2375 312 2406 esnones
328 2370 523 2406 variaverit
546 2373 579 2413 3,
607 2373 662 2413 10,
686 2374 729 2412 2;
756 2376 796 2404 ut
823 2382 983 2416 quaeque
1007 2373 1123 2415 (pars)
1146 2372 1190 2406 in
1214 2372 1457 2417 quaestionem
1479 2372 1574 2406 cadit

56 2448 59 2450 .
97 2431 101 2440 ·
156 2415 202 2459 ⁷,
225 2417 282 2451 35.
327 2426 402 2449 non
425 2416 519 2450 enim
544 2427 648 2450 causa
664 2417 844 2451 ‘universa
866 2417 911 2450 in
935 2418 1160 2462 quaestiones
1186 2430 1227 2452 ac
1248 2419 1350 2452 locos
1377 2418 1596 2452 diducenda'

22 2482 35 2502 a
80 2463 113 2492 ff·
163 2463 219 2509 7„
231 2463 297 2504 10,
328 2462 362 2496 5.
408 2461 490 2506 quid
529 2461 578 2496 lid
603 2462 648 2495 in
675 2462 918 2508 quaestionem
941 2463 1117 2507 qualitatis
1142 2463 1245 2498 venit
1279 2466 1322 2508 3,
1357 2464 1400 2506 5,
1435 2466 1489 2498 10.
1526 2463 1572 2505 cs.

7 2507 27 2546 11
96 2524 102 2549 3
157 2505 224 2549 14,
247 2507 305 2542 16.
337 2509 379 2550 7,
403 2509 446 2551 2,
472 2511 491 2541 1
518 2531 527 2540 .
565 2518 607 2542 ea
635 2519 724 2552 quae
751 2513 833 2542 sunt
864 2514 969 2543 extra
993 2521 1026 2553 q.
1053 2513 1117 2551 11,
1141 2511 1186 2552 3,
1213 2507 1293 2543 164.
1334 2520 1402 2553 per
1423 2515 1514 2544 totas
1539 2522 1574 2554 q.

108 2565 183 2590 f·
216 2552 243 2582 ἰ
264 2563 306 2586 us
327 2553 372 2595 9,
395 2552 520 2596 2,48.
543 2559 624 2598 post
648 2566 684 2598 q.
708 2553 752 2596 4,
780 2556 826 2595 3,
854 2558 912 2587 11.
960 2553 993 2597 ζ)
1018 2557 1156 2590 Ablat..-
1193 2567 1214 2588 a
1239 2555 1423 2599 proposita
1446 2567 1480 2600 q.
1509 2556 1573 2589 ab-

27 2631 31 2642 (
90 2603 96 2628 ί
150 2612 157 2623 ι
173 2601 189 2630 t
210 2598 410 2632 audientem
433 2600 478 2641 9,
502 2601 543 2641 2,
568 2600 627 2634 39.
669 2611 749 2633 cum
771 2611 952 2634 recessum
980 2606 1032 2634 est
1057 2612 1076 2634 a
1100 2612 1134 2644 q.
1159 2602 1290 2642 3,’11,
1317 2604 1371 2636 17.
1406 2607 1572 2646 tanquam

0 2644 1 2654 ¹
27 2653 32 2669 ι
87 2651 146 2687 >33ss
164 2658 185 2670 >»2
213 2653 291 2677 non
303 2643 384 2678 iisd.
402 2644 579 2686 omnibus,
603 2644 729 2689 quibus
754 2651 893 2680 ceterae
915 2646 1026 2692 leges,
1052 2645 1285 2690 quaestionib.
1307 2647 1576 2682 continerentur

31 2702 41 2707 ··
161 2688 202 2730 5,
223 2690 257 2723 2.
303 2689 486 2724 materiam
509 2690 730 2734 (rhetorices)
754 2702 833 2725 esse
856 2691 895 2725 in
918 2701 1055 2725 causa
1078 2697 1114 2726 et
1135 2691 1174 2726 in
1197 2693 1510 2737 quaestionib.
1537 2696 1573 2735 2,

126 2766 133 2770 ,
165 2733 238 2768 ·“2.1.
283 2735 354 2769 hoc
378 2736 418 2770 fit
450 2735 489 2770 in
515 2736 632 2770 totis
655 2737 831 2780 causis,
861 2747 951 2782 quae
983 2743 1066 2771 sunt
1089 2737 1283 2782 simplices,
1319 2739 1415 2774 etin
1438 2749 1575 2785 quae-

4 2766 6 2770 '
34 2780 49 2835 :3
95 2755 290 2816 εἷοιῑι».
314 2781 358 2826 5,
384 2780 451 2824 14,
471 2784 518 2816 10
541 2783 586 2816 N.
611 2779 657 2824 cs.
682 2785 725 2826 ³,
748 2783 792 2826 6,
820 2783 875 2818 55.
900 2786 936 2826 7,
958 2781 1006 2826 4,
1030 2786 1085 2818 ιι.
1110 2785 1153 2827 8,
1176 2784 1221 2827 6,
1245 2782 1292 2819 42
1315 2785 1352 2820 s.
