1728 3002
169 165 249 204 834
333 158 337 160 ’
894 155 965 198 Sic

215 277 251 309 ’7.
274 283 356 308 nam
382 277 418 308 et
444 271 522 306 fere
546 269 597 305 sic
620 269 765 315 accidit,
791 268 1001 315 inventique
1023 274 1106 304 sunt
1129 277 1191 305 etc.
1215 273 1253 315 ⁶7,
1279 269 1326 315 4,
1346 269 1406 307 24.
1438 268 1552 316 usust»,
1577 270 1613 316 6,
1636 275 1696 307 12.

217 321 253 364 6,
276 322 310 360 3.
336 319 393 354 40.
419 320 454 360 9,
480 317 515 360 4,
544 317 622 351 106.
649 317 736 363 Quis
759 326 912 361 unquam
939 317 991 350 sic
1018 317 1109 350 dixit
1132 317 1280 352 orator?
1305 318 1340 362 5,
1365 316 1423 362 14,
1443 318 1505 362 βξ.
1584 318 1617 352 'a
1640 319 1696 352 sic

218 367 330 413 magis
356 364 501 408 expedit
526 362 568 406 4,
599 366 632 406 2,
656 365 690 399 6.
716 369 750 397 et
777 364 838 397 ille
865 374 945 397 eum
972 363 1025 397 sic
1049 362 1182 408 optime
1205 369 1311 398 norat
1332 366 1397 406 12,
1422 363 1485 408 10,
1509 365 1531 399 ⁵
1567 364 1698 409 ''mpia

219 414 410 449 verborum
433 411 483 444 sic
508 415 651 454 paratur
677 412 731 452 10,
758 413 789 453 1,
815 411 870 444 15.
906 408 951 451 cs.
973 408 1009 452 4,
1035 410 1070 452 3,
1093 410 1148 444 16.
1178 409 1320 454 quidam
1345 405 1698 458 tanquam-maio
1719 426 1727 433 1

221 463 414 502 sequuntur
437 460 479 499 2,
511 458 572 499 13,
600 459 631 490 1.
689 455 776 502 Quis
806 454 869 489 tibi
893 455 944 489 sic
968 455 1092 489 timere
1118 455 1278 499 permisit
1299 457 1343 499 8,
1367 457 1401 500 5,
1427 457 1483 492 15.
1508 450 1699 500 pfflttite

222 505 309 539 mihi
338 503 388 538 sic
419 503 471 536 uti
498 504 566 543 (επ.
593 505 736 547 aliquo
760 501 926 544 verbo)
953 502 994 544 8,
1024 503 1065 544 3,
1097 503 1152 536 37.
1179 508 1294 536 utrum
1317 502 1369 544 is,
1403 502 1464 547 qui
1490 502 1699 546 scriptu-ac

224 551 332 592 dixit,
358 550 409 583 sic
433 549 589 583 voluerit
611 552 653 590 7,
683 551 724 591 9,
757 549 823 590 15;
854 558 926 581 non
950 549 1113 594 negabo,
1147 548 1199 582 sic
1219 548 1307 582 utile
1330 558 1409 583 esse
1433 549 1640 593 plerunque
1664 551 1699 590 2,

223 599 287 640 13,
311 600 333 631 7
350 597 397 630 Ν.
425 594 469 636 ‘'f·
497 597 537 637 9,
563 598 605 635 2,
632 598 685 628 12.
711 605 790 628 cum
816 595 926 628 fratre
949 604 1064 638 eoque
1089 594 1140 627 sic
1163 594 1290 628 merito
1312 598 1346 636 7,
1370 597 1403 637 1,
1425 593 1483 630 45.
1518 594 1700 639 quaestio:

221 643 293 686 An,
317 641 475 686 ‹piisquis
499 641 744 682 consumserit,
770 641 1008 684 prohibendus
1035 640 1104 673 sit?
1128 640 1308 684 judicatio,
1331 639 1392 675 An
1411 639 1474 685 qui
1493 639 1620 683 sic'LS,
1645 642 1702 683 11,

223 691 280 724 13.
309 688 450 732 [verum
476 687 655 730 rhetorice
679 697 737 720 no
753 698 774 719 n
801 687 880 720 sio.
907 690 970 723 (Z.
995 686 1059 730 fit)
1084 689 1130 728 2,
1156 685 1218 729 14,
1242 685 1292 731 3.]
1338 685 1379 730 b)
1397 685 1466 733 [res.
1492 688 1539 720 ad
1561 696 1702 732 sequen-

222 739 291 768 11'a:
333 735 490 778 Zmyrna
515 733 644 766 nutrici
673 743 830 766 amorem
852 732 959 776 patris
983 732 1035 766 sic
1059 732 1265 773 confitetur,
1294 748 1339 756 —
1369 731 1420 775 Ο,
1445 731 1555 774 dixit,
1576 733 1700 775 etc.'9,

221 785 262 824 2,
286 780 342 815 64.
376 779 499 813 Livius
526 790 629 823 saepe
660 778 711 812 sic
738 779 838 820 dicit,
869 780 1049 812 Romanus
1070 777 1209 822 proelio
1236 777 1355 812 victor
1377 779 1420 821 8,
1445 778 1489 821 6,
1511 776 1586 812 20.’
1603 779 1701 823 quod

220 827 288 862 sic
314 826 464 872 intelligi
487 827 586 867 volo,
611 824 647 858 si
672 835 744 859 non
766 825 873 858 modo
898 826 1028 858 factum
1053 824 1136 868 qnid
1163 822 1209 859 sit
1231 823 1333 868 sciet,
1356 825 1419 858 sed
1447 814 1508 857 εἰσ.
1532 822 1566 864 4,
1586 827 1622 866 2,
1641 826 1700 858 20.

221 873 266 915 cs.
292 876 326 915 2,
353 875 386 914 1,
408 875 444 906 7.
480 873 574 916 quod
598 871 627 904 si
652 871 730 915 quis
754 883 774 904 a
802 881 858 904 me
882 869 1036 915 proponi
1059 869 1242 904 mirabitur
1264 887 1306 894 -
1332 869 1384 904 sic
1406 869 1561 913 judicet,
1582 871 1703 914 plera-

222 930 291 963 que
319 929 396 952 esse
421 925 483 951 etc.
511 921 571 960 12,
595 921 628 961 1,
656 918 712 951 36.
737 927 809 951 non
834 923 888 950 est
914 928 1000 951 vera
1023 915 1213 959 (connexio)
1238 915 1307 950 sic:
1334 916 1376 958 5,
1402 914 1465 959 14,
1493 918 1551 950 22.
1581 921 1623 950 ut
1647 917 1701 950 sic

221 964 388 1007 dixerim,
412 964 467 1007 jus
492 962 608 1007 ipsum
632 963 829 998 rhetorices
853 963 1104 1007 interpretetur
1128 963 1185 996 Pr.
1203 964 1264 996 23.
1290 961 1467 995 υ.’Ῑ)ἱσο
1489 964 1560 995 init.
1600 961 1701 1006 p)1‘n

222 1014 374 1044 transitu.
406 1011 452 1052 a)
478 1009 537 1043 Sic
565 1010 676 1052 Afer,
702 1020 780 1043 cum
808 1015 928 1054 ageret
957 1015 1080 1043 contra
1103 1009 1269 1042 libertum
1292 1007 1430 1042 Claudii
1453 1025 1498 1032 -
1523 1006 1642 1052 inquit
1665 1008 1702 1051 6,

222 1060 265 1099 3,
290 1059 346 1092 81.
377 1055 422 1097 cs.
449 1058 503 1099 11,
532 1059 563 1097 1,
587 1056 644 1090 88.
680 1056 739 1090 Sic
763 1056 898 1097 melius,
927 1066 1031 1100 quam
1055 1054 1197 1089 Choreo
1220 1055 1463 1098 praece-deniq
1480 1054 1525 1095 9,
1545 1052 1702 1096 44:107.

222 1103 282 1137 Sic
305 1102 488 1145 scripsisse
513 1100 715 1135 Sallustium
740 1102 940 1146 accepimus
966 1103 1022 1144 10,
1046 1103 1082 1143 3,
1105 1102 1139 1136 8.
1171 1099 1216 1142 cf.
1242 1103 1278 1143 7,
1305 1101 1341 1144 9,
1364 1100 1398 1135 6.
1426 1102 1483 1142 12,
1504 1100 1540 1142 8,
1560 1098 1620 1135 15.
1644 1102 1702 1143 12,

222 1153 286 1191 11,
310 1151 354 1190 63
384 1151 406 1181 i.
436 1161 468 1191 q.
497 1149 575 1180 hac
599 1160 663 1180 re:
698 1147 757 1182 Sic
780 1148 920 1181 urbium
944 1153 1124 1192 captarum
1146 1145 1328 1180 miseratio
1350 1145 1481 1183 erescit
1505 1146 1553 1188 8,
1572 1146 1619 1188 3,
1641 1145 1702 1180 67.

221 1194 265 1236 cs.
294 1198 349 1236 11,
375 1196 408 1235 3,
434 1195 490 1228 62.
519 1193 570 1227 sic
596 1193 663 1227 erit
687 1193 725 1227 in
748 1194 933 1238 prooemio
956 1199 1099 1238 peracta
1120 1192 1276 1227 narratio
1301 1191 1344 1235 4,
1372 1195 1415 1235 1,
1437 1189 1496 1226 24.
1527 1190 1572 1233 cf.
1599 1192 1642 1234 6,
1665 1194 1701 1234 2,

220 1242 277 1275 18.
307 1243 361 1282 12,
393 1242 447 1280 10,
472 1242 529 1273 72.
567 1239 626 1272 Sic
650 1239 805 1273 tirocinii
829 1246 961 1274 metum
987 1238 1166 1274 transierit
1191 1241 1247 1281 12,
1269 1239 1305 1281 6,
1326 1240 1362 1273 7.
1403 1237 1548 1281 sto-fit,
1575 1242 1615 1270 ut
1637 1244 1698 1271 etc.

221 1287 255 1328 5,
281 1289 318 1327 7,
344 1287 399 1318 11.
427 1296 459 1317 v.
485 1283 727 1330 Contingo
755 1293 835 1319 extr.
883 1285 933 1329 b)
957 1298 986 1319 c.
1009 1285 1265 1327 Conjunmiouib.
1287 1285 1459 1328 junctum.-
1487 1283 1563 1319 Sic
1586 1283 1700 1318 etudi-

216 1337 276 1365 tur
299 1335 341 1364 et
362 1329 550 1363 ridiculum
577 1330 727 1364 ridiculo
753 1333 794 1374 6,
819 1332 860 1372 3,
886 1331 931 1365 79
955 1331 1002 1364 Ν.
1042 1330 1118 1364 Sic
1150 1335 1190 1363 et
1218 1339 1286 1373 pro
1311 1330 1455 1363 sordido
1484 1338 1635 1374 parcum
1656 1347 1700 1355 -

194 1381 201 1386 '
219 1377 338 1410 dicere
360 1375 480 1409 licebit
505 1377 536 1417 5,
564 1378 619 1417 13,
643 1377 700 1410 26.
726 1375 769 1416 ο]ζ
799 1376 833 1417 5,
858 1378 914 1419 10,
939 1376 995 1411 99.
1019 1377 1054 1417 8,
1083 1374 1119 1417 4,
1146 1378 1200 1409 17.
1235 1374 1310 1408 Sic
1338 1385 1511 1419 quoque
1533 1376 1628 1409 sobe
1649 1385 1699 1408 ex

220 1423 289 1456 alio
315 1422 407 1455 aliud
431 1420 552 1467 augeri
581 1422 623 1464 8,
646 1420 690 1463 4,
714 1423 770 1456 20.
798 1420 843 1462 cs.
875 1424 915 1464 2,
942 1423 1006 1464 10,
1031 1420 1076 1454 14
1096 1422 1144 1454 N.
1169 1421 1210 1460 8,
1233 1421 1268 1463 3,
1291 1418 1348 1454 84.
1378 1422 1432 1461 10,
1459 1423 1493 1464 1,
1517 1422 1593 1456 131.
1638 1421 1698 1454 De

218 1469 343 1512 quibus
366 1468 524 1512 partibus
546 1466 693 1513 singulis
717 1466 858 1511 quidam
882 1466 1067 1512 separatim
1090 1465 1247 1500 scribere
1270 1466 1469 1500 maluerunt
1491 1478 1539 1500 -ἡ
1560 1471 1608 1500 et
1631 1466 1700 1501 sic

219 1525 344 1559 quoq
354 1524 408 1547 ue
444 1514 644 1556 complures
680 1514 724 1547 de
754 1524 966 1558 unaquaque
990 1524 1113 1547 earum
1138 1511 1248 1546 libros
1275 1511 1463 1546 ediderunt
1493 1511 1541 1556 4,
1577 1513 1635 1550 1²1·-
1661 1516 1697 1547 7.

220 1563 263 1602 es.
291 1564 323 1601 1,
353 1560 386 1602 5,
411 1558 468 1592 42.
495 1564 539 1593 et
564 1559 635 1592 sic
663 1566 682 1592 a
707 1561 904 1593 lavana-o
929 1563 1072 1601 lotus,
1099 1563 1145 1592 et
1166 1557 1276 1591 inde
1294 1552 1416 1592 rursus
1441 1561 1645 1600 illustri,
1663 1557 1699 1599 4,

222 1610 276 1641 13.
304 1611 346 1640 et
372 1605 437 1638 sic
461 1611 578 1639 cetera
603 1608 664 1647 11,
690 1607 734 1647 2,
758 1607 814 1639 23.
849 1605 923 1639 Sic
948 1604 1060 1639 enim
1083 1603 1128 1638 ad
1152 1605 1373 1639 voluntatem
1395 1605 1508 1639 verba
1530 1608 1699 1649 pumat

222 1651 480 1686 accommodari
506 1654 547 1693 7,
567 1652 611 1694 3,
635 1653 692 1684 21.
718 1650 830 1692 cs.1·1›.
855 1652 890 1686 6.
917 1652 959 1694 8,
985 1651 1027 1694 5,
1052 1652 1108 1684 12.
1131 1651 1174 1693 9,
1194 1652 1234 1692 1,
1258 1651 1314 1684 13.
1339 1652 1382 1692 9,
1409 1649 1451 1693 4,
1477 1651 1533 1687 99.
1579 1651 1639 1690 11)
1664 1663 1696 1685 c.
1725 1672 1728 1674 -

223 1701 436 1733 Correlativo.
462 1697 502 1739 α)
520 1699 552 1729 in
576 1699 838 1740 comparatiode:
869 1707 952 1731 suos
980 1698 1069 1731 haec
1093 1706 1242 1740 operum
1268 1706 1418 1742 genera,
1443 1701 1495 1730 ut
1516 1701 1694 1739 auctores,

220 1744 287 1778 sic
313 1743 445 1778 etiam
469 1748 643 1776 amatores
667 1742 798 1777 habent
825 1747 880 1784 12,
909 1745 965 1786 10,
990 1745 1023 1777 2.
1049 1752 1138 1787 quos
1161 1747 1205 1775 ut
1227 1752 1317 1776 non
1340 1741 1489 1785 imitari,
1517 1742 1589 1783 uie
1607 1751 1696 1786 pro-

219 1791 361 1834 pulsare
386 1788 563 1832 oportebit
585 1790 630 1831 6,
653 1786 698 1830 4,
723 1792 777 1824 11.
802 1801 836 1823 υ.
865 1789 929 1822 Ut.
962 1789 1036 1823 sic
1067 1789 1146 1822 fere
1175 1788 1482 1835 componendum,
1517 1786 1695 1833 qtbm'o-

221 1837 280 1870 do
311 1834 608 1880 pronuntiandum
643 1834 709 1868 erit
740 1835 781 1877 9,
804 1834 850 1878 4,
876 1835 953 1869 138.
993 1846 1026 1868 υ.
1057 1834 1306 1880 Quom‘odo.
1347 1833 1565 1878 Sic-puin,
1596 1839 1724 1878 tqn-.

220 1893 347 1926 quam
375 1881 534 1915 Caesaris
563 1880 768 1922 candidatus
795 1882 838 1923 6,
863 1882 896 1923 3,
922 1881 979 1915 62.
1005 1878 1049 1922 cfi
1074 1881 1108 1922 9,
1133 1882 1168 1922 2,
1191 1879 1247 1913 86.
1274 1881 1370 1923 quod
1392 1890 1413 1912 a
1435 1879 1603 1924 quibua&
1625 1879 1696 1921 tio

220 1927 332 1971 accipi
359 1932 494 1970 potest,
518 1932 636 1970 tanq.
665 1927 753 1960 haec
777 1947 822 1952 —
845 1926 1020 1960 sententia
1051 1926 1160 1970 priori
1182 1925 1325 1959 diversa
1346 1924 1393 1959 sit
1415 1927 1460 1966 2,
1484 1925 1539 1969 3,
1558 1926 1614 1960 10.
1645 1924 1693 1967 cs.

218 1976 254 2018 2,
280 1977 313 2013 1,
339 1976 393 2006 12.
423 1972 517 2017 quod
540 1972 681 2015 quidam
705 1972 775 2005 sic
799 1973 998 2018 objurgant,
1024 1971 1149 2016 quasi
1174 1970 1313 2004 oderint
1336 1973 1370 2014 2,
1395 1973 1432 2013 2,
1454 1974 1489 2006 7.
1528 1969 1640 2015 ‹gf-⁷24,
1659 1973 1693 2015 1,

218 2022 252 2054 3.
277 2019 350 2052 sic
374 2018 527 2052 maxime
549 2019 659 2062 judex
687 2017 799 2051 credit
821 2019 953 2064 figuris,
977 2017 1013 2051 si
1035 2028 1102 2052 nos
1128 2022 1226 2061 putat
1249 2017 1344 2050 nolle
1369 2017 1489 2052 dicere
1511 2017 1547 2060 9,
1574 2019 1611 2061 2,
1632 2019 1693 2052 72.

220 2065 390 2109 Superest
413 2070 531 2098 autem
555 2064 624 2098 sic
646 2064 744 2106 fere,
782 2075 878 2098 cum
903 2070 962 2098 aut
984 2063 1022 2098 in
1047 2063 1183 2108 species
1209 2063 1378 2106 partimur
1400 2070 1462 2097 etc.
1495 2062 1541 2105 4,
1565 2063 1609 2106 5,
1625 2064 1692 2098 27.

219 2123 252 2144 v.
274 2111 418 2155 Quod.
463 2113 512 2155 β)
542 2113 573 2142 in
599 2113 843 2154 consequentia.-
875 2113 936 2153 to,
961 2113 1006 2152 7,
1032 2110 1088 2143 24.
1127 2109 1208 2142 Sic
1234 2107 1385 2142 Calilina
1409 2119 1465 2152 ap.
1490 2107 1694 2143 Sallustium

215 2157 392 2200 loquitur,
415 2161 463 2188 ut
487 2167 562 2189 rem
586 2155 889 2189 sceleratissimam
913 2166 1006 2189 non
1029 2154 1161 2188 malitia
1184 2170 1230 2176 -
1249 2154 1414 2188 videatur
1436 2155 1567 2190 audere
1590 2157 1626 2198 3,
1654 2155 1692 2198 8,

214 2201 272 2236 45.
299 2202 342 2243 cf.
368 2205 403 2244 2,
426 2201 461 2243 4,
484 2203 539 2236 23.
561 2201 625 2235 sic
650 2206 697 2234 ut
720 2212 809 2235 non
829 2201 997 2246 requisita
1019 2201 1248 2245 respondere,
1271 2200 1353 2234 sed
1376 2205 1424 2234 ut
1447 2206 1588 2244 semper
1609 2200 1702 2234 sen-J

218 2248 314 2281 sibus
337 2247 522 2281 inhaerere
545 2247 736 2282 videantur
760 2248 796 2290 8,
825 2249 881 2281 Pr.
903 2249 947 2281 30
964 2251 1031 2290 Z.‚·
1059 2254 1179 2288 augei.-
1213 2246 1289 2290 Ego
1315 2245 1376 2280 vel
1400 2246 1472 2279 hoc
1493 2253 1568 2280 uno
1593 2246 1689 2279 malo

215 2293 282 2327 sic
307 2304 401 2327 eram
425 2294 598 2335 afflictus,
629 2298 676 2326 ut
700 2303 759 2326 me
781 2294 853 2338 jam
877 2294 974 2326 nulla
995 2294 1138 2327 fortuna
1165 2297 1285 2336 posset
1316 2291 1460 2325 efficere
1485 2284 1636 2326 felicem
1650 2292 1688 2334 6,

212 2340 269 2372 Pr.
297 2341 328 2373 5.
355 2338 398 2380 cs.
425 2342 489 2382 11,
514 2343 556 2382 2,
582 2341 637 2374 50.
671 2339 829 2372 causanti
859 2337 993 2382 pupillo
1026 2349 1094 2374 nec
1118 2337 1186 2371 sic
1211 2342 1310 2370 tuton
1327 2337 1498 2372 irascatur
1518 2345 1687 2381 unquam,

214 2390 263 2417 ut
287 2394 377 2418 non
411 2390 617 2418 remaneant
648 2384 777 2418 amoris
803 2384 954 2431 vestigia
979 2386 1044 2426 11,
1069 2386 1110 2426 1,
1133 2384 1196 2427 593
1238 2385 1373 2416 minuit:
1408 2392 1515 2417 nemo
1546 2383 1634 2424 sic„
1647 2382 1687 2416 in

212 2430 402 2472 majoribus
426 2430 577 2473 eminet,
600 2436 652 2464 ut
674 2441 754 2463 eum
777 2429 913 2464 minora
937 2429 1099 2464 deficiant
1121 2432 1160 2471 2,
1184 2430 1227 2470 3,
1252 2429 1274 2463 6
1293 2429 1338 2463 Ν.
1369 2437 1459 2464 nam
1478 2428 1516 2462 id
1545 2437 1687 2473 quoque

216 2482 269 2507 est
295 2476 420 2509 docilis
446 2482 613 2519 naturae,
636 2475 705 2510 sic
727 2482 899 2518 tamen,
925 2482 970 2510 ut
993 2487 1054 2516 ea,
1084 2486 1174 2520 quae
1204 2472 1326 2518 discit,
1349 2474 1494 2521 effingat
1519 2477 1560 2516 1,
1584 2475 1624 2515 3,
1653 2475 1686 2507 1.

213 2520 256 2560 cs.
282 2524 316 2562 7,
340 2521 374 2563 4,
399 2523 444 2555 30
478 2533 591 2568 genua
615 2527 725 2564 recta,
749 2522 819 2556 sic
843 2527 1004 2565 tamen,
1027 2527 1073 2555 ut
1095 2532 1181 2555 non
1207 2521 1447 2555 extendantur
1474 2521 1531 2562 1-1,
1549 2520 1584 2562 3,
1604 2519 1686 2554 159.

212 2565 266 2597 Ne
298 2565 384 2599 illud
422 2569 562 2610 quidem
592 2568 699 2601 suerit
729 2567 871 2612 inutile,
905 2570 1039 2602 semina
1063 2568 1187 2612 quaed.
1214 2567 1468 2611 probationum,
1493 2572 1684 2610 sporgere:

210 2620 364 2643 verum
388 2611 472 2656 sic,
496 2619 542 2646 ut
565 2613 802 2647 narrationem
827 2625 904 2648 esse
922 2613 1197 2656 meminerimus,
1221 2623 1309 2646 non
1327 2611 1570 2656 probationem
1590 2607 1627 2652 4,
1646 2611 1684 2652 2,

204 2653 459 2735 ἓ4.1ἶ7ξ4τιιιῑι
484 2659 559 2692 sic
581 2660 741 2694 habenda
765 2665 819 2693 est
845 2659 1063 2695 auctoritatis
1085 2659 1198 2702 ratio,
1222 2668 1281 2693 ne
1303 2658 1350 2692 sit
1370 2655 1489 2692 invita
1510 2655 1683 2690 tecm-itas

236 2725 247 2743 2
296 2725 306 2743 ἵ
374 2723 385 2735 ⁰
