1728 3002
612 131 776 190 operio
806 155 861 165 —
891 129 1054 189 Opinio
1517 134 1602 175 599

109 235 360 284 praecipientis
385 246 447 282 op.
470 238 507 279 2,
532 236 629 280 6,.6.
674 235 720 270 ab
743 236 815 270 boc
840 233 1176 270 initiocontinuare
1199 243 1261 279 op.
1301 236 1359 277 12,
1381 233 1418 277 6,
1450 234 1488 270 6.
1518 235 1598 268 lon-

107 296 189 333 gam
211 283 297 318 facit
324 293 383 328 op.
409 286 467 325 12,
491 285 548 325 11,
579 284 635 316 12.
754 293 917 326 ecunque
950 286 1050 316 aetas
1081 291 1226 325 operam
1262 281 1442 323 juvandae
1478 281 1597 314 studio

109 329 300 366 memoriae
323 327 420 363 dabit
445 331 503 372 11,
524 331 562 371 2,
583 326 642 362 41.
704 352 714 361 .
738 330 773 370 1,
801 330 859 370 10,
881 328 939 363 35.
966 339 1001 362 ν.
1026 328 1108 361 Do.
1134 327 1346 372 exigendam
1370 327 1513 370 plenam
1537 338 1597 370 op.

108 380 144 420 1,
171 379 206 419 1,
230 379 287 410 20.
333 375 516 409 forensem
539 373 715 419 quandam
737 372 956 408 instituimus
984 383 1045 418 op·
1081 375 1136 413 12,
1171 376 1204 416 1,
1236 373 1292 407 25.
1336 373 1524 416 plurimum
1559 372 1596 406 in

107 421 267 457 comitiis
292 420 535 455 insumebatur
555 429 687 464 operae
711 421 748 462 3,
770 418 806 462 4,
830 420 863 454 5.
909 430 958 454 ne
978 420 1071 452 banc
1094 429 1154 462 op.
1177 419 1215 452 in
1251 419 1457 464 vulgaribus
1483 428 1596 453 voca-

107 468 200 504 bulis
228 467 353 512 perdat
379 469 411 505 1,
436 469 470 509 1,
493 463 553 499 34.
573 470 613 500 ut
634 464 725 499 nihil
746 465 943 500 lucrativae
966 464 1023 508 (a.
1058 468 1083 497 1.
1107 464 1201 498 lucri
1241 465 1326 504 vel)
1349 475 1408 509 op.
1433 465 1478 498 ad
1505 464 1595 498 scri-

106 514 263 548 bendum
290 519 353 546 etc.
375 510 453 556 rapi
476 510 595 555 aliquo
620 517 802 546 momento
824 511 995 555 tempori·
1017 510 1128 555 possit
1162 512 1219 552 10,
1243 513 1279 553 7,
1302 512 1347 545 27
1371 511 1418 545 Ν.
1447 510 1596 555 qualitas

106 559 264 594 maxime
289 556 386 602 (Sp.
410 555 595 599 maxima)
616 556 771 592 oratoris
794 566 941 602 operam
972 556 1065 601 (Sp.
1092 554 1231 600 opera)
1262 555 1390 599 recipit
1428 559 1462 598 7,
1489 555 1526 599 4,
1550 558 1596 590 23

106 609 151 640 Ζ.
198 614 275 639 non
294 604 454 640 vendere
477 612 536 646 op.
568 605 626 646 12,
660 605 699 646 7,
730 604 765 638 8.
811 603 1016 648 potentibus
1046 607 1172 637 contra
1206 601 1359 635 humiles
1388 601 1596 636 venditandi

106 661 168 696 op.
190 660 292 685 suam
314 651 359 683 11».
381 649 424 691 6;
449 647 576 695 dignus
600 658 711 694 opera
730 649 874 694 patroni
898 653 956 693 12,
978 652 1015 693 7,
1036 651 1072 684 7.
1099 648 1152 692 11)
1175 651 1271 684 Phar.
1284 663 1294 682 .·
1324 647 1418 682 inter
1439 653 1493 683 tot
1509 658 1598 693 ope-

106 708 166 731 m
190 695 337 731 militiae
367 697 424 738 12,
447 697 505 738 11,
527 696 584 729 23.

63 737 104 781 Ο
159 742 238 783 rio.
278 752 314 795 Ι)
337 754 492 796 proprie.-
527 749 664 795 operiri
689 750 878 786 humerum
906 761 985 785 cum
1009 755 1088 785 toto
1111 749 1234 798 jugulo
1259 754 1316 794 11,
1343 751 1378 793 3,
1404 748 1483 784 141.
1507 761 1599 795 qnae

131 797 229 841 ossa)
261 807 415 842 corpore
457 797 651 841 operienda
689 802 771 831 sunt
808 798 867 831 Pr.
898 798 956 831 24.
1005 803 1203 841 opertos
1236 807 1595 840 compressosve

106 844 249 886 (nubs)
276 846 332 887 11,
355 846 391 886 2,
414 843 470 878 76.
496 841 549 886 11)
563 847 702 877 1ransL:
725 853 799 876 non
822 842 861 876 in
875 841 1039 877 oratione
1063 842 1326 887 operienda
1352 849 1433 876 sunt
1454 843 1596 886 quaed„

107 889 188 926 nive
209 888 403 924 ostendi
429 899 503 922 non
532 888 686 930 debent,
724 887 804 922 sive
827 888 1035 932 exprimi
1065 899 1132 932 pro
1156 888 1326 935 dignitate
1353 898 1424 921 non
1448 894 1595 932 possunt

105 938 145 978 2,
165 936 224 978 13,
250 937 307 968 12.
354 934 519 978 quotiens
543 933 640 967 dictu
662 933 837 967 deformia
868 933 985 977 operit
1014 935 1050 976 8,
1077 935 1114 977 6,
1138 935 1193 970 59.
1242 934 1338 966 illam
1360 934 1435 967 vim
1476 933 1598 968 stricte

107 981 325 1024 robusteque
352 979 493 1013 dicendi
519 985 643 1013 tenera
669 980 775 1024 quad.
800 979 1014 1014 elocutionis
1037 985 1119 1015 cute
1143 979 1323 1026 operimus
1347 980 1381 1025 5,
1413 983 1468 1024 12,
1494 981 1551 1015 18.

62 1023 327 1081 Operosim·
371 1046 596 1080 supervacua
620 1045 679 1079 op.
704 1036 740 1078 8,
765 1035 800 1078 3,
822 1036 879 1071 55.

61 1079 243 1138 operor·
279 1093 424 1127 scholae
447 1093 563 1127 adhuc
587 1097 774 1137 operatum
801 1094 858 1135 10,
881 1093 917 1135 3,
942 1093 1000 1127 13.

63 1137 238 1194 OpifeX·
286 1146 376 1193 [hoc
399 1147 660 1192 (instrumento)
686 1159 755 1196 ego
783 1159 858 1183 non
875 1154 1028 1186 artem
1054 1149 1166 1183 credo
1190 1159 1322 1195 egere,
1346 1148 1410 1183 sed
1445 1147 1599 1182 artifi-

109 1206 216 1230 cem.
238 1195 365 1239 Neque
388 1194 482 1228 enim
506 1194 721 1229 scientia
744 1194 923 1229 desiderat
943 1194 1214 1229 instrumentum
1237 1207 1305 1228 -—:
1326 1195 1390 1228 sed
1416 1194 1482 1228 ius
1501 1195 1597 1238 opi-

109 1242 130 1275 s
138 1251 196 1276 ex
222 1240 292 1284 (Ζ.
317 1239 492 1283 artifex),
524 1245 564 1274 ut
586 1241 743 1274 caelator
765 1242 928 1283 caelum,
957 1246 995 1275 et
1017 1241 1134 1285 pictor
1161 1239 1328 1284 penicilla
1360 1243 1396 1282 2,
1429 1242 1488 1283 21,
1514 1240 1595 1284 24.]

108 1296 251 1322 omnem
276 1286 320 1320 ad
347 1285 574 1320 lcribendum
601 1285 810 1320 doetinatam
833 1285 1015 1320 materiam
1039 1286 1087 1320 ita
1119 1286 1166 1329 (ἰ.
1201 1300 1231 1321 e.
1265 1286 1596 1329 argumentum)

110 1331 293 1377 appellari.
341 1332 417 1366 Nec
442 1332 584 1375 mirum,
619 1342 701 1366 cum
734 1331 771 1366 id
802 1331 898 1366 inter
918 1330 1068 1375 opifices
1093 1343 1236 1376 quoque
1266 1333 1451 1379 vulgatum
1482 1332 1529 1365 sit
1562 1335 1597 1375 5,

109 1380 166 1421 10,
190 1379 260 1421 103
299 1387 380 1412 esse
404 1377 611 1411 rhetoricen
632 1378 870 1422 persuadendi
894 1378 1057 1422 opificem
1087 1381 1329 1412 Isocrates
1350 1381 1385 1419 2,
1410 1380 1469 1419 15,
1489 1377 1527 1411 4.

63 1421 261 1480 Opima?-
305 1444 380 1468 non
403 1433 457 1468 sic
479 1433 709 1478 optimum
730 1433 894 1478 dicimus,
927 1439 967 1468 ut
990 1435 1186 1479 opimum
1212 1437 1245 1478 1,
1275 1433 1312 1478 4,
1336 1435 1381 1477 83
1428 1434 1598 1482 longae

106 1491 173 1525 per
194 1490 235 1514 se
256 1485 293 1515 et
313 1481 416 1516 velut
442 1479 627 1525 opimae
652 1481 811 1525 syllabae
838 1482 874 1524 9,
895 1478 932 1522 4,
955 1480 1015 1515 36.

64 1524 242 1582 opinio·
284 1536 321 1581 1)
346 1538 370 1571 ι’.
394 1550 427 1582 q,
449 1537 683 1580 judicium.
722 1535 760 1579 α)
786 1550 816 1571 ο.
842 1538 1015 1571 Auribuu.
1031 1550 1043 1570 .-
1076 1546 1137 1581 op.
1171 1535 1364 1580 antiquitus
1390 1542 1538 1581 accepta
1562 1539 1597 1582 1,

109 1585 169 1625 10,
195 1584 252 1616 12.
297 1582 477 1616 communi
503 1593 562 1626 op.
587 1583 623 1625 5,
649 1584 705 1625 10,
730 1585 787 1616 12.
821 1582 963 1618 diversa
987 1592 1047 1626 op.
1074 1585 1107 1625 1,
1132 1582 1167 1625 5,
1192 1583 1250 1617 39.
1299 1582 1511 1616 diversas
1537 1593 1597 1627 op.

107 1627 269 1673 priorum
292 1634 329 1662 et
352 1629 473 1673 quasd.
502 1628 610 1662 etiam
635 1627 731 1662 inter
751 1639 791 1663 se
814 1627 1083 1662 contrarias
1106 1629 1166 1662 Pr.
1190 1630 1214 1662 2
1242 1640 1276 1662 υ.
1310 1627 1412 1670 insta.
1449 1639 1509 1672 op.
1545 1630 1598 1662 di-

109 1673 338 1710 versissimae
361 1676 397 1717 3,
422 1677 457 1718 1,
480 1676 516 1708 2.
562 1674 674 1708 salsae
698 1683 759 1717 op.
780 1676 816 1717 2,
841 1676 897 1715 17,
923 1675 979 1709 18.
1003 1676 1061 1708 20.
1088 1674 1122 1715 5,
1149 1676 1206 1716 10,
1229 1673 1288 1708 34.
1334 1673 1451 1717 aliqua
1474 1681 1599 1708 contra

111 1729 181 1753 nos
201 1719 309 1753 insita
330 1730 390 1763 op.
411 1718 449 1763 4,
472 1721 508 1761 2,
532 1719 589 1754 80.
636 1729 696 1763 op.
719 1724 920 1762 praesumta
941 1721 978 1762 2,
999 1722 1056 1760 17,
1080 1721 1136 1754 28.
1182 1729 1242 1763 op.
1265 1719 1539 1762 pulcherrimam
1562 1722 1598 1763 3,

112 1765 149 1807 8,
173 1767 208 1798 1.
232 1792 234 1794 .
254 1774 314 1807 op.
337 1764 449 1808 prima
469 1767 527 1808 12,
553 1765 614 1798 Pr.
640 1767 672 1799 1.
693 1764 854 1810 vulgaris
878 1775 938 1808 op.
965 1767 999 1808 1,
1035 1766 1091 1805 10,
1121 1764 1179 1798 35.
1224 1765 1405 1808 vulgatam
1435 1765 1529 1799 falso
1553 1767 1599 1800 de

112 1819 171 1844 me
194 1819 254 1853 οι).
278 1811 335 1851 10,
361 1812 396 1852 1,
420 1811 500 1844 125.
546 1807 591 1854 β)
616 1822 645 1843 c.
671 1811 802 1844 Gem'w
836 1816 972 1845 certam
995 1820 1056 1854 op.
1079 1808 1188 1843 animi
1210 1810 1265 1843 sui
1295 1811 1331 1853 6,
1355 1812 1390 1852 3,
1413 1812 1470 1845 85.
1506 1810 1599 1846 civi-

113 1860 226 1890 tatum
250 1854 439 1898 opiniones
460 1855 594 1889 habent
617 1855 851 1890 differentiam
878 1856 915 1899 5,
949 1857 1007 1898 10,
1038 1856 1098 1892 25.
1125 1855 1420 1899 philosophorum
1455 1858 1600 1890 consul-

114 1907 303 1944 torumque
320 1910 383 1944 op.
412 1903 470 1942 12,
500 1902 556 1942 11,
582 1903 639 1935 17.
684 1910 745 1944 op.
767 1900 868 1948 vulgi
891 1903 947 1937 12.
970 1903 1006 1943 2,
1031 1901 1086 1936 18.
1121 1901 1212 1935 duae
1234 1906 1315 1936 sunt
1340 1901 1504 1936 diversae
1526 1912 1600 1946 op.,

114 1945 267 1981 aliorum
290 1945 484 1979 sententias
509 1947 604 1979 solas
629 1956 743 1989 paene
776 1946 1031 1990 spectantium,
1067 1945 1219 1980 aliorum
1250 1946 1398 1980 omnino
1430 1948 1601 1981 damnan-

114 1992 204 2027 tium
225 1993 262 2034 8,
289 1992 325 2034 5,
347 1992 406 2026 25.
454 1989 489 2035 γ)
514 1992 706 2025 Nominum:
737 1997 778 2025 ut
799 2003 879 2025 mea
901 1992 972 2026 fert
1000 2001 1059 2035 op.
1088 1995 1123 2034 1,
1153 1994 1189 2034 7,
1215 1994 1232 2024 1
1266 2004 1299 2026 v.
1332 1993 1462 2026 Fero.
1508 1995 1600 2028 haec

116 2049 177 2082 op.
204 2036 378 2084 originem
401 2036 445 2070 ab
469 2037 625 2070 Isocrate
649 2035 754 2070 duxit
776 2039 813 2080 2,
837 2038 894 2080 15,
917 2036 952 2071 4.
1000 2047 1151 2080 quorum
1183 2047 1244 2080 op.
1268 2038 1377 2071 modo
1410 2038 1544 2073 erravit
1564 2043 1601 2082 2,

117 2087 177 2126 21,
200 2086 245 2125 23
278 2088 400 2116 nostra
424 2081 592 2126 opinio
613 2092 754 2125 semper
786 2083 875 2116 haec
898 2081 986 2124 fnit,
1018 2087 1070 2115 ut
1093 2099 1140 2105 —
1163 2083 1402 2117 crederem
1438 2085 1473 2125 3,
1496 2085 1533 2128 6,
1555 2088 1598 2118 21

118 2131 156 2163 S.
203 2127 242 2171 ὃ)
271 2130 397 2163 Genu..-
422 2127 630 2171 opinionum
663 2127 758 2161 circa
780 2127 852 2161 hoc
876 2126 1073 2161 differentia
1095 2130 1131 2169 2,
1158 2129 1214 2169 15,
1236 2131 1268 2161 1.
1315 2127 1499 2172 inquisitio
1523 2130 1604 2175 opi-

117 2173 266 2208 nionum
289 2176 324 2216 3,
350 2176 384 2215 1,
408 2175 442 2207 2
489 2173 541 2207 illi
564 2171 739 2206 rationem
763 2183 786 2207 o
811 2172 943 2206 inionis
976 2184 1062 2207 suae
1092 2172 1250 2207 viderint
1282 2174 1319 2216 2,
1358 2175 1415 2217 15,
1452 2177 1511 2210 33.
1558 2177 1603 2211 de

116 2219 288 2256 varietate
313 2219 521 2263 opinionum
548 2221 603 2260 10,
630 2221 663 2261 1,
689 2217 747 2252 42.
773 2229 790 2251 ε
835 2222 942 2252 Dan:
968 2217 1026 2252 cui
1055 2217 1216 2262 opinioni
1241 2229 1307 2252 nos
1331 2230 1474 2264 quoque
1497 2232 1603 2256 acce-

119 2265 235 2300 dimus
258 2268 293 2308 2,
322 2266 376 2307 15,
404 2265 462 2299 29.
499 2266 631 2298 nullam
652 2263 887 2298 artem‘falsis
912 2263 1075 2298 assentiri
1102 2273 1162 2308 op.
1183 2266 1218 2305 2,
1246 2267 1303 2307 17,
1334 2266 1386 2299 18.
1411 2266 1497 2310 quid
1523 2267 1603 2301 exi-

118 2318 191 2345 mat
216 2321 283 2344 nos
309 2309 537 2354 opinionibus
561 2309 661 2357 vulgi
685 2312 742 2351 12,
766 2311 800 2352 2,
827 2310 881 2344 28.
929 2310 1146 2343 detrahenda
1169 2311 1229 2344 ve!
1263 2311 1504 2346 confirmanda
1529 2323 1603 2357 op.,

121 2356 152 2390 si
175 2367 281 2400 qnam
302 2355 495 2399 praecipue
518 2356 625 2390 domo
654 2355 797 2390 videtur
815 2356 926 2398 judex
947 2354 1105 2388 attulisse
1127 2354 1163 2398 4,
1188 2358 1222 2396 1,
1254 2358 1312 2391 20.
1351 2355 1396 2398 qs.
1429 2359 1465 2400 3,
1488 2361 1523 2401 5,
1548 2358 1604 2393 14.

123 2400 163 2445 ζ)
185 2405 370 2435 Accusat„-
407 2411 479 2445 quo
501 2400 580 2435 sine
604 2400 712 2434 dubio
740 2405 775 2435 et
801 2400 924 2445 opinio
949 2400 1146 2444 decipitur,
1180 2401 1243 2434 sed
1276 2412 1326 2436 ex
1358 2403 1537 2438 contrario
1567 2408 1602 2448 6,

122 2449 159 2490 3,
183 2446 239 2481 64.
262 2457 375 2492 genus
401 2446 600 2490 decipiendi
624 2446 829 2491 opinionem
852 2447 972 2488 (Libri
996 2444 1190 2490 opinione)
1222 2452 1282 2480 aut
1305 2447 1397 2482 dicta
1421 2449 1524 2484 aliter
1546 2449 1604 2484 in-

122 2492 304 2539 telligendi
327 2494 371 2525 ib.
395 2490 441 2526 84
467 2493 514 2526 Ν.
561 2498 777 2536 expectent,
816 2497 852 2526 et
884 2501 944 2536 op.
974 2502 1058 2526 suas
1081 2491 1244 2525 differant
1266 2491 1303 2535 4,
1341 2496 1376 2536 2,
1406 2496 1465 2531 79.
1510 2496 1604 2530 hano

123 2549 148 2573 o
162 2537 261 2583 pini
274 2547 405 2572 onem
429 2537 594 2571 habuisse
604 2538 729 2582 Lysias
745 2538 902 2580 videtur,
926 2537 1026 2581 cujus
1049 2537 1321 2573 sententiae
1345 2539 1426 2574 talis
1445 2541 1607 2576 defensio

125 2590 181 2619 est
200 2587 236 2627 2,
261 2586 316 2626 17,
339 2583 374 2618 6.
400 2581 445 2624 es.
470 2585 513 2618 ib.
539 2586 597 2617 20.
624 2586 660 2626 3,
683 2584 719 2626 6,
745 2584 804 2619 63.
851 2588 981 2618 certam
1006 2593 1066 2626 op.
1090 2582 1197 2617 animi
1232 2584 1286 2618 sui
1315 2584 1486 2621 imitantis
1508 2588 1542 2626 6,
1570 2590 1605 2632 3,

123 2631 182 2665 85.
226 2629 383 2663 indicata
409 2634 446 2664 et
468 2628 610 2662 diversa
637 2629 807 2673 opinione
838 2629 875 2670 6,
910 2630 946 2671 3,
982 2631 1061 2662 112.
1107 2628 1400 2674 philosophorum
1425 2634 1609 2668 consuito·

126 2686 275 2719 rumque
298 2674 486 2718 opiniones
515 2675 636 2721 legere
663 2677 720 2716 12,
746 2678 804 2717 11,
831 2677 875 2709 17
902 2675 949 2709 Ν.
997 2685 1065 2708 nec
1086 2674 1212 2709 falsam
1235 2676 1280 2710 de
1311 2687 1352 2711 se
1385 2688 1444 2722 op.
1471 2680 1605 2721 babuit,

127 2722 192 2756 sed
214 2720 418 2757 custodibus
438 2719 599 2765 praebuit
619 2722 654 2766 2,
678 2723 736 2766 17,
758 2723 817 2757 20.
862 2719 1022 2758 diversas
1046 2729 1105 2765 op.
1131 2721 1244 2757 secuti
1269 2722 1305 2765 9,
1331 2728 1367 2766 1,
1408 2725 1464 2759 15.
1495 2724 1539 2766 cs}
1572 2728 1609 2767 2,
