1702 3054
122 279 192 314 ΧΙΙ
763 274 986 316 Praefatio.

120 389 311 438 Lexici
341 387 568 438 Fabiani
599 401 651 435 et
683 390 968 437 verborum
1006 404 1060 437 et
1093 391 1460 439 elocutionum
1493 405 1660 454 quam

122 470 466 536 copiosissimi
510 483 563 517 et
614 470 990 518 accuratissimi
1041 464 1418 536 componendi.
1513 468 1659 534 Quid

119 550 232 614 ipse
271 554 338 598 de
379 554 483 599 hoc
527 550 718 598 Lexici
766 550 1038 599 condendi
1082 568 1245 617 opere
1286 549 1534 610 senserit,
1599 549 1657 596 in

118 630 458 679 praefatione
490 647 587 678 sua
616 630 1124 696 Supplementorum
1155 649 1206 698 p.
1228 632 1381 682 XXV.
1406 645 1656 696 pronun-

116 708 295 771 tiavit,
345 728 472 779 ergo
518 727 694 758 meum
740 725 878 770 erat,
925 729 1027 761 nec
1070 730 1218 778 spem
1261 698 1364 760 nec
1397 709 1659 775 judicium

116 790 254 838 tanti
301 791 400 839 viri
436 793 637 840 fallere.
725 791 912 857 Atque
950 794 1188 842 laborem
1231 806 1375 842 cer-te
1416 789 1657 856 impendi

113 887 213 934 per
243 873 467 939 longum
496 888 766 919 annorum
796 873 1028 938 spatium
1056 891 1222 939 quam
1252 870 1569 927 maximum,
1603 884 1658 917 et

112 951 319 998 tametsi
341 951 579 1017 aequalis
605 968 811 1017 semper
833 968 886 1002 et
906 961 1009 1020 par
1029 953 1127 1003 sibi
1148 953 1320 1020 operis
1339 949 1657 1017 perficiendi

112 1044 271 1078 tenor
293 1031 414 1079 satis
442 1049 526 1080 me
545 1031 833 1099 fatigaret,
863 1048 1047 1083 tamen
1076 1036 1227 1082 nefas
1260 1032 1393 1081 duxi
1415 1030 1655 1080 commit—

111 1124 239 1171 tere,
276 1125 339 1159 ut
363 1114 431 1160 ab
461 1129 624 1178 opere
651 1114 811 1160 semel
835 1122 1083 1179 suscepto
1111 1116 1426 1172 abducerer,
1464 1129 1655 1176 quam-

110 1190 188 1240 vis
242 1192 498 1259 gratiores
558 1191 856 1241 arriderent
910 1193 1037 1241 mihi
1092 1192 1367 1239 literarum
1430 1191 1540 1238 loci
1601 1205 1656 1238 et

110 1274 442 1322 amoeniores
465 1272 736 1342 regiones,
769 1290 869 1339 per
889 1269 1024 1339 quas
1056 1288 1341 1320 excurrere
1373 1285 1426 1320 et
1455 1272 1654 1337 jucun-

112 1351 229 1401 dius
271 1367 326 1401 et
373 1353 600 1403 forsitan
651 1354 975 1402 fructuosius
1006 1352 1149 1418 ‚mihi
1198 1351 1405 1414 fuisset3
1465 1368 1657 1402 verum

108 1433 273 1500 magis
331 1433 493 1483 etiam
559 1434 871 1483 instandum
931 1434 1007 1483 rei
1071 1432 1385 1495 videbatur,
1481 1449 1654 1506 quum

108 1513 395 1575 evenisset,
457 1530 521 1564 ut
571 1532 672 1583 ego
722 1518 794 1563 ad
838 1515 980 1564 idem
1029 1531 1242 1563 munus
1275 1513 1655 1585 scholast-*icum
1693 1574 1696 1577 Ι

104 1593 405 1643 ineundum
435 1612 685 1655 vocarer,
722 1599 874 1661 quod
904 1596 1031 1644 olim
1062 1613 1186 1644 cum
1212 1609 1371 1644 tanta
1396 1580 1564 1643 laude
1593 1593 1654 1642 in

105 1674 395 1738 Gymnasio
426 1676 763 1725 Berolinensi
794 1677 1139 1745 Spaldingius
1167 1675 1653 1736 administraverat,

102 1769 166 1803 ut
196 1757 311 1804 fato
346 1760 587 1822 quodam
620 1761 810 1806 eodem
848 1775 1023 1825 prope
1059 1760 1184 1807 loco
1229 1756 1394 1807 editio
1431 1753 1649 1822 Quinti-

100 1835 257 1896 liani,
295 1854 408 1902 quo
441 1837 699 1886 inchoata
733 1852 890 1898 esset,
928 1853 982 1887 et
1002 1838 1389 1927 perficeretur.
1648 1844 1653 1850 '

239 1918 396 1981 Quae
427 1932 612 1966 tamen
649 1919 776 1968 mihi
814 1934 930 1968 erat
959 1919 1049 1970 via
1079 1919 1460 1987 ingredienda,
1499 1925 1650 1981 quae

102 1996 240 2045 ratio
272 1997 606 2047 instituenda
636 1999 694 2046 in
729 2000 1070 2066 disponendo
1110 2015 1164 2049 et
1206 1999 1512 2048 ordinando
1545 1999 1653 2044 hoc
1693 2003 1700 2007 χ

99 2077 347 2126 Lexico?
399 2079 645 2128 Excusso
677 2095 796 2129 toto
833 2081 1200 2146 Quintiliano,
1245 2082 1463 2146 qualem
1493 2077 1648 2143 Spal-

102 2157 312 2225 dingius
348 2176 697 2210 recensuerat
730 2176 784 2209 et
812 2172 1215 2228 composuerat,
1256 2178 1321 2209 ac
1351 2169 1650 2208 retractato

100 2241 315 2299 eodem,
369 2241 541 2304 qualis
582 2259 617 2290 a
655 2243 912 2309 Zumptio
952 2241 1227 2291 restitutus
1268 2252 1407 2299 erat,
1462 2252 1646 2284 omnes

98 2317 261 2366 libros
314 2332 367 2366 et
417 2322 616 2387 scripta
664 2322 797 2384 adii,
860 2322 1179 2386 ubicunque
1232 2318 1532 2384 quidquam
1576 2319 1647 2364 de

100 2395 437 2462 Quintiliano
490 2400 824 2467 disputatum
877 2417 1018 2463 erat,
1085 2401 1237 2466 quod
1288 2401 1538 2446 nondum
1575 2395 1644 2446 'in

95 2477 343 2525 notitiam
383 2480 646 2545 Zumptii,
709 2499 879 2548 quum
921 2481 1212 2530 editionem
1260 2496 1410 2527 suam
1457 2476 1642 2539 emisit,

96 2557 381 2621 pervenire
418 2574 697 2624 potuerat;
759 2581 829 2611 ne
868 2563 1002 2628 quid
1034 2563 1148 2609 ullo
1183 2561 1307 2607 loco
1347 2556 1649 2624 repositum·

100 2650 254 2696 esset,
310 2637 444 2701 quin
484 2642 754 2690 conferret
797 2648 867 2692 ad
899 2643 1305 2707 explanandum
1334 2642 1483 2686 hunc
1514 2636 1640 2685 scri-

99 2729 326 2779 ptorem.
400 2717 574 2767 Erant
610 2722 828 2786 quidem
870 2719 1190 2788 Quintiliani
1231 2719 1376 2779 libri,
1424 2730 1642 2783 praeter

102 2795 387 2857 decimum,
432 2815 604 2866 prope
638 2804 877 2854 derelicti
911 2821 943 2852 a
975 2801 1097 2853 viris
1130 2799 1300 2850 doctis
1330 2812 1454 2866 post
1482 2798 1638 2864 Spal-
