1728 3002
145 169 228 209 864
643 163 837 208 Sublatio
863 189 918 198 ——-
949 165 1185 211 Sublimius

189 288 320 318 etatum
345 280 591 328 subjungimus
611 281 655 324 9,
680 283 725 324 2,
749 283 806 315 22.
835 292 904 315 nec
929 292 1070 327 semper
1093 268 1373 328 contrapositum
1396 285 1618 335 subjungitur
1643 289 1679 331 9,

188 333 224 373 3,
247 331 305 365 83.
331 339 421 374 quos
446 327 617 362 continuo
641 328 849 374 subjungam
873 329 916 370 8,
941 328 984 371 4,
1010 330 1067 364 29.
1094 329 1139 371 cs.
1171 332 1214 372 5,
1241 333 1304 374 10,
1330 330 1391 365 42.
1423 344 1515 377 quae
1541 333 1679 377 dicit,

189 388 281 421 quae
308 376 637 419 subjuncturus
663 380 749 417 est,
787 384 877 418 (suae
900 375 1025 409 ultra
1057 378 1324 420 spectanda
1355 384 1466 412 sunt
1493 382 1563 423 10,
1584 381 1624 424 7,,
1643 381 1678 416 9.

183 422 344 457 breviter
367 422 598 467 subjungam,
625 421 923 464 quemadmodum
949 428 1012 454 etc.
1038 423 1073 464 5,
1099 424 1156 464 12,
1176 416 1213 456 ’1.
1239 422 1284 464 cf:
1303 419 1345 468 *4‚
1371 427 1407 467 2,
1433 427 1490 460 13.
1513 437 1610 460 nunc
1634 427 1680 460 de
1721 452 1728 453 ff

186 468 316 503 ceteris
340 467 495 510 artibus,
520 466 647 511 quibus
669 466 908 500 instituendos
924 484 968 491 —
986 478 1118 511 pueros
1145 469 1332 512 existimo,
1359 466 1680 516 strictim'subjun-

184 526 266 562 gam
294 517 336 557 1,
364 516 425 556 10,
452 516 484 546 1.
513 512 558 554 cs.
583 513 628 555 4,
651 515 699 555 2,
723 515 780 547 30.
842 515 897 558 β)
933 526 962 548 σ.
985 517 1094 548 Dat..·
1123 515 1195 549 utri
1219 516 1370 550 duorum
1393 518 1696 559 antecedentium·

183 571 301 595 sermo
326 561 534 603 subjunctus
557 559 603 593 sit
621 562 657 601 7,
675 560 712 602 9,
735 561 770 594 9.
808 559 933 604 Quid?
966 560 1134 595 Horatius
1158 562 1291 596 frustra
1305 563 1502 607 Tyrtaeum
1519 565 1680 599 Homero

182 606 391 654 subjungit?
420 609 478 649 10,
502 609 536 648 1,
561 606 615 640 56.
640 616 686 639 ne
710 604 852 640 fortiori
876 605 1108 654 subjungatur
1133 607 1266 652 aliquid
1292 607 1479 653 infirmius,
1506 615 1546 644 ut
1569 610 1680 644 sacri-

182 656 266 701 lego
285 655 347 687 fur
370 661 431 687 etc.
457 654 493 694 9,
514 652 549 694 4,
569 654 626 685 23.
655 651 714 685 cui
739 651 992 696 (contraposita)
1016 653 1304 689 commodissime
1328 655 1553 703 subjungitur
1575 663 1611 691 et
1637 666 1681 691 ea

183 700 336 745 species,
360 711 463 744 quam
483 697 748 732 distinctionem
772 697 929 732 diximus
952 700 989 742 9,
1011 701 1046 743 3,
1070 701 1128 735 82.
1155 701 1361 735 memoriam
1385 702 1423 735 in
1449 703 1577 737 ordine
1599 713 1680 747 par-
1719 719 1722 723 ·

182 748 271 781 tium
295 746 439 791 quidam
465 743 689 789 dispositioni
717 744 981 787 subjunxerunt
1003 747 1046 789 3,
1074 748 1117 790 3,
1144 749 1200 780 10.
1238 753 1277 780 ut
1309 746 1680 792 aliqnando‘subjun-

140 834 142 840 y
184 800 287 840 gatur
311 790 531 836 expositioni
561 810 608 817 —-
630 802 767 826 summa
791 791 958 826 collectio
983 790 1027 834 4,
1050 790 1092 835 4,
1117 795 1151 826 2.
1176 794 1340 827 nonnulli
1366 800 1463 828 certa
1488 793 1556 833 sibi
1579 794 1680 830 initia

183 839 380 881 destinent,
405 837 533 882 quibus
548 837 681 881 aliquid
698 836 820 871 diserti
839 838 1123 883 subjungendum
1147 839 1193 873 sit
1215 843 1250 882 2,
1276 843 1332 882 11,
1356 841 1390 874 5.
1424 839 1485 885 qni
1508 840 1679 883 judicium

181 885 386 922 inventioni
408 885 663 930 subjungerent
686 884 726 926 6,
753 884 794 926 5,
822 886 856 917 1.
882 883 928 925 cf.
953 885 1011 918 Pr.
1030 887 1097 919 22.
1122 886 1384 920 narrationibus
1411 897 1485 920 nou
1507 887 1681 922 inutiliter

181 931 408 979 subjungitur
434 941 524 975 opus
548 930 753 964 destruendi
775 930 1079 975 confirmandique
1105 942 1165 966 eas
1187 934 1231 975 2,
1259 930 1301 975 4,
1328 933 1384 967 18.
1411 932 1456 974 cf.
1485 930 1529 976 4,
1552 936 1596 976 2,
1618 932 1678 968 84.
1697 927 1728 967 ’Τ

181 981 225 1023 4,
251 982 291 1023 3,
319 979 355 1013 4.
387 976 433 1021 4,
456 976 501 1020 4,
533 980 563 1011 1.
590 976 674 1010 huic
697 975 789 1021 parti
814 977 1046 1024 subjungatur
1068 977 1176 1021 licet,
1208 989 1274 1022 per
1301 978 1587 1023 comparationes
1615 986 1678 1018 eie-⁴.

182 1030 217 1070 1,
240 1027 274 1067 5,
299 1024 355 1060 45.
381 1023 426 1065 cs.
450 1025 486 1066 4,
514 1026 548 1066 2,
573 1024 630 1058 82.
654 1026 690 1063 7,
716 1021 752 1066 4,
776 1021 834 1056 24.
867 1026 922 1066 10,
947 1027 981 1066 7,
1003 1025 1062 1057 33.
1089 1024 1308 1068 compositae
1331 1023 1464 1069 (voces)
1491 1025 1552 1060 au't
1573 1035 1680 1070 prse-

179 1071 418 1117 positionibus
443 1069 704 1115 subjunguntur
731 1089 778 1095 —
802 1075 862 1104 aut
888 1081 908 1103 e
937 1070 1075 1103 duobus
1104 1070 1205 1114 quasi
1239 1070 1451 1116 corporibus
1475 1073 1680 1106 coalescunt

181 1123 224 1162 1,
249 1119 290 1162 5,
316 1119 375 1153 65.
407 1116 677 1160 probationibus
709 1115 989 1160 uniuscujusque
1019 1116 1073 1150 rei
1107 1116 1302 1160 (affectus)
1333 1123 1437 1152 recte
1454 1117 1703 1165 subjungitur

179 1166 216 1208 6,
245 1168 276 1208 1,
302 1166 358 1198 53.
383 1162 540 1196 narratio
563 1161 750 1207 prooemio
776 1162 1000 1209 subjungitur
1023 1161 1059 1205 4,
1084 1165 1119 1205 2,
1145 1165 1203 1198 28.
1231 1163 1278 1205 cs.
1298 1165 1333 1207 3,
1352 1164 1388 1206 9,
1412 1163 1446 1199 5.
1473 1163 1566 1198 ratio
1591 1165 1678 1198 sub-

178 1211 339 1257 jungitur
360 1208 545 1254 proposito
573 1211 616 1251 5,
642 1207 708 1248 14,
738 1206 774 1241 4.
810 1208 875 1242 uni
905 1209 959 1243 rei
987 1208 1176 1252 multiplex
1199 1209 1292 1244 ratio
1322 1209 1546 1257 subjungitur
1568 1206 1613 1253 9‘,
1642 1211 1678 1252 3.

179 1259 236 1292 96.
268 1268 349 1290 cnm
385 1254 555 1301 singulari
586 1253 733 1298 pluralis
765 1255 989 1301 subjungitur
1014 1257 1059 1288 ib.
1082 1256 1118 1290 8.
1149 1267 1232 1290 cum
1261 1257 1378 1292 verbo
1405 1255 1503 1291 idem
1524 1257 1678 1292 verbum

166 1305 259 1349 'plus
284 1300 532 1383 {iggificalbnter
565 1299 790 1346 subjungitur
823 1303 869 1335 ib.
895 1302 952 1336 67.
992 1312 1074 1335 cum
1097 1301 1187 1337 aliae
1210 1300 1390 1346 (vocales)
1415 1303 1678 1350 subjunguntur

177 1349 256 1383 aliis
309 1374 321 1392 ,
377 1373 388 1391 ,
412 1349 433 1381 3
461 1371 471 1380 .
1647 1358 1658 1367 ‘

130 1415 343 1459 Sublatio.
392 1423 434 1470 Ι)
459 1436 507 1460 an
529 1422 788 1459 restitutio
809 1435 877 1470 pro
903 1424 1194 1460 sublatione
1217 1425 1340 1470 judicii
1364 1431 1435 1462 stet
1451 1429 1488 1472 7,
1514 1429 1549 1471 1,
1571 1428 1675 1463 6οΖ.

179 1474 227 1517 11)
252 1477 277 1508 i.
308 1486 341 1519 ‹1-
367 1474 503 1506 arsis.
540 1484 572 1505 v.
596 1470 783 1505 Positio.
1597 1506 1602 1512 ⁵
1721 1473 1728 1520 ι’

133 1537 355 1585 Sublimis.
412 1550 453 1594 Ι)
487 1552 590 1584 Posit.
639 1549 688 1593 α)
719 1552 923 1593 simpliciter.
973 1552 1019 1593 a)
1050 1552 1190 1584 Maso..-
1212 1560 1219 1568 ²
1236 1550 1349 1584 subl.
1386 1555 1423 1584 et
1452 1550 1614 1599 gravis
1637 1555 1728 1585 et!-

179 1597 529 1646 grandiloquus
554 1607 662 1640 saepe
689 1597 734 1630 ad
757 1596 884 1632 vitium
900 1598 956 1637 10,
980 1599 1014 1640 1,
1031 1597 1088 1631 66.
1115 1596 1315 1630 Trachalus
1333 1597 1541 1642 plerumque
1559 1597 1672 1631 subl.
1726 1601 1728 1606 ’

178 1652 213 1680 et
244 1644 328 1678 satis
362 1649 547 1688 apertus
580 1643 736 1676 suite-10.
768 1645 811 1677 ib.
839 1643 919 1677 119.
958 1655 990 1676 v.
1010 1642 1232 1676 Nitidus.
1288 1643 1338 1682 b)
1370 1644 1514 1678 Naar..-
1548 1642 1674 1678 hisi-1
1720 1638 1728 1682 ,Ϋ

178 1691 377 1726 sublime
404 1690 510 1724 etiam
537 1689 648 1723 currit
674 1689 722 1733 (A
735 1691 803 1723 mb.
825 1692 855 1723 1.
882 1689 1043 1732 cucurr.)
1068 1694 1104 1722 et
1127 1689 1171 1722 ad
1196 1699 1407 1731 summum
1439 1699 1515 1723 nou
1539 1699 1673 1734 perve-

176 1739 230 1772 nit
253 1738 334 1771 nisu
357 1738 421 1771 sed
446 1736 578 1780 impetu
601 1737 642 1778 8,
666 1735 711 1778 4,
735 1736 770 1770 9.
807 1747 840 1776 v,
864 1735 1040 1769 Elatus.
1065 1734 1283 1770 Erectus.
1312 1733 1674 1779 Speciosa-‚silla

178 1784 342 1819 sublimia
382 1782 557 1826 spatiosas
591 1783 776 1825 clarasque
808 1791 922 1816 voces
959 1782 1094 1815 habent
1125 1782 1169 1823 9,
1201 1780 1238 1824 4,
1270 1782 1338 1816 136
1362 1782 1408 1816 Ν.
1449 1780 1674 1822 sublimia
1718 1780 1728 1820 ξ’

177 1842 251 1865 non
286 1831 487 1873 abrupta
523 1831 584 1871 12,
613 1830 673 1870 10,
705 1829 762 1862 80.
795 1827 826 1861 si
857 1828 936 1871 quis
970 1826 1188 1861 sublimia
1226 1826 1493 1861 humilibus
1523 1826 1674 1862 misceat
1722 1862 1728 1874 .

177 1880 218 1920 8,
244 1878 287 1919 3,
312 1876 370 1910 60.
403 1874 566 1909 sublimia
588 1873 749 1921 ingredi,
780 1873 905 1907 lenia
936 1873 1019 1908 duci
1041 1875 1088 1916 9,
1113 1871 1154 1916 4,
1179 1874 1258 1910 139.
1291 1873 1583 1918 praecipitia
1600 1883 1673 1918 ‚pro
1715 1876 1728 1912 ἒ,

178 1922 455 1958 sublimibus
483 1924 546 1963 12,
575 1923 639 1962 10,
663 1922 722 1954 73.
747 1932 781 1954 v.
803 1919 982 1955 Gravis.
1035 1918 1081 1963 β)
1108 1931 1138 1952 c.
1165 1920 1300 1952 Sabin..-
1331 1919 1449 1959 subl.
1472 1919 1676 1964 aetiovopp:

178 1979 306 2004 causae
331 1967 614 2002 summissae
641 1969 707 2009 11,
733 1968 778 2009 3,
807 1967 872 2000 153
906 1978 938 2000 v.
961 1966 1142 1999 Laetus.
1177 1965 1293 2006 subl.
1321 1964 1477 1999 animum
1509 1970 1545 2000 et
1568 1965 1672 1999 beu-
1716 1973 1728 2011 ξ

176 2016 357 2049 tiorem
381 2013 543 2058 spiritum
570 2015 627 2055 10,
652 2014 687 2055 3,
713 2015 770 2046 22.
796 2017 869 2054 tam
893 2023 922 2047 s.
942 2011 1124 2057 fastigium
1147 2013 1182 2053 2,
1198 2013 1254 2053 17,
1280 2012 1314 2044 3.
1336 2021 1449 2058 genus
1475 2022 1504 2046 s.
1528 2010 1672 2046 dicendi
1718 2011 1728 2037 '-

178 2065 236 2104 11,
265 2064 299 2103 1,
323 2063 357 2095 3.
388 2060 586 2094 orationem
608 2070 637 2092 s.
661 2059 705 2101 8,
734 2060 776 2100 3,
800 2057 858 2093 74.
887 2070 923 2092 v.
948 2057 1189 2097 Floridus.
1219 2067 1345 2090 sensus
1377 2057 1494 2091 subl.
1526 2057 1672 2092 varii-
1721 2068 1728 2078 .

177 2119 247 2153 que
274 2110 331 2151 12,
358 2109 414 2149 10,
439 2107 495 2141 36.
524 2117 552 2140 s.
577 2104 721 2149 spiritus
745 2107 802 2146 10,
832 2104 865 2146 5,
888 2102 923 2138 4.
948 2105 1074 2138 clara
1098 2108 1171 2147 atq.
1195 2096 1427 2138 sublimia
1454 2101 1611 2147 (verba)
1631 2103 1670 2148 8,
1714 2082 1728 2127 ³!

177 2158 216 2197 3,
243 2155 297 2188 18.
334 2165 355 2186 a
382 2163 549 2187 sermone
583 2150 712 2185 tenui
745 2151 857 2183 subl.
890 2150 1162 2194 nitidumque
1197 2148 1376 2184 discordat
1412 2150 1592 2194 (verbum)
1624 2151 1669 2184 ib.
1717 2153 1728 2175 2¹

173 2214 209 2234 v.
236 2200 377 2234 Orno.
432 2197 487 2241 11)
518 2201 693 2240 Compar..-
725 2195 853 2240 quibus
876 2196 1032 2243 gravitas
1055 2200 1091 2229 et
1114 2195 1310 2228 cothurnus
1333 2200 1370 2229 et
1397 2205 1508 2229 sonus
1530 2195 1672 2240 Sopho-

177 2247 241 2280 clis
274 2245 417 2280 videtur
448 2255 527 2279 esse.
563 2242 748 2277 sublimior
778 2245 846 2285 10,
870 2246 914 2285 1,
941 2243 996 2277 68.
1029 2242 1214 2275 suadendo
1247 2240 1501 2276 sublimiu‘s
1535 2241 1670 2286 aliquid
1701 2247 1718 2270 -’

176 2298 338 2333 senatus,
373 2289 664 2325 concitatius
690 2289 843 2333 populus
866 2293 1019 2332 poscunt
1045 2289 1087 2332 8,
1111 2288 1154 2331 3,
1179 2285 1234 2321 14.
1269 2288 1341 2331 jam
1370 2285 1556 2322 sublimius
1579 2286 1671 2322 illud

174 2350 241 2383 pro
263 2337 396 2372 Archia
418 2339 461 2380 8,
484 2339 526 2380 3,
550 2336 608 2372 75.
649 2347 682 2369 v.
707 2336 895 2369 Doctus.

130 2405 394 2447 Sublimitas.
430 2414 470 2460 Ι)
494 2417 650 2459 proprie.-
679 2425 722 2448 ea
744 2412 904 2458 corporis
929 2411 1122 2446 sublimitas
1143 2417 1219 2446 erat
1239 2414 1295 2456 12,
1315 2414 1350 2455 5,
1372 2412 1406 2447 5.
1453 2409 1506 2455 11)
1533 2414 1667 2458 transl..-

176 2470 211 2497 et
239 2462 547 2497 sublimitate
571 2460 708 2495 heroici
741 2459 906 2494 carminis
932 2458 1068 2492 animus
1092 2465 1274 2505 assurgat,
1308 2463 1344 2493 et
1369 2468 1416 2492 ex
1440 2469 1507 2491 ma
1546 2457 1668 2491 nitu-

177 2509 278 2541 dine
304 2521 423 2543 rerum
448 2507 610 2552 spiritum
633 2508 738 2540 ducat
763 2508 801 2548 1,
827 2507 870 2547 8,
897 2505 930 2540 5.
957 2504 1149 2548 praecipue
1173 2516 1221 2539 ex
1245 2504 1300 2538 his
1323 2503 1438 2538 oritur
1459 2504 1526 2539 sub
1541 2503 1550 2511 '
1590 2503 1699 2549 ἀπ,-Ἰ

177 2566 268 2597 quae
304 2554 429 2588 audaci
463 2560 498 2588 et
526 2553 689 2598 proxime
722 2552 919 2596 periculum
955 2550 1186 2585 translatione
1217 2552 1415 2592 tolluntur,
1451 2561 1532 2583 cum
1560 2549 1668 2583 rebus

175 2611 282 2633 sensu
303 2601 506 2634 carentibus
530 2605 647 2633 actum
671 2599 801 2643 quend.
831 2603 866 2632 et
884 2595 1020 2630 animos
1037 2597 1160 2631 damus
1183 2600 1220 2640 8,
1243 2598 1279 2640 6,
1304 2599 1359 2630 11.
1385 2596 1430 2630 ab
1450 2591 1507 2629 his
1532 2593 1668 2638 (poetis)
1693 2611 1695 2618 ι

177 2645 214 2678 in
239 2646 346 2678 rebus
371 2646 561 2689 spiritus
584 2650 620 2679 et
647 2645 685 2678 in
709 2643 831 2680 verbis
856 2643 970 2677 subl.
998 2642 1130 2688 petitur
1155 2645 1212 2686 10,
1239 2645 1273 2686 1,
1297 2645 1354 2678 27.
1393 2653 1428 2675 υ.
1451 2642 1667 2684 Impetus.
1699 2663 1702 2665 -

176 2690 321 2724 Nitor.
348 2691 639 2734 Proprietas.

133 2755 381 2799 sublimius·
420 2772 511 2804 Λιῑυ.
539 2769 607 2803 alia
637 2769 778 2812 subl.,
803 2767 870 2802 alia
893 2766 1149 2814 pugnacius
1177 2766 1326 2800 dicenda
1351 2767 1386 2807 9,
1410 2763 1446 2808 4,
1471 2766 1551 2799 130.
