<?xml version="1.0" encoding="UTF-8"?>
<!DOCTYPE html PUBLIC "-//W3C//DTD XHTML 1.0 Transitional//EN"
    "http://www.w3.org/TR/xhtml1/DTD/xhtml1-transitional.dtd">
<html xmlns="http://www.w3.org/1999/xhtml" xml:lang="en" lang="en">
 <head>
  <title>
</title>
<meta http-equiv="Content-Type" content="text/html;charset=utf-8" />
  <meta name='ocr-system' content='tesseract 3.04.00' />
  <meta name='ocr-capabilities' content='ocr_page ocr_carea ocr_par ocr_line ocrx_word'/>
</head>
<body>
  <div class='ocr_page' id='page_1' title='image "./lexiconquintilia06bonnuoft_1012.png"; bbox 0 0 1794 2976; ppageno 0'>
   <div class='ocr_carea' id='block_1_1' title="bbox 155 177 1268 238">
    <p class='ocr_par' dir='ltr' id='par_1_1' title="bbox 155 177 1268 238">
     <span class='ocr_line' id='line_1_1' title="bbox 155 177 1268 238; baseline 0.006 -21"><span class='ocrx_word' id='word_1_1' title='bbox 155 183 239 222; x_wconf 87' lang='lat'>920</span> <span class='ocrx_word' id='word_1_2' title='bbox 594 177 895 238; x_wconf 69' lang='lat' dir='ltr'>Unusquisque</span> <span class='ocrx_word' id='word_1_3' title='bbox 934 206 990 213; x_wconf 87' lang='lat'>—</span> <span class='ocrx_word' id='word_1_4' title='bbox 1023 178 1268 224; x_wconf 60' lang='lat' dir='ltr'>Urbanitas‘</span> 
     </span>
    </p>
   </div>
   <div class='ocr_carea' id='block_1_2' title="bbox 196 293 1712 1135">
    <p class='ocr_par' dir='ltr' id='par_1_2' title="bbox 207 293 1687 346">
     <span class='ocr_line' id='line_1_2' title="bbox 207 293 1687 346; baseline 0.005 -18"><span class='ocrx_word' id='word_1_5' title='bbox 207 295 331 339; x_wconf 86' lang='lat' dir='ltr'>Neque</span> <span class='ocrx_word' id='word_1_6' title='bbox 354 293 447 330; x_wconf 90' lang='lat' dir='ltr'>enim</span> <span class='ocrx_word' id='word_1_7' title='bbox 471 294 568 328; x_wconf 90' lang='lat' dir='ltr'>eod.</span> <span class='ocrx_word' id='word_1_8' title='bbox 599 295 707 329; x_wconf 88' lang='lat' dir='ltr'>modo</span> <span class='ocrx_word' id='word_1_9' title='bbox 731 293 822 328; x_wconf 86' lang='lat' dir='ltr'>dixit</span> <span class='ocrx_word' id='word_1_10' title='bbox 847 293 1028 342; x_wconf 85' lang='lat' dir='ltr'>Augustus</span> <span class='ocrx_word' id='word_1_11' title='bbox 1053 313 1097 319; x_wconf 94' lang='lat'><strong>—</strong></span> <span class='ocrx_word' id='word_1_12' title='bbox 1120 307 1191 341; x_wconf 85' lang='lat' dir='ltr'>quo</span> <span class='ocrx_word' id='word_1_13' title='bbox 1216 297 1329 333; x_wconf 76' lang='lat' dir='ltr'>Galba</span> <span class='ocrx_word' id='word_1_14' title='bbox 1350 294 1687 346; x_wconf 36' lang='lat' dir='ltr'>mavimam-</span> 
     </span>
    </p>

    <p class='ocr_par' dir='ltr' id='par_1_3' title="bbox 202 340 1635 387">
     <span class='ocr_line' id='line_1_3' title="bbox 202 340 1635 387; baseline 0.004 -12"><span class='ocrx_word' id='word_1_15' title='bbox 202 341 339 386; x_wconf 83' lang='lat' dir='ltr'>paratio</span> <span class='ocrx_word' id='word_1_16' title='bbox 362 351 436 374; x_wconf 90' lang='lat' dir='ltr'>non</span> <span class='ocrx_word' id='word_1_17' title='bbox 459 352 531 375; x_wconf 86' lang='lat' dir='ltr'>una</span> <span class='ocrx_word' id='word_1_18' title='bbox 553 340 614 376; x_wconf 82' lang='lat' dir='ltr'>via</span> <span class='ocrx_word' id='word_1_19' title='bbox 639 340 778 375; x_wconf 77' lang='lat' dir='ltr'>ducitur</span> <span class='ocrx_word' id='word_1_20' title='bbox 799 344 835 384; x_wconf 75' lang='lat'>7,</span> <span class='ocrx_word' id='word_1_21' title='bbox 858 344 898 384; x_wconf 85' lang='lat'>2,</span> <span class='ocrx_word' id='word_1_22' title='bbox 925 344 983 375; x_wconf 87' lang='grc'>22.</span> <span class='ocrx_word' id='word_1_23' title='bbox 1017 341 1062 383; x_wconf 84' lang='lat' dir='ltr'><strong>cs.</strong></span> <span class='ocrx_word' id='word_1_24' title='bbox 1090 345 1125 386; x_wconf 85' lang='lat'>3,</span> <span class='ocrx_word' id='word_1_25' title='bbox 1150 347 1186 387; x_wconf 91' lang='lat'>7,</span> <span class='ocrx_word' id='word_1_26' title='bbox 1210 345 1267 380; x_wconf 82' lang='lat'>15.</span> <span class='ocrx_word' id='word_1_27' title='bbox 1331 351 1340 354; x_wconf 82' lang='grc'><strong><em>’</em></strong></span> <span class='ocrx_word' id='word_1_28' title='bbox 1476 376 1477 382; x_wconf 72' lang='grc'>,</span> <span class='ocrx_word' id='word_1_29' title='bbox 1503 366 1505 369; x_wconf 86' lang='lat'><strong>.</strong></span> <span class='ocrx_word' id='word_1_30' title='bbox 1588 352 1635 383; x_wconf 41' lang='grc' dir='ltr'>ῆι.</span> 
     </span>
    </p>

    <p class='ocr_par' dir='ltr' id='par_1_4' title="bbox 196 395 1684 448">
     <span class='ocr_line' id='line_1_4' title="bbox 196 395 1684 448; baseline 0.004 -18"><span class='ocrx_word' id='word_1_31' title='bbox 196 398 201 402; x_wconf 68' lang='lat'><strong><em>‘</em></strong></span> <span class='ocrx_word' id='word_1_32' title='bbox 251 396 316 439; x_wconf 85' lang='grc'>111)</span> <span class='ocrx_word' id='word_1_33' title='bbox 340 411 371 431; x_wconf 79' lang='lat' dir='ltr'>c.</span> <span class='ocrx_word' id='word_1_34' title='bbox 402 400 663 442; x_wconf 75' lang='lat' dir='ltr'>Contraposiiis:</span> <span class='ocrx_word' id='word_1_35' title='bbox 690 398 719 431; x_wconf 94' lang='lat' dir='ltr'>si</span> <span class='ocrx_word' id='word_1_36' title='bbox 745 409 860 431; x_wconf 84' lang='lat' dir='ltr'>unns</span> <span class='ocrx_word' id='word_1_37' title='bbox 887 404 961 442; x_wconf 86' lang='lat' dir='ltr'>est,</span> <span class='ocrx_word' id='word_1_38' title='bbox 986 399 1046 443; x_wconf 86' lang='lat' dir='ltr'>qui</span> <span class='ocrx_word' id='word_1_39' title='bbox 1069 405 1208 434; x_wconf 73' lang='lat' dir='ltr'>constat</span> <span class='ocrx_word' id='word_1_40' title='bbox 1231 401 1458 448; x_wconf 49' lang='lat' dir='ltr'>&amp;duobus</span> <span class='ocrx_word' id='word_1_41' title='bbox 1483 395 1684 447; x_wconf 48' lang='lat' dir='ltr'>choreis-B,</span> 
     </span>
    </p>

    <p class='ocr_par' dir='ltr' id='par_1_5' title="bbox 203 442 1687 492">
     <span class='ocr_line' id='line_1_5' title="bbox 203 442 1687 492; baseline 0.003 -15"><span class='ocrx_word' id='word_1_42' title='bbox 203 443 239 487; x_wconf 85' lang='lat'>4,</span> <span class='ocrx_word' id='word_1_43' title='bbox 263 445 321 479; x_wconf 87' lang='lat'><strong>95.</strong></span> <span class='ocrx_word' id='word_1_44' title='bbox 348 443 393 485; x_wconf 85' lang='lat' dir='ltr'><strong>cf.</strong></span> <span class='ocrx_word' id='word_1_45' title='bbox 423 446 456 487; x_wconf 93' lang='lat'>1,</span> <span class='ocrx_word' id='word_1_46' title='bbox 481 442 516 487; x_wconf 86' lang='grc'>4,</span> <span class='ocrx_word' id='word_1_47' title='bbox 545 447 599 478; x_wconf 91' lang='grc'>10.</span> <span class='ocrx_word' id='word_1_48' title='bbox 624 446 658 486; x_wconf 96' lang='grc'>1,</span> <span class='ocrx_word' id='word_1_49' title='bbox 684 446 717 486; x_wconf 90' lang='lat'>5,</span> <span class='ocrx_word' id='word_1_50' title='bbox 745 447 801 478; x_wconf 88' lang='grc'>27.</span> <span class='ocrx_word' id='word_1_51' title='bbox 829 445 941 478; x_wconf 80' lang='lat' dir='ltr'>duos</span> <span class='ocrx_word' id='word_1_52' title='bbox 964 455 1053 479; x_wconf 87' lang='lat' dir='ltr'>uno</span> <span class='ocrx_word' id='word_1_53' title='bbox 1075 452 1236 490; x_wconf 85' lang='lat' dir='ltr'>tempore</span> <span class='ocrx_word' id='word_1_54' title='bbox 1260 446 1396 482; x_wconf 89' lang='lat' dir='ltr'>occidit</span> <span class='ocrx_word' id='word_1_55' title='bbox 1414 450 1448 491; x_wconf 79' lang='lat'>7,</span> <span class='ocrx_word' id='word_1_56' title='bbox 1469 447 1687 492; x_wconf 43' lang='lat' dir='ltr'>&amp;eumad</span> 
     </span>
    </p>

    <p class='ocr_par' dir='ltr' id='par_1_6' title="bbox 206 490 1689 536">
     <span class='ocr_line' id='line_1_6' title="bbox 206 490 1689 536; baseline 0.003 -14"><span class='ocrx_word' id='word_1_57' title='bbox 206 491 301 534; x_wconf 86' lang='lat' dir='ltr'>quod</span> <span class='ocrx_word' id='word_1_58' title='bbox 323 501 389 524; x_wconf 90' lang='lat' dir='ltr'>nos</span> <span class='ocrx_word' id='word_1_59' title='bbox 418 490 595 536; x_wconf 82' lang='lat' dir='ltr'>gemina</span> <span class='ocrx_word' id='word_1_60' title='bbox 621 490 646 524; x_wconf 90' lang='lat' dir='ltr'>S</span> <span class='ocrx_word' id='word_1_61' title='bbox 671 490 842 532; x_wconf 80' lang='lat' dir='ltr'>dicimus,</span> <span class='ocrx_word' id='word_1_62' title='bbox 864 491 1001 534; x_wconf 83' lang='lat' dir='ltr'>jussi,</span> <span class='ocrx_word' id='word_1_63' title='bbox 1027 493 1310 533; x_wconf 72' lang='lat' dir='ltr'>unadixerunt</span> <span class='ocrx_word' id='word_1_64' title='bbox 1337 496 1371 536; x_wconf 85' lang='lat'>1,</span> <span class='ocrx_word' id='word_1_65' title='bbox 1393 496 1432 536; x_wconf 83' lang='lat'>7,</span> <span class='ocrx_word' id='word_1_66' title='bbox 1455 494 1586 531; x_wconf 42' lang='lat'>211&amp;</span> <span class='ocrx_word' id='word_1_67' title='bbox 1603 495 1689 528; x_wconf 71' lang='lat' dir='ltr'>‘tri-</span> 
     </span>
    </p>

    <p class='ocr_par' dir='ltr' id='par_1_7' title="bbox 206 536 1690 585">
     <span class='ocr_line' id='line_1_7' title="bbox 206 536 1690 585; baseline 0.004 -16"><span class='ocrx_word' id='word_1_68' title='bbox 206 537 285 570; x_wconf 92' lang='lat' dir='ltr'>bus</span> <span class='ocrx_word' id='word_1_69' title='bbox 307 536 463 570; x_wconf 79' lang='lat' dir='ltr'>maxime</span> <span class='ocrx_word' id='word_1_70' title='bbox 494 536 648 580; x_wconf 74' lang='lat' dir='ltr'>receptis</span> <span class='ocrx_word' id='word_1_71' title='bbox 672 536 902 582; x_wconf 83' lang='lat' dir='ltr'>scriptoribus</span> <span class='ocrx_word' id='word_1_72' title='bbox 926 536 1124 572; x_wconf 75' lang='lat' dir='ltr'>iamboriun</span> <span class='ocrx_word' id='word_1_73' title='bbox 1147 540 1191 573; x_wconf 89' lang='lat' dir='ltr'>ad</span> <span class='ocrx_word' id='word_1_74' title='bbox 1225 538 1300 578; x_wconf 77' lang='grc' dir='ltr'>ἕξιν</span> <span class='ocrx_word' id='word_1_75' title='bbox 1320 539 1477 575; x_wconf 76' lang='lat' dir='ltr'>maxime</span> <span class='ocrx_word' id='word_1_76' title='bbox 1495 540 1690 585; x_wconf 64' lang='lat' dir='ltr'>‘pquinebit</span> 
     </span>
    </p>

    <p class='ocr_par' dir='ltr' id='par_1_8' title="bbox 203 583 1709 812">
     <span class='ocr_line' id='line_1_8' title="bbox 206 583 1709 631; baseline 0.005 -16"><span class='ocrx_word' id='word_1_77' title='bbox 206 594 322 616; x_wconf 87' lang='lat' dir='ltr'>unus</span> <span class='ocrx_word' id='word_1_78' title='bbox 348 583 586 617; x_wconf 89' lang='lat' dir='ltr'>Archilochus</span> <span class='ocrx_word' id='word_1_79' title='bbox 614 585 674 625; x_wconf 89' lang='lat'>10,</span> <span class='ocrx_word' id='word_1_80' title='bbox 701 586 738 622; x_wconf 88' lang='lat' dir='ltr'>l,</span> <span class='ocrx_word' id='word_1_81' title='bbox 770 583 825 617; x_wconf 88' lang='lat'><strong>59.</strong></span> <span class='ocrx_word' id='word_1_82' title='bbox 858 583 1001 617; x_wconf 83' lang='lat' dir='ltr'>nomine</span> <span class='ocrx_word' id='word_1_83' title='bbox 1031 590 1239 630; x_wconf 83' lang='lat' dir='ltr'>uterque</span> <span class='ocrx_word' id='word_1_84' title='bbox 1269 585 1357 620; x_wconf 74' lang='lat' dir='ltr'>uno</span> <span class='ocrx_word' id='word_1_85' title='bbox 1387 583 1563 631; x_wconf 48' lang='lat' dir='ltr'>tuitus-&#39;⁷2¹2</span> <span class='ocrx_word' id='word_1_86' title='bbox 1588 588 1629 629; x_wconf 84' lang='lat'>3,</span> <span class='ocrx_word' id='word_1_87' title='bbox 1657 589 1709 622; x_wconf 72' lang='lat'>5..</span> 
     </span>
     <span class='ocr_line' id='line_1_9' title="bbox 204 626 1693 679; baseline 0.004 -17"><span class='ocrx_word' id='word_1_88' title='bbox 204 635 451 673; x_wconf 87' lang='lat' dir='ltr'>utrumque</span> <span class='ocrx_word' id='word_1_89' title='bbox 483 641 573 663; x_wconf 87' lang='lat' dir='ltr'>una</span> <span class='ocrx_word' id='word_1_90' title='bbox 598 629 690 672; x_wconf 86' lang='lat' dir='ltr'><strong>(Sp.</strong></span> <span class='ocrx_word' id='word_1_91' title='bbox 716 628 862 672; x_wconf 83' lang='lat' dir='ltr'>eadem)</span> <span class='ocrx_word' id='word_1_92' title='bbox 888 631 1124 674; x_wconf 79' lang='lat' dir='ltr'>appellatione</span> <span class='ocrx_word' id='word_1_93' title='bbox 1136 631 1418 676; x_wconf 58' lang='lat' dir='ltr'>,complectimur</span> <span class='ocrx_word' id='word_1_94' title='bbox 1439 631 1556 679; x_wconf 53' lang='lat' dir='ltr'>nst,</span> <span class='ocrx_word' id='word_1_95' title='bbox 1578 633 1626 667; x_wconf 84' lang='lat'>16</span> <span class='ocrx_word' id='word_1_96' title='bbox 1649 626 1693 668; x_wconf 80' lang='lat' dir='ltr'>Z.</span> 
     </span>
     <span class='ocr_line' id='line_1_10' title="bbox 203 676 1693 733; baseline 0.003 -24"><span class='ocrx_word' id='word_1_97' title='bbox 203 687 237 709; x_wconf 86' lang='lat' dir='ltr'>v.</span> <span class='ocrx_word' id='word_1_98' title='bbox 258 676 480 719; x_wconf 86' lang='lat' dir='ltr'>Uterque..</span> <span class='ocrx_word' id='word_1_99' title='bbox 516 687 597 709; x_wconf 89' lang='lat' dir='ltr'>cum</span> <span class='ocrx_word' id='word_1_100' title='bbox 622 676 774 709; x_wconf 87' lang='lat' dir='ltr'>decem</span> <span class='ocrx_word' id='word_1_101' title='bbox 802 676 993 719; x_wconf 81' lang='lat' dir='ltr'>(oratores)</span> <span class='ocrx_word' id='word_1_102' title='bbox 1021 677 1131 711; x_wconf 64' lang='lat' dir='ltr'>simul⁴</span> <span class='ocrx_word' id='word_1_103' title='bbox 1148 677 1302 713; x_wconf 81' lang='lat' dir='ltr'>Athenis</span> <span class='ocrx_word' id='word_1_104' title='bbox 1329 689 1412 712; x_wconf 81' lang='lat' dir='ltr'>nna</span> <span class='ocrx_word' id='word_1_105' title='bbox 1443 683 1548 718; x_wconf 36' lang='lat' dir='ltr'>aem*</span> <span class='ocrx_word' id='word_1_106' title='bbox 1568 678 1693 733; x_wconf 44' lang='lat' dir='ltr'>tulerit</span> 
     </span>
     <span class='ocr_line' id='line_1_11' title="bbox 207 721 1701 769; baseline 0.005 -15"><span class='ocrx_word' id='word_1_107' title='bbox 207 723 269 764; x_wconf 89' lang='lat'>10,</span> <span class='ocrx_word' id='word_1_108' title='bbox 295 724 336 764; x_wconf 92' lang='lat'>1,</span> <span class='ocrx_word' id='word_1_109' title='bbox 361 723 417 756; x_wconf 83' lang='lat'>76.</span> <span class='ocrx_word' id='word_1_110' title='bbox 454 721 670 765; x_wconf 89' lang='lat' dir='ltr'>plurium</span> <span class='ocrx_word' id='word_1_111' title='bbox 695 721 732 755; x_wconf 91' lang='lat' dir='ltr'>in</span> <span class='ocrx_word' id='word_1_112' title='bbox 755 733 895 763; x_wconf 78' lang='lat' dir='ltr'>unum</span> <span class='ocrx_word' id='word_1_113' title='bbox 923 723 1072 758; x_wconf 86' lang='lat' dir='ltr'>confero</span> <span class='ocrx_word' id='word_1_114' title='bbox 1097 724 1244 759; x_wconf 81' lang='lat' dir='ltr'>inventa</span> <span class='ocrx_word' id='word_1_115' title='bbox 1267 726 1310 769; x_wconf 84' lang='lat'>3,</span> <span class='ocrx_word' id='word_1_116' title='bbox 1334 727 1377 767; x_wconf 90' lang='lat'>1,</span> <span class='ocrx_word' id='word_1_117' title='bbox 1402 727 1460 760; x_wconf 82' lang='lat'>22.</span> <span class='ocrx_word' id='word_1_118' title='bbox 1484 731 1581 760; x_wconf 69' lang='lat' dir='ltr'>&#39;cum</span> <span class='ocrx_word' id='word_1_119' title='bbox 1607 727 1701 762; x_wconf 69' lang='lat' dir='ltr'>euml.</span> 
     </span>
     <span class='ocr_line' id='line_1_12' title="bbox 206 769 1690 812; baseline 0.003 -11"><span class='ocrx_word' id='word_1_120' title='bbox 206 773 444 802; x_wconf 83' lang='lat' dir='ltr'>consonantes</span> <span class='ocrx_word' id='word_1_121' title='bbox 472 780 556 802; x_wconf 83' lang='lat' dir='ltr'>una</span> <span class='ocrx_word' id='word_1_122' title='bbox 578 769 804 811; x_wconf 85' lang='lat' dir='ltr'>pluresve</span> <span class='ocrx_word' id='word_1_123' title='bbox 828 769 1044 812; x_wconf 84' lang='lat' dir='ltr'>praecedunt</span> <span class='ocrx_word' id='word_1_124' title='bbox 1068 772 1107 808; x_wconf 82' lang='lat'>9.</span> <span class='ocrx_word' id='word_1_125' title='bbox 1129 769 1172 812; x_wconf 87' lang='grc'>4,</span> <span class='ocrx_word' id='word_1_126' title='bbox 1199 771 1256 806; x_wconf 87' lang='grc'>85.</span> <span class='ocrx_word' id='word_1_127' title='bbox 1287 783 1320 806; x_wconf 80' lang='lat' dir='ltr'>v.</span> <span class='ocrx_word' id='word_1_128' title='bbox 1338 771 1452 807; x_wconf 69' lang='lat' dir='ltr'>Pius.</span> <span class='ocrx_word' id='word_1_129' title='bbox 1476 773 1547 806; x_wconf 58' lang='lat' dir='ltr'>‘sub</span> <span class='ocrx_word' id='word_1_130' title='bbox 1574 770 1690 805; x_wconf 78' lang='lat' dir='ltr'>Mul-</span> 
     </span>
    </p>

    <p class='ocr_par' dir='ltr' id='par_1_9' title="bbox 204 814 1690 864">
     <span class='ocr_line' id='line_1_13' title="bbox 204 814 1690 864; baseline 0.004 -18"><span class='ocrx_word' id='word_1_131' title='bbox 204 819 290 847; x_wconf 92' lang='lat' dir='ltr'>tus.</span> <span class='ocrx_word' id='word_1_132' title='bbox 315 825 389 848; x_wconf 91' lang='lat' dir='ltr'>non</span> <span class='ocrx_word' id='word_1_133' title='bbox 413 814 531 848; x_wconf 92' lang='lat' dir='ltr'>omni</span> <span class='ocrx_word' id='word_1_134' title='bbox 557 825 684 848; x_wconf 76' lang='lat' dir='ltr'>causae</span> <span class='ocrx_word' id='word_1_135' title='bbox 709 822 769 848; x_wconf 81' lang='lat' dir='ltr'>etc.</span> <span class='ocrx_word' id='word_1_136' title='bbox 797 825 994 861; x_wconf 79' lang='lat' dir='ltr'>congruere</span> <span class='ocrx_word' id='word_1_137' title='bbox 1017 815 1188 851; x_wconf 75' lang='lat' dir='ltr'>orationis</span> <span class='ocrx_word' id='word_1_138' title='bbox 1211 827 1350 851; x_wconf 89' lang='lat' dir='ltr'>unum</span> <span class='ocrx_word' id='word_1_139' title='bbox 1377 819 1570 864; x_wconf 68' lang='lat' dir='ltr'>genmsss,</span> <span class='ocrx_word' id='word_1_140' title='bbox 1596 814 1690 860; x_wconf 48' lang='grc'>134.</span> 
     </span>
    </p>

    <p class='ocr_par' dir='ltr' id='par_1_10' title="bbox 204 860 1712 1135">
     <span class='ocr_line' id='line_1_14' title="bbox 206 860 1712 907; baseline 0.004 -14"><span class='ocrx_word' id='word_1_141' title='bbox 206 860 360 894; x_wconf 86' lang='lat' dir='ltr'>omnia</span> <span class='ocrx_word' id='word_1_142' title='bbox 384 872 490 895; x_wconf 88' lang='lat' dir='ltr'>curae</span> <span class='ocrx_word' id='word_1_143' title='bbox 513 862 714 905; x_wconf 76' lang='lat' dir='ltr'>tutelaeque</span> <span class='ocrx_word' id='word_1_144' title='bbox 738 861 880 895; x_wconf 88' lang='lat' dir='ltr'>unius</span> <span class='ocrx_word' id='word_1_145' title='bbox 905 861 1031 895; x_wconf 82' lang='lat' dir='ltr'>innixa</span> <span class='ocrx_word' id='word_1_146' title='bbox 1052 863 1086 904; x_wconf 89' lang='grc'>6,</span> <span class='ocrx_word' id='word_1_147' title='bbox 1114 866 1148 906; x_wconf 88' lang='grc'>1,</span> <span class='ocrx_word' id='word_1_148' title='bbox 1175 862 1304 904; x_wconf 62' lang='lat' dir='ltr'><strong>35.=cf.</strong></span> <span class='ocrx_word' id='word_1_149' title='bbox 1333 866 1365 906; x_wconf 90' lang='lat'>1,</span> <span class='ocrx_word' id='word_1_150' title='bbox 1389 866 1424 907; x_wconf 82' lang='lat'>5,</span> <span class='ocrx_word' id='word_1_151' title='bbox 1447 866 1484 905; x_wconf 74' lang='grc'>2.</span> <span class='ocrx_word' id='word_1_152' title='bbox 1513 864 1596 907; x_wconf 80' lang='grc'>8,·3</span> <span class='ocrx_word' id='word_1_153' title='bbox 1631 862 1712 899; x_wconf 82' lang='grc'>66.’</span> 
     </span>
     <span class='ocr_line' id='line_1_15' title="bbox 204 888 1692 953; baseline 0.002 -12"><span class='ocrx_word' id='word_1_154' title='bbox 204 907 246 950; x_wconf 78' lang='grc'>8,</span> <span class='ocrx_word' id='word_1_155' title='bbox 270 905 314 949; x_wconf 90' lang='grc'>4,</span> <span class='ocrx_word' id='word_1_156' title='bbox 343 905 376 940; x_wconf 93' lang='grc'>4.</span> <span class='ocrx_word' id='word_1_157' title='bbox 413 910 473 949; x_wconf 83' lang='grc'>12,</span> <span class='ocrx_word' id='word_1_158' title='bbox 503 909 559 950; x_wconf 93' lang='grc'>10,</span> <span class='ocrx_word' id='word_1_159' title='bbox 584 910 619 940; x_wconf 92' lang='grc'>2.</span> <span class='ocrx_word' id='word_1_160' title='bbox 648 907 709 951; x_wconf 83' lang='lat' dir='ltr'>qui</span> <span class='ocrx_word' id='word_1_161' title='bbox 732 909 813 942; x_wconf 86' lang='lat' dir='ltr'>vel</span> <span class='ocrx_word' id='word_1_162' title='bbox 840 919 959 942; x_wconf 88' lang='lat' dir='ltr'>unus</span> <span class='ocrx_word' id='word_1_163' title='bbox 985 909 1028 941; x_wconf 89' lang='lat' dir='ltr'>ad</span> <span class='ocrx_word' id='word_1_164' title='bbox 1049 914 1220 943; x_wconf 78' lang='lat' dir='ltr'>cuneta</span> <span class='ocrx_word' id='word_1_165' title='bbox 1249 908 1436 944; x_wconf 79' lang='lat' dir='ltr'>efficienda</span> <span class='ocrx_word' id='word_1_166' title='bbox 1455 888 1612 949; x_wconf 47' lang='lat' dir='ltr'>sufficie}</span> <span class='ocrx_word' id='word_1_167' title='bbox 1634 906 1692 953; x_wconf 81' lang='grc'>10,</span> 
     </span>
     <span class='ocr_line' id='line_1_16' title="bbox 207 953 1693 1000; baseline 0.003 -15"><span class='ocrx_word' id='word_1_168' title='bbox 207 955 247 995; x_wconf 92' lang='grc'>1,</span> <span class='ocrx_word' id='word_1_169' title='bbox 270 953 316 988; x_wconf 86' lang='grc'>69</span> <span class='ocrx_word' id='word_1_170' title='bbox 343 966 376 986; x_wconf 84' lang='grc' dir='ltr'>υ.</span> <span class='ocrx_word' id='word_1_171' title='bbox 395 953 492 987; x_wconf 85' lang='lat' dir='ltr'>Vel.</span> <span class='ocrx_word' id='word_1_172' title='bbox 525 954 711 987; x_wconf 80' lang='lat' dir='ltr'>multum</span> <span class='ocrx_word' id='word_1_173' title='bbox 749 958 785 987; x_wconf 89' lang='lat' dir='ltr'>et</span> <span class='ocrx_word' id='word_1_174' title='bbox 816 965 927 989; x_wconf 83' lang='lat' dir='ltr'>verae</span> <span class='ocrx_word' id='word_1_175' title='bbox 960 954 1096 1000; x_wconf 78' lang='lat' dir='ltr'>gloriae</span> <span class='ocrx_word' id='word_1_176' title='bbox 1126 955 1287 1000; x_wconf 72' lang='lat' dir='ltr'>quamvis</span> <span class='ocrx_word' id='word_1_177' title='bbox 1321 966 1408 990; x_wconf 89' lang='lat' dir='ltr'>uno</span> <span class='ocrx_word' id='word_1_178' title='bbox 1437 955 1693 998; x_wconf 33' lang='lat' dir='ltr'>librante-ruit</span> 
     </span>
     <span class='ocr_line' id='line_1_17' title="bbox 207 999 1706 1046; baseline 0.005 -15"><span class='ocrx_word' id='word_1_179' title='bbox 207 1001 250 1032; x_wconf 85' lang='lat' dir='ltr'>ib.</span> <span class='ocrx_word' id='word_1_180' title='bbox 275 999 330 1034; x_wconf 89' lang='grc'>94.</span> <span class='ocrx_word' id='word_1_181' title='bbox 362 1011 444 1033; x_wconf 90' lang='lat' dir='ltr'>cum</span> <span class='ocrx_word' id='word_1_182' title='bbox 469 1000 615 1033; x_wconf 83' lang='lat' dir='ltr'>totum</span> <span class='ocrx_word' id='word_1_183' title='bbox 639 999 775 1034; x_wconf 87' lang='lat' dir='ltr'>crimen</span> <span class='ocrx_word' id='word_1_184' title='bbox 798 1011 887 1034; x_wconf 89' lang='lat' dir='ltr'>uno</span> <span class='ocrx_word' id='word_1_185' title='bbox 910 1002 1025 1036; x_wconf 83' lang='lat' dir='ltr'>verbo</span> <span class='ocrx_word' id='word_1_186' title='bbox 1050 1000 1133 1035; x_wconf 79' lang='lat' dir='ltr'>satis</span> <span class='ocrx_word' id='word_1_187' title='bbox 1158 1001 1335 1036; x_wconf 86' lang='lat' dir='ltr'>indicetur</span> <span class='ocrx_word' id='word_1_188' title='bbox 1361 1000 1404 1046; x_wconf 78' lang='lat'>4,</span> <span class='ocrx_word' id='word_1_189' title='bbox 1429 1005 1471 1046; x_wconf 85' lang='lat'>2,</span> <span class='ocrx_word' id='word_1_190' title='bbox 1497 1004 1554 1038; x_wconf 81' lang='lat'>30.</span> <span class='ocrx_word' id='word_1_191' title='bbox 1584 1000 1706 1044; x_wconf 60' lang='lat' dir='ltr'>ff&amp;-</span> 
     </span>
     <span class='ocr_line' id='line_1_18' title="bbox 206 1043 1692 1098; baseline 0.002 -19"><span class='ocrx_word' id='word_1_192' title='bbox 206 1047 241 1088; x_wconf 79' lang='lat'>3,</span> <span class='ocrx_word' id='word_1_193' title='bbox 266 1047 322 1098; x_wconf 77' lang='lat'>52.</span> <span class='ocrx_word' id='word_1_194' title='bbox 347 1045 393 1080; x_wconf 84' lang='lat' dir='ltr'>sit</span> <span class='ocrx_word' id='word_1_195' title='bbox 417 1043 608 1091; x_wconf 81' lang='lat' dir='ltr'>aliquando</span> <span class='ocrx_word' id='word_1_196' title='bbox 631 1046 669 1080; x_wconf 92' lang='lat' dir='ltr'>in</span> <span class='ocrx_word' id='word_1_197' title='bbox 692 1057 780 1081; x_wconf 91' lang='lat' dir='ltr'>uno</span> <span class='ocrx_word' id='word_1_198' title='bbox 803 1048 937 1090; x_wconf 80' lang='lat' dir='ltr'>verbo,</span> <span class='ocrx_word' id='word_1_199' title='bbox 964 1058 1145 1092; x_wconf 82' lang='lat' dir='ltr'>nunquam</span> <span class='ocrx_word' id='word_1_200' title='bbox 1167 1047 1206 1082; x_wconf 90' lang='lat' dir='ltr'>in</span> <span class='ocrx_word' id='word_1_201' title='bbox 1229 1048 1328 1087; x_wconf 78' lang='lat' dir='ltr'>solo</span> <span class='ocrx_word' id='word_1_202' title='bbox 1353 1051 1386 1092; x_wconf 88' lang='lat'>1,</span> <span class='ocrx_word' id='word_1_203' title='bbox 1411 1048 1444 1091; x_wconf 89' lang='lat'>5,</span> <span class='ocrx_word' id='word_1_204' title='bbox 1459 1049 1516 1084; x_wconf 72' lang='lat'>‘38</span> <span class='ocrx_word' id='word_1_205' title='bbox 1536 1057 1575 1084; x_wconf 79' lang='lat' dir='ltr'>v.</span> <span class='ocrx_word' id='word_1_206' title='bbox 1592 1044 1692 1087; x_wconf 78' lang='lat' dir='ltr'>Ali-</span> 
     </span>
     <span class='ocr_line' id='line_1_19' title="bbox 205 1102 324 1135; baseline 0.017 -12"><span class='ocrx_word' id='word_1_207' title='bbox 205 1102 324 1135; x_wconf 82' lang='lat' dir='ltr'>quls.</span> 
     </span>
    </p>
   </div>
   <div class='ocr_carea' id='block_1_3' title="bbox 204 1147 1794 2024">
    <p class='ocr_par' dir='ltr' id='par_1_11' title="bbox 204 1147 1747 1459">
     <span class='ocr_line' id='line_1_20' title="bbox 250 1147 1747 1197; baseline 0.001 -15"><span class='ocrx_word' id='word_1_208' title='bbox 250 1148 320 1192; x_wconf 89' lang='lat' dir='ltr'>IV)</span> <span class='ocrx_word' id='word_1_209' title='bbox 345 1163 416 1183; x_wconf 86' lang='lat' dir='ltr'>cum</span> <span class='ocrx_word' id='word_1_210' title='bbox 436 1153 589 1184; x_wconf 86' lang='lat' dir='ltr'>Pronom.</span> <span class='ocrx_word' id='word_1_211' title='bbox 614 1150 781 1192; x_wconf 76' lang='lat' dir='ltr'>iuncium:</span> <span class='ocrx_word' id='word_1_212' title='bbox 806 1149 845 1184; x_wconf 88' lang='lat' dir='ltr'>in</span> <span class='ocrx_word' id='word_1_213' title='bbox 867 1161 999 1184; x_wconf 81' lang='lat' dir='ltr'>unam</span> <span class='ocrx_word' id='word_1_214' title='bbox 1024 1156 1159 1195; x_wconf 85' lang='lat' dir='ltr'>partem</span> <span class='ocrx_word' id='word_1_215' title='bbox 1182 1149 1381 1196; x_wconf 73' lang='lat' dir='ltr'>aliquam</span> <span class='ocrx_word' id='word_1_216' title='bbox 1405 1153 1439 1194; x_wconf 83' lang='lat'>2,</span> <span class='ocrx_word' id='word_1_217' title='bbox 1464 1150 1560 1197; x_wconf 40' lang='lat' dir='ltr'><strong>Spa.</strong></span> <span class='ocrx_word' id='word_1_218' title='bbox 1585 1147 1631 1191; x_wconf 67' lang='lat' dir='ltr'>‘ff-</span> <span class='ocrx_word' id='word_1_219' title='bbox 1656 1153 1691 1193; x_wconf 86' lang='lat'>2,</span> <span class='ocrx_word' id='word_1_220' title='bbox 1744 1168 1747 1169; x_wconf 28' lang='grc' dir='ltr'><em>ν</em></span> 
     </span>
     <span class='ocr_line' id='line_1_21' title="bbox 204 1195 1691 1242; baseline 0.001 -14"><span class='ocrx_word' id='word_1_221' title='bbox 204 1197 274 1237; x_wconf 89' lang='grc'>21,</span> <span class='ocrx_word' id='word_1_222' title='bbox 302 1198 337 1230; x_wconf 87' lang='grc'>3.</span> <span class='ocrx_word' id='word_1_223' title='bbox 375 1197 418 1230; x_wconf 90' lang='lat' dir='ltr'>de</span> <span class='ocrx_word' id='word_1_224' title='bbox 448 1208 540 1230; x_wconf 84' lang='lat' dir='ltr'>una</span> <span class='ocrx_word' id='word_1_225' title='bbox 574 1207 615 1230; x_wconf 89' lang='lat' dir='ltr'>re</span> <span class='ocrx_word' id='word_1_226' title='bbox 643 1196 804 1241; x_wconf 83' lang='lat' dir='ltr'>aliqua</span> <span class='ocrx_word' id='word_1_227' title='bbox 826 1198 868 1239; x_wconf 88' lang='grc'>3,</span> <span class='ocrx_word' id='word_1_228' title='bbox 893 1197 933 1240; x_wconf 87' lang='grc'>6,</span> <span class='ocrx_word' id='word_1_229' title='bbox 958 1196 1004 1231; x_wconf 88' lang='grc'>95</span> <span class='ocrx_word' id='word_1_230' title='bbox 1040 1210 1073 1231; x_wconf 83' lang='grc' dir='ltr'>υ.</span> <span class='ocrx_word' id='word_1_231' title='bbox 1100 1196 1299 1242; x_wconf 78' lang='lat' dir='ltr'>Aliquis.</span> <span class='ocrx_word' id='word_1_232' title='bbox 1335 1208 1419 1231; x_wconf 80' lang='lat' dir='ltr'>una</span> <span class='ocrx_word' id='word_1_233' title='bbox 1448 1195 1614 1241; x_wconf 75' lang='lat' dir='ltr'>quaed.</span> <span class='ocrx_word' id='word_1_234' title='bbox 1647 1197 1691 1230; x_wconf 85' lang='lat' dir='ltr'>de</span> 
     </span>
     <span class='ocr_line' id='line_1_22' title="bbox 205 1242 1691 1287; baseline 0.001 -12"><span class='ocrx_word' id='word_1_235' title='bbox 205 1242 350 1276; x_wconf 87' lang='lat' dir='ltr'>summis</span> <span class='ocrx_word' id='word_1_236' title='bbox 387 1242 576 1276; x_wconf 83' lang='lat' dir='ltr'>virtutibus</span> <span class='ocrx_word' id='word_1_237' title='bbox 600 1246 642 1284; x_wconf 84' lang='lat'>2,</span> <span class='ocrx_word' id='word_1_238' title='bbox 674 1245 741 1285; x_wconf 83' lang='lat'>20,</span> <span class='ocrx_word' id='word_1_239' title='bbox 775 1243 810 1279; x_wconf 89' lang='lat'>9.</span> <span class='ocrx_word' id='word_1_240' title='bbox 849 1254 899 1277; x_wconf 80' lang='lat' dir='ltr'>ex</span> <span class='ocrx_word' id='word_1_241' title='bbox 935 1242 1143 1277; x_wconf 85' lang='lat' dir='ltr'>diversis</span> <span class='ocrx_word' id='word_1_242' title='bbox 1179 1242 1402 1277; x_wconf 65' lang='lat' dir='ltr'>clamoribus</span> <span class='ocrx_word' id='word_1_243' title='bbox 1423 1243 1540 1276; x_wconf 72' lang='lat' dir='ltr'>unna</span> <span class='ocrx_word' id='word_1_244' title='bbox 1571 1242 1691 1287; x_wconf 83' lang='lat' dir='ltr'>quid.</span> 
     </span>
     <span class='ocr_line' id='line_1_23' title="bbox 205 1287 1692 1333; baseline 0.002 -13"><span class='ocrx_word' id='word_1_245' title='bbox 205 1298 314 1321; x_wconf 88' lang='lat' dir='ltr'>sonus</span> <span class='ocrx_word' id='word_1_246' title='bbox 341 1289 375 1330; x_wconf 87' lang='grc'>8,</span> <span class='ocrx_word' id='word_1_247' title='bbox 399 1291 434 1330; x_wconf 90' lang='grc'>3,</span> <span class='ocrx_word' id='word_1_248' title='bbox 459 1290 516 1323; x_wconf 83' lang='grc'>68.</span> <span class='ocrx_word' id='word_1_249' title='bbox 546 1287 591 1329; x_wconf 76' lang='lat' dir='ltr'>ef.</span> <span class='ocrx_word' id='word_1_250' title='bbox 619 1290 655 1331; x_wconf 89' lang='lat'>9,</span> <span class='ocrx_word' id='word_1_251' title='bbox 678 1287 713 1330; x_wconf 93' lang='grc'>4,</span> <span class='ocrx_word' id='word_1_252' title='bbox 742 1290 820 1322; x_wconf 84' lang='grc'>132.</span> <span class='ocrx_word' id='word_1_253' title='bbox 850 1291 906 1330; x_wconf 89' lang='grc'>11,</span> <span class='ocrx_word' id='word_1_254' title='bbox 933 1291 968 1330; x_wconf 88' lang='grc'>3,</span> <span class='ocrx_word' id='word_1_255' title='bbox 992 1287 1051 1323; x_wconf 92' lang='grc'>45.</span> <span class='ocrx_word' id='word_1_256' title='bbox 1085 1288 1222 1332; x_wconf 86' lang='lat' dir='ltr'>quasi</span> <span class='ocrx_word' id='word_1_257' title='bbox 1245 1287 1504 1333; x_wconf 48' lang='lat' dir='ltr'>quidsunus</span> <span class='ocrx_word' id='word_1_258' title='bbox 1529 1295 1692 1332; x_wconf 79' lang='lat' dir='ltr'>aspectus</span> 
     </span>
     <span class='ocr_line' id='line_1_24' title="bbox 208 1333 1692 1378; baseline 0.001 -11"><span class='ocrx_word' id='word_1_259' title='bbox 208 1336 263 1376; x_wconf 89' lang='lat'>11,</span> <span class='ocrx_word' id='word_1_260' title='bbox 290 1336 323 1376; x_wconf 89' lang='grc'>3,</span> <span class='ocrx_word' id='word_1_261' title='bbox 347 1333 403 1367; x_wconf 83' lang='grc'>44.</span> <span class='ocrx_word' id='word_1_262' title='bbox 428 1333 458 1367; x_wconf 92' lang='lat' dir='ltr'>si</span> <span class='ocrx_word' id='word_1_263' title='bbox 486 1334 592 1378; x_wconf 82' lang='lat' dir='ltr'>quid</span> <span class='ocrx_word' id='word_1_264' title='bbox 614 1334 652 1367; x_wconf 92' lang='lat' dir='ltr'>in</span> <span class='ocrx_word' id='word_1_265' title='bbox 675 1334 731 1367; x_wconf 87' lang='lat' dir='ltr'>his</span> <span class='ocrx_word' id='word_1_266' title='bbox 755 1345 888 1367; x_wconf 91' lang='lat' dir='ltr'>unum</span> <span class='ocrx_word' id='word_1_267' title='bbox 910 1334 1010 1377; x_wconf 79' lang='lat' dir='ltr'>sequi</span> <span class='ocrx_word' id='word_1_268' title='bbox 1035 1339 1218 1378; x_wconf 81' lang='lat' dir='ltr'>oporteret</span> <span class='ocrx_word' id='word_1_269' title='bbox 1239 1336 1274 1377; x_wconf 89' lang='lat'>3,</span> <span class='ocrx_word' id='word_1_270' title='bbox 1298 1336 1334 1376; x_wconf 88' lang='lat'>8,</span> <span class='ocrx_word' id='word_1_271' title='bbox 1359 1337 1390 1369; x_wconf 86' lang='lat'>1.</span> <span class='ocrx_word' id='word_1_272' title='bbox 1412 1333 1514 1368; x_wconf 88' lang='lat' dir='ltr'>illum</span> <span class='ocrx_word' id='word_1_273' title='bbox 1536 1335 1692 1370; x_wconf 83' lang='lat' dir='ltr'>nescio</span> 
     </span>
     <span class='ocr_line' id='line_1_25' title="bbox 205 1379 1694 1428; baseline 0.002 -16"><span class='ocrx_word' id='word_1_274' title='bbox 205 1390 342 1423; x_wconf 84' lang='lat' dir='ltr'>quem</span> <span class='ocrx_word' id='word_1_275' title='bbox 373 1391 507 1413; x_wconf 89' lang='lat' dir='ltr'>unum</span> <span class='ocrx_word' id='word_1_276' title='bbox 532 1382 572 1423; x_wconf 88' lang='lat'>1,</span> <span class='ocrx_word' id='word_1_277' title='bbox 594 1382 635 1423; x_wconf 87' lang='grc'>2,</span> <span class='ocrx_word' id='word_1_278' title='bbox 657 1380 693 1415; x_wconf 91' lang='grc'>9.</span> <span class='ocrx_word' id='word_1_279' title='bbox 730 1379 848 1413; x_wconf 88' lang='lat' dir='ltr'>nihil</span> <span class='ocrx_word' id='word_1_280' title='bbox 876 1389 999 1414; x_wconf 88' lang='lat' dir='ltr'>eorum</span> <span class='ocrx_word' id='word_1_281' title='bbox 1022 1380 1096 1425; x_wconf 87' lang='lat' dir='ltr'>pati</span> <span class='ocrx_word' id='word_1_282' title='bbox 1117 1391 1255 1414; x_wconf 88' lang='lat' dir='ltr'>unum</span> <span class='ocrx_word' id='word_1_283' title='bbox 1281 1382 1344 1425; x_wconf 87' lang='lat'>11,</span> <span class='ocrx_word' id='word_1_284' title='bbox 1370 1381 1415 1423; x_wconf 78' lang='lat'>3,</span> <span class='ocrx_word' id='word_1_285' title='bbox 1440 1379 1500 1415; x_wconf 87' lang='lat'>44.</span> <span class='ocrx_word' id='word_1_286' title='bbox 1524 1392 1559 1416; x_wconf 77' lang='grc' dir='ltr'><strong>υ.</strong></span> <span class='ocrx_word' id='word_1_287' title='bbox 1585 1381 1694 1428; x_wconf 80' lang='lat' dir='ltr'>Qui-</span> 
     </span>
     <span class='ocr_line' id='line_1_26' title="bbox 205 1425 1689 1459; baseline -0.001 0"><span class='ocrx_word' id='word_1_288' title='bbox 205 1425 348 1459; x_wconf 83' lang='lat' dir='ltr'>libet.</span> <span class='ocrx_word' id='word_1_289' title='bbox 1548 1440 1555 1443; x_wconf 43' lang='lat'><em>1</em></span> <span class='ocrx_word' id='word_1_290' title='bbox 1684 1454 1689 1457; x_wconf 54' lang='grc'><strong>.</strong></span> 
     </span>
    </p>

    <p class='ocr_par' dir='ltr' id='par_1_12' title="bbox 205 1466 1794 2024">
     <span class='ocr_line' id='line_1_27' title="bbox 251 1466 1695 1517; baseline 0.001 -12"><span class='ocrx_word' id='word_1_291' title='bbox 251 1471 304 1515; x_wconf 93' lang='lat' dir='ltr'>V)</span> <span class='ocrx_word' id='word_1_292' title='bbox 337 1474 412 1505; x_wconf 81' lang='lat' dir='ltr'>aliis</span> <span class='ocrx_word' id='word_1_293' title='bbox 435 1473 656 1504; x_wconf 82' lang='lat' dir='ltr'>numeralibus</span> <span class='ocrx_word' id='word_1_294' title='bbox 682 1466 863 1515; x_wconf 67' lang='lat' dir='ltr'>excipitur.-</span> <span class='ocrx_word' id='word_1_295' title='bbox 899 1481 1037 1504; x_wconf 83' lang='lat' dir='ltr'>unum</span> <span class='ocrx_word' id='word_1_296' title='bbox 1059 1476 1200 1516; x_wconf 80' lang='lat' dir='ltr'>tempus</span> <span class='ocrx_word' id='word_1_297' title='bbox 1223 1472 1467 1508; x_wconf 77' lang='lat' dir='ltr'>accommodat</span> <span class='ocrx_word' id='word_1_298' title='bbox 1494 1471 1627 1517; x_wconf 78' lang='lat' dir='ltr'>priori,</span> <span class='ocrx_word' id='word_1_299' title='bbox 1659 1478 1695 1507; x_wconf 87' lang='lat' dir='ltr'>et</span> 
     </span>
     <span class='ocr_line' id='line_1_28' title="bbox 206 1511 1696 1562; baseline 0.001 -11"><span class='ocrx_word' id='word_1_300' title='bbox 206 1529 345 1551; x_wconf 88' lang='lat' dir='ltr'>unum</span> <span class='ocrx_word' id='word_1_301' title='bbox 374 1517 499 1560; x_wconf 83' lang='lat' dir='ltr'>accipit</span> <span class='ocrx_word' id='word_1_302' title='bbox 533 1529 554 1550; x_wconf 88' lang='lat' dir='ltr'><strong>a</strong></span> <span class='ocrx_word' id='word_1_303' title='bbox 583 1523 755 1561; x_wconf 81' lang='lat' dir='ltr'>sequente</span> <span class='ocrx_word' id='word_1_304' title='bbox 779 1519 824 1559; x_wconf 88' lang='grc'>9,</span> <span class='ocrx_word' id='word_1_305' title='bbox 850 1515 896 1559; x_wconf 83' lang='grc'>4,</span> <span class='ocrx_word' id='word_1_306' title='bbox 919 1518 978 1552; x_wconf 86' lang='grc'>86.</span> <span class='ocrx_word' id='word_1_307' title='bbox 1014 1513 1202 1550; x_wconf 83' lang='lat' dir='ltr'>duobus‘</span> <span class='ocrx_word' id='word_1_308' title='bbox 1225 1517 1341 1552; x_wconf 77' lang='lat' dir='ltr'>modis</span> <span class='ocrx_word' id='word_1_309' title='bbox 1375 1511 1696 1562; x_wconf 27' lang='lat' dir='ltr'>dicitur-(figura),</span> 
     </span>
     <span class='ocr_line' id='line_1_29' title="bbox 205 1560 1794 1608; baseline 0.001 -11"><span class='ocrx_word' id='word_1_310' title='bbox 205 1560 367 1598; x_wconf 60' lang='lat' dir='ltr'>uno&#39;-</span> <span class='ocrx_word' id='word_1_311' title='bbox 392 1565 559 1597; x_wconf 84' lang='lat' dir='ltr'>altero</span> <span class='ocrx_word' id='word_1_312' title='bbox 582 1564 617 1605; x_wconf 88' lang='lat'>9,</span> <span class='ocrx_word' id='word_1_313' title='bbox 647 1566 680 1605; x_wconf 91' lang='lat'>1,</span> <span class='ocrx_word' id='word_1_314' title='bbox 711 1565 765 1596; x_wconf 87' lang='lat'>10.</span> <span class='ocrx_word' id='word_1_315' title='bbox 801 1561 844 1603; x_wconf 81' lang='lat' dir='ltr'><strong>cs.</strong></span> <span class='ocrx_word' id='word_1_316' title='bbox 872 1566 905 1604; x_wconf 89' lang='lat'>1,</span> <span class='ocrx_word' id='word_1_317' title='bbox 924 1566 964 1608; x_wconf 16' lang='lat'>¹2,</span> <span class='ocrx_word' id='word_1_318' title='bbox 989 1565 1031 1597; x_wconf 76' lang='lat'>2.</span> <span class='ocrx_word' id='word_1_319' title='bbox 1059 1561 1104 1604; x_wconf 85' lang='lat' dir='ltr'><strong>cs.</strong></span> <span class='ocrx_word' id='word_1_320' title='bbox 1129 1565 1164 1602; x_wconf 82' lang='grc'>2,</span> <span class='ocrx_word' id='word_1_321' title='bbox 1188 1564 1223 1605; x_wconf 89' lang='grc'>3,</span> <span class='ocrx_word' id='word_1_322' title='bbox 1247 1565 1281 1597; x_wconf 87' lang='grc'>3.</span> <span class='ocrx_word' id='word_1_323' title='bbox 1315 1565 1350 1606; x_wconf 81' lang='grc'>2,</span> <span class='ocrx_word' id='word_1_324' title='bbox 1373 1563 1549 1606; x_wconf 57' lang='lat'>8,14.‘3,</span> <span class='ocrx_word' id='word_1_325' title='bbox 1576 1565 1613 1607; x_wconf 89' lang='grc'>6,</span> <span class='ocrx_word' id='word_1_326' title='bbox 1640 1566 1698 1600; x_wconf 77' lang='grc'>32.</span> <span class='ocrx_word' id='word_1_327' title='bbox 1788 1565 1794 1594; x_wconf 71' lang='lat' dir='ltr'>l</span> 
     </span>
     <span class='ocr_line' id='line_1_30' title="bbox 205 1607 1698 1654; baseline 0.001 -10"><span class='ocrx_word' id='word_1_328' title='bbox 205 1614 240 1654; x_wconf 94' lang='lat'>7,</span> <span class='ocrx_word' id='word_1_329' title='bbox 265 1614 299 1652; x_wconf 83' lang='grc'>2,</span> <span class='ocrx_word' id='word_1_330' title='bbox 323 1613 356 1644; x_wconf 88' lang='grc'>7.</span> <span class='ocrx_word' id='word_1_331' title='bbox 381 1611 416 1644; x_wconf 92' lang='grc'>8.</span> <span class='ocrx_word' id='word_1_332' title='bbox 441 1610 476 1652; x_wconf 88' lang='grc'>9,</span> <span class='ocrx_word' id='word_1_333' title='bbox 501 1611 535 1650; x_wconf 85' lang='grc'>3,</span> <span class='ocrx_word' id='word_1_334' title='bbox 559 1611 617 1643; x_wconf 84' lang='grc'>23.</span> <span class='ocrx_word' id='word_1_335' title='bbox 645 1611 700 1651; x_wconf 90' lang='grc'>12,</span> <span class='ocrx_word' id='word_1_336' title='bbox 725 1610 759 1651; x_wconf 89' lang='grc'>9,</span> <span class='ocrx_word' id='word_1_337' title='bbox 786 1610 840 1643; x_wconf 89' lang='grc'>19.</span> <span class='ocrx_word' id='word_1_338' title='bbox 864 1608 901 1642; x_wconf 91' lang='lat' dir='ltr'>in</span> <span class='ocrx_word' id='word_1_339' title='bbox 927 1607 1104 1652; x_wconf 86' lang='lat' dir='ltr'>tribus,</span> <span class='ocrx_word' id='word_1_340' title='bbox 1129 1620 1215 1652; x_wconf 84' lang='lat' dir='ltr'>quas</span> <span class='ocrx_word' id='word_1_341' title='bbox 1240 1609 1406 1650; x_wconf 78' lang='lat' dir='ltr'>fecimus,</span> <span class='ocrx_word' id='word_1_342' title='bbox 1428 1609 1598 1654; x_wconf 72' lang='lat' dir='ltr'>partibus,</span> <span class='ocrx_word' id='word_1_343' title='bbox 1623 1621 1698 1645; x_wconf 88' lang='lat' dir='ltr'>non</span> 
     </span>
     <span class='ocr_line' id='line_1_31' title="bbox 205 1654 1696 1701; baseline 0 -11"><span class='ocrx_word' id='word_1_344' title='bbox 205 1663 260 1690; x_wconf 88' lang='lat' dir='ltr'>est</span> <span class='ocrx_word' id='word_1_345' title='bbox 282 1657 397 1690; x_wconf 85' lang='lat' dir='ltr'>forma</span> <span class='ocrx_word' id='word_1_346' title='bbox 425 1666 565 1699; x_wconf 86' lang='lat' dir='ltr'>semper</span> <span class='ocrx_word' id='word_1_347' title='bbox 590 1656 708 1698; x_wconf 85' lang='lat' dir='ltr'>ead.,</span> <span class='ocrx_word' id='word_1_348' title='bbox 738 1656 800 1688; x_wconf 85' lang='lat' dir='ltr'>sed</span> <span class='ocrx_word' id='word_1_349' title='bbox 824 1666 931 1698; x_wconf 88' lang='lat' dir='ltr'>una,</span> <span class='ocrx_word' id='word_1_350' title='bbox 959 1655 996 1688; x_wconf 92' lang='lat' dir='ltr'>in</span> <span class='ocrx_word' id='word_1_351' title='bbox 1022 1666 1091 1699; x_wconf 76' lang='lat' dir='ltr'>qua</span> <span class='ocrx_word' id='word_1_352' title='bbox 1115 1654 1212 1689; x_wconf 88' lang='lat' dir='ltr'>idem</span> <span class='ocrx_word' id='word_1_353' title='bbox 1238 1654 1483 1699; x_wconf 82' lang='lat' dir='ltr'>concluditur,</span> <span class='ocrx_word' id='word_1_354' title='bbox 1518 1657 1618 1701; x_wconf 66' lang='lat' dir='ltr'>quod</span> <span class='ocrx_word' id='word_1_355' title='bbox 1639 1655 1696 1690; x_wconf 88' lang='lat' dir='ltr'>in-</span> 
     </span>
     <span class='ocr_line' id='line_1_32' title="bbox 205 1701 1697 1748; baseline 0.001 -12"><span class='ocrx_word' id='word_1_356' title='bbox 205 1702 361 1736; x_wconf 79' lang='lat' dir='ltr'>tenditur</span> <span class='ocrx_word' id='word_1_357' title='bbox 378 1721 432 1736; x_wconf 92' lang='lat'>—-.</span> <span class='ocrx_word' id='word_1_358' title='bbox 461 1701 620 1735; x_wconf 84' lang='lat' dir='ltr'>Altera</span> <span class='ocrx_word' id='word_1_359' title='bbox 643 1707 697 1735; x_wconf 87' lang='lat' dir='ltr'>est</span> <span class='ocrx_word' id='word_1_360' title='bbox 721 1701 926 1744; x_wconf 87' lang='lat' dir='ltr'>complexio</span> <span class='ocrx_word' id='word_1_361' title='bbox 941 1721 997 1734; x_wconf 89' lang='lat'>—.</span> <span class='ocrx_word' id='word_1_362' title='bbox 1026 1702 1067 1734; x_wconf 90' lang='lat' dir='ltr'>In</span> <span class='ocrx_word' id='word_1_363' title='bbox 1092 1701 1183 1735; x_wconf 83' lang='lat' dir='ltr'>alio</span> <span class='ocrx_word' id='word_1_364' title='bbox 1207 1710 1339 1748; x_wconf 79' lang='lat' dir='ltr'>genere</span> <span class='ocrx_word' id='word_1_365' title='bbox 1360 1712 1435 1736; x_wconf 82' lang='lat' dir='ltr'>non</span> <span class='ocrx_word' id='word_1_366' title='bbox 1458 1702 1536 1736; x_wconf 84' lang='lat' dir='ltr'>ead.</span> <span class='ocrx_word' id='word_1_367' title='bbox 1561 1710 1697 1748; x_wconf 83' lang='lat' dir='ltr'>propo-</span> 
     </span>
     <span class='ocr_line' id='line_1_33' title="bbox 206 1743 1696 1795; baseline 0 -13"><span class='ocrx_word' id='word_1_368' title='bbox 206 1749 287 1783; x_wconf 87' lang='lat' dir='ltr'>sitio</span> <span class='ocrx_word' id='word_1_369' title='bbox 313 1755 386 1792; x_wconf 89' lang='lat' dir='ltr'>est,</span> <span class='ocrx_word' id='word_1_370' title='bbox 414 1759 503 1793; x_wconf 85' lang='lat' dir='ltr'>quae</span> <span class='ocrx_word' id='word_1_371' title='bbox 531 1748 713 1781; x_wconf 85' lang='lat' dir='ltr'>connexio</span> <span class='ocrx_word' id='word_1_372' title='bbox 739 1748 772 1790; x_wconf 85' lang='lat'>5,</span> <span class='ocrx_word' id='word_1_373' title='bbox 799 1746 853 1790; x_wconf 91' lang='grc'>14,</span> <span class='ocrx_word' id='word_1_374' title='bbox 880 1750 1042 1783; x_wconf 84' lang='grc'>10-12.</span> <span class='ocrx_word' id='word_1_375' title='bbox 1074 1748 1150 1789; x_wconf 81' lang='lat' dir='ltr'>ejus</span> <span class='ocrx_word' id='word_1_376' title='bbox 1173 1748 1359 1792; x_wconf 82' lang='lat' dir='ltr'>triplex</span> <span class='ocrx_word' id='word_1_377' title='bbox 1380 1759 1466 1794; x_wconf 79' lang='lat' dir='ltr'>usus</span> <span class='ocrx_word' id='word_1_378' title='bbox 1490 1753 1558 1795; x_wconf 66' lang='lat' dir='ltr'>ent,</span> <span class='ocrx_word' id='word_1_379' title='bbox 1580 1743 1696 1785; x_wconf 69' lang='lat' dir='ltr'>nnus</span> 
     </span>
     <span class='ocr_line' id='line_1_34' title="bbox 207 1793 1696 1839; baseline 0.001 -10"><span class='ocrx_word' id='word_1_380' title='bbox 207 1815 252 1821; x_wconf 93' lang='lat'>—-</span> <span class='ocrx_word' id='word_1_381' title='bbox 278 1796 406 1829; x_wconf 87' lang='lat' dir='ltr'>alter</span> <span class='ocrx_word' id='word_1_382' title='bbox 425 1815 471 1820; x_wconf 92' lang='lat'>—-</span> <span class='ocrx_word' id='word_1_383' title='bbox 491 1794 668 1828; x_wconf 87' lang='lat' dir='ltr'>tertius</span> <span class='ocrx_word' id='word_1_384' title='bbox 692 1796 725 1837; x_wconf 88' lang='lat'>9,</span> <span class='ocrx_word' id='word_1_385' title='bbox 751 1797 786 1836; x_wconf 85' lang='grc'>2,</span> <span class='ocrx_word' id='word_1_386' title='bbox 809 1794 867 1828; x_wconf 86' lang='grc'>66.</span> <span class='ocrx_word' id='word_1_387' title='bbox 894 1794 999 1836; x_wconf 84' lang='lat' dir='ltr'>cf.1,</span> <span class='ocrx_word' id='word_1_388' title='bbox 1028 1794 1062 1837; x_wconf 82' lang='lat'>5,</span> <span class='ocrx_word' id='word_1_389' title='bbox 1086 1795 1119 1828; x_wconf 87' lang='lat'>8.</span> <span class='ocrx_word' id='word_1_390' title='bbox 1145 1796 1176 1836; x_wconf 91' lang='lat'>1,</span> <span class='ocrx_word' id='word_1_391' title='bbox 1200 1795 1236 1836; x_wconf 87' lang='grc'>9,</span> <span class='ocrx_word' id='word_1_392' title='bbox 1260 1793 1294 1827; x_wconf 84' lang='grc'>4.</span> <span class='ocrx_word' id='word_1_393' title='bbox 1322 1795 1356 1836; x_wconf 89' lang='grc'>1,</span> <span class='ocrx_word' id='word_1_394' title='bbox 1382 1796 1439 1838; x_wconf 81' lang='grc'>10,</span> <span class='ocrx_word' id='word_1_395' title='bbox 1463 1796 1520 1828; x_wconf 84' lang='grc'>22.</span> <span class='ocrx_word' id='word_1_396' title='bbox 1545 1795 1580 1839; x_wconf 82' lang='lat'>3,</span> <span class='ocrx_word' id='word_1_397' title='bbox 1603 1794 1637 1836; x_wconf 69' lang='lat'>4,</span> <span class='ocrx_word' id='word_1_398' title='bbox 1659 1795 1696 1830; x_wconf 83' lang='lat'>6.</span> 
     </span>
     <span class='ocr_line' id='line_1_35' title="bbox 205 1836 1696 1884; baseline -0.001 -9"><span class='ocrx_word' id='word_1_399' title='bbox 205 1841 248 1884; x_wconf 84' lang='lat'>4,</span> <span class='ocrx_word' id='word_1_400' title='bbox 278 1842 317 1882; x_wconf 84' lang='lat'>5.</span> <span class='ocrx_word' id='word_1_401' title='bbox 348 1844 401 1875; x_wconf 76' lang='lat'>12.</span> <span class='ocrx_word' id='word_1_402' title='bbox 433 1842 472 1883; x_wconf 85' lang='lat'>5,</span> <span class='ocrx_word' id='word_1_403' title='bbox 500 1843 559 1884; x_wconf 88' lang='lat'>10,</span> <span class='ocrx_word' id='word_1_404' title='bbox 587 1843 618 1874; x_wconf 92' lang='lat'>1.</span> <span class='ocrx_word' id='word_1_405' title='bbox 647 1841 701 1874; x_wconf 83' lang='lat'>16.</span> <span class='ocrx_word' id='word_1_406' title='bbox 728 1841 762 1882; x_wconf 88' lang='lat'>6,</span> <span class='ocrx_word' id='word_1_407' title='bbox 788 1841 822 1882; x_wconf 89' lang='lat'>3,</span> <span class='ocrx_word' id='word_1_408' title='bbox 850 1839 907 1874; x_wconf 84' lang='lat'>44.</span> <span class='ocrx_word' id='word_1_409' title='bbox 932 1843 968 1882; x_wconf 88' lang='lat'>7,</span> <span class='ocrx_word' id='word_1_410' title='bbox 992 1840 1033 1884; x_wconf 85' lang='grc'>6,</span> <span class='ocrx_word' id='word_1_411' title='bbox 1062 1843 1093 1873; x_wconf 90' lang='lat'>1.</span> <span class='ocrx_word' id='word_1_412' title='bbox 1121 1838 1156 1873; x_wconf 77' lang='lat'>4.</span> <span class='ocrx_word' id='word_1_413' title='bbox 1183 1843 1218 1874; x_wconf 91' lang='lat'>7.</span> <span class='ocrx_word' id='word_1_414' title='bbox 1239 1840 1274 1882; x_wconf 84' lang='lat'>9,</span> <span class='ocrx_word' id='word_1_415' title='bbox 1301 1840 1335 1883; x_wconf 79' lang='lat'>3,</span> <span class='ocrx_word' id='word_1_416' title='bbox 1362 1836 1614 1884; x_wconf 51' lang='lat'><strong>58;62.·1-2‚</strong></span> <span class='ocrx_word' id='word_1_417' title='bbox 1639 1843 1696 1882; x_wconf 87' lang='lat'>10,</span> 
     </span>
     <span class='ocr_line' id='line_1_36' title="bbox 207 1886 1697 1932; baseline -0.001 -11"><span class='ocrx_word' id='word_1_418' title='bbox 207 1889 263 1922; x_wconf 80' lang='lat'>58.</span> <span class='ocrx_word' id='word_1_419' title='bbox 302 1887 366 1921; x_wconf 85' lang='lat' dir='ltr'>Rei</span> <span class='ocrx_word' id='word_1_420' title='bbox 392 1887 701 1932; x_wconf 80' lang='lat' dir='ltr'>quadruplex</span> <span class='ocrx_word' id='word_1_421' title='bbox 725 1886 932 1921; x_wconf 84' lang='lat' dir='ltr'>observatio</span> <span class='ocrx_word' id='word_1_422' title='bbox 957 1892 1021 1920; x_wconf 88' lang='lat' dir='ltr'>est.</span> <span class='ocrx_word' id='word_1_423' title='bbox 1063 1886 1222 1919; x_wconf 88' lang='lat' dir='ltr'>Una—</span> <span class='ocrx_word' id='word_1_424' title='bbox 1239 1887 1462 1920; x_wconf 71' lang='lat' dir='ltr'>altera-</span> <span class='ocrx_word' id='word_1_425' title='bbox 1485 1886 1629 1920; x_wconf 83' lang='lat' dir='ltr'>tertia</span> <span class='ocrx_word' id='word_1_426' title='bbox 1649 1906 1697 1912; x_wconf 94' lang='lat'>—</span> 
     </span>
     <span class='ocr_line' id='line_1_37' title="bbox 205 1931 1697 1978; baseline 0 -11"><span class='ocrx_word' id='word_1_427' title='bbox 205 1939 378 1978; x_wconf 80' lang='lat' dir='ltr'>quarta</span> <span class='ocrx_word' id='word_1_428' title='bbox 405 1937 459 1975; x_wconf 87' lang='lat'>11,</span> <span class='ocrx_word' id='word_1_429' title='bbox 484 1935 518 1975; x_wconf 87' lang='grc'>3,</span> <span class='ocrx_word' id='word_1_430' title='bbox 549 1935 625 1967; x_wconf 90' lang='lat'>151.</span> <span class='ocrx_word' id='word_1_431' title='bbox 656 1934 735 1966; x_wconf 80' lang='lat'><strong>152.</strong></span> <span class='ocrx_word' id='word_1_432' title='bbox 763 1939 803 1966; x_wconf 88' lang='lat' dir='ltr'>ut</span> <span class='ocrx_word' id='word_1_433' title='bbox 826 1932 870 1966; x_wconf 90' lang='lat' dir='ltr'>sit</span> <span class='ocrx_word' id='word_1_434' title='bbox 893 1943 1006 1966; x_wconf 83' lang='lat' dir='ltr'>unus</span> <span class='ocrx_word' id='word_1_435' title='bbox 1029 1937 1148 1966; x_wconf 81' lang='lat' dir='ltr'>motus</span> <span class='ocrx_word' id='word_1_436' title='bbox 1170 1949 1215 1957; x_wconf 92' lang='lat'><strong>—</strong></span> <span class='ocrx_word' id='word_1_437' title='bbox 1238 1933 1362 1966; x_wconf 77' lang='lat' dir='ltr'>alter</span> <span class='ocrx_word' id='word_1_438' title='bbox 1387 1951 1434 1958; x_wconf 93' lang='lat'>—-—</span> <span class='ocrx_word' id='word_1_439' title='bbox 1457 1931 1697 1967; x_wconf 71' lang='lat' dir='ltr'>tertius—</span> 
     </span>
     <span class='ocr_line' id='line_1_38' title="bbox 207 1974 1382 2024; baseline -0.001 -12"><span class='ocrx_word' id='word_1_440' title='bbox 207 1986 409 2024; x_wconf 81' lang='lat' dir='ltr'>quartus</span> <span class='ocrx_word' id='word_1_441' title='bbox 438 1997 482 2003; x_wconf 93' lang='lat'><strong>—</strong></span> <span class='ocrx_word' id='word_1_442' title='bbox 510 1979 694 2013; x_wconf 88' lang='lat' dir='ltr'>deinde</span> <span class='ocrx_word' id='word_1_443' title='bbox 719 1999 765 2004; x_wconf 95' lang='lat'>—</span> <span class='ocrx_word' id='word_1_444' title='bbox 794 1984 906 2013; x_wconf 91' lang='lat' dir='ltr'>et—</span> <span class='ocrx_word' id='word_1_445' title='bbox 931 1985 974 2013; x_wconf 85' lang='lat' dir='ltr'>et</span> <span class='ocrx_word' id='word_1_446' title='bbox 997 1996 1042 2005; x_wconf 91' lang='lat'>—</span> <span class='ocrx_word' id='word_1_447' title='bbox 1062 1984 1105 2012; x_wconf 88' lang='lat' dir='ltr'>et</span> <span class='ocrx_word' id='word_1_448' title='bbox 1127 1995 1171 2003; x_wconf 92' lang='lat'>—</span> <span class='ocrx_word' id='word_1_449' title='bbox 1194 1980 1238 2012; x_wconf 77' lang='lat' dir='ltr'>ib.</span> <span class='ocrx_word' id='word_1_450' title='bbox 1267 1974 1382 2013; x_wconf 74' lang='lat'><strong>108.¹</strong></span> 
     </span>
    </p>
   </div>
   <div class='ocr_carea' id='block_1_4' title="bbox 163 2034 1698 2187">
    <p class='ocr_par' dir='ltr' id='par_1_13' title="bbox 163 2034 1698 2187">
     <span class='ocr_line' id='line_1_39' title="bbox 163 2034 1698 2092; baseline 0.003 -15"><span class='ocrx_word' id='word_1_451' title='bbox 163 2034 477 2092; x_wconf 84' lang='lat' dir='ltr'>Unusquisque.</span> <span class='ocrx_word' id='word_1_452' title='bbox 522 2049 800 2092; x_wconf 84' lang='lat' dir='ltr'>unumquodque</span> <span class='ocrx_word' id='word_1_453' title='bbox 826 2058 971 2090; x_wconf 90' lang='lat' dir='ltr'>eorum,</span> <span class='ocrx_word' id='word_1_454' title='bbox 1000 2047 1097 2091; x_wconf 85' lang='lat' dir='ltr'>quod</span> <span class='ocrx_word' id='word_1_455' title='bbox 1120 2045 1166 2080; x_wconf 86' lang='lat' dir='ltr'>sit</span> <span class='ocrx_word' id='word_1_456' title='bbox 1188 2051 1307 2091; x_wconf 81' lang='lat' dir='ltr'>aptum</span> <span class='ocrx_word' id='word_1_457' title='bbox 1326 2046 1371 2089; x_wconf 48' lang='lat'>⁷5,</span> <span class='ocrx_word' id='word_1_458' title='bbox 1395 2034 1556 2090; x_wconf 67' lang='lat' dir='ltr'>1o,·‘123.</span> <span class='ocrx_word' id='word_1_459' title='bbox 1578 2047 1698 2090; x_wconf 81' lang='lat' dir='ltr'>plures</span> 
     </span>
     <span class='ocr_line' id='line_1_40' title="bbox 206 2092 1698 2138; baseline -0.001 -10"><span class='ocrx_word' id='word_1_460' title='bbox 206 2093 424 2135; x_wconf 80' lang='lat' dir='ltr'>sententiae,</span> <span class='ocrx_word' id='word_1_461' title='bbox 454 2105 601 2138; x_wconf 81' lang='lat' dir='ltr'>quarum</span> <span class='ocrx_word' id='word_1_462' title='bbox 629 2105 825 2138; x_wconf 82' lang='lat' dir='ltr'>unaquaeq.</span> <span class='ocrx_word' id='word_1_463' title='bbox 855 2094 1074 2127; x_wconf 87' lang='lat' dir='ltr'>desideraret</span> <span class='ocrx_word' id='word_1_464' title='bbox 1095 2092 1204 2135; x_wconf 91' lang='lat' dir='ltr'>illud,</span> <span class='ocrx_word' id='word_1_465' title='bbox 1231 2093 1262 2126; x_wconf 82' lang='lat' dir='ltr'>si</span> <span class='ocrx_word' id='word_1_466' title='bbox 1287 2093 1363 2127; x_wconf 79' lang='lat' dir='ltr'>sole</span> <span class='ocrx_word' id='word_1_467' title='bbox 1387 2098 1578 2136; x_wconf 73' lang='lat' dir='ltr'>poneretur</span> <span class='ocrx_word' id='word_1_468' title='bbox 1601 2095 1636 2136; x_wconf 84' lang='lat'>9,</span> <span class='ocrx_word' id='word_1_469' title='bbox 1662 2094 1698 2137; x_wconf 82' lang='lat'>3,</span> 
     </span>
     <span class='ocr_line' id='line_1_41' title="bbox 206 2137 1486 2187; baseline -0.001 -12"><span class='ocrx_word' id='word_1_470' title='bbox 206 2143 264 2175; x_wconf 87' lang='grc'>62.</span> <span class='ocrx_word' id='word_1_471' title='bbox 291 2140 560 2184; x_wconf 80' lang='lat' dir='ltr'>probationibus</span> <span class='ocrx_word' id='word_1_472' title='bbox 588 2140 832 2184; x_wconf 83' lang='lat' dir='ltr'>uniuscujusq.</span> <span class='ocrx_word' id='word_1_473' title='bbox 857 2141 912 2174; x_wconf 86' lang='lat' dir='ltr'>rei</span> <span class='ocrx_word' id='word_1_474' title='bbox 937 2145 1035 2174; x_wconf 83' lang='lat' dir='ltr'>recte</span> <span class='ocrx_word' id='word_1_475' title='bbox 1059 2137 1283 2187; x_wconf 78' lang='lat' dir='ltr'>subjungitur</span> <span class='ocrx_word' id='word_1_476' title='bbox 1309 2139 1344 2183; x_wconf 90' lang='grc'>6,</span> <span class='ocrx_word' id='word_1_477' title='bbox 1373 2141 1407 2182; x_wconf 93' lang='grc'>1,</span> <span class='ocrx_word' id='word_1_478' title='bbox 1431 2139 1486 2174; x_wconf 81' lang='grc'>53.</span> 
     </span>
    </p>
   </div>
   <div class='ocr_carea' id='block_1_5' title="bbox 163 2195 1794 2620">
    <p class='ocr_par' dir='ltr' id='par_1_14' title="bbox 163 2195 1794 2620">
     <span class='ocr_line' id='line_1_42' title="bbox 163 2195 1698 2256; baseline -0.001 -14"><span class='ocrx_word' id='word_1_479' title='bbox 163 2195 350 2239; x_wconf 70' lang='lat' dir='ltr'>Urbane·</span> <span class='ocrx_word' id='word_1_480' title='bbox 400 2209 508 2242; x_wconf 90' lang='lat' dir='ltr'>Dicet</span> <span class='ocrx_word' id='word_1_481' title='bbox 531 2208 627 2242; x_wconf 89' lang='lat' dir='ltr'>idem</span> <span class='ocrx_word' id='word_1_482' title='bbox 657 2209 837 2256; x_wconf 83' lang='lat' dir='ltr'>graviter,</span> <span class='ocrx_word' id='word_1_483' title='bbox 872 2219 1023 2250; x_wconf 80' lang='lat' dir='ltr'>severe,</span> <span class='ocrx_word' id='word_1_484' title='bbox 1057 2207 1208 2248; x_wconf 86' lang='lat' dir='ltr'>acriter,</span> <span class='ocrx_word' id='word_1_485' title='bbox 1230 2208 1484 2250; x_wconf 83' lang='lat' dir='ltr'>vehementer,</span> <span class='ocrx_word' id='word_1_486' title='bbox 1510 2205 1698 2251; x_wconf 83' lang='lat' dir='ltr'>concitate,</span> 
     </span>
     <span class='ocr_line' id='line_1_43' title="bbox 206 2252 1697 2298; baseline -0.001 -11"><span class='ocrx_word' id='word_1_487' title='bbox 206 2254 373 2298; x_wconf 88' lang='lat' dir='ltr'>copiose,</span> <span class='ocrx_word' id='word_1_488' title='bbox 399 2266 540 2297; x_wconf 81' lang='lat' dir='ltr'>amare,</span> <span class='ocrx_word' id='word_1_489' title='bbox 566 2255 740 2298; x_wconf 88' lang='lat' dir='ltr'>comiter,</span> <span class='ocrx_word' id='word_1_490' title='bbox 772 2254 939 2297; x_wconf 87' lang='lat' dir='ltr'>remisse,</span> <span class='ocrx_word' id='word_1_491' title='bbox 972 2253 1163 2296; x_wconf 86' lang='lat' dir='ltr'>subtiliter,</span> <span class='ocrx_word' id='word_1_492' title='bbox 1189 2254 1338 2297; x_wconf 84' lang='lat' dir='ltr'>blande,</span> <span class='ocrx_word' id='word_1_493' title='bbox 1361 2253 1510 2296; x_wconf 86' lang='lat' dir='ltr'>leniter,</span> <span class='ocrx_word' id='word_1_494' title='bbox 1534 2252 1697 2293; x_wconf 86' lang='lat' dir='ltr'>dulciter,</span> 
     </span>
     <span class='ocr_line' id='line_1_44' title="bbox 208 2298 1698 2344; baseline -0.001 -10"><span class='ocrx_word' id='word_1_495' title='bbox 208 2301 379 2343; x_wconf 86' lang='lat' dir='ltr'>breviter,</span> <span class='ocrx_word' id='word_1_496' title='bbox 404 2302 540 2334; x_wconf 80' lang='lat' dir='ltr'>urbane</span> <span class='ocrx_word' id='word_1_497' title='bbox 568 2304 625 2344; x_wconf 82' lang='lat'>12,</span> <span class='ocrx_word' id='word_1_498' title='bbox 653 2304 710 2344; x_wconf 91' lang='grc'>10,</span> <span class='ocrx_word' id='word_1_499' title='bbox 734 2303 792 2335; x_wconf 92' lang='grc'>71.</span> <span class='ocrx_word' id='word_1_500' title='bbox 818 2313 850 2335; x_wconf 84' lang='grc' dir='ltr'>υ.</span> <span class='ocrx_word' id='word_1_501' title='bbox 873 2299 1099 2334; x_wconf 84' lang='lat' dir='ltr'>Graviter.</span> <span class='ocrx_word' id='word_1_502' title='bbox 1129 2299 1174 2341; x_wconf 66' lang='lat' dir='ltr'>ff.</span> <span class='ocrx_word' id='word_1_503' title='bbox 1197 2298 1231 2339; x_wconf 84' lang='lat'>4,</span> <span class='ocrx_word' id='word_1_504' title='bbox 1255 2301 1290 2342; x_wconf 87' lang='grc'>2,</span> <span class='ocrx_word' id='word_1_505' title='bbox 1315 2299 1372 2334; x_wconf 87' lang='grc'>62.</span> <span class='ocrx_word' id='word_1_506' title='bbox 1398 2300 1433 2342; x_wconf 88' lang='grc'>6,</span> <span class='ocrx_word' id='word_1_507' title='bbox 1451 2300 1486 2342; x_wconf 81' lang='grc'>3,</span> <span class='ocrx_word' id='word_1_508' title='bbox 1509 2299 1564 2333; x_wconf 78' lang='lat'><strong>30.</strong></span> <span class='ocrx_word' id='word_1_509' title='bbox 1593 2298 1698 2342; x_wconf 82' lang='lat' dir='ltr'>quid-</span> 
     </span>
     <span class='ocr_line' id='line_1_45' title="bbox 207 2343 1696 2390; baseline -0.001 -11"><span class='ocrx_word' id='word_1_510' title='bbox 207 2346 292 2390; x_wconf 90' lang='lat' dir='ltr'>quid</span> <span class='ocrx_word' id='word_1_511' title='bbox 317 2347 434 2380; x_wconf 87' lang='lat' dir='ltr'>bene</span> <span class='ocrx_word' id='word_1_512' title='bbox 465 2347 621 2387; x_wconf 87' lang='lat' dir='ltr'>dicetur,</span> <span class='ocrx_word' id='word_1_513' title='bbox 653 2353 687 2380; x_wconf 82' lang='lat' dir='ltr'>et</span> <span class='ocrx_word' id='word_1_514' title='bbox 712 2348 810 2381; x_wconf 87' lang='lat' dir='ltr'>urb.</span> <span class='ocrx_word' id='word_1_515' title='bbox 841 2346 927 2381; x_wconf 78' lang='lat' dir='ltr'>dicti</span> <span class='ocrx_word' id='word_1_516' title='bbox 953 2357 1084 2390; x_wconf 84' lang='lat' dir='ltr'>nomen</span> <span class='ocrx_word' id='word_1_517' title='bbox 1117 2344 1266 2389; x_wconf 84' lang='lat' dir='ltr'>accipiet</span> <span class='ocrx_word' id='word_1_518' title='bbox 1289 2348 1328 2387; x_wconf 85' lang='grc'>6,</span> <span class='ocrx_word' id='word_1_519' title='bbox 1354 2347 1392 2386; x_wconf 86' lang='grc'>3,</span> <span class='ocrx_word' id='word_1_520' title='bbox 1421 2343 1479 2378; x_wconf 88' lang='grc'>42.</span> <span class='ocrx_word' id='word_1_521' title='bbox 1520 2343 1565 2385; x_wconf 84' lang='lat' dir='ltr'><strong>cs.</strong></span> <span class='ocrx_word' id='word_1_522' title='bbox 1595 2345 1637 2387; x_wconf 91' lang='lat'>5,</span> <span class='ocrx_word' id='word_1_523' title='bbox 1659 2347 1696 2386; x_wconf 93' lang='lat'>7,</span> 
     </span>
     <span class='ocr_line' id='line_1_46' title="bbox 204 2389 1698 2435; baseline -0.001 -9"><span class='ocrx_word' id='word_1_524' title='bbox 204 2394 261 2427; x_wconf 78' lang='lat'>26.</span> <span class='ocrx_word' id='word_1_525' title='bbox 290 2393 324 2435; x_wconf 91' lang='grc'>6,</span> <span class='ocrx_word' id='word_1_526' title='bbox 354 2395 388 2434; x_wconf 93' lang='grc'>1,</span> <span class='ocrx_word' id='word_1_527' title='bbox 411 2391 467 2427; x_wconf 85' lang='grc'>46.</span> <span class='ocrx_word' id='word_1_528' title='bbox 498 2395 531 2435; x_wconf 83' lang='lat'>6,</span> <span class='ocrx_word' id='word_1_529' title='bbox 556 2395 591 2435; x_wconf 84' lang='lat'>3,</span> <span class='ocrx_word' id='word_1_530' title='bbox 620 2395 697 2428; x_wconf 83' lang='grc'>106.</span> <span class='ocrx_word' id='word_1_531' title='bbox 734 2393 937 2428; x_wconf 72' lang='lat' dir='ltr'>emendavit</span> <span class='ocrx_word' id='word_1_532' title='bbox 960 2391 1162 2426; x_wconf 63' lang='lat' dir='ltr'>hoc&#39;etiam</span> <span class='ocrx_word' id='word_1_533' title='bbox 1185 2392 1263 2425; x_wconf 87' lang='lat' dir='ltr'>urb.</span> <span class='ocrx_word' id='word_1_534' title='bbox 1291 2392 1329 2425; x_wconf 88' lang='lat' dir='ltr'>in</span> <span class='ocrx_word' id='word_1_535' title='bbox 1351 2389 1470 2424; x_wconf 86' lang='lat' dir='ltr'>Hirtio</span> <span class='ocrx_word' id='word_1_536' title='bbox 1495 2389 1570 2425; x_wconf 90' lang='lat' dir='ltr'>Cic.</span> <span class='ocrx_word' id='word_1_537' title='bbox 1599 2391 1636 2433; x_wconf 90' lang='grc'>8,</span> <span class='ocrx_word' id='word_1_538' title='bbox 1661 2391 1698 2433; x_wconf 85' lang='grc'>3,</span> 
     </span>
     <span class='ocr_line' id='line_1_47' title="bbox 206 2435 1698 2487; baseline -0.003 -14"><span class='ocrx_word' id='word_1_539' title='bbox 206 2438 263 2473; x_wconf 80' lang='grc'>54.</span> <span class='ocrx_word' id='word_1_540' title='bbox 292 2439 369 2472; x_wconf 90' lang='lat' dir='ltr'>urb.</span> <span class='ocrx_word' id='word_1_541' title='bbox 396 2438 632 2485; x_wconf 82' lang='lat' dir='ltr'>interrogavit</span> <span class='ocrx_word' id='word_1_542' title='bbox 658 2443 720 2481; x_wconf 92' lang='lat'>11,</span> <span class='ocrx_word' id='word_1_543' title='bbox 750 2443 793 2483; x_wconf 88' lang='lat'>3,</span> <span class='ocrx_word' id='word_1_544' title='bbox 822 2440 901 2477; x_wconf 88' lang='grc'>126.</span> <span class='ocrx_word' id='word_1_545' title='bbox 940 2438 1039 2472; x_wconf 85' lang='lat' dir='ltr'>Cass.</span> <span class='ocrx_word' id='word_1_546' title='bbox 1069 2438 1226 2473; x_wconf 83' lang='lat' dir='ltr'>Severus</span> <span class='ocrx_word' id='word_1_547' title='bbox 1253 2438 1330 2472; x_wconf 87' lang='lat' dir='ltr'>urb.</span> <span class='ocrx_word' id='word_1_548' title='bbox 1361 2438 1440 2471; x_wconf 84' lang='lat' dir='ltr'><strong>adv.</strong></span> <span class='ocrx_word' id='word_1_549' title='bbox 1465 2435 1698 2487; x_wconf 43' lang='lat' dir='ltr'>hoc&#39;facienff</span> 
     </span>
     <span class='ocr_line' id='line_1_48' title="bbox 204 2482 1794 2533; baseline -0.002 -16"><span class='ocrx_word' id='word_1_550' title='bbox 204 2490 276 2518; x_wconf 90' lang='lat' dir='ltr'>tem</span> <span class='ocrx_word' id='word_1_551' title='bbox 298 2485 412 2518; x_wconf 83' lang='lat' dir='ltr'>lineas</span> <span class='ocrx_word' id='word_1_552' title='bbox 435 2485 601 2529; x_wconf 85' lang='lat' dir='ltr'>poposcit</span> <span class='ocrx_word' id='word_1_553' title='bbox 629 2487 670 2519; x_wconf 82' lang='lat' dir='ltr'>ib.</span> <span class='ocrx_word' id='word_1_554' title='bbox 692 2487 770 2520; x_wconf 81' lang='lat'><strong>133.</strong></span> <span class='ocrx_word' id='word_1_555' title='bbox 795 2491 830 2520; x_wconf 87' lang='lat' dir='ltr'>et</span> <span class='ocrx_word' id='word_1_556' title='bbox 853 2486 976 2529; x_wconf 82' lang='lat' dir='ltr'>jocosa</span> <span class='ocrx_word' id='word_1_557' title='bbox 1001 2485 1127 2528; x_wconf 84' lang='lat' dir='ltr'>quaed.</span> <span class='ocrx_word' id='word_1_558' title='bbox 1142 2494 1258 2528; x_wconf 59' lang='lat' dir='ltr'>⁴posse</span> <span class='ocrx_word' id='word_1_559' title='bbox 1281 2494 1355 2518; x_wconf 90' lang='lat' dir='ltr'>non</span> <span class='ocrx_word' id='word_1_560' title='bbox 1377 2483 1460 2516; x_wconf 79' lang='lat' dir='ltr'>satis</span> <span class='ocrx_word' id='word_1_561' title='bbox 1477 2483 1554 2518; x_wconf 84' lang='lat' dir='ltr'>urb.</span> <span class='ocrx_word' id='word_1_562' title='bbox 1569 2482 1697 2516; x_wconf 75' lang='lat' dir='ltr'>reserrl</span> <span class='ocrx_word' id='word_1_563' title='bbox 1788 2490 1794 2533; x_wconf 59' lang='lat' dir='ltr'>j</span> 
     </span>
     <span class='ocr_line' id='line_1_49' title="bbox 203 2527 1697 2575; baseline -0.002 -12"><span class='ocrx_word' id='word_1_564' title='bbox 203 2530 238 2571; x_wconf 89' lang='lat'>6,</span> <span class='ocrx_word' id='word_1_565' title='bbox 266 2533 299 2572; x_wconf 84' lang='lat'>3,</span> <span class='ocrx_word' id='word_1_566' title='bbox 327 2531 404 2565; x_wconf 88' lang='lat'><strong>106.</strong></span> <span class='ocrx_word' id='word_1_567' title='bbox 434 2543 503 2575; x_wconf 86' lang='lat' dir='ltr'>qua</span> <span class='ocrx_word' id='word_1_568' title='bbox 530 2531 674 2575; x_wconf 79' lang='lat' dir='ltr'>(ironia)</span> <span class='ocrx_word' id='word_1_569' title='bbox 697 2533 775 2566; x_wconf 92' lang='lat' dir='ltr'>urb.</span> <span class='ocrx_word' id='word_1_570' title='bbox 799 2543 884 2565; x_wconf 89' lang='lat' dir='ltr'>usus</span> <span class='ocrx_word' id='word_1_571' title='bbox 909 2536 962 2566; x_wconf 88' lang='lat' dir='ltr'>est</span> <span class='ocrx_word' id='word_1_572' title='bbox 985 2530 1077 2564; x_wconf 82' lang='lat' dir='ltr'>Afer</span> <span class='ocrx_word' id='word_1_573' title='bbox 1099 2533 1142 2563; x_wconf 86' lang='lat' dir='ltr'>ib.</span> <span class='ocrx_word' id='word_1_574' title='bbox 1165 2529 1233 2572; x_wconf 79' lang='lat'>683</span> <span class='ocrx_word' id='word_1_575' title='bbox 1264 2540 1331 2572; x_wconf 78' lang='lat' dir='ltr'>nec</span> <span class='ocrx_word' id='word_1_576' title='bbox 1357 2539 1442 2563; x_wconf 81' lang='lat' dir='ltr'>sane</span> <span class='ocrx_word' id='word_1_577' title='bbox 1466 2527 1697 2570; x_wconf 61' lang='lat' dir='ltr'>urbanius</span> 
     </span>
     <span class='ocr_line' id='line_1_50' title="bbox 205 2576 1634 2620; baseline 0.003 -13"><span class='ocrx_word' id='word_1_578' title='bbox 205 2576 298 2609; x_wconf 82' lang='lat' dir='ltr'>elabi</span> <span class='ocrx_word' id='word_1_579' title='bbox 323 2576 437 2620; x_wconf 84' lang='lat' dir='ltr'>potuit</span> <span class='ocrx_word' id='word_1_580' title='bbox 461 2581 503 2620; x_wconf 87' lang='grc'>2,</span> <span class='ocrx_word' id='word_1_581' title='bbox 531 2580 595 2620; x_wconf 90' lang='grc'>11,</span> <span class='ocrx_word' id='word_1_582' title='bbox 620 2580 653 2610; x_wconf 83' lang='grc'>2.</span> <span class='ocrx_word' id='word_1_583' title='bbox 1270 2588 1276 2591; x_wconf 83' lang='grc'><em>·</em></span> <span class='ocrx_word' id='word_1_584' title='bbox 1515 2604 1532 2611; x_wconf 39' lang='lat'><em>2</em></span> <span class='ocrx_word' id='word_1_585' title='bbox 1631 2583 1634 2586; x_wconf 78' lang='grc'><strong>“</strong></span> 
     </span>
    </p>
   </div>
   <div class='ocr_carea' id='block_1_6' title="bbox 163 2629 1697 2826">
    <p class='ocr_par' dir='ltr' id='par_1_15' title="bbox 163 2629 1697 2826">
     <span class='ocr_line' id='line_1_51' title="bbox 163 2629 1696 2688; baseline -0.005 -9"><span class='ocrx_word' id='word_1_586' title='bbox 163 2629 408 2674; x_wconf 71' lang='lat' dir='ltr'>Ul&#39;bflnitas·</span> <span class='ocrx_word' id='word_1_587' title='bbox 459 2656 541 2679; x_wconf 84' lang='lat' dir='ltr'>meo</span> <span class='ocrx_word' id='word_1_588' title='bbox 575 2645 717 2688; x_wconf 85' lang='lat' dir='ltr'>quidem</span> <span class='ocrx_word' id='word_1_589' title='bbox 750 2644 883 2687; x_wconf 83' lang='lat' dir='ltr'>judicio</span> <span class='ocrx_word' id='word_1_590' title='bbox 913 2645 975 2678; x_wconf 86' lang='lat' dir='ltr'>illa</span> <span class='ocrx_word' id='word_1_591' title='bbox 1005 2650 1059 2679; x_wconf 89' lang='lat' dir='ltr'>est</span> <span class='ocrx_word' id='word_1_592' title='bbox 1093 2645 1194 2687; x_wconf 87' lang='lat' dir='ltr'>urb.,</span> <span class='ocrx_word' id='word_1_593' title='bbox 1233 2643 1271 2677; x_wconf 90' lang='lat' dir='ltr'>in</span> <span class='ocrx_word' id='word_1_594' title='bbox 1305 2655 1374 2688; x_wconf 75' lang='lat' dir='ltr'>qua</span> <span class='ocrx_word' id='word_1_595' title='bbox 1401 2641 1489 2676; x_wconf 86' lang='lat' dir='ltr'>nihil</span> <span class='ocrx_word' id='word_1_596' title='bbox 1513 2640 1696 2682; x_wconf 73' lang='lat' dir='ltr'>absonum,</span> 
     </span>
     <span class='ocr_line' id='line_1_52' title="bbox 205 2687 1697 2736; baseline -0.001 -16"><span class='ocrx_word' id='word_1_597' title='bbox 205 2687 294 2721; x_wconf 89' lang='lat' dir='ltr'>nihil</span> <span class='ocrx_word' id='word_1_598' title='bbox 319 2697 476 2735; x_wconf 75' lang='lat' dir='ltr'>agreste,</span> <span class='ocrx_word' id='word_1_599' title='bbox 511 2691 602 2724; x_wconf 86' lang='lat' dir='ltr'>nihil</span> <span class='ocrx_word' id='word_1_600' title='bbox 630 2691 867 2732; x_wconf 85' lang='lat' dir='ltr'>inconditum,</span> <span class='ocrx_word' id='word_1_601' title='bbox 902 2690 989 2724; x_wconf 89' lang='lat' dir='ltr'>nihil</span> <span class='ocrx_word' id='word_1_602' title='bbox 1012 2690 1256 2736; x_wconf 79' lang='lat' dir='ltr'>peregrinum,</span> <span class='ocrx_word' id='word_1_603' title='bbox 1286 2700 1402 2734; x_wconf 81' lang='lat' dir='ltr'>neque</span> <span class='ocrx_word' id='word_1_604' title='bbox 1429 2697 1556 2728; x_wconf 80' lang='lat' dir='ltr'>sensu,</span> <span class='ocrx_word' id='word_1_605' title='bbox 1580 2695 1697 2728; x_wconf 85' lang='lat' dir='ltr'>neque</span> 
     </span>
     <span class='ocr_line' id='line_1_53' title="bbox 204 2733 1697 2784; baseline 0 -16"><span class='ocrx_word' id='word_1_606' title='bbox 204 2734 339 2777; x_wconf 77' lang='lat' dir='ltr'>verbis,</span> <span class='ocrx_word' id='word_1_607' title='bbox 367 2746 481 2779; x_wconf 84' lang='lat' dir='ltr'>neque</span> <span class='ocrx_word' id='word_1_608' title='bbox 508 2748 571 2771; x_wconf 87' lang='lat' dir='ltr'>ore</span> <span class='ocrx_word' id='word_1_609' title='bbox 596 2743 746 2784; x_wconf 82' lang='lat' dir='ltr'>gestuve</span> <span class='ocrx_word' id='word_1_610' title='bbox 770 2736 883 2780; x_wconf 89' lang='lat' dir='ltr'>possit</span> <span class='ocrx_word' id='word_1_611' title='bbox 906 2737 1125 2781; x_wconf 85' lang='lat' dir='ltr'>deprehendi</span> <span class='ocrx_word' id='word_1_612' title='bbox 1151 2736 1184 2776; x_wconf 88' lang='lat'>6,</span> <span class='ocrx_word' id='word_1_613' title='bbox 1207 2738 1241 2779; x_wconf 87' lang='lat'>3,</span> <span class='ocrx_word' id='word_1_614' title='bbox 1271 2737 1348 2769; x_wconf 88' lang='grc'>107.</span> <span class='ocrx_word' id='word_1_615' title='bbox 1374 2733 1697 2777; x_wconf 72' lang='lat' dir='ltr'>(quomodo&#39;D0m1&#39;10</span> 
     </span>
     <span class='ocr_line' id='line_1_54' title="bbox 205 2778 1697 2826; baseline -0.001 -13"><span class='ocrx_word' id='word_1_616' title='bbox 205 2780 294 2820; x_wconf 86' lang='lat' dir='ltr'>Aser</span> <span class='ocrx_word' id='word_1_617' title='bbox 318 2793 391 2814; x_wconf 82' lang='lat' dir='ltr'>eam</span> <span class='ocrx_word' id='word_1_618' title='bbox 409 2782 530 2825; x_wconf 77' lang='lat' dir='ltr'>finiat)</span> <span class='ocrx_word' id='word_1_619' title='bbox 555 2785 598 2817; x_wconf 84' lang='lat' dir='ltr'>ib.</span> <span class='ocrx_word' id='word_1_620' title='bbox 617 2782 694 2817; x_wconf 74' lang='lat'><strong>104.</strong></span> <span class='ocrx_word' id='word_1_621' title='bbox 725 2795 801 2826; x_wconf 84' lang='lat' dir='ltr'>opp.</span> <span class='ocrx_word' id='word_1_622' title='bbox 829 2782 1076 2816; x_wconf 85' lang='lat' dir='ltr'>rusticitas</span> <span class='ocrx_word' id='word_1_623' title='bbox 1105 2785 1147 2815; x_wconf 76' lang='lat' dir='ltr'><strong>ib.</strong></span> <span class='ocrx_word' id='word_1_624' title='bbox 1170 2784 1223 2815; x_wconf 87' lang='lat'>17.</span> <span class='ocrx_word' id='word_1_625' title='bbox 1249 2780 1337 2813; x_wconf 83' lang='lat' dir='ltr'>mira</span> <span class='ocrx_word' id='word_1_626' title='bbox 1359 2779 1482 2822; x_wconf 82' lang='lat' dir='ltr'>quaed.</span> <span class='ocrx_word' id='word_1_627' title='bbox 1505 2778 1585 2812; x_wconf 85' lang='lat' dir='ltr'>urb.</span> <span class='ocrx_word' id='word_1_628' title='bbox 1599 2779 1642 2811; x_wconf 81' lang='lat' dir='ltr'>ib.</span> <span class='ocrx_word' id='word_1_629' title='bbox 1663 2779 1697 2815; x_wconf 84' lang='lat'>3.</span> 
     </span>
    </p>
   </div>
  </div>
 </body>
</html>
