1728 3002
537 131 762 179 consonus
791 153 846 164 -
877 128 1059 189 conligo
1098 90 1106 100 ’
1229 116 1244 128 ”
1485 132 1567 176 ¹5⁵

85 262 230 297 mmm,
266 250 496 287 conferantur
518 249 564 294 8,
585 246 632 292 4,
658 249 707 292 23
744 244 777 282 si
802 243 997 281 contuleris
1021 243 1334 298 (lawarn-tignorum)
1359 245 1496 293 Tyriae
1517 247 1569 282 la-

86 310 219 336 cernae
241 300 308 342 12,
331 300 398 340 10,
420 296 468 332 75
488 298 534 330 Ζ.
605 293 654 338 β)
682 296 707 328 ἰ.
731 306 765 338 q.
795 305 997 338 prosum.-
1032 290 1211 335 aymam
1238 303 1383 337 quoque
1404 299 1574 329 auctores

88 346 303 380 afferent
336 340 557 376 utilitatis
585 339 785 384 aliquid.
817 358 865 366 —
913 338 1104 372 Multum
1139 343 1255 372 autem
1283 345 1428 374 veteres
1461 340 1572 374 etiam

88 391 170 426 Lat.
201 390 455 424 conferunt
477 399 543 430 -3
589 385 629 420 in
657 385 783 430 primis
815 383 955 428 copiam
981 383 1176 437 {eth-orum
1201 387 1238 425 1,
1260 385 1304 427 8,
1329 386 1366 420 8.
1399 384 1446 428 cs.
1469 385 1512 429 4,
1534 389 1572 429 2,

92 439 172 472 123.
211 438 275 478 10,
305 437 348 476 5,
375 433 412 469 4.
456 443 531 468 non
557 433 659 477 plus
688 431 903 466 contulerint
927 431 1013 464 lecti
1034 429 1111 464 Cic.
1137 435 1197 463 aut
1220 428 1353 467 Dea?
1380 434 1425 474 2,
1448 433 1488 475 5,
1514 433 1571 467 16.

91 472 440 527 quantumlibet
460 483 599 514 secreta
619 478 735 512 studia
761 476 976 511 contulerint
998 479 1055 519 12,
1078 476 1115 516 6,
1138 474 1174 509 4.
1226 475 1267 520 b)
1291 490 1321 510 c.
1346 480 1456 511 Dat„-
1481 489 1573 522 quae

91 528 202 563 modo
229 526 410 572 aliquid
436 523 570 560 oratori
593 524 715 558 futuro
744 524 934 558 conferant
958 527 1052 556 arte·
1082 522 1138 555 Pr.
1163 521 1209 563 6;
1250 523 1392 556 confert
1423 524 1576 558 admira-

93 573 184 608 tioni
209 573 394 606 multum
417 571 524 606 etiam
545 568 730 604 infirmitas
745 572 780 612 3,
796 572 833 612 7,
849 571 923 602 12.-
944 567 1186 602 Gracchorum
1202 568 1429 613 eloquentiae
1451 569 1573 618 mulb

93 618 287 654 contulisse
305 623 451 652 matrem
473 619 507 659 1,
532 619 567 658 1,
589 617 626 651 6.
659 616 781 650 mult.
805 614 917 659 pietas
940 614 1080 648 confert
1097 613 1216 666 studio
1234 617 1271 658 2,
1293 615 1330 657 9,
1353 618 1388 649 2.
1418 613 1575 651 Alcaeus

90 666 215 700 mult.
235 662 516 699 etiammoribus
539 662 681 696 confert
705 663 761 704 10,
784 663 818 702 1,
840 662 905 703 633
941 660 1047 704 plus
1069 665 1240 694 scientiae
1258 661 1453 696 collaturus
1469 673 1576 706 quam

92 709 319 766 eloquentiae
353 711 398 743 ib.
422 709 483 744 95.
520 709 581 753 pl.
606 708 721 742 adbuc
747 706 894 751 quidd.
925 707 1149 758 collaturum·
1167 717 1251 740 eum
1280 707 1576 759 declamatoribus

92 758 144 790 fic
161 758 230 799 ¹71;
270 766 363 800 quae
390 759 490 789 secta
516 753 683 788 conferre
709 752 948 797 plurimum
971 752 1196 802 eloquentiae
1217 758 1332 796 possit
1355 756 1423 795 12,
1447 756 1493 796 2,
1516 756 1577 790 23.

93 800 155 838 cui
175 803 400 845 (αροεὲτίοιί)
423 801 541 845 plur.
564 800 706 834 confert
727 799 898 844 frequens
921 797 1107 831 affirmatio
1126 795 1163 840 4,
1187 800 1223 839 2,
1247 799 1306 834 79.
1333 797 1379 840 cs.
1400 797 1437 842 4,
1460 800 1496 844 5,
1517 803 1578 836 22,

93 844 215 892 plur.
241 846 374 881 oratori
402 846 568 880 conferre
593 845 784 879 lectionem
808 847 994 888 poetarum
1021 845 1078 895 10,
1105 846 1140 886 1,
1163 845 1221 878 27.
1248 843 1295 885 ‘s-
1318 846 1354 887 3,
1377 845 1413 888 8,
1435 844 1494 881 49.
1519 849 1579 890 11,

93 897 132 936 2,
153 891 214 928 46.
240 892 382 937 utrique
404 893 519 936 plur.
545 892 711 926 conferre
728 891 858 924 bonam
879 889 1122 923 valetudinem
1144 891 1202 931 11,
1224 891 1263 931 2,
1285 891 1349 933 35;
1386 891 1484 935 quod
1503 902 1581 926 non

94 938 296 973 interfuerit
324 938 364 974 in
389 935 522 979 iudicio
549 935 763 979 (rusticus),
807 934 1146 987 nihiltelatur-us
1168 934 1260 979 patri
1282 938 1325 979 7,
1353 938 1397 979 1,
1422 935 1493 980 44;
1530 948 1581 972 ne

95 994 224 1021 causae
256 983 400 1028 quidem
430 993 584 1027 parum
616 982 756 1018 confert
777 980 872 1015 idem
893 979 954 1015 liic
977 980 1150 1014 orationis
1172 986 1318 1015 ornatus
1344 983 1391 1024 8,
1422 984 1466 1026 3,
1490 984 1513 1018 5
1535 987 1581 1019 Ζ

97 1030 137 1072 c)
161 1042 229 1074 seq.
253 1032 441 1073 praepa..-
478 1028 643 1063 conferre
674 1026 858 1071 aliquid
888 1026 940 1060 ad
966 1026 1171 1060 facultatem
1200 1026 1343 1061 dicendi
1373 1030 1441 1071 12,
1471 1031 1514 1072 1,
1544 1032 1580 1064 1.

96 1074 337 1120 (quaestiones)
361 1073 543 1118 aliquid
565 1074 616 1108 ad
640 1083 810 1107 summam
826 1082 954 1106 causae
970 1071 1197 1106 conferentes
1222 1074 1261 1115 3,
1283 1073 1321 1116 6,
1345 1076 1381 1108 7.
1409 1079 1582 1110 naturane

95 1115 196 1165 plus
219 1121 271 1154 ad
293 1119 532 1165 eloquentiam
550 1119 714 1155 conferat
736 1129 782 1151 an
796 1116 959 1151 doctrina
972 1119 1008 1161 2,
1034 1118 1091 1160 19,
1115 1119 1148 1151 1.
1183 1119 1236 1152 a‘d
1261 1130 1368 1163 quam
1391 1120 1582 1156 scribendo

97 1167 180 1211 pL,
205 1177 252 1200 an
275 1165 451 1212 legendo,
477 1175 523 1198 an
547 1163 699 1200 dicendo
723 1164 931 1198 conferatur
960 1162 1020 1204 (α.
1045 1167 1068 1197 1.
1094 1174 1200 1208 quam
1228 1181 1269 1188 —
1299 1166 1584 1211 consequamur)

98 1213 158 1255 10,
180 1213 214 1255 1,
238 1214 271 1247 1.
297 1209 523 1253 comoediae,
548 1221 639 1255 quae
661 1209 908 1254 plurimum
930 1209 1097 1244 conferre
1124 1210 1179 1243 ad
1202 1211 1443 1255 eloquentiam
1465 1218 1585 1257 potest

98 1259 134 1292 1.
150 1258 189 1300 8,
209 1259 246 1293 7.
278 1255 390 1300 (ratio
411 1258 617 1300 temporum)
645 1256 701 1289 ad
726 1257 967 1299 conjecturam
990 1256 1104 1299 plur.
1131 1257 1273 1290 confert
1298 1258 1341 1300 5,
1368 1260 1431 1301 11,
1452 1258 1511 1293 44.
1546 1270 1585 1304 p.

99 1301 240 1337 cluent.
264 1302 400 1337 Staieni
423 1302 600 1346 Bulbique
623 1302 842 1346 colloquium
865 1311 987 1335 nonne
1012 1301 1064 1335 ad
1091 1301 1308 1336 celeritatem
1330 1304 1445 1347 plur.
1471 1310 1508 1339 et
1530 1305 1584 1340 ad

98 1348 206 1382 fid·-
228 1349 325 1383 conf.
349 1347 394 1391 4,
419 1351 468 1391 2,
494 1350 582 1389 107;
618 1347 709 1381 locis
738 1346 858 1380 nihil
884 1347 928 1380 ad
950 1346 1198 1392 probationem
1220 1349 1457 1385 conferentib.
1480 1354 1523 1394 7,
1549 1353 1585 1395 1,

99 1392 159 1429 41.
196 1400 414 1438 quantum
437 1394 482 1428 nit
505 1394 695 1428 collaturus
720 1394 771 1426 ad
796 1393 997 1437 profectum
1021 1392 1233 1427 discentium
1254 1395 1381 1430 rhetor
1401 1398 1444 1438 2,
1468 1397 1515 1441 5,
1540 1399 1584 1441 1;

100 1438 148 1473 in
169 1440 238 1473 alia
259 1441 363 1484 plus
388 1438 488 1484 prior
511 1437 740 1483 (exercitatio)
766 1439 908 1473 confert
932 1440 989 1479 10,
1010 1441 1047 1481 7,
1070 1439 1129 1474 26.

6 1494 8 1498 ’
56 1493 296 1537 confertus.
342 1504 575 1551 (orationem)
601 1506 800 1541 confertam
827 1505 1096 1553 aggressionum
1124 1513 1161 1542 et
1187 1508 1489 1554 enthymematum
1520 1511 1588 1547 sti-

6 1573 16 1595 ,
101 1552 247 1596 patione
271 1553 307 1597 5,
331 1553 390 1597 14,
413 1556 472 1587 27.
1523 1601 1528 1609 .

3 1621 12 1634 ι.
58 1594 299 1640 (Jonfessio.
325 1611 370 1653 9,
390 1612 434 1652 2,
463 1612 521 1644 17.
550 1611 607 1652 12,
634 1610 669 1651 1,
692 1609 750 1644 33.
786 1607 1052 1643 confessionem
1075 1609 1296 1645 ostendimus
1319 1611 1504 1657 (manibus)
1530 1617 1588 1659 11,

101 1655 138 1698 3,
160 1655 218 1690 86.
251 1655 374 1699 utique
397 1655 486 1688 nihil
508 1654 576 1688 erit
598 1655 701 1698 pejus
724 1666 831 1699 quam
853 1656 950 1689 conf.
976 1656 1011 1697 5,
1036 1657 1091 1694 13,
1114 1657 1150 1690 8.
1182 1667 1256 1690 non
1279 1663 1351 1691 tam
1374 1661 1588 1695 narratio

103 1699 228 1734 vocari
251 1706 391 1745 potest,
419 1711 524 1745 quam
549 1701 669 1734 conf.
694 1699 737 1743 4,
764 1704 800 1744 2,
825 1700 883 1735 47.
919 1702 1017 1735 conf.
1042 1702 1240 1736 adversarii
1262 1701 1298 1747 4,
1324 1703 1360 1746 4,
1383 1704 1420 1739 4.
1451 1706 1590 1741 tutissi-

103 1755 202 1779 mum
221 1746 463 1790 poenitentiae
482 1746 578 1780 conf.
607 1749 663 1788 11,
689 1749 722 1788 1,
746 1747 803 1783 76.
830 1748 933 1781 velut
955 1746 1152 1781 deficientis
1175 1749 1301 1783 dolore
1325 1755 1362 1783 et
1379 1750 1590 1798 fatigatione

106 1791 204 1824 conf.
220 1795 286 1835 ’11,
308 1794 344 1835 3,
370 1794 458 1836 1733
484 1790 722 1826 confessionis
745 1792 921 1826 simulatio
943 1793 979 1834 6,
1001 1795 1036 1835 3,
1059 1794 1118 1832 81.
1153 1795 1251 1828 conf.
1268 1795 1398 1830 fiducia
1415 1797 1452 1840 6,
1470 1799 1505 1839 5,
1523 1801 1588 1842 10;

105 1836 207 1870 velut
228 1836 267 1870 in
288 1838 466 1871 vestibulo
492 1837 653 1882 protinus
680 1838 952 1881 apprehenmu-is
982 1839 1076 1872 hanc
1102 1840 1201 1873 conf.
1227 1852 1344 1874 meam
1365 1843 1410 1886 8,
1442 1844 1502 1877 Pr.
1530 1846 1588 1880 18.

105 1890 176 1914 nec
190 1882 310 1916 vultus
326 1884 435 1917 modo
450 1894 491 1916 ac
502 1883 606 1917 vocis
630 1883 798 1927 exprimit
814 1883 1080 1918 confessionem
1094 1885 1131 1927 6,
1144 1887 1179 1928 3,
1190 1886 1223 1921 9.
1249 1887 1515 1923 confession
1525 1901 1590 1924 em

106 1927 299 1971 praecedat
320 1928 593 1971 defensio-9,
615 1931 652 1971 2,
672 1931 727 1963 13.
756 1940 826 1963 nec
847 1931 963 1964 solum
988 1941 1152 1974 premere
1178 1933 1298 1975 conf„
1321 1934 1385 1967 sed
1400 1935 1590 1977 partiendo

104 1972 340 2015 multiplicare
361 1976 408 2015 7,
434 1975 479 2014 1,
501 1974 565 2015 293
603 1985 669 2007 sua
698 1985 842 2018 quoque
868 1975 1097 2010 confessione
1125 1979 1192 2019 12,
1218 1979 1263 2020 3,
1286 1979 1324 2013 9.
1361 1980 1592 2015 confessione

107 2017 342 2062 plurimorum
365 2019 423 2060 10,
450 2021 483 2061 1,
506 2019 563 2052 58.
597 2029 665 2061 pro
690 2021 787 2052 conf.
813 2025 868 2054 est
888 2022 924 2062 9,
950 2023 985 2058 2,
1011 2021 1068 2055 14.
1104 2028 1187 2055 sunt
1214 2024 1343 2066 quaed.
1369 2025 1530 2060 actiones
1551 2026 1592 2060 in

110 2064 208 2097 conf.
234 2063 373 2108 positae
401 2065 471 2105 11,
498 2065 542 2106 1,
569 2064 623 2096 52.
659 2074 709 2097 ex
732 2065 830 2098 conf.
858 2065 1020 2100 inscitiae
1045 2077 1131 2101 sune
1158 2068 1252 2102 elabi
1279 2071 1325 2112 2,
1357 2072 1426 2115 11,
1454 2073 1491 2106 2.
1529 2071 1600 2117 qui

0 2142 13 2150 ,Α
109 2114 229 2143 utatur
251 2109 312 2143 illa
335 2107 521 2144 Ciceronis
545 2108 644 2142 conf.
670 2111 727 2153 11,
753 2112 786 2150 1,
809 2108 868 2144 44.

66 2151 316 2196 Confestim.
345 2164 387 2205 4,
410 2167 453 2209 2,
476 2163 535 2199 54.

2 2231 5 2234 >
66 2207 271 2254 conficio.
310 2222 396 2268 quid
422 2233 471 2256 ex
491 2218 734 2266 propositione
761 2225 798 2254 et
819 2220 1035 2255 assonatione
1058 2221 1269 2258 conficiatur
1289 2224 1325 2268 5,
1349 2224 1407 2271 14,
1429 2226 1469 2263 9.
1495 2228 1595 2265 aliud

113 2267 318 2314 colligit,
356 2279 463 2312 quam
484 2267 545 2310 id,
582 2267 677 2310 quod
708 2277 757 2300 ex
786 2266 1025 2310 prioribus
1052 2268 1315 2307 conficitur
1338 2274 1382 2306 ib.
1404 2275 1465 2307 22.
1491 2274 1595 2321 offis),

112 2310 158 2390 ἕ,
178 2313 388 2393 δὼῶεοῑέο
402 2324 489 2395 1ιέὶοιι
513 2313 643 2356 cruda,
670 2313 735 2346 sed
758 2313 869 2347 multa
892 2312 1082 2348 iteratione
1103 2314 1286 2351 mollita
1306 2322 1345 2352 et
1366 2320 1469 2354 velut
1489 2331 1596 2356 con·-

135 2362 237 2392 ecta
310 2383 321 2399 ,
368 2385 380 2403 ,
448 2383 459 2394 .

0 2334 19 2464 ξ
69 2399 348 2445 Gonfidentia.
389 2413 479 2449 vitia
502 2412 821 2448 confidentiae
845 2421 907 2448 etc.
945 2427 1023 2460 opp.
1043 2414 1223 2452 fiducia
1246 2420 1304 2463 12,
1326 2418 1363 2464 5,
1384 2422 1420 2456 2.
1446 2423 1594 2459 tendere

0 2466 20 2503 3
115 2459 328 2494 confidentia
348 2461 487 2495 vultum
509 2463 568 2503 11,
592 2461 626 2503 3,
655 2460 732 2494 160.

0 2502 27 2591 ᾗ
72 2501 265 2546 Confido.
311 2517 492 2550 confidere
518 2515 608 2558 (fig.)
633 2517 669 2559 9,
694 2519 728 2558 1,
751 2517 810 2550 23.
839 2526 894 2568 ea,
919 2515 1046 2561 quibus
1066 2517 1183 2553 minus
1206 2521 1416 2573 confidimus
1434 2525 1470 2567 3,
1496 2525 1534 2568 6,
1556 2527 1594 2561 8.

117 2567 405 2605 argumentorum
425 2563 527 2598 velut
547 2562 650 2596 sedes
665 2572 739 2595 non
753 2573 810 2596 me
825 2563 968 2605 qmdem
982 2573 1106 2598 omnes
1121 2568 1319 2601 ostendisse
1335 2570 1491 2613 conlido,
1513 2571 1596 2616 plu-

102 2604 226 2641 ,rimas
245 2612 364 2642 tamen
387 2608 423 2650 5,
442 2610 500 2651 12,
514 2609 571 2641 17.
598 2608 778 2651 quomodo
797 2618 836 2641 se
854 2607 1003 2652 quilibet
1023 2619 1132 2653 posse
1157 2610 1292 2656 (agere)
1318 2615 1515 2650 confideret
1538 2620 1597 2661 11,

122 2653 158 2695 1‘
182 2652 249 2694 923
280 2663 363 2688 mm
382 2658 422 2688 ω
443 2672 491 2680 -.,
511 2654 667 2698 appelles
690 2671 735 2680 —
761 2663 827 2697 pro
852 2653 1124 2691 confidente
1152 2658 1324 2694 fortem
1348 2661 1385 2704 9,
1406 2662 1444 2705 3,
1468 2662 1528 2698 65.

1 2707 6 2714 ·
77 2693 271 2752 eonfigo.
318 2709 382 2755 qui
402 2708 586 2746 comicum
610 2710 735 2744 oculos
757 2709 905 2745 confixit
925 2711 964 2755 8,
985 2713 1021 2755 3,
1045 2715 1106 2748 22.
