1728 3002
536 244 687 310 Existo
725 289 781 297 —
821 230 1059 306 Exordium
1477 267 1553 306 81¹

81 379 316 421 existimanda
346 387 400 416 est
423 382 459 423 2,
484 381 520 424 5,
543 380 595 426 4,
618 379 835 425 popularitas
866 379 1007 425 signum
1030 379 1183 413 affectati
1212 378 1315 427 regni
1347 383 1401 413 est
1429 377 1554 412 existi-

35 445 37 447 ·
80 428 213 463 mnium
239 428 275 471 5,
297 430 334 469 9,
359 429 403 462 13
426 427 474 460 Ν.
497 426 647 470 famam,
673 438 743 471 qua
764 426 824 459 diu
851 426 1016 470 princeps
1039 431 1222 458 oratorum
1247 433 1308 460 etc.
1334 424 1555 460 existimatus

78 478 134 509 est
157 476 224 517 11,
248 475 288 515 3,
315 473 350 508 8.
386 472 587 507 assimulata
616 478 652 507 et
674 478 748 507 arte
771 471 968 516 composita
994 472 1120 515 procul
1143 471 1252 505 dubio
1275 477 1357 506 sunt
1378 473 1557 504 schemata

78 518 317 555 existimanda
341 519 378 562 9,
402 522 437 561 1,
459 521 515 553 27.
547 529 690 553 omnem
713 517 929 563 posteritatis
957 517 1162 551 memoriam
1188 517 1340 562 spatium
1361 515 1460 552 vitae
1486 517 1556 550 ho-

53 595 60 601 ,
77 570 201 599 nestae
224 563 406 599 existimet
429 567 487 605 12,
512 567 547 606 2,
571 566 628 599 31.
675 566 722 610 y)
754 577 821 609 seq.
847 574 932 597 Ace.
958 576 988 597 c.
1016 563 1104 604 Ins..-
1145 564 1334 608 plurimum
1360 562 1478 607 parari
1504 564 1557 595 sa·-

80 609 222 650 enitatis
235 610 414 644 'existimo
445 613 501 654 10,
526 611 562 654 5,
585 613 641 645 10.
675 610 916 655 eloquentiam
939 609 1073 643 nullam
1099 621 1178 644 esse
1201 610 1434 650 existimabo,
1465 613 1556 652 quae

80 663 141 691 etc.
167 657 284 700 5,‘12,
308 659 366 691 20.
389 667 481 701 quae
503 656 695 701 praecipue
716 656 911 691 convenire
934 663 1003 692 etc„
1019 655 1221 690 existimem
1244 659 1302 699 10,
1330 659 1363 699 1,
1391 655 1448 690 45.
1473 653 1552 689 Cel-

75 712 140 739 ω
165 703 211 736 de
232 703 331 736 nulla
351 713 393 736 re
416 701 592 736 dicturum
614 707 792 737 oratorem
819 702 1018 744 existimat,
1051 701 1121 735 nisi
1143 710 1204 736 etc.
1229 704 1266 746 3,
1290 703 1325 746 5,
1349 704 1383 736 3.
1418 699 1465 742 es.
1502 702 1557 743 10,

79 749 115 789 1,
135 749 196 782 23.
221 749 279 782 33.
303 749 498 782 succedere
523 760 562 782 se
585 748 622 782 in
649 759 773 784 eorum
794 749 912 782 locum
937 767 982 774 -
1009 746 1190 782 existimet
1215 751 1258 792 2,
1282 751 1323 790 2,
1345 747 1382 782 4.
1408 746 1464 794 agi
1485 747 1555 790 jam

75 805 155 829 rom
177 804 279 828 suam
301 793 505 829 existimant
527 795 568 837 6,
597 797 641 837 2,
662 795 697 830 6.
732 793 777 836 tf.
799 796 834 837 8,
857 795 914 828 Pr.
949 795 982 827 3.
1013 794 1222 827 memoriam
1247 794 1388 838 quidam
1412 799 1556 826 naturae

74 839 184 879 modo
211 844 292 874 ess‘e
314 851 442 874 muniis
465 839 867 875 existimaverunt
902 843 957 879 11,
982 842 1017 881 2,
1042 842 1075 872 1.
1114 839 1159 880 cs.
1190 841 1226 883 9,
1249 841 1284 882 8,
1308 841 1366 876 58.
1393 841 1431 882 9,
1456 842 1489 882 1,
1514 842 1553 879 1;

7 897 30 915 a
76 884 339 922 Themistocles
363 885 518 920 suasisse
541 886 855 920 existimatur
879 884 1180 928 Atheniensibus,
1214 891 1255 919 ut
1279 893 1340 922 etc.
1366 886 1401 929 9,
1426 887 1462 927 2,
1487 886 1553 926 92ς
1580 909 1583 912 ,

44 966 48 967 ⁷
75 930 134 965 liis
155 941 224 976 ego
246 933 504 975 comparandos
526 931 713 974 existimo,
739 931 799 976 qui
826 940 884 965 etc.
909 935 947 974 2,
967 934 1026 973 20,
1050 930 1086 964 4.
1110 932 1202 965 haec
1222 932 1377 965 notanda
1399 930 1557 965 breviter

77 976 282 1011 existimavi
304 979 340 1020 2,
367 980 404 1020 2,
422 978 487 1012 15.
516 977 547 1010 si
570 988 644 1011 non
667 977 736 1011 nisi
758 977 885 1011 refecti
912 985 973 1011 etc.
1007 978 1221 1011 studendum
1244 976 1559 1012 existimave-

76 1021 216 1056 rimus
240 1021 298 1065 (a.
322 1026 346 1056 1.
368 1022 610 1066 —marimns)
642 1025 698 1066 10,
724 1025 759 1067 3,
783 1024 839 1058 29.
862 1036 896 1057 υ.
922 1018 1105 1067 Ophis.

32 1078 202 1121 Existo.
258 1086 301 1131 ι)
322 1087 407 1122 inde
433 1089 593 1123 existunt
619 1100 760 1124 errores
783 1091 816 1132 5,
839 1090 874 1133 6,
902 1089 960 1124 34.
991 1093 1089 1126 unde
1111 1103 1235 1126 causas
1261 1089 1415 1135 turpium
1441 1090 1559 1124 sacto-

0 1135 3 1139 ’
78 1145 161 1169 rum
182 1144 289 1177 saepe
311 1133 472 1169 extitisse
496 1138 531 1175 1.
556 1137 592 1178 2,
619 1138 663 1178 2;
688 1139 859 1169 omissum.-
884 1138 980 1170 unde
1003 1138 1169 1172 confusio
1194 1141 1250 1180 12,
1274 1138 1308 1179 5,
1332 1139 1365 1171 3.
1406 1135 1451 1182 β)
1477 1145 1556 1169 cum

78 1190 229 1224 pravum
256 1180 433 1223 quoddam
455 1180 607 1214 studium
643 1181 739 1215 circa
773 1188 1028 1226 praeceptores
1058 1183 1201 1219 Artium
1236 1181 1398 1217 extiterit
1423 1185 1467 1224 2,
1501 1184 1558 1220 15.

79 1228 138 1260 37.
167 1226 264 1269 quod
285 1235 391 1259 causa
413 1226 539 1260 mortis
563 1226 725 1260 extiterit
748 1229 782 1269 1,
808 1229 865 1268 10,
888 1230 944 1262 33.
976 1239 1064 1263 mox
1090 1230 1207 1272 poetis
1236 1228 1367 1263 similes
1395 1227 1558 1262 extitisse

77 1269 261 1316 (oratores)
297 1273 352 1310 12,
367 1273 434 1313 -10,
455 1270 514 1305 42.
536 1278 595 1314 ut,
629 1272 689 1316 qui
713 1272 971 1318 diligentissimi
995 1275 1134 1309 Artium
1161 1274 1355 1318 scriptores
1391 1286 1446 1308 ex
1458 1273 1560 1307 tite-

61 1321 208 1358 runt,
247 1315 292 1350 ab
323 1317 526 1360 eloquentia
546 1318 751 1363 longissime
784 1319 969 1353 fuerint
1004 1322 1040 1363 8,
1066 1322 1123 1355 Pr.
1149 1323 1183 1355 3.
1208 1321 1365 1356 omnium
1389 1321 1426 1355 in
1448 1320 1560 1354 literis

78 1361 275 1405 studiorum
300 1362 578 1407 antiquissimam
606 1363 773 1399 Musicen
799 1364 960 1399 extitisse
991 1370 1025 1410 1,
1053 1369 1110 1411 10,
1137 1370 1193 1402 10.

31 1416 206 1474 Euml-
255 1429 298 1473 1)
330 1429 515 1474 tibiarum,
548 1443 639 1476 quae
661 1432 873 1476 praeclusis,
908 1433 1038 1477 quibus
1061 1435 1282 1479 clarescunt,
1312 1432 1560 1475 foraminibus,

46 1480 54 1490 ·
76 1471 178 1510 ‘recto
207 1477 313 1510 medo
340 1478 442 1510 exitu
469 1478 672 1524 graviorem
708 1478 868 1522 spiritum
893 1481 1047 1513 reddunt
1075 1483 1090 1513 1
1106 1506 1117 1523 ,
1143 1483 1265 1523 11,-7.
1327 1479 1389 1523 11)
1420 1483 1559 1512 transl..-

0 1525 10 1541 ⁷
28 1529 48 1564 ,ζ
81 1519 121 1564 α)
147 1520 292 1566 quidam
310 1522 420 1569 haec,
448 1534 540 1568 quae
560 1525 623 1558 vel
645 1534 696 1558 ex
717 1525 954 1559 efficientibus
982 1525 1159 1568 diximus,
1184 1526 1301 1560 alieno
1324 1526 1469 1571 nomine
1492 1535 1561 1559 vo—

78 1573 164 1615 cant
189 1567 377 1619 ἐξβάσεισ,
405 1568 444 1602 id
467 1575 522 1603 est
544 1569 663 1603 exitus
690 1570 724 1609 5,
751 1573 807 1613 10,
831 1571 899 1614 86;
935 1577 1047 1605 artem
1069 1572 1114 1605 ad
1134 1572 1271 1606 exitum
1296 1573 1416 1617 alligat
1439 1575 1475 1614 2,
1503 1573 1559 1613 15,

81 1612 139 1648 35.
163 1619 265 1651 exitu
287 1614 459 1658 comperit
482 1617 541 1661 11,
563 1618 599 1657 2,
625 1618 680 1648 12.
717 1616 841 1659 judicii
864 1617 966 1651 exitu
989 1618 1031 1660 6,
1057 1621 1099 1660 1,
1122 1617 1179 1652 35.
1215 1618 1412 1662 improviso
1440 1628 1560 1651 rerum

81 1658 183 1693 exitu
205 1661 262 1703 12,
287 1661 322 1703 1,
344 1661 378 1694 3.
403 1660 532 1694 habeat
557 1660 714 1695 narratio
737 1681 783 1687 —
806 1662 924 1696 exitus
950 1662 1153 1707 inopinatos
1175 1661 1210 1706 4,
1234 1666 1269 1706 2,
1301 1666 1378 1699 107-
1437 1662 1483 1705 β)
1504 1665 1563 1695 110·

80 1706 194 1738 minis.-
227 1709 269 1738 ut
296 1711 456 1746 nostrum
479 1706 734 1748 miserabilem,
773 1707 806 1742 si
834 1709 1038 1751 vincamur,
1070 1709 1230 1752 exitum,
1259 1711 1309 1744 ita
1337 1709 1563 1744 adversario-

43 1787 46 1790 ,
79 1761 158 1789 rum
179 1751 392 1794 superbum,
422 1751 453 1785 si
475 1752 650 1796 vicerint,
685 1753 771 1787 utile
800 1760 854 1788 est
876 1752 997 1790 credis
1013 1753 1048 1797 4,
1078 1758 1112 1798 1,
1139 1756 1195 1790 29,

36 1803 264 1847 Exolesoo.
329 1818 444 1863 prima
464 1819 615 1864 positio,
645 1819 784 1855 etiamsi
810 1827 989 1858 vetustate
1013 1825 1226 1860 exoleverat
1251 1826 1285 1867 1,
1309 1824 1346 1867 6,
1370 1826 1428 1857 11-

35 1870 259 1914 Exoleffls·
319 1886 485 1919 exoletos
513 1893 677 1921 auctores
699 1889 735 1931 8,
757 1891 792 1931 2,
816 1892 874 1924 12.

36 1938 267 1981 Exordior.
292 1993 301 2002 .
349 1950 553 2002 priusquam
592 1965 734 1988 causam
774 1956 1010 1992 exordiantur
1037 1957 1082 1999 4,
1115 1962 1156 2003 1,
1180 1962 1215 1994 2.
1247 1958 1375 2001 ceteri,
1404 1957 1472 2002 qni
1503 1967 1562 1990 ⁸¹·-

82 2003 162 2030 tem*
177 1995 304 2029 orandi
334 1997 447 2029 literis
478 1996 720 2042 tradiderunt,
757 1999 808 2034 ita
838 2009 920 2036 sunt
954 2004 1099 2047 exorsi,
1122 2005 1235 2057 ’quasi
1266 2003 1436 2057 perfectis
1466 2002 1564 2037 omni

84 2042 164 2121 aliot
200 2051 341 2120 l{entare
390 2041 573 2075 doctrinae
618 2053 790 2079 summam
827 2046 912 2082 inde
950 2050 1176 2093 eloquentiae
1217 2061 1362 2084 manum
1402 2059 1564 2093 impone-

82 2098 150 2122 ren
228 2098 258 2122 r.
313 2111 323 2120 .

38 2143 290 2194 Exordium·
354 2151 405 2206 ιι).
435 2164 511 2188 non
542 2164 687 2204 possum
721 2159 840 2202 togam
877 2163 1100 2202 praetextam
1135 2171 1279 2203 sperare
1292 2186 1303 2204 ‚
1341 2172 1422 2195 cum
1452 2170 1564 2202 exor-

86 2201 184 2234 dium
208 2201 343 2244 pullum
367 2200 511 2234 videam
536 2202 579 2241 5,
607 2201 674 2241 10,
700 2202 757 2234 71.
811 2200 855 2245 β)
888 2205 921 2235 in
945 2206 1105 2238 dicendo:
1149 2207 1246 2250 quod
1276 2205 1564 2250 principium

84 2245 213 2280 Latine
246 2246 308 2279 vel
343 2245 593 2279 exordium
632 2244 780 2288 dicitur,
820 2247 956 2290 majore
987 2251 1139 2292 quadam
1167 2252 1306 2286 ratione
1342 2252 1470 2286 Graeci
1505 2252 1564 2288 vi-

87 2291 216 2324 dentur
236 2292 430 2340 npoalpaqv
451 2289 652 2341 nominasse
674 2290 709 2333 4,
735 2294 768 2334 1,
794 2294 827 2326 1.
860 2294 1044 2337 proximus
1066 2295 1159 2330 liber
1182 2308 1203 2330 a
1239 2298 1385 2342 prima
1417 2303 1564 2342 parte,

87 2336 127 2387 id
159 2341 214 2368 est
244 2334 465 2377 exordio,
500 2335 647 2378 incipiet
679 2336 730 2380 (S
736 2349 773 2379 p.
801 2349 854 2381 pr.
879 2340 904 2372 l.
929 2341 1113 2385 prooemia
1141 2341 1165 2375 i.
1190 2353 1224 2376 e.
1261 2343 1409 2377 exordia
1443 2345 1564 2378 conci-

89 2378 272 2429 piem-3,
307 2382 374 2421 11,
403 2381 450 2414 28
474 2381 511 2413 S.
543 2392 575 2414 v.
611 2382 917 2427 Prooemium3
959 2391 995 2420 et
1032 2387 1222 2421 exordium
1252 2395 1328 2432 est,
1369 2395 1404 2423 et
1434 2390 1563 2425 soliciti

90 2423 289 2475 exordium·
309 2427 374 2475 11,
403 2423 525 2477 3,.48.
564 2437 682 2470 neque
712 2438 785 2462 uno
814 2431 922 2464 modo
952 2432 1117 2466 dicuntur
1141 2432 1290 2468 exo'fflia
1321 2437 1365 2468 ib.
1402 2436 1481 2470 161.
1522 2437 1565 2470 ab

63 2478 68 2480 ⁷
93 2479 191 2512 ejus,
230 2479 292 2512 qui
321 2469 521 2522 dissentiet,
563 2483 718 2524 persona
752 2474 833 2508 duci
875 2477 1083 2520 frequenter
1116 2478 1156 2512 in
1187 2480 1348 2515 conciliis
1379 2481 1567 2516 exordium

0 2547 9 2552 N
92 2517 140 2557 3,
167 2515 210 2556 8,
240 2515 275 2548 8.
316 2516 467 2549 exordia
498 2517 580 2551 duci
603 2527 861 2564 nonnunquam
892 2523 995 2556 etiam
1028 2524 1071 2557 ab
1099 2530 1219 2559 actore
1245 2538 1370 2561 causae
1400 2528 1440 2570 4,
1465 2531 1507 2570 1,
1535 2531 1568 2562 7.

30 2583 36 2610 T
91 2570 229 2612 noyum
258 2570 380 2612 rursus
414 2562 603 2596 exordium
634 2565 763 2598 faciam
801 2569 865 2608 11,
899 2570 944 2609 3,
979 2570 1036 2602 38.
1082 2572 1178 2614 quod
1206 2573 1304 2606 omui
1338 2573 1460 2607 labore
1492 2583 1586 2606 ma->

91 2611 204 2657 tei-iae
239 2605 283 2638 ad
310 2606 534 2658 scribendum
567 2609 760 2644 destinatae
790 2622 865 2645 non
895 2613 1076 2648 inveniret
1107 2618 1294 2652 exordium
1338 2621 1404 2661 10,
1435 2620 1478 2660 3,
1514 2618 1570 2653 14.

0 2699 2 2702 .
86 2660 287 2703 ,proximus-
309 2651 401 2686 liber
430 2655 531 2687 vetut
557 2664 691 2689 novum
722 2663 836 2691 sumet
865 2659 1053 2694 exordium
1082 2663 1099 2695 1
1116 2687 1127 2704 ,
1152 2666 1216 2706 12,
1242 2665 1296 2698 19.
1322 2663 1366 2704 cf.
1391 2663 1437 2706 4,
1463 2663 1511 2707 4,
1535 2665 1566 2699 9.

47 2741 51 2744 .
76 2701 135 2737 >ut
162 2697 349 2731 exordium
380 2705 628 2751 sumant-cum
654 2702 809 2736 clausula
833 2704 879 2745 9,
911 2704 956 2747 4,
978 2706 1044 2748 63,
1081 2707 1120 2741 in
1152 2708 1303 2743 exordio
1334 2720 1400 2752 pro
1432 2709 1570 2744 Milone

28 2758 29 2762 =
82 2748 160 2786 με.
181 2743 223 2786 9,-
241 2741 278 2784 4,
304 2744 381 2776 133.
406 2746 760 2782 exordio-concitiari
785 2748 983 2797 audientem
1011 2753 1052 2795 8,
1084 2753 1139 2787 Pr.
1172 2757 1229 2788 11.
1258 2765 1329 2789 non
1354 2755 1397 2788 ab
1422 2756 1572 2790 exordio

26 2838 29 2841 f
53 2815 67 2818 -.
95 2788 478 2880 Ἥβθιὲχιέἕᾏιίιέιὲ,
493 2792 653 2882 {ige-ml?-
682 2796 745 2838 11,
772 2797 816 2839 1,
839 2794 897 2830 54.
928 2797 1128 2834 hexametri
1158 2801 1311 2835 exordio
1339 2801 1458 2846 coepit
1479 2802 1516 2845 9,
1539 2801 1572 2834 4.
