1728 3002
157 205 238 244 706
665 200 915 244 Pronuntio‘
931 223 984 232 —
1016 168 1183 256 Pronus

202 309 374 363 intelligat
394 316 430 359 4,
454 319 488 359 2,
512 316 569 349 36.
611 314 674 349 ille
693 314 898 358 praetenuis
924 313 1048 359 (sonus)
1072 325 1190 359 neque
1216 321 1318 358 pron.
1342 313 1457 358 flecfi,
1479 323 1596 359 neque
1624 319 1688 347 etc.
1719 351 1722 355 ,

202 368 319 408 potest
343 365 399 405 11,
425 363 457 403 3,
483 359 541 395 41.
586 360 664 395 ead.
687 361 800 396 verba
821 366 953 394 mutata
975 371 1079 405 pron.
1111 359 1292 404 indicant,
1324 359 1518 404 affirmant,
1557 369 1692 405 expro-

202 410 305 443 brant
331 416 390 442 etc.
411 410 453 441 ib.
479 407 561 442 176.
604 408 662 442 De
684 406 973 451 pronuntiatione
1003 410 1022 441 1
1051 406 1138 452 cap.
1165 408 1200 442 3.

160 465 406 507 pronuntio·
455 473 496 517 α)
520 476 720 518 simpliciter.
769 475 805 520 a)
830 477 873 510 de
896 482 1050 510 oratore.-
1085 474 1179 509 bene
1199 471 1432 518 'pronuntiare
1454 481 1528 505 non
1549 469 1694 521 poterit,

205 521 263 556 oui
287 527 346 556 aut
367 521 406 554 in
429 520 568 562 scriptis
591 521 782 566 memoria,
818 528 878 556 aut
899 522 937 556 in
959 520 1023 564 iis,
1059 531 1150 564 quae
1173 519 1290 554 subito
1313 518 1464 553 dicenda
1487 522 1608 560 erunt,
1639 517 1698 550 fa-

206 567 320 602 cilitas
345 572 484 611 promta
507 567 680 601 defuerit:
700 579 784 611 ,nec
809 567 838 602 si
862 567 1134 602 inemendabilia
1162 566 1235 600 oris
1258 564 1488 599 incommoda
1508 563 1705 597 obstabunt-

208 617 264 656 11,
288 615 322 655 3,
350 615 403 646 12.
455 611 506 646 sic
534 613 612 646 fere
644 614 1047 659 componendum,
1085 613 1263 657 quomodo
1294 607 1700 655 pronuntiandum

208 659 275 694 erit
297 660 331 699 9,
357 657 392 700 4,
419 659 499 692 138.
536 664 722 703 antequam
746 660 962 704 pronuntiet,
986 659 1234 694 reumtacere
1256 655 1293 700 4,
1317 659 1350 700 1,
1374 659 1432 692 22.
1466 655 1615 690 tremula
1635 654 1699 689 vel

210 704 409 739 effeminata
426 714 520 739 voce
532 706 763 748 pronuntiant
789 708 845 748 11,
863 708 898 747 3,
910 707 969 742 91.
1001 711 1243 740 transversum
1259 701 1443 737 brachium
1453 701 1641 746 proferunt
1661 704 1699 734 et

210 751 327 785 subito
349 750 581 794 pronuntiant
598 753 713 794 ib.93;
732 751 983 796 pronuntiandi
999 750 1148 785 scientia
1163 753 1196 793 1,
1210 751 1266 793 11,
1278 751 1312 783 1.
1335 749 1449 792 prima
1461 752 1516 782 est
1527 747 1701 781 observa-

210 797 261 831 tio
278 801 376 831 recte
403 796 653 840 pronuntiandi
675 798 1080 843 aequalitas—secunda
1096 795 1256 843 varietati¹
1271 797 1328 838 11,
1345 796 1380 837 3,
1395 792 1454 831 43.
1487 803 1563 826 non
1583 793 1701 826 solum

210 843 249 877 in
281 842 450 876 membris
489 854 634 877 causae
652 844 715 877 sed
748 844 854 878 etiam
891 842 930 878 in
969 843 1126 877 articulis
1156 852 1236 876 esse
1267 840 1421 885 aliquam
1449 835 1703 884 pronuntiandi

211 888 421 924 varietatem
444 890 486 922 ib.
510 889 567 923 51.
606 887 647 932 b)
673 888 715 923 de'
731 892 974 924 comoediarum
992 891 1179 923 actoribus:
1205 886 1358 922 artifices
1370 882 1623 930 pronuntiandi
1645 885 1703 926 11,

213 937 248 978 3,
271 936 328 969 73.
374 945 448 968 ιιοιι
478 934 687 969 comoedum
709 955 756 962 —
787 935 826 970 in
855 935 1119 980 pronuntiando
1141 932 1239 968 facio
1273 935 1317 976 1,
1352 934 1418 975 12,
1451 930 1507 966 14.
1564 934 1703 963 actores

213 979 362 1023 comici,
397 979 458 1024 qui
491 991 559 1015 neo
591 980 640 1015 ita
668 992 833 1025 prorsus,
873 988 913 1016 ut
935 993 1001 1016 nos
1024 982 1135 1028 vulgo
1165 978 1421 1024 loquimur,
1453 973 1706 1022 pronunti-

213 1032 286 1061 ant
319 1029 354 1067 2,
378 1028 435 1069 10,
461 1028 517 1060 13.
562 1032 601 1060 ut
623 1027 690 1062 vix
713 1027 979 1062 comoediarum
1015 1026 1193 1061 actoribus
1225 1026 1357 1070 plures
1378 1022 1518 1057 habitus
1554 1021 1593 1056 in
1620 1029 1708 1065 pro-

214 1072 412 1106 nuntiando
437 1071 664 1116 concipiendi
687 1073 782 1117 sint,
815 1085 920 1119 quam
941 1073 998 1108 his
1021 1073 1060 1107 in
1087 1071 1239 1107 dicendo
1262 1073 1298 1114 3,
1323 1071 1360 1113 8,
1384 1069 1442 1104 51.
1499 1067 1538 1112 c)
1572 1069 1615 1101 de
1646 1067 1707 1110 ju-

216 1117 408 1162 dio-etqui
431 1119 753 1162 pronuntiaverunt
786 1119 829 1163 5,
862 1123 908 1163 2,
943 1123 978 1154 2.
1033 1120 1114 1155 vult
1136 1113 1525 1165 cognoscentium
1555 1112 1708 1158 quisque

213 1164 351 1203 firmam
373 1174 452 1198 esse
476 1165 620 1199 alterius
644 1166 877 1209 sententiam,
912 1171 948 1200 et
969 1165 1047 1209 ipse
1080 1162 1478 1209 pronuntiaturus
1510 1162 1557 1195 ib.
1586 1157 1651 1202 ‹gf-¹
1667 1157 1704 1200 6,

215 1209 250 1253 4,
275 1211 308 1245 9.
338 1210 383 1243 ad
396 1209 517 1254 inique
541 1211 842 1255 pronuntiandum
866 1212 900 1256 5,
923 1215 960 1255 2,
982 1211 1019 1246 4.
1043 1222 1100 1256 ap.
1125 1221 1190 1246 eos
1214 1210 1313 1244 solos
1334 1206 1490 1252 judices,
1525 1204 1588 1250 qui
1609 1204 1709 1238 nulla

215 1254 468 1299 pronuntiandi
492 1257 609 1290 forma
631 1262 796 1292 tenentur
831 1259 873 1301 5,
899 1259 964 1300 13,
989 1257 1023 1292 5.
1075 1256 1138 1291 illa
1159 1252 1390 1300 (argumenta)
1413 1254 1458 1287 ad
1491 1250 1710 1287 credendum

216 1306 428 1345 praeparant
452 1302 627 1344 judicem,
654 1304 744 1337 haec
767 1304 812 1337 ad
834 1303 1135 1347 pronuntiandum
1156 1302 1199 1345 6,
1221 1300 1266 1344 4,
1290 1302 1350 1335 22.
1393 1303 1556 1341 uttauto
1579 1295 1709 1332 clarior

217 1347 337 1380 futura
359 1345 404 1397 sit
429 1345 516 1379 fides
541 1358 583 1393 ao
606 1348 732 1393 religio
756 1348 794 1381 in
816 1349 1078 1392 pronuntiando
1103 1350 1161 1390 11,
1185 1350 1219 1390 1,
1242 1346 1301 1382 75.
1346 1343 1389 1389 β)
1414 1358 1442 1378 c.
1473 1345 1550 1387 obj.
1564 1358 1576 1378 .·
1602 1345 1728 1386 prout,

218 1391 292 1427 oris
316 1392 438 1425 habltu
466 1391 571 1425 simili
595 1399 651 1425 aut
678 1393 822 1428 diverso
848 1393 1170 1436 pronuntiabuntur
1193 1392 1339 1435 (literae)
1364 1392 1407 1432 9,
1429 1388 1472 1430 4,
1495 1387 1553 1423 34.
1603 1385 1649 1428 cs·
1675 1388 1726 1429 1»

219 1439 254 1480 5,
284 1437 342 1471 60.
394 1437 488 1471 hanc
524 1438 707 1481 (diuersam
738 1439 1015 1482 propositionem)
1048 1437 1237 1482 aliquando
1270 1435 1485 1477 irridentes,
1518 1432 1728 1479 aliquando,

219 1482 395 1517 imitantes
417 1483 687 1524 pronuntiamus
720 1485 777 1527 11,
800 1485 835 1527 3,
861 1484 942 1529 163.
988 1489 1024 1518 et
1055 1482 1269 1519 divisionem
1302 1483 1370 1524 pro
1404 1479 1580 1514 sententia
1612 1476 1722 1521 pont,

220 1535 257 1563 et
280 1534 547 1575 argumentum,
584 1529 615 1563 si
638 1535 756 1564 tamen
779 1529 819 1563 in
843 1531 1000 1564 clausula
1024 1535 1062 1564 et
1086 1530 1183 1564 calce
1207 1525 1460 1570 pronuntietur
1492 1526 1534 1568 8,
1564 1525 1610 1568 5,
1648 1525 1728 1566 303³

218 1586 287 1609 nec
310 1578 595 1617 prosopopoeiae
620 1576 663 1609 ad
687 1574 863 1610 comicum
884 1578 1022 1610 morem
1046 1572 1273 1631 pvnuntiari
1295 1571 1407 1608 velim
1430 1573 1476 1615 1,
1500 1571 1546 1615 8,
1569 1571 1606 1607 3.
1651 1562 1728 1614 qui‘

220 1626 407 1663 poetarum
440 1620 570 1662 scripta
601 1621 832 1663 pronuntiant
870 1623 937 1665 12,
966 1622 1010 1665 3,
1043 1623 1092 1664 13
1152 1631 1235 1654 omn
1272 1617 1461 1653 Dixere
1491 1626 1635 1662 quoque
1665 1583 1728 1679 d'el

220 1667 380 1709 pluribus
406 1666 564 1708 patronis
587 1676 719 1709 praeco
743 1667 951 1710 pronuntiet
974 1669 1009 1712 1,
1034 1666 1069 1709 5,
1092 1664 1162 1708 433
1197 1664 1238 1701 hi
1261 1663 1322 1710 qui
1358 1663 1450 1706 sint,
1483 1673 1560 1697 non
1593 1661 1728 1711 cujus-4¹

221 1724 361 1757 cunque
396 1718 450 1747 est
471 1713 701 1755 pronuntiare
724 1717 760 1757 2,
786 1714 820 1757 5,
843 1713 890 1748 26
912 1717 958 1748 Ζ.
1014 1711 1187 1758 quidquid
1209 1720 1275 1754 pro
1298 1720 1404 1745 causa
1425 1709 1586 1750 videtur,
1610 1704 1714 1751 quasi

221 1759 457 1793 indubitatum
479 1760 709 1801 pronuntiant
730 1761 777 1804 8,
804 1761 846 1803 5,
875 1762 911 1796 7.
978 1757 1029 1803 γ)
1066 1771 1094 1792 c.
1120 1762 1236 1791 Prae
1245 1769 1295 1801 po
1306 1769 1335 1789 s.
1382 1753 1421 1799 a)
1455 1757 1489 1790 in
1524 1756 1728 1805 universum,

220 1808 246 1841 ι’.
271 1818 302 1850 q.
338 1808 607 1839 sententiam
631 1805 756 1847 sero.-
791 1806 837 1840 de
864 1815 936 1850 quo
958 1815 1033 1839 non
1059 1809 1178 1847 potest
1199 1802 1238 1837 in
1262 1801 1471 1837 universum
1495 1797 1674 1842 pronunti
1726 1802 1728 1806 “

224 1853 289 1894 11,
321 1853 362 1892 2,
395 1849 453 1885 44.
510 1851 611 1886 testis
646 1857 682 1886 et
710 1850 871 1896 quaestio
903 1852 949 1885 de
982 1850 1060 1892 ipsa
1085 1861 1147 1893 re,
1181 1859 1272 1894 quae
1294 1847 1335 1882 in
1360 1846 1493 1891 judioio
1521 1850 1596 1888 est,
1627 1853 1650 1887 p
1678 1857 1686 1873 ι

224 1896 387 1930 nuntiant
413 1898 447 1940 5,
478 1899 535 1940 11,
558 1896 615 1931 44.
660 1896 700 1939 b)
723 1899 766 1931 «le
785 1897 925 1941 judice.-
952 1901 1072 1930 utrum
1101 1895 1206 1930 simul
1241 1895 1287 1929 de
1321 1899 1475 1938 utroque
1510 1900 1685 1934 pronu
1711 1927 1727 1933 1

223 1942 391 1983 tietur,
429 1953 476 1976 an
511 1942 688 1977 sententia
722 1942 794 1987 (ᾱε
825 1942 936 1987 conj.,·
962 1944 1065 1976 Codd.
1090 1952 1137 1976 an
1161 1937 1319 1983 etiamsi)
1352 1940 1397 1973 de
1432 1948 1506 1971 uno
1535 1937 1691 1971 feratu
1718 1951 1725 1970 „-

224 1990 312 2032 (Sp.
342 1988 447 2022 simul
470 1988 507 2023 d.
531 2000 567 2022 u.
594 1988 868 2031 pronuntietur,
891 1987 1032 2022 etiamsi
1055 1987 1089 2022 d.
1111 1998 1147 2020 ιι.
1173 1985 1306 2030 fertur)
1328 1988 1372 2028 7,
1399 1987 1443 2026 2,
1466 1985 1513 2018 20
1535 1983 1583 2017 N.
1609 1994 1658 2016 cr.
1694 2000 1724 2022 ι,

226 2035 262 2067 S.
287 2045 359 2076 res,
387 2034 431 2067 de
455 2045 524 2078 qua
546 2035 837 2076 pronuntiaturus
862 2039 917 2068 est
937 2032 975 2077 4,
997 2035 1033 2076 2,
1058 2036 1091 2066 1.
1136 2031 1291 2074 simplex
1314 2041 1430 2072 causa,
1455 2026 1592 2064 etiamsi
1613 2026 1706 2063 vari

226 2079 447 2122 defenditur,
478 2091 553 2114 non
584 2085 703 2122 potest
732 2081 864 2114 habere
896 2080 976 2121 plus
1003 2088 1076 2112 uno
1106 2076 1246 2120 (statu),
1283 2077 1328 2111 de
1359 2085 1432 2120 quo
1466 2072 1687 2117 pronuntiet
1708 2087 1721 2104 .-

224 2127 260 2168 3,
287 2126 321 2168 6,
347 2127 383 2160 9.
430 2124 475 2166 cs.
501 2128 536 2168 3,
560 2127 616 2168 11,
643 2127 679 2161 8.
725 2125 825 2159 testis
852 2130 890 2159 et
911 2123 1070 2169 quaestio
1094 2124 1139 2158 de
1170 2123 1248 2165 ipsa
1270 2134 1313 2157 re
1336 2120 1564 2164 pronuntiant
1595 2119 1631 2162 5,
1658 2120 1698 2153 11
1719 2159 1725 2171 r

225 2169 284 2205 44.
328 2170 492 2205 modesto
517 2177 554 2206 et
580 2172 836 2213 circumspecto
857 2170 992 2214 iudicio
1015 2170 1059 2204 de
1082 2168 1188 2203 tantis
1221 2168 1311 2204 viris
1343 2165 1642 2210 pronuntiandum
1670 2179 1721 2195 :1³

227 2218 283 2259 10,
309 2218 342 2258 1,
365 2217 422 2251 26.
468 2217 596 2251 accidit
629 2227 885 2261 nonnunquam
918 2217 998 2250 ead.
1033 2225 1159 2257 causa,
1194 2215 1239 2248 de
1275 2225 1346 2258 qua
1378 2209 1678 2254 pronuntiari

227 2268 566 2308 cognoscatque
595 2263 726 2296 iterum
760 2265 826 2304 11,
862 2265 906 2305 1,
940 2264 1000 2296 77.
1052 2259 1280 2303 probationes
1304 2259 1473 2293 adhibere
1497 2267 1649 2299 causae,
1671 2256 1709 2289 d

227 2319 297 2351 qua
322 2317 428 2342 nemo
459 2307 505 2341 sit
538 2308 829 2350 pronuntiaturus
859 2310 896 2351 2,
918 2309 975 2349 10,
1002 2307 1037 2341 8.
1086 2304 1133 2347 os.
1156 2305 1190 2349 5,
1214 2307 1271 2348 13,
1297 2306 1331 2340 9.
1381 2307 1437 2347 12,
1459 2304 1497 2346 8,
1523 2303 1576 2338 15.
1623 2300 1719 2350 judi

229 2364 308 2387 cem
332 2353 376 2387 de
399 2363 444 2388 eo
469 2354 797 2396 pronuntiaturum,
820 2353 918 2398 quod
942 2350 1159 2386 intellexerit
1181 2350 1218 2393 4,
1238 2353 1273 2393 2,
1298 2349 1356 2386 45.
1403 2360 1508 2392 eum,
1535 2347 1595 2393 qui
1618 2358 1657 2381 n·

228 2399 413 2433 deserente
438 2400 556 2442 jurare
581 2400 627 2434 sit
649 2405 812 2443 paratus,
846 2399 964 2440 ipsum
988 2398 1085 2432 velle
1112 2397 1158 2431 de
1186 2407 1294 2431 causa
1318 2407 1382 2430 sua
1416 2393 1646 2436 pronuntiare
1688 2399 1700 2405 ⁴

229 2445 265 2486 6,
290 2446 325 2479 3.
368 2450 516 2486 propter
539 2451 575 2479 te
602 2447 786 2479 damnatus
815 2450 869 2479 est
890 2449 1012 2486 pater:
1036 2442 1216 2477 videbaris
1240 2441 1335 2477 enim
1361 2442 1405 2475 de
1429 2451 1535 2474 causa
1556 2449 1663 2481 pron
1683 2457 1706 2468 2-

230 2490 335 2524 tiasse
360 2491 523 2533 (absentia
544 2489 617 2533 tua)
642 2495 677 2534 7,
704 2494 738 2534 1,
763 2491 819 2525 53.
867 2490 912 2523 de
937 2489 1015 2523 ead.
1042 2499 1149 2522 causa
1183 2487 1446 2530 pronuntiatum
1475 2491 1531 2520 est
1562 2487 1595 2527 5,
1618 2487 1657 2528 2,
1704 2487 1707 2494 '

231 2535 380 2568 ambitus
406 2537 505 2571 adv.
530 2536 685 2580 amicos,
709 2541 769 2570 aut
796 2545 879 2577 pro
903 2535 981 2576 his,
1011 2533 1218 2578 quibuscum
1240 2534 1435 2567 simultates
1458 2537 1602 2578 gerant,
1630 2539 1653 2572 p
1681 2545 1687 2558 ·
1709 2530 1714 2531 ⁷

231 2580 414 2614 nuntiandi
446 2580 488 2624 4,
524 2584 566 2624 1,
602 2584 657 2617 18.
717 2582 755 2616 id
780 2582 877 2627 quod
914 2580 1118 2622 pronuntiat
1152 2579 1286 2623 judex,
1324 2589 1399 2612 non
1432 2577 1491 2620 id,
1522 2580 1719 2623 propte-¹

232 2627 327 2667 quod
359 2626 564 2666 pronuntiat
593 2629 628 2671 3,
651 2628 687 2671 6,
709 2630 768 2662 73.
814 2632 854 2661 ut
889 2637 935 2660 se
947 2627 1138 2660 cundum
1169 2625 1208 2659 id
1239 2623 1464 2667 pronuntiet,
1501 2622 1598 2667 quod
1629 2623 1723 2656 sor-³

231 2679 375 2704 narrare
402 2677 436 2705 te
456 2673 613 2707 noluisse
637 2673 674 2716 4,
698 2676 733 2716 2,
756 2672 814 2708 66.
1695 2671 1728 2726 ’1

187 2721 220 2763 P
220 2736 364 2764 sonus·
411 2736 444 2779 1)
468 2741 664 2781 proprie.-
701 2738 856 2781 (digitus)
888 2749 1014 2774 versus
1034 2738 1073 2772 in
1095 2744 1225 2772 terram
1257 2742 1292 2770 et
1317 2735 1416 2780 qnasi
1448 2745 1591 2777 pronus
1612 2719 1728 2779 urget}

234 2782 291 2824 11,
313 2781 347 2821 3,
370 2780 425 2815 94.
478 2791 625 2822 prona
657 2795 698 2819 ac
720 2785 901 2826 paululum
931 2785 1113 2825 prolata
1145 2781 1296 2827 (maun)
1320 2785 1364 2816 ib.
1399 2781 1457 2816 96.
1484 2779 1651 2822 supine
1672 2778 1728 2816 int·
