1728 3002
138 204 222 244 650
455 223 458 234 =
602 201 821 256 Perspicio
851 222 906 230 --
935 200 1220 256 Perspicuitas

185 316 236 351 ita
275 322 329 351 est
367 315 531 350 omnibus
578 316 746 358 rebus,
791 314 1032 359 personis,
1085 315 1354 349 affectibus
1394 315 1681 350 accommodatus

186 362 435 407 (sslenander)
471 365 527 405 10,
553 364 587 405 1,
625 363 680 397 69.
729 360 775 403 cs.
812 364 856 395 ib.
887 364 968 396 101.
999 365 1056 405 11,
1085 364 1118 405 1,
1143 364 1179 396 2.
1226 360 1393 395 dicacitas
1415 361 1572 398 scm-tilis
1596 362 1681 396 huic

184 420 279 454 pers.
306 409 354 453 (i,
381 422 410 442 e.
441 407 648 449 oratori)
681 407 896 442 alienissima
918 409 953 452 6,
979 410 1014 451 3,
1052 409 1109 444 29.
1156 407 1320 452 personis
1353 406 1573 451 applicantur
1605 418 1681 442 non

184 456 336 502 pignora
359 456 485 497 modo,
525 456 588 488 sed
620 454 924 499 propinquitates,
967 454 1154 489 amicitiae.
1176 462 1238 488 etc.
1272 452 1314 496 4,
1349 455 1394 496 1,
1429 455 1486 487 30.
1533 452 1619 498 quid
1642 466 1679 498 p.

186 504 313 547 cuique
339 501 551 536 convenerit
579 505 612 543 1,
640 502 675 544 8,
704 505 759 536 17.
783 500 828 542 cs.
858 503 892 545 3,
917 502 952 543 8,
979 503 1033 536 51.
1055 500 1173 535 reddit
1195 499 1359 544 personis
1384 498 1539 533 debitam
1563 499 1681 546 digni—

187 555 293 583 tatem
322 551 378 591 10,
406 551 439 590 1,
464 548 521 582 62.
551 546 595 589 cf.
627 550 683 591 11,
710 550 744 591 1,
774 548 831 582 66.
878 547 1011 591 aliquid
1035 546 1370 582 'commendantium
1393 545 1558 590 personis
1585 546 1682 580 dabit

187 599 243 638 12,
267 598 301 637 7,
337 596 370 630 5.
417 605 463 628 ne
500 594 637 628 alienae
669 606 705 638 p.
739 605 870 629 vocem
907 595 1029 628 demus
1060 593 1097 637 4,
1131 596 1172 637 2,
1209 595 1288 628 103.
1334 593 1451 627 fictam
1484 591 1682 627 orationem

183 642 333 676 induere
358 639 521 685 personis
545 639 580 684 4,
607 643 639 683 1,
664 641 722 675 28.
771 638 807 681 ζ)
834 644 1020 674 Accusat..·
1055 642 1136 682 hae,
1174 639 1337 684 personis
1374 639 1483 673 modo
1520 638 1681 681 adjectis,

184 688 365 722 suasoriae
389 692 493 721 erunt
516 690 551 729 2,
581 685 616 729 4,
641 689 697 722 25.
721 699 758 731 p.
782 686 948 721 Herculis
977 692 1098 732 aptare
1121 686 1315 721 infantibus
1349 686 1385 729 6,
1413 688 1447 728 1,
1472 680 1518 719 36
1540 685 1590 721 N.
1623 684 1682 718 cui

185 733 383 769 sententiae
407 746 441 778 p.
468 734 508 767 L.
539 732 657 768 Crassi
680 733 893 780 assignando
919 736 975 774 10,
1001 736 1034 777 3,
1064 736 1096 767 1.
1145 733 1230 778 quid
1258 744 1294 777 p.
1330 733 1455 766 deceat
1484 733 1538 771 10,
1562 732 1597 774 3,
1623 732 1679 765 15.

184 782 382 822 suadendo,
410 780 630 826 objurgando
656 788 716 814 eic.
743 792 836 824 pers.
860 779 1009 814 idoneas
1027 781 1151 813 damus
1172 780 1208 820 9,
1225 782 1260 822 2,
1281 780 1337 813 30.
1357 790 1391 822 p.
1410 777 1535 811 induat
1553 776 1682 820 judicis

186 831 242 869 12,
270 829 304 870 8,
334 828 389 862 15.
414 839 446 861 v.
477 827 592 859 Indu
605 836 639 860 o.
683 826 855 862 invadent
881 839 917 871 p.
942 827 1160 861 favorabiles
1181 826 1223 869 7,
1261 828 1304 868 1,
1335 823 1398 858 43.v
1419 822 1610 867 omniaque
1634 839 1680 846 —·

183 885 380 918 personae,
415 872 644 918 quaestiones
677 880 738 906 etc.
773 874 938 907 habenda
971 872 1010 906 in
1048 871 1163 906 oculis
1196 874 1260 915 10,
1292 874 1338 912 7,
1374 870 1431 904 15.
1491 892 1501 901 .
1539 867 1682 913 saepius

183 921 326 955 decoris
354 920 465 966 gratia
488 919 670 952 intuemur
701 921 735 962 3,
774 920 810 962 8,
844 920 900 954 35.
946 925 987 952 ut
1017 917 1167 953 Antonii
1197 930 1232 962 p.
1266 914 1432 952 servetur
1464 882 1509 957 Ξ,
1543 917 1610 958 17,
1646 914 1682 963 6.

184 969 304 1011 plures
330 966 450 1000 subire
478 978 526 1009 p.,
545 971 691 1009 >patr-um
717 973 777 999 etc.
807 968 863 1007 10,
890 969 924 1007 1,
947 968 1004 1001 71.
1029 978 1049 1000 a
1084 977 1123 999 se
1146 963 1290 1008 parasiti
1312 975 1348 1008 p.
1373 972 1453 996 esse
1481 965 1683 1005 susceptam

183 1014 217 1055 4,
244 1016 279 1055 2,
303 1014 359 1049 95.
387 1025 422 1056 p.
446 1019 593 1056 propter
612 1011 770 1056 aliquam
809 1023 951 1046 causam
982 1012 1246 1045 transferuntur
1277 1011 1312 1052 3,
1345 1009 1381 1052 6,
1412 1010 1480 1049 703
1521 1007 1621 1050 cujus
1644 1018 1681 1049 p.

183 1060 362 1094 tuebimur
385 1063 420 1102 7,
446 1063 480 1101 1,
504 1060 560 1093 39.
588 1058 697 1103 (vox)
724 1058 866 1092 interim
890 1059 934 1092 ad
958 1069 1053 1092 rem
1087 1058 1219 1100 relata,
1249 1054 1393 1090 interim
1417 1054 1471 1088 ad
1495 1064 1620 1098 pers.
1645 1053 1682 1094 8,

183 1108 218 1150 5,
247 1109 279 1141 3.
307 1105 350 1147 cf.
376 1108 412 1148 3,
436 1107 471 1148 5,
498 1107 553 1139 13.
579 1105 744 1148 equidem
766 1110 802 1139 et
824 1104 870 1138 in
892 1115 1018 1148 pers.
1040 1103 1150 1138 in'cidi
1172 1105 1274 1146 tales,
1299 1107 1334 1136 et
1358 1100 1396 1134 in
1419 1111 1514 1135 rem
1539 1109 1683 1144 quoque

182 1157 216 1193 9,
243 1157 279 1196 2,
303 1155 361 1187 73.
388 1151 436 1185 in
461 1151 564 1185 aliam
587 1162 710 1185 rursus
739 1150 771 1185 ei
797 1149 1012 1231 (αᾶυοοαφ
1035 1161 1130 1195 pers.
1168 1149 1424 1183 transeundum
1460 1152 1514 1180 est
1550 1147 1606 1188 12,
1645 1145 1683 1187 8,

185 1201 239 1232 10.
288 1198 322 1241 η)
348 1201 463 1231 Ablat.
490 1197 526 1240 a)
553 1197 713 1242 (ironia)
739 1203 799 1231 aut
823 1207 964 1241 pronun
986 1197 1112 1240 ‚atione
1135 1194 1357 1242 intelligitur,
1383 1198 1444 1227 aut
1467 1194 1681 1236 persona,

183 1250 243 1278 aut
266 1243 338 1277 rei
362 1249 487 1276 natura
511 1245 546 1286 8,
570 1244 605 1283 6,
633 1242 689 1277 54.
739 1255 818 1277 cum
844 1243 949 1277 etiam
976 1243 1119 1277 testium
1152 1241 1315 1286 personis
1351 1239 1468 1285 aliqua
1502 1242 1685 1271 mutentur

183 1293 241 1333 12,
268 1292 323 1332 10,
349 1290 406 1323 56.
433 1289 533 1331 cujus
558 1287 758 1332 (Socratis)
788 1288 881 1332 pers.
910 1289 1053 1324 videtur
1077 1289 1182 1324 Plato
1207 1286 1420 1334 significare,
1445 1284 1531 1330 quid
1555 1282 1684 1318 sentiat

182 1339 218 1379 2,
245 1335 299 1377 15,
328 1336 385 1369 26.
411 1334 598 1380 litigatoris
624 1346 666 1366 an
693 1334 858 1368 advocati
882 1334 928 1368 sit
955 1346 1049 1379 pers,
1081 1335 1255 1368 utendum
1285 1332 1322 1376 4,
1349 1335 1382 1375 1,
1406 1331 1464 1365 46.
1512 1334 1683 1362 nostra

182 1395 219 1427 p.
244 1381 374 1414 utimur
402 1391 469 1424 pro
494 1380 652 1413 aliena
676 1381 710 1422 9,
737 1382 770 1422 3,
794 1383 852 1413 22.
880 1380 926 1421 cs.
953 1383 986 1423 1,
1011 1382 1046 1422 8,
1075 1382 1116 1422 33
1147 1379 1304 1413 aliena
1331 1377 1387 1420 (a.
1413 1381 1436 1410 l.
1463 1377 1528 1410 sub
1553 1373 1620 1416 al.)
1643 1386 1680 1418 p.

183 1428 270 1462 dicit
297 1431 355 1471 11,
381 1431 413 1470 1,
439 1429 496 1460 21.
545 1425 581 1459 id
611 1425 684 1460 Cic.
714 1436 792 1459 sua
819 1425 896 1469 ipse
920 1437 956 1469 p.
984 1424 1156 1469 praecipit
1179 1427 1238 1466 10,
1270 1426 1304 1465 5,
1329 1425 1364 1456 2.
1412 1423 1458 1456 Et
1489 1421 1567 1465 ipse
1603 1418 1680 1454 Cic.

185 1475 279 1520 (Sp.
301 1477 401 1508 inser.
419 1472 484 1515 in)
510 1483 590 1506 sua
614 1484 649 1515 p.
675 1472 845 1506 virtutem
870 1482 948 1505 eam
973 1472 1126 1515 appellat
1151 1473 1186 1514 2,
1212 1472 1270 1513 20,
1296 1471 1350 1502 10.
1398 1466 1435 1511 b)
1466 1474 1541 1512 post
1569 1469 1682 1518 Praf-

181 1523 294 1566 posin.
309 1534 319 1554 :
353 1525 523 1563 quantum
549 1518 660 1551 fuerit
682 1517 752 1551 illis
776 1517 865 1552 viris
890 1517 1032 1552 decoris
1057 1517 1105 1551 in
1129 1517 1280 1551 rebus
1313 1520 1419 1558 atque
1452 1524 1502 1558 pe
1514 1522 1683 1546 rsonls

183 1570 240 1608 10,
268 1569 303 1609 2,
332 1568 390 1599 27.
415 1564 458 1607 cs.
487 1567 543 1608 10,
570 1567 603 1607 1,
626 1567 686 1600 27.
732 1575 827 1598 rem
849 1565 965 1608 ipsam
990 1564 1145 1608 probare
1164 1563 1203 1597 in
1221 1561 1460 1607 qualicunque
1482 1569 1598 1604 pers.
1625 1561 1681 1601 11,

183 1618 217 1657 1,
243 1615 300 1648 73.
324 1611 488 1656 quamvis
515 1611 553 1644 in
577 1610 697 1644 multis
722 1622 758 1655 p.
783 1622 890 1644 causa
916 1615 1037 1645 tamen
1068 1621 1140 1643 una
1171 1611 1206 1652 3,
1239 1611 1294 1651 10,
1328 1611 1363 1641 2.
1394 1605 1441 1649 cf.
1473 1609 1517 1648 7,
1550 1607 1586 1648 2,
1625 1605 1683 1656 38.

183 1662 238 1696 (10
264 1671 313 1703 p.,
338 1670 381 1693 ea
404 1655 526 1702 (pars)
552 1657 752 1691 ostenditur
774 1655 956 1691 laudativa
973 1659 1008 1700 3,
1024 1657 1060 1699 6,
1079 1656 1136 1691 56.
1160 1663 1419 1698 nonnunquam
1439 1653 1495 1686 (10
1517 1660 1681 1698 personis

183 1705 306 1751 quaeri
329 1708 365 1748 2,
393 1704 431 1747 4,
461 1705 515 1740 19.
562 1705 614 1737 (10
638 1714 755 1747 pers.
781 1702 979 1747 judicatur,
1020 1703 1083 1736 sed
1108 1703 1160 1736 de
1196 1701 1338 1735 rebus
1369 1698 1684 1749 contenditurup,

182 1756 218 1796 5,
246 1754 300 1786 13.
330 1764 362 1785 υ.
388 1752 564 1791 Locus3
602 1750 893 1783 benevolentiam
916 1760 937 1782 a
964 1759 1059 1793 pers.
1087 1747 1249 1782 ducimus
1275 1744 1312 1789 4,
1349 1748 1383 1788 1,
1406 1745 1441 1780 6.
1485 1743 1526 1778 in
1557 1751 1683 1787 prinus
1702 1783 1710 1786 ξ

181 1803 388 1845 argumenta
412 1809 431 1830 a
454 1809 488 1840 p.
514 1797 676 1830 ducenda
701 1796 735 1839 5,
752 1798 808 1838 10,
823 1798 880 1829 23.
907 1794 954 1836 cs.
977 1798 1012 1838 7,
1042 1798 1078 1837 2,
1103 1797 1170 1837 31;
1196 1792 1374 1827 firmiores
1398 1801 1454 1825 ex
1479 1801 1544 1824 sua
1567 1789 1686 1840 cujus·-

182 1856 253 1889 que
277 1856 311 1888 p.
339 1842 569 1887 probationes
597 1845 629 1883 5,
655 1845 711 1885 12,
738 1844 794 1876 13.
838 1852 962 1875 omnes
987 1842 1104 1875 adhuc
1130 1838 1359 1885 quaestiones
1382 1848 1443 1871 ex
1465 1848 1500 1881 p.
1523 1835 1687 1888 petitoris

182 1891 349 1925 duximus
386 1894 422 1932 7,
456 1893 490 1930 1,
524 1889 578 1923 54.
627 1899 718 1932 quae
751 1889 814 1923 vel
850 1894 955 1922 extra
991 1898 1132 1921 causam
1167 1897 1224 1920 ex
1253 1883 1418 1929 personis
1456 1891 1685 1917 occasionem

183 1937 361 1972 clamandi
399 1935 596 1982 largiantur
626 1938 683 1977 12,
728 1936 763 1977 8,
803 1937 837 1968 2.
892 1933 1038 1968 interim
1078 1944 1135 1967 ex
1174 1943 1197 1976 p
1214 1941 1394 1967 ersona
1425 1928 1595 1980 probatio·
1614 1926 1684 1960 rei

180 1984 313 2027 petitur
336 1986 371 2026 7,
399 1985 433 2025 2,
459 1984 514 2016 15.
564 1980 648 2026 quid
672 1981 710 2014 in
735 1991 912 2025 quemque
935 1980 1079 2015 testium
1104 1978 1296 2012 dicendum
1322 1977 1385 2018 sit,
1412 1975 1502 2009 sumi
1528 1973 1683 2007 nisrex

180 2031 341 2074 ipsorum
365 2039 458 2072 pers.
484 2038 558 2062 non
581 2032 700 2072 potest
724 2028 759 2070 5,
783 2027 819 2070 7,
847 2027 905 2062 25.
953 2038 1012 2061 ex
1035 2036 1130 2070 pers,
1155 2024 1307 2058 trahitur
1329 2023 1476 2057 affectus
1502 2021 1538 2063 6,
1563 2022 1599 2064 1,
1615 2018 1682 2062 26;

180 2078 251 2111 1100
274 2075 387 2122 magis
409 2074 576 2110 minusve
602 2073 774 2108 vitiosum
802 2079 857 2107 est
879 2083 963 2117 pro
987 2083 1083 2117 pers,
1106 2070 1301 2105 dicentium
1326 2072 1384 2112 11,
1414 2070 1448 2112 1,
1476 2070 1533 2102 27.

273 2143 344 2189 ΙΙΙ)
367 2145 607 2186 grammatica.-
636 2143 675 2176 in
698 2141 821 2177 verbis
847 2141 926 2186 quis
949 2146 1004 2176 est
1029 2141 1120 2175 adeo
1144 2138 1350 2183 imperitus,
1376 2142 1416 2170 ut
1439 2152 1484 2160 —
1510 2139 1683 2187 perso-nas

183 2199 245 2225 etc.
270 2191 413 2239 ignoret
440 2195 472 2232 1,
497 2189 532 2231 4,
558 2191 616 2222 27.
664 2188 871 2223 soloecismi
895 2199 959 2231 per
988 2197 1160 2231 personas
1195 2188 1228 2228 1,
1262 2185 1295 2227 5,
1329 2183 1388 2218 41.
1426 2181 1540 2217 verba
1570 2190 1686 2224 prima

180 2250 216 2281 p.
241 2237 345 2272 litera
369 2247 391 2271 o
419 2236 606 2269 terminata
631 2237 663 2279 1,
687 2236 723 2278 6,
753 2237 810 2270 15.
859 2235 987 2279 quaed.
1015 2230 1173 2276 (verba)
1199 2230 1324 2265 tertiae
1348 2230 1490 2264 demum
1512 2238 1548 2271 p.
1570 2226 1685 2274 figura

180 2283 348 2317 dicuntur
372 2286 405 2326 1,
428 2280 465 2326 4,
488 2283 547 2318 29.
1724 2285 1728 2288 ·

134 2341 368 2395 PerSPiCiO-
405 2350 452 2384 in
476 2360 548 2394 quo
574 2347 729 2383 studium
752 2346 1008 2394 ingeniumque
1034 2343 1259 2389 perspexerit
1284 2346 1317 2387 1,
1342 2345 1377 2386 2,
1414 2339 1550 2394 1⁶:.⁶f·
1585 2342 1618 2382 1,
1648 2341 1684 2382 3,

183 2400 216 2439 1,
247 2397 305 2441 qui
331 2403 477 2431 naturae
500 2396 576 2431 vim
601 2406 742 2430 omnem
770 2394 912 2439 penitus
939 2391 1164 2437 perspexerit
1183 2394 1240 2434 12,
1272 2393 1308 2434 2,
1341 2388 1378 2423 4.
1417 2388 1570 2439 utilitate
1599 2396 1684 2430 per-

182 2449 303 2485 specta
326 2446 360 2481 2,
383 2446 442 2485 20,
478 2443 521 2485 83
568 2453 627 2476 ex
659 2443 765 2476 vultu
799 2440 1035 2487 ingressuque
1069 2436 1284 2482 perspicitur
1314 2434 1455 2469 habitus
1486 2441 1685 2486 animorum
1718 2441 1728 2481 γς

183 2491 239 2531 11,
265 2491 299 2531 3,
323 2490 391 2531 663
431 2500 505 2523 non
529 2488 614 2522 satis
637 2486 850 2532 perspiciat,
883 2490 1053 2530 qnantum
1085 2489 1212 2517 natura
1236 2481 1382 2516 humani
1404 2480 1540 2527 ingenii
1566 2479 1685 2522 valeat

185 2537 218 2575 1,
246 2537 301 2575 12,
331 2538 364 2567 2.
413 2541 452 2568 ut
475 2534 686 2579 perspiciat,
719 2544 810 2579 quae
835 2533 985 2578 quisque
1012 2528 1262 2574 (praeceptor)
1296 2533 1333 2562 et
1360 2525 1541 2572 quomodo
1562 2523 1685 2558 laudet
1724 2559 1728 2574 „-

183 2583 218 2621 2,
243 2582 278 2620 2,
305 2582 358 2613 13.
386 2580 432 2621 cs.
460 2584 493 2623 1,
525 2583 560 2624 3,
584 2581 607 2616 6
631 2584 675 2615 Ζ.

136 2635 380 2688 perspicue·
428 2648 592 2683 Latine
616 2647 955 2693 perspicueque
984 2645 1138 2680 dicendo
1162 2645 1197 2687 8,
1221 2645 1258 2688 3,
1283 2644 1318 2677 3.

136 2703 438 2757 PesSPiCUitaS·
488 2716 614 2757 oratio,
641 2717 740 2760 cujus
766 2726 901 2750 summa
922 2714 1037 2750 virtus
1061 2718 1115 2748 est
1138 2723 1259 2756 persp.
1294 2712 1328 2752 1,
1351 2709 1388 2752 6,
1410 2706 1469 2741 41.
1507 2705 1553 2748 cs.
1589 2708 1625 2748 2,
1648 2706 1684 2758 3,
1716 2688 1728 2764 Ξ

184 2760 220 2794 8·
245 2761 281 2800 8,
307 2762 342 2801 2,
369 2763 427 2794 22.
454 2771 574 2794 rerum
602 2773 719 2805 persp.
744 2773 816 2806 quo
842 2762 952 2795 modo
977 2760 1186 2804 praestanda
1210 2758 1256 2791 sit
1283 2756 1319 2798 8,
1342 2757 1378 2798 2,
1414 2756 1472 2787 22.
1503 2761 1683 2797 perspi·
1715 2768 1718 2771 ·

189 2805 416 2839 cuitatem
439 2807 612 2849 propriis,
648 2813 819 2841 ornatu
833 2819 868 2840 m
890 2806 1066 2841 translatis
1093 2803 1214 2840 verbis
1249 2800 1362 2848 magis
1386 2810 1494 2846 egere
1517 2800 1553 2841 8,
1577 2799 1613 2841 3,
1639 2795 1684 2831 15
