<?xml version="1.0" encoding="UTF-8"?>
<!DOCTYPE html PUBLIC "-//W3C//DTD XHTML 1.0 Transitional//EN"
    "http://www.w3.org/TR/xhtml1/DTD/xhtml1-transitional.dtd">
<html xmlns="http://www.w3.org/1999/xhtml" xml:lang="en" lang="en">
 <head>
  <title>
</title>
<meta http-equiv="Content-Type" content="text/html;charset=utf-8" />
  <meta name='ocr-system' content='tesseract 3.04.00' />
  <meta name='ocr-capabilities' content='ocr_page ocr_carea ocr_par ocr_line ocrx_word'/>
</head>
<body>
  <div class='ocr_page' id='page_1' title='image "./lexiconquintilia06bonnuoft_0743.png"; bbox 0 0 1728 3002; ppageno 0'>
   <div class='ocr_carea' id='block_1_1' title="bbox 467 207 1543 267">
    <p class='ocr_par' dir='ltr' id='par_1_1' title="bbox 467 207 1543 267">
     <span class='ocr_line' id='line_1_1' title="bbox 467 207 1543 267; baseline -0.003 -14"><span class='ocrx_word' id='word_1_1' title='bbox 467 211 722 267; x_wconf 85' lang='lat' dir='ltr'><strong>Perspicuus</strong></span> <span class='ocrx_word' id='word_1_2' title='bbox 750 231 805 240; x_wconf 92' lang='lat'>—</span> <span class='ocrx_word' id='word_1_3' title='bbox 835 209 1063 252; x_wconf 80' lang='lat' dir='ltr'><strong>Persuasio</strong></span> <span class='ocrx_word' id='word_1_4' title='bbox 1464 207 1543 251; x_wconf 83' lang='lat'><strong>6⁵1</strong></span> 
     </span>
    </p>
   </div>
   <div class='ocr_carea' id='block_1_2' title="bbox 56 321 1549 416">
    <p class='ocr_par' dir='ltr' id='par_1_2' title="bbox 56 321 1549 416">
     <span class='ocr_line' id='line_1_2' title="bbox 56 321 1549 368; baseline -0.003 -6"><span class='ocrx_word' id='word_1_5' title='bbox 56 339 95 364; x_wconf 64' lang='grc' dir='ltr'><strong>ο.</strong></span> <span class='ocrx_word' id='word_1_6' title='bbox 121 330 343 366; x_wconf 81' lang='lat' dir='ltr'><strong>Ornatus.</strong></span> <span class='ocrx_word' id='word_1_7' title='bbox 366 324 616 362; x_wconf 80' lang='lat' dir='ltr'><strong>evidentia</strong></span> <span class='ocrx_word' id='word_1_8' title='bbox 638 324 767 368; x_wconf 88' lang='lat' dir='ltr'><strong>subjici</strong></span> <span class='ocrx_word' id='word_1_9' title='bbox 789 323 1138 368; x_wconf 74' lang='lat' dir='ltr'><strong>perspicuitati</strong></span> <span class='ocrx_word' id='word_1_10' title='bbox 1162 328 1282 367; x_wconf 86' lang='lat' dir='ltr'><strong>potest</strong></span> <span class='ocrx_word' id='word_1_11' title='bbox 1314 321 1351 366; x_wconf 87' lang='lat'><strong>4,</strong></span> <span class='ocrx_word' id='word_1_12' title='bbox 1375 325 1412 367; x_wconf 87' lang='lat'><strong>2,</strong></span> <span class='ocrx_word' id='word_1_13' title='bbox 1445 322 1493 360; x_wconf 88' lang='lat'><strong>64</strong></span> <span class='ocrx_word' id='word_1_14' title='bbox 1515 336 1549 358; x_wconf 77' lang='lat' dir='ltr'><strong>v.</strong></span> 
     </span>
     <span class='ocr_line' id='line_1_3' title="bbox 59 370 935 416; baseline -0.009 -4"><span class='ocrx_word' id='word_1_15' title='bbox 59 371 342 412; x_wconf 75' lang='lat' dir='ltr'><strong>Evidentia:</strong></span> <span class='ocrx_word' id='word_1_16' title='bbox 382 373 440 407; x_wconf 89' lang='lat' dir='ltr'><strong>De</strong></span> <span class='ocrx_word' id='word_1_17' title='bbox 461 370 712 416; x_wconf 71' lang='lat' dir='ltr'><strong>perspicuitate</strong></span> <span class='ocrx_word' id='word_1_18' title='bbox 738 372 762 406; x_wconf 89' lang='lat'>8</span> <span class='ocrx_word' id='word_1_19' title='bbox 785 370 872 415; x_wconf 85' lang='lat' dir='ltr'><strong>Cap.</strong></span> <span class='ocrx_word' id='word_1_20' title='bbox 899 374 935 404; x_wconf 86' lang='lat'><strong>2.</strong></span> 
     </span>
    </p>
   </div>
   <div class='ocr_carea' id='block_1_3' title="bbox 15 420 1550 612">
    <p class='ocr_par' dir='ltr' id='par_1_3' title="bbox 15 420 1550 612">
     <span class='ocr_line' id='line_1_4' title="bbox 15 420 1548 477; baseline -0.004 -11"><span class='ocrx_word' id='word_1_21' title='bbox 15 420 282 477; x_wconf 60' lang='lat' dir='ltr'><strong>Perspicua&amp;</strong></span> <span class='ocrx_word' id='word_1_22' title='bbox 306 441 349 465; x_wconf 89' lang='lat' dir='ltr'><strong>ea</strong></span> <span class='ocrx_word' id='word_1_23' title='bbox 376 428 606 463; x_wconf 86' lang='lat' dir='ltr'><strong>distincta</strong></span> <span class='ocrx_word' id='word_1_24' title='bbox 628 439 670 462; x_wconf 90' lang='lat' dir='ltr'><strong>ac</strong></span> <span class='ocrx_word' id='word_1_25' title='bbox 693 426 949 472; x_wconf 89' lang='lat' dir='ltr'><strong>perspicua</strong></span> <span class='ocrx_word' id='word_1_26' title='bbox 975 427 1107 461; x_wconf 88' lang='lat' dir='ltr'><strong>debere</strong></span> <span class='ocrx_word' id='word_1_27' title='bbox 1131 437 1210 461; x_wconf 85' lang='lat' dir='ltr'><strong>esse</strong></span> <span class='ocrx_word' id='word_1_28' title='bbox 1227 428 1262 469; x_wconf 90' lang='lat'><strong>5,</strong></span> <span class='ocrx_word' id='word_1_29' title='bbox 1281 425 1405 469; x_wconf 89' lang='lat'>14,33.</span> <span class='ocrx_word' id='word_1_30' title='bbox 1430 437 1548 471; x_wconf 80' lang='lat' dir='ltr'><strong>neque</strong></span> 
     </span>
     <span class='ocr_line' id='line_1_5' title="bbox 61 472 1550 522; baseline -0.004 -10"><span class='ocrx_word' id='word_1_31' title='bbox 61 479 197 522; x_wconf 82' lang='lat' dir='ltr'>refert,</span> <span class='ocrx_word' id='word_1_32' title='bbox 227 489 271 511; x_wconf 93' lang='lat' dir='ltr'><strong>an</strong></span> <span class='ocrx_word' id='word_1_33' title='bbox 293 486 359 522; x_wconf 87' lang='lat' dir='ltr'><strong>pro</strong></span> <span class='ocrx_word' id='word_1_34' title='bbox 382 474 546 510; x_wconf 87' lang='lat' dir='ltr'><strong>lucida</strong></span> <span class='ocrx_word' id='word_1_35' title='bbox 566 474 864 519; x_wconf 87' lang='lat' dir='ltr'><strong>perspicuam</strong></span> <span class='ocrx_word' id='word_1_36' title='bbox 897 473 1054 507; x_wconf 86' lang='lat' dir='ltr'><strong>dicamus</strong></span> <span class='ocrx_word' id='word_1_37' title='bbox 1093 473 1277 517; x_wconf 77' lang='lat' dir='ltr'><strong>(narrandi</strong></span> <span class='ocrx_word' id='word_1_38' title='bbox 1309 474 1490 514; x_wconf 71' lang='lat' dir='ltr'><strong>rationem)</strong></span> <span class='ocrx_word' id='word_1_39' title='bbox 1513 472 1550 516; x_wconf 88' lang='lat'><strong>4,</strong></span> 
     </span>
     <span class='ocr_line' id='line_1_6' title="bbox 62 519 1548 567; baseline -0.004 -9"><span class='ocrx_word' id='word_1_40' title='bbox 62 523 99 567; x_wconf 80' lang='grc'><strong>2,</strong></span> <span class='ocrx_word' id='word_1_41' title='bbox 121 526 180 558; x_wconf 88' lang='grc'><strong>31.</strong></span> <span class='ocrx_word' id='word_1_42' title='bbox 203 523 318 559; x_wconf 80' lang='lat' dir='ltr'><strong>verba</strong></span> <span class='ocrx_word' id='word_1_43' title='bbox 338 527 378 556; x_wconf 86' lang='lat' dir='ltr'><strong>nt</strong></span> <span class='ocrx_word' id='word_1_44' title='bbox 395 522 464 556; x_wconf 88' lang='lat' dir='ltr'><strong>sint</strong></span> <span class='ocrx_word' id='word_1_45' title='bbox 486 520 672 563; x_wconf 70' lang='lat' dir='ltr'><strong>Latina,</strong></span> <span class='ocrx_word' id='word_1_46' title='bbox 697 519 972 564; x_wconf 87' lang='lat' dir='ltr'><strong>perspicua,</strong></span> <span class='ocrx_word' id='word_1_47' title='bbox 996 521 1214 562; x_wconf 89' lang='lat' dir='ltr'><strong>ornata8,</strong></span> <span class='ocrx_word' id='word_1_48' title='bbox 1240 523 1273 560; x_wconf 90' lang='grc'><strong>1,</strong></span> <span class='ocrx_word' id='word_1_49' title='bbox 1296 522 1328 552; x_wconf 92' lang='grc'><strong>1.</strong></span> <span class='ocrx_word' id='word_1_50' title='bbox 1353 531 1386 552; x_wconf 76' lang='lat' dir='ltr'><strong>v.</strong></span> <span class='ocrx_word' id='word_1_51' title='bbox 1405 519 1548 554; x_wconf 89' lang='lat' dir='ltr'><strong>Orno.</strong></span> 
     </span>
     <span class='ocr_line' id='line_1_7' title="bbox 64 565 1550 612; baseline -0.003 -8"><span class='ocrx_word' id='word_1_52' title='bbox 64 570 149 603; x_wconf 88' lang='lat' dir='ltr'><strong>mihi</strong></span> <span class='ocrx_word' id='word_1_53' title='bbox 164 580 255 604; x_wconf 78' lang='lat' dir='ltr'><strong>vero</strong></span> <span class='ocrx_word' id='word_1_54' title='bbox 275 569 381 604; x_wconf 88' lang='lat' dir='ltr'><strong>etiam</strong></span> <span class='ocrx_word' id='word_1_55' title='bbox 396 566 554 612; x_wconf 82' lang='lat' dir='ltr'><strong>planiore</strong></span> <span class='ocrx_word' id='word_1_56' title='bbox 577 567 644 600; x_wconf 89' lang='lat' dir='ltr'><strong>hac</strong></span> <span class='ocrx_word' id='word_1_57' title='bbox 659 566 868 611; x_wconf 75' lang='lat' dir='ltr'><strong>probatione</strong></span> <span class='ocrx_word' id='word_1_58' title='bbox 886 566 1030 602; x_wconf 81' lang='lat' dir='ltr'><strong>videtur</strong></span> <span class='ocrx_word' id='word_1_59' title='bbox 1050 577 1130 600; x_wconf 86' lang='lat' dir='ltr'><strong>esse</strong></span> <span class='ocrx_word' id='word_1_60' title='bbox 1150 565 1374 610; x_wconf 88' lang='lat' dir='ltr'><strong>perspicuum</strong></span> <span class='ocrx_word' id='word_1_61' title='bbox 1397 567 1434 608; x_wconf 84' lang='lat'><strong>2,</strong></span> <span class='ocrx_word' id='word_1_62' title='bbox 1445 567 1504 608; x_wconf 91' lang='grc'><strong>20,</strong></span> <span class='ocrx_word' id='word_1_63' title='bbox 1515 566 1550 600; x_wconf 87' lang='grc'><strong>5.</strong></span> 
     </span>
    </p>
   </div>
   <div class='ocr_carea' id='block_1_4' title="bbox 17 612 1479 672">
    <p class='ocr_par' dir='ltr' id='par_1_4' title="bbox 17 612 1479 672">
     <span class='ocr_line' id='line_1_8' title="bbox 17 612 1479 672; baseline 0.001 -18"><span class='ocrx_word' id='word_1_64' title='bbox 17 612 277 672; x_wconf 81' lang='lat' dir='ltr'><strong>Perstringo.</strong></span> <span class='ocrx_word' id='word_1_65' title='bbox 323 628 420 660; x_wconf 88' lang='lat' dir='ltr'><strong>hunc</strong></span> <span class='ocrx_word' id='word_1_66' title='bbox 444 626 563 659; x_wconf 83' lang='lat' dir='ltr'><strong>locum</strong></span> <span class='ocrx_word' id='word_1_67' title='bbox 584 623 743 660; x_wconf 79' lang='lat' dir='ltr'><strong>breviter</strong></span> <span class='ocrx_word' id='word_1_68' title='bbox 765 624 803 658; x_wconf 91' lang='lat' dir='ltr'><strong>in</strong></span> <span class='ocrx_word' id='word_1_69' title='bbox 824 623 931 657; x_wconf 87' lang='lat' dir='ltr'><strong>tertio</strong></span> <span class='ocrx_word' id='word_1_70' title='bbox 952 622 1047 658; x_wconf 88' lang='lat' dir='ltr'><strong>libro</strong></span> <span class='ocrx_word' id='word_1_71' title='bbox 1071 623 1274 670; x_wconf 74' lang='lat' dir='ltr'><strong>perstringit</strong></span> <span class='ocrx_word' id='word_1_72' title='bbox 1300 626 1356 666; x_wconf 90' lang='grc'><strong>11,</strong></span> <span class='ocrx_word' id='word_1_73' title='bbox 1385 625 1419 666; x_wconf 88' lang='grc'><strong>1,</strong></span> <span class='ocrx_word' id='word_1_74' title='bbox 1443 621 1479 656; x_wconf 92' lang='grc'><strong>4.</strong></span> 
     </span>
    </p>
   </div>
   <div class='ocr_carea' id='block_1_5' title="bbox 18 667 1563 2060">
    <p class='ocr_par' dir='ltr' id='par_1_5' title="bbox 18 667 1558 1324">
     <span class='ocr_line' id='line_1_9' title="bbox 18 667 1550 726; baseline 0.002 -15"><span class='ocrx_word' id='word_1_75' title='bbox 18 667 274 714; x_wconf 56' lang='lat' dir='ltr'><strong>Persuade&amp;</strong></span> <span class='ocrx_word' id='word_1_76' title='bbox 322 682 360 726; x_wconf 73' lang='grc' dir='ltr'><strong>ι)</strong></span> <span class='ocrx_word' id='word_1_77' title='bbox 385 684 586 726; x_wconf 70' lang='lat' dir='ltr'><strong>simpliciter.</strong></span> <span class='ocrx_word' id='word_1_78' title='bbox 628 682 661 723; x_wconf 87' lang='lat' dir='ltr'><strong>a)</strong></span> <span class='ocrx_word' id='word_1_79' title='bbox 686 692 767 715; x_wconf 89' lang='lat' dir='ltr'><strong>cum</strong></span> <span class='ocrx_word' id='word_1_80' title='bbox 789 680 932 714; x_wconf 88' lang='lat' dir='ltr'><strong>interim</strong></span> <span class='ocrx_word' id='word_1_81' title='bbox 966 682 1182 724; x_wconf 87' lang='lat' dir='ltr'><strong>persuadere</strong></span> <span class='ocrx_word' id='word_1_82' title='bbox 1216 681 1379 714; x_wconf 78' lang='lat' dir='ltr'><strong>deforme</strong></span> <span class='ocrx_word' id='word_1_83' title='bbox 1411 680 1456 714; x_wconf 90' lang='lat' dir='ltr'><strong>sit</strong></span> <span class='ocrx_word' id='word_1_84' title='bbox 1493 682 1550 723; x_wconf 86' lang='lat'><strong>11,</strong></span> 
     </span>
     <span class='ocr_line' id='line_1_10' title="bbox 67 726 1550 774; baseline -0.002 -11"><span class='ocrx_word' id='word_1_85' title='bbox 67 732 100 770; x_wconf 86' lang='lat'><strong>1,</strong></span> <span class='ocrx_word' id='word_1_86' title='bbox 126 732 180 763; x_wconf 85' lang='grc'><strong>11.</strong></span> <span class='ocrx_word' id='word_1_87' title='bbox 204 729 444 774; x_wconf 83' lang='lat' dir='ltr'><strong>pronuntiatio</strong></span> <span class='ocrx_word' id='word_1_88' title='bbox 469 726 730 769; x_wconf 83' lang='lat' dir='ltr'><strong>conciliet,</strong></span> <span class='ocrx_word' id='word_1_89' title='bbox 769 727 1076 771; x_wconf 86' lang='lat' dir='ltr'><strong>persuadeat,</strong></span> <span class='ocrx_word' id='word_1_90' title='bbox 1107 733 1293 762; x_wconf 80' lang='lat' dir='ltr'><strong>moveat</strong></span> <span class='ocrx_word' id='word_1_91' title='bbox 1326 730 1381 768; x_wconf 91' lang='grc'><strong>11,</strong></span> <span class='ocrx_word' id='word_1_92' title='bbox 1410 727 1444 768; x_wconf 90' lang='grc'><strong>3,</strong></span> <span class='ocrx_word' id='word_1_93' title='bbox 1471 727 1550 761; x_wconf 86' lang='grc'><strong>154.</strong></span> 
     </span>
     <span class='ocr_line' id='line_1_11' title="bbox 65 772 1551 819; baseline -0.002 -10"><span class='ocrx_word' id='word_1_94' title='bbox 65 774 134 809; x_wconf 81' lang='lat' dir='ltr'><strong>hos</strong></span> <span class='ocrx_word' id='word_1_95' title='bbox 160 774 345 819; x_wconf 70' lang='lat' dir='ltr'><strong>(affectus)</strong></span> <span class='ocrx_word' id='word_1_96' title='bbox 369 775 624 818; x_wconf 86' lang='lat' dir='ltr'><strong>imperare,</strong></span> <span class='ocrx_word' id='word_1_97' title='bbox 656 773 737 807; x_wconf 87' lang='lat' dir='ltr'><strong>illos</strong></span> <span class='ocrx_word' id='word_1_98' title='bbox 767 774 1064 817; x_wconf 86' lang='lat' dir='ltr'><strong>persuadere</strong></span> <span class='ocrx_word' id='word_1_99' title='bbox 1095 774 1130 816; x_wconf 88' lang='lat'><strong>6,</strong></span> <span class='ocrx_word' id='word_1_100' title='bbox 1164 776 1199 815; x_wconf 82' lang='lat'><strong>2,</strong></span> <span class='ocrx_word' id='word_1_101' title='bbox 1231 776 1263 808; x_wconf 82' lang='lat'><strong>9.</strong></span> <span class='ocrx_word' id='word_1_102' title='bbox 1313 772 1551 806; x_wconf 84' lang='lat' dir='ltr'><strong>delectatione</strong></span> 
     </span>
     <span class='ocr_line' id='line_1_12' title="bbox 62 818 1552 865; baseline -0.001 -11"><span class='ocrx_word' id='word_1_103' title='bbox 62 822 279 864; x_wconf 77' lang='lat' dir='ltr'><strong>persuadent</strong></span> <span class='ocrx_word' id='word_1_104' title='bbox 304 818 522 865; x_wconf 72' lang='lat' dir='ltr'><strong>(sententiae)</strong></span> <span class='ocrx_word' id='word_1_105' title='bbox 551 823 607 862; x_wconf 83' lang='lat'><strong>12,</strong></span> <span class='ocrx_word' id='word_1_106' title='bbox 636 821 692 863; x_wconf 87' lang='lat'><strong>10,</strong></span> <span class='ocrx_word' id='word_1_107' title='bbox 714 818 771 854; x_wconf 88' lang='lat'><strong>48.</strong></span> <span class='ocrx_word' id='word_1_108' title='bbox 819 818 859 863; x_wconf 87' lang='lat' dir='ltr'><strong>b)</strong></span> <span class='ocrx_word' id='word_1_109' title='bbox 885 821 1057 854; x_wconf 81' lang='lat' dir='ltr'><strong>Gerund.:</strong></span> <span class='ocrx_word' id='word_1_110' title='bbox 1097 818 1332 863; x_wconf 88' lang='lat' dir='ltr'><strong>persuadendi</strong></span> <span class='ocrx_word' id='word_1_111' title='bbox 1358 818 1491 852; x_wconf 72' lang='lat' dir='ltr'><strong>artifex</strong></span> <span class='ocrx_word' id='word_1_112' title='bbox 1515 822 1552 862; x_wconf 92' lang='grc'><strong>2,</strong></span> 
     </span>
     <span class='ocr_line' id='line_1_13' title="bbox 67 865 1552 912; baseline -0.001 -13"><span class='ocrx_word' id='word_1_113' title='bbox 67 868 124 910; x_wconf 77' lang='lat'><strong>15,</strong></span> <span class='ocrx_word' id='word_1_114' title='bbox 148 869 204 902; x_wconf 88' lang='lat'><strong>18.</strong></span> <span class='ocrx_word' id='word_1_115' title='bbox 230 869 361 912; x_wconf 87' lang='lat' dir='ltr'><strong>quand.</strong></span> <span class='ocrx_word' id='word_1_116' title='bbox 389 877 484 911; x_wconf 85' lang='lat' dir='ltr'><strong>pers.</strong></span> <span class='ocrx_word' id='word_1_117' title='bbox 507 867 610 899; x_wconf 87' lang='lat' dir='ltr'><strong>deam</strong></span> <span class='ocrx_word' id='word_1_118' title='bbox 634 867 691 909; x_wconf 88' lang='lat'><strong>10,</strong></span> <span class='ocrx_word' id='word_1_119' title='bbox 718 869 751 908; x_wconf 88' lang='lat'><strong>1,</strong></span> <span class='ocrx_word' id='word_1_120' title='bbox 775 867 834 900; x_wconf 78' lang='lat'><strong>82.</strong></span> <span class='ocrx_word' id='word_1_121' title='bbox 869 865 1074 899; x_wconf 81' lang='lat' dir='ltr'><strong>rhetoricen</strong></span> <span class='ocrx_word' id='word_1_122' title='bbox 1103 877 1197 909; x_wconf 78' lang='lat' dir='ltr'><strong>pers.</strong></span> <span class='ocrx_word' id='word_1_123' title='bbox 1229 865 1394 909; x_wconf 85' lang='lat' dir='ltr'><strong>opificem</strong></span> <span class='ocrx_word' id='word_1_124' title='bbox 1425 868 1461 908; x_wconf 86' lang='lat'><strong>2,</strong></span> <span class='ocrx_word' id='word_1_125' title='bbox 1495 866 1552 908; x_wconf 87' lang='lat'><strong>15,</strong></span> 
     </span>
     <span class='ocr_line' id='line_1_14' title="bbox 66 910 1554 957; baseline 0 -13"><span class='ocrx_word' id='word_1_126' title='bbox 66 910 104 954; x_wconf 84' lang='lat'><strong>43</strong></span> <span class='ocrx_word' id='word_1_127' title='bbox 155 923 230 946; x_wconf 91' lang='lat' dir='ltr'><strong>non</strong></span> <span class='ocrx_word' id='word_1_128' title='bbox 261 911 579 957; x_wconf 85' lang='lat' dir='ltr'><strong>persuadendi</strong></span> <span class='ocrx_word' id='word_1_129' title='bbox 609 911 673 945; x_wconf 89' lang='lat' dir='ltr'><strong>sed</strong></span> <span class='ocrx_word' id='word_1_130' title='bbox 710 911 830 945; x_wconf 86' lang='lat' dir='ltr'><strong>bene</strong></span> <span class='ocrx_word' id='word_1_131' title='bbox 861 910 1062 945; x_wconf 89' lang='lat' dir='ltr'><strong>dicendi</strong></span> <span class='ocrx_word' id='word_1_132' title='bbox 1101 912 1207 945; x_wconf 89' lang='lat' dir='ltr'><strong>finem</strong></span> <span class='ocrx_word' id='word_1_133' title='bbox 1238 911 1277 944; x_wconf 90' lang='lat' dir='ltr'><strong>in</strong></span> <span class='ocrx_word' id='word_1_134' title='bbox 1309 916 1452 944; x_wconf 86' lang='lat' dir='ltr'><strong>oratore</strong></span> <span class='ocrx_word' id='word_1_135' title='bbox 1474 922 1554 944; x_wconf 75' lang='lat' dir='ltr'><strong>ser—</strong></span> 
     </span>
     <span class='ocr_line' id='line_1_15' title="bbox 65 956 1556 1002; baseline 0 -11"><span class='ocrx_word' id='word_1_136' title='bbox 65 959 223 992; x_wconf 80' lang='lat' dir='ltr'><strong>vandum</strong></span> <span class='ocrx_word' id='word_1_137' title='bbox 250 963 307 1002; x_wconf 89' lang='lat'><strong>11,</strong></span> <span class='ocrx_word' id='word_1_138' title='bbox 336 962 370 1002; x_wconf 91' lang='lat'><strong>1,</strong></span> <span class='ocrx_word' id='word_1_139' title='bbox 398 962 454 992; x_wconf 89' lang='lat'><strong>11.</strong></span> <span class='ocrx_word' id='word_1_140' title='bbox 480 964 520 990; x_wconf 90' lang='lat' dir='ltr'><strong>ut</strong></span> <span class='ocrx_word' id='word_1_141' title='bbox 544 967 665 1001; x_wconf 90' lang='lat' dir='ltr'><strong>pers.</strong></span> <span class='ocrx_word' id='word_1_142' title='bbox 691 956 782 990; x_wconf 89' lang='lat' dir='ltr'><strong>ratio</strong></span> <span class='ocrx_word' id='word_1_143' title='bbox 806 958 937 999; x_wconf 85' lang='lat' dir='ltr'><strong>ardua,</strong></span> <span class='ocrx_word' id='word_1_144' title='bbox 971 957 1021 990; x_wconf 92' lang='lat' dir='ltr'><strong>ita</strong></span> <span class='ocrx_word' id='word_1_145' title='bbox 1056 956 1249 991; x_wconf 86' lang='lat' dir='ltr'><strong>dicendi</strong></span> <span class='ocrx_word' id='word_1_146' title='bbox 1289 956 1556 1000; x_wconf 78' lang='lat' dir='ltr'><strong>expeditissima</strong></span> 
     </span>
     <span class='ocr_line' id='line_1_16' title="bbox 68 1002 1556 1049; baseline 0 -14"><span class='ocrx_word' id='word_1_147' title='bbox 68 1005 113 1042; x_wconf 75' lang='lat' dir='ltr'><strong>ib,</strong></span> <span class='ocrx_word' id='word_1_148' title='bbox 137 1005 193 1039; x_wconf 82' lang='lat'><strong>75.</strong></span> <span class='ocrx_word' id='word_1_149' title='bbox 217 1015 342 1049; x_wconf 89' lang='lat' dir='ltr'><strong>pers.</strong></span> <span class='ocrx_word' id='word_1_150' title='bbox 365 1004 422 1040; x_wconf 78' lang='lat' dir='ltr'><strong>vis</strong></span> <span class='ocrx_word' id='word_1_151' title='bbox 446 1002 780 1037; x_wconf 77' lang='lat' dir='ltr'><strong>affirmatione</strong></span> <span class='ocrx_word' id='word_1_152' title='bbox 803 1003 981 1045; x_wconf 68' lang='lat' dir='ltr'><strong>(cons-tat)</strong></span> <span class='ocrx_word' id='word_1_153' title='bbox 1003 1005 1059 1045; x_wconf 88' lang='lat'><strong>11,</strong></span> <span class='ocrx_word' id='word_1_154' title='bbox 1084 1004 1118 1044; x_wconf 88' lang='lat'><strong>3,</strong></span> <span class='ocrx_word' id='word_1_155' title='bbox 1142 1002 1221 1037; x_wconf 77' lang='lat'><strong>154.</strong></span> <span class='ocrx_word' id='word_1_156' title='bbox 1254 1009 1312 1036; x_wconf 90' lang='lat' dir='ltr'><strong>aut</strong></span> <span class='ocrx_word' id='word_1_157' title='bbox 1346 1002 1384 1035; x_wconf 91' lang='lat' dir='ltr'><strong>in</strong></span> <span class='ocrx_word' id='word_1_158' title='bbox 1407 1013 1556 1047; x_wconf 83' lang='lat' dir='ltr'><strong>persua-</strong></span> 
     </span>
     <span class='ocr_line' id='line_1_17' title="bbox 67 1047 1555 1094; baseline 0 -12"><span class='ocrx_word' id='word_1_159' title='bbox 67 1049 207 1094; x_wconf 84' lang='lat' dir='ltr'><strong>dendo,</strong></span> <span class='ocrx_word' id='word_1_160' title='bbox 240 1056 301 1084; x_wconf 88' lang='lat' dir='ltr'><strong>aut</strong></span> <span class='ocrx_word' id='word_1_161' title='bbox 324 1050 363 1084; x_wconf 86' lang='lat' dir='ltr'><strong>in</strong></span> <span class='ocrx_word' id='word_1_162' title='bbox 391 1050 543 1083; x_wconf 87' lang='lat' dir='ltr'><strong>dicendo</strong></span> <span class='ocrx_word' id='word_1_163' title='bbox 567 1054 647 1092; x_wconf 85' lang='lat' dir='ltr'><strong>apte</strong></span> <span class='ocrx_word' id='word_1_164' title='bbox 671 1050 716 1082; x_wconf 89' lang='lat' dir='ltr'><strong>ad</strong></span> <span class='ocrx_word' id='word_1_165' title='bbox 740 1048 1044 1094; x_wconf 83' lang='lat' dir='ltr'><strong>persuadendum,</strong></span> <span class='ocrx_word' id='word_1_166' title='bbox 1081 1048 1234 1092; x_wconf 75' lang='lat' dir='ltr'><strong>posinun</strong></span> <span class='ocrx_word' id='word_1_167' title='bbox 1266 1047 1393 1082; x_wconf 88' lang='lat' dir='ltr'><strong>orandi</strong></span> <span class='ocrx_word' id='word_1_168' title='bbox 1426 1059 1555 1082; x_wconf 92' lang='lat' dir='ltr'><strong>munus</strong></span> 
     </span>
     <span class='ocr_line' id='line_1_18' title="bbox 66 1093 1556 1140; baseline -0.001 -11"><span class='ocrx_word' id='word_1_169' title='bbox 66 1101 149 1130; x_wconf 84' lang='lat' dir='ltr'><strong>sunt</strong></span> <span class='ocrx_word' id='word_1_170' title='bbox 171 1096 327 1131; x_wconf 85' lang='lat' dir='ltr'><strong>arbitrati</strong></span> <span class='ocrx_word' id='word_1_171' title='bbox 352 1099 387 1139; x_wconf 85' lang='lat'><strong>2,</strong></span> <span class='ocrx_word' id='word_1_172' title='bbox 414 1096 470 1138; x_wconf 87' lang='lat'><strong>15,</strong></span> <span class='ocrx_word' id='word_1_173' title='bbox 494 1097 515 1129; x_wconf 88' lang='lat'><strong>3</strong></span> <span class='ocrx_word' id='word_1_174' title='bbox 542 1098 584 1129; x_wconf 87' lang='lat' dir='ltr'><strong>Z.</strong></span> <span class='ocrx_word' id='word_1_175' title='bbox 615 1093 660 1135; x_wconf 80' lang='lat' dir='ltr'><strong>cs.</strong></span> <span class='ocrx_word' id='word_1_176' title='bbox 685 1096 727 1129; x_wconf 80' lang='lat' dir='ltr'><strong>ib.</strong></span> <span class='ocrx_word' id='word_1_177' title='bbox 752 1094 786 1129; x_wconf 87' lang='lat'><strong>5.</strong></span> <span class='ocrx_word' id='word_1_178' title='bbox 801 1107 833 1128; x_wconf 85' lang='lat' dir='ltr'><strong>v.</strong></span> <span class='ocrx_word' id='word_1_179' title='bbox 856 1094 991 1128; x_wconf 81' lang='lat' dir='ltr'><strong>Finis</strong></span> <span class='ocrx_word' id='word_1_180' title='bbox 1015 1095 1062 1128; x_wconf 88' lang='lat'><strong>11.</strong></span> <span class='ocrx_word' id='word_1_181' title='bbox 1101 1094 1144 1140; x_wconf 74' lang='grc' dir='ltr'><strong>β)</strong></span> <span class='ocrx_word' id='word_1_182' title='bbox 1170 1108 1198 1128; x_wconf 85' lang='lat' dir='ltr'><strong>c.</strong></span> <span class='ocrx_word' id='word_1_183' title='bbox 1229 1095 1306 1137; x_wconf 79' lang='lat' dir='ltr'><strong>obj.</strong></span> <span class='ocrx_word' id='word_1_184' title='bbox 1331 1093 1365 1136; x_wconf 91' lang='lat' dir='ltr'><strong>a)</strong></span> <span class='ocrx_word' id='word_1_185' title='bbox 1384 1095 1430 1128; x_wconf 88' lang='lat' dir='ltr'><strong>ad</strong></span> <span class='ocrx_word' id='word_1_186' title='bbox 1454 1105 1556 1139; x_wconf 87' lang='lat' dir='ltr'><strong>per-</strong></span> 
     </span>
     <span class='ocr_line' id='line_1_19' title="bbox 68 1140 1558 1186; baseline 0.001 -12"><span class='ocrx_word' id='word_1_187' title='bbox 68 1142 356 1177; x_wconf 84' lang='lat' dir='ltr'><strong>suadendum</strong></span> <span class='ocrx_word' id='word_1_188' title='bbox 380 1142 439 1184; x_wconf 89' lang='lat' dir='ltr'><strong>id,</strong></span> <span class='ocrx_word' id='word_1_189' title='bbox 471 1141 567 1186; x_wconf 82' lang='lat' dir='ltr'><strong>quod</strong></span> <span class='ocrx_word' id='word_1_190' title='bbox 596 1140 865 1174; x_wconf 88' lang='lat' dir='ltr'><strong>intenderis</strong></span> <span class='ocrx_word' id='word_1_191' title='bbox 898 1141 941 1184; x_wconf 88' lang='lat'><strong>5,</strong></span> <span class='ocrx_word' id='word_1_192' title='bbox 978 1143 1043 1182; x_wconf 92' lang='lat'><strong>11,</strong></span> <span class='ocrx_word' id='word_1_193' title='bbox 1073 1140 1108 1175; x_wconf 88' lang='grc'><strong>6.</strong></span> <span class='ocrx_word' id='word_1_194' title='bbox 1155 1141 1304 1174; x_wconf 85' lang='lat' dir='ltr'><strong>multum</strong></span> <span class='ocrx_word' id='word_1_195' title='bbox 1333 1141 1446 1174; x_wconf 85' lang='lat' dir='ltr'><strong>refert</strong></span> <span class='ocrx_word' id='word_1_196' title='bbox 1481 1151 1558 1175; x_wconf 83' lang='lat' dir='ltr'><strong>non</strong></span> 
     </span>
     <span class='ocr_line' id='line_1_20' title="bbox 68 1186 1555 1234; baseline 0.001 -14"><span class='ocrx_word' id='word_1_197' title='bbox 68 1188 198 1232; x_wconf 85' lang='lat' dir='ltr'><strong>solum,</strong></span> <span class='ocrx_word' id='word_1_198' title='bbox 221 1188 307 1234; x_wconf 84' lang='lat' dir='ltr'><strong>quid</strong></span> <span class='ocrx_word' id='word_1_199' title='bbox 331 1187 564 1229; x_wconf 71' lang='lat' dir='ltr'><strong>dixerint,</strong></span> <span class='ocrx_word' id='word_1_200' title='bbox 591 1187 655 1220; x_wconf 86' lang='lat' dir='ltr'><strong>sed</strong></span> <span class='ocrx_word' id='word_1_201' title='bbox 672 1186 776 1220; x_wconf 89' lang='lat' dir='ltr'><strong>etiam</strong></span> <span class='ocrx_word' id='word_1_202' title='bbox 792 1186 877 1231; x_wconf 78' lang='lat' dir='ltr'><strong>quid</strong></span> <span class='ocrx_word' id='word_1_203' title='bbox 899 1198 923 1230; x_wconf 93' lang='lat' dir='ltr'><strong>p</strong></span> <span class='ocrx_word' id='word_1_204' title='bbox 935 1197 1040 1220; x_wconf 85' lang='lat' dir='ltr'><strong>ersu</strong></span> <span class='ocrx_word' id='word_1_205' title='bbox 1053 1197 1072 1219; x_wconf 92' lang='lat' dir='ltr'><strong>a</strong></span> <span class='ocrx_word' id='word_1_206' title='bbox 1085 1186 1235 1220; x_wconf 87' lang='lat' dir='ltr'><strong>serint</strong></span> <span class='ocrx_word' id='word_1_207' title='bbox 1249 1186 1377 1220; x_wconf 88' lang='lat' dir='ltr'><strong>summi</strong></span> <span class='ocrx_word' id='word_1_208' title='bbox 1389 1191 1555 1221; x_wconf 79' lang='lat' dir='ltr'><strong>auctores</strong></span> 
     </span>
     <span class='ocr_line' id='line_1_21' title="bbox 69 1231 1555 1278; baseline -0.001 -10"><span class='ocrx_word' id='word_1_209' title='bbox 69 1237 103 1276; x_wconf 92' lang='grc'><strong>1,</strong></span> <span class='ocrx_word' id='word_1_210' title='bbox 125 1234 161 1273; x_wconf 77' lang='grc'><strong>6,</strong></span> <span class='ocrx_word' id='word_1_211' title='bbox 187 1233 253 1278; x_wconf 76' lang='lat'><strong>423</strong></span> <span class='ocrx_word' id='word_1_212' title='bbox 286 1245 359 1269; x_wconf 88' lang='lat' dir='ltr'><strong>non</strong></span> <span class='ocrx_word' id='word_1_213' title='bbox 383 1232 542 1278; x_wconf 81' lang='lat' dir='ltr'><strong>persuasi</strong></span> <span class='ocrx_word' id='word_1_214' title='bbox 564 1231 746 1266; x_wconf 81' lang='lat' dir='ltr'><strong>Thebanis</strong></span> <span class='ocrx_word' id='word_1_215' title='bbox 763 1233 799 1275; x_wconf 85' lang='lat'><strong>9,</strong></span> <span class='ocrx_word' id='word_1_216' title='bbox 824 1235 858 1275; x_wconf 87' lang='grc'><strong>3,</strong></span> <span class='ocrx_word' id='word_1_217' title='bbox 880 1232 962 1277; x_wconf 45' lang='lat'><strong>¹55„</strong></span> <span class='ocrx_word' id='word_1_218' title='bbox 993 1233 1278 1276; x_wconf 88' lang='lat' dir='ltr'><strong>persuadendum</strong></span> <span class='ocrx_word' id='word_1_219' title='bbox 1308 1233 1418 1276; x_wconf 89' lang='lat' dir='ltr'><strong>judici</strong></span> <span class='ocrx_word' id='word_1_220' title='bbox 1442 1238 1496 1266; x_wconf 91' lang='lat' dir='ltr'><strong>est</strong></span> <span class='ocrx_word' id='word_1_221' title='bbox 1519 1236 1555 1276; x_wconf 91' lang='lat'><strong>7,</strong></span> 
     </span>
     <span class='ocr_line' id='line_1_22' title="bbox 66 1278 1557 1324; baseline -0.001 -11"><span class='ocrx_word' id='word_1_222' title='bbox 66 1281 104 1323; x_wconf 73' lang='grc'><strong>8,</strong></span> <span class='ocrx_word' id='word_1_223' title='bbox 129 1280 194 1324; x_wconf 81' lang='grc'><strong>15;</strong></span> <span class='ocrx_word' id='word_1_224' title='bbox 220 1280 325 1315; x_wconf 76' lang='lat' dir='ltr'><strong>nobis</strong></span> <span class='ocrx_word' id='word_1_225' title='bbox 349 1290 392 1316; x_wconf 84' lang='lat' dir='ltr'><strong>ea</strong></span> <span class='ocrx_word' id='word_1_226' title='bbox 414 1279 585 1312; x_wconf 88' lang='lat' dir='ltr'><strong>accidisse</strong></span> <span class='ocrx_word' id='word_1_227' title='bbox 609 1279 861 1321; x_wconf 81' lang='lat' dir='ltr'><strong>credamus,</strong></span> <span class='ocrx_word' id='word_1_228' title='bbox 886 1283 991 1322; x_wconf 81' lang='lat' dir='ltr'><strong>atque</strong></span> <span class='ocrx_word' id='word_1_229' title='bbox 1018 1278 1054 1311; x_wconf 91' lang='lat' dir='ltr'><strong>id</strong></span> <span class='ocrx_word' id='word_1_230' title='bbox 1079 1278 1196 1312; x_wconf 89' lang='lat' dir='ltr'><strong>animo</strong></span> <span class='ocrx_word' id='word_1_231' title='bbox 1221 1283 1345 1313; x_wconf 89' lang='lat' dir='ltr'><strong>nostro</strong></span> <span class='ocrx_word' id='word_1_232' title='bbox 1368 1290 1557 1323; x_wconf 82' lang='lat' dir='ltr'><strong>persua-</strong></span> 
     </span>
    </p>

    <p class='ocr_par' dir='ltr' id='par_1_6' title="bbox 43 1323 1559 1508">
     <span class='ocr_line' id='line_1_23' title="bbox 43 1323 1559 1371; baseline -0.003 -8"><span class='ocrx_word' id='word_1_233' title='bbox 43 1358 46 1363; x_wconf 92' lang='lat'><strong>.</strong></span> <span class='ocrx_word' id='word_1_234' title='bbox 70 1326 273 1360; x_wconf 78' lang='lat' dir='ltr'><strong>doninus</strong></span> <span class='ocrx_word' id='word_1_235' title='bbox 300 1326 337 1369; x_wconf 90' lang='lat'><strong>6,</strong></span> <span class='ocrx_word' id='word_1_236' title='bbox 366 1328 401 1368; x_wconf 83' lang='lat'><strong>2,</strong></span> <span class='ocrx_word' id='word_1_237' title='bbox 437 1324 494 1359; x_wconf 88' lang='lat'><strong>34.</strong></span> <span class='ocrx_word' id='word_1_238' title='bbox 541 1329 659 1357; x_wconf 90' lang='lat' dir='ltr'><strong>utrum</strong></span> <span class='ocrx_word' id='word_1_239' title='bbox 688 1323 797 1371; x_wconf 86' lang='lat' dir='ltr'><strong>igitur</strong></span> <span class='ocrx_word' id='word_1_240' title='bbox 832 1325 904 1358; x_wconf 85' lang='lat' dir='ltr'><strong>hoc</strong></span> <span class='ocrx_word' id='word_1_241' title='bbox 937 1324 1064 1358; x_wconf 87' lang='lat' dir='ltr'><strong>melius</strong></span> <span class='ocrx_word' id='word_1_242' title='bbox 1098 1325 1212 1359; x_wconf 85' lang='lat' dir='ltr'><strong>bonus</strong></span> <span class='ocrx_word' id='word_1_243' title='bbox 1242 1325 1300 1359; x_wconf 79' lang='lat' dir='ltr'><strong>vir</strong></span> <span class='ocrx_word' id='word_1_244' title='bbox 1329 1325 1559 1369; x_wconf 83' lang='lat' dir='ltr'><strong>persuadebit</strong></span> 
     </span>
     <span class='ocr_line' id='line_1_24' title="bbox 69 1363 1558 1415; baseline -0.001 -9"><span class='ocrx_word' id='word_1_245' title='bbox 69 1381 116 1405; x_wconf 83' lang='lat' dir='ltr'><strong>an</strong></span> <span class='ocrx_word' id='word_1_246' title='bbox 138 1372 254 1406; x_wconf 81' lang='lat' dir='ltr'><strong>malus</strong></span> <span class='ocrx_word' id='word_1_247' title='bbox 281 1374 337 1413; x_wconf 88' lang='grc'><strong>12,</strong></span> <span class='ocrx_word' id='word_1_248' title='bbox 362 1374 396 1414; x_wconf 90' lang='grc'><strong>1,</strong></span> <span class='ocrx_word' id='word_1_249' title='bbox 420 1373 477 1405; x_wconf 92' lang='grc'><strong>11.</strong></span> <span class='ocrx_word' id='word_1_250' title='bbox 503 1381 595 1415; x_wconf 84' lang='lat' dir='ltr'><strong>quae</strong></span> <span class='ocrx_word' id='word_1_251' title='bbox 616 1370 743 1404; x_wconf 87' lang='lat' dir='ltr'><strong>melius</strong></span> <span class='ocrx_word' id='word_1_252' title='bbox 766 1370 993 1414; x_wconf 86' lang='lat' dir='ltr'><strong>persuadebit</strong></span> <span class='ocrx_word' id='word_1_253' title='bbox 1015 1363 1113 1414; x_wconf 52' lang='lat' dir='ltr'><strong>aliis?</strong></span> <span class='ocrx_word' id='word_1_254' title='bbox 1135 1371 1196 1415; x_wconf 88' lang='lat' dir='ltr'><strong>qui</strong></span> <span class='ocrx_word' id='word_1_255' title='bbox 1218 1371 1316 1415; x_wconf 87' lang='lat' dir='ltr'><strong>prius</strong></span> <span class='ocrx_word' id='word_1_256' title='bbox 1341 1370 1558 1415; x_wconf 85' lang='lat' dir='ltr'><strong>persuaserit</strong></span> 
     </span>
     <span class='ocr_line' id='line_1_25' title="bbox 68 1416 1557 1461; baseline 0 -10"><span class='ocrx_word' id='word_1_257' title='bbox 68 1416 136 1451; x_wconf 85' lang='lat' dir='ltr'><strong>sibi</strong></span> <span class='ocrx_word' id='word_1_258' title='bbox 162 1420 207 1452; x_wconf 74' lang='lat' dir='ltr'><strong>ib.</strong></span> <span class='ocrx_word' id='word_1_259' title='bbox 230 1419 288 1454; x_wconf 84' lang='lat'><strong>29.</strong></span> <span class='ocrx_word' id='word_1_260' title='bbox 312 1427 385 1452; x_wconf 89' lang='lat' dir='ltr'><strong>non</strong></span> <span class='ocrx_word' id='word_1_261' title='bbox 406 1427 464 1450; x_wconf 88' lang='lat' dir='ltr'><strong>me</strong></span> <span class='ocrx_word' id='word_1_262' title='bbox 487 1417 578 1450; x_wconf 85' lang='lat' dir='ltr'><strong>haec</strong></span> <span class='ocrx_word' id='word_1_263' title='bbox 604 1417 718 1450; x_wconf 89' lang='lat' dir='ltr'><strong>serius</strong></span> <span class='ocrx_word' id='word_1_264' title='bbox 746 1417 1077 1451; x_wconf 88' lang='lat' dir='ltr'><strong>demonstrare</strong></span> <span class='ocrx_word' id='word_1_265' title='bbox 1101 1418 1201 1460; x_wconf 89' lang='lat' dir='ltr'><strong>aliis,</strong></span> <span class='ocrx_word' id='word_1_266' title='bbox 1236 1428 1343 1461; x_wconf 84' lang='lat' dir='ltr'><strong>quam</strong></span> <span class='ocrx_word' id='word_1_267' title='bbox 1368 1417 1456 1451; x_wconf 83' lang='lat' dir='ltr'><strong>mihi</strong></span> <span class='ocrx_word' id='word_1_268' title='bbox 1478 1417 1557 1461; x_wconf 88' lang='lat' dir='ltr'><strong>ipse</strong></span> 
     </span>
     <span class='ocr_line' id='line_1_26' title="bbox 67 1462 1559 1508; baseline 0 -10"><span class='ocrx_word' id='word_1_269' title='bbox 67 1463 390 1508; x_wconf 74' lang='lat' dir='ltr'><strong>persuaserim</strong></span> <span class='ocrx_word' id='word_1_270' title='bbox 419 1464 455 1506; x_wconf 88' lang='lat'><strong>3,</strong></span> <span class='ocrx_word' id='word_1_271' title='bbox 477 1463 513 1503; x_wconf 88' lang='grc'><strong>6,</strong></span> <span class='ocrx_word' id='word_1_272' title='bbox 536 1462 593 1497; x_wconf 87' lang='grc'><strong>65.</strong></span> <span class='ocrx_word' id='word_1_273' title='bbox 639 1474 746 1507; x_wconf 87' lang='lat' dir='ltr'><strong>quam</strong></span> <span class='ocrx_word' id='word_1_274' title='bbox 778 1462 932 1505; x_wconf 76' lang='lat' dir='ltr'><strong>(artem)</strong></span> <span class='ocrx_word' id='word_1_275' title='bbox 968 1462 1058 1496; x_wconf 87' lang='lat' dir='ltr'><strong>nihil</strong></span> <span class='ocrx_word' id='word_1_276' title='bbox 1087 1469 1186 1507; x_wconf 90' lang='lat' dir='ltr'><strong>putat</strong></span> <span class='ocrx_word' id='word_1_277' title='bbox 1219 1463 1334 1497; x_wconf 85' lang='lat' dir='ltr'><strong>doctis</strong></span> <span class='ocrx_word' id='word_1_278' title='bbox 1366 1475 1559 1508; x_wconf 82' lang='lat' dir='ltr'><strong>persua·</strong></span> 
     </span>
    </p>

    <p class='ocr_par' dir='ltr' id='par_1_7' title="bbox 19 1505 1555 1553">
     <span class='ocr_line' id='line_1_27' title="bbox 58 1508 1555 1553; baseline -0.001 -8.051"><span class='ocrx_word' id='word_1_279' title='bbox 58 1521 223 1547; x_wconf 71' lang='lat' dir='ltr'><strong>,surani</strong></span> <span class='ocrx_word' id='word_1_280' title='bbox 249 1513 286 1553; x_wconf 86' lang='lat'><strong>2,</strong></span> <span class='ocrx_word' id='word_1_281' title='bbox 309 1511 368 1552; x_wconf 85' lang='lat'><strong>15,</strong></span> <span class='ocrx_word' id='word_1_282' title='bbox 392 1510 451 1543; x_wconf 86' lang='lat'><strong>10.</strong></span> <span class='ocrx_word' id='word_1_283' title='bbox 497 1519 583 1542; x_wconf 85' lang='lat' dir='ltr'><strong>nec</strong></span> <span class='ocrx_word' id='word_1_284' title='bbox 607 1513 751 1542; x_wconf 82' lang='lat' dir='ltr'><strong>collos</strong></span> <span class='ocrx_word' id='word_1_285' title='bbox 773 1508 1020 1543; x_wconf 78' lang='lat' dir='ltr'><strong>mihi.Calvus</strong></span> <span class='ocrx_word' id='word_1_286' title='bbox 1047 1509 1344 1553; x_wconf 86' lang='lat' dir='ltr'><strong>persuaserit</strong></span> <span class='ocrx_word' id='word_1_287' title='bbox 1368 1513 1400 1551; x_wconf 90' lang='lat'><strong>1,</strong></span> <span class='ocrx_word' id='word_1_288' title='bbox 1428 1510 1465 1553; x_wconf 90' lang='lat'>6,</span> <span class='ocrx_word' id='word_1_289' title='bbox 1488 1509 1555 1552; x_wconf 81' lang='lat'><strong>423</strong></span> 
     </span>
    </p>

    <p class='ocr_par' dir='ltr' id='par_1_8' title="bbox 31 1554 1559 1602">
     <span class='ocr_line' id='line_1_28' title="bbox 31 1554 1559 1602; baseline -0.001 -12"><span class='ocrx_word' id='word_1_290' title='bbox 31 1555 123 1590; x_wconf 88' lang='grc'><strong>1111</strong></span> <span class='ocrx_word' id='word_1_291' title='bbox 145 1555 312 1599; x_wconf 83' lang='lat' dir='ltr'><strong>subtiles,</strong></span> <span class='ocrx_word' id='word_1_292' title='bbox 343 1554 594 1589; x_wconf 80' lang='lat' dir='ltr'><strong>ut&#39;similes</strong></span> <span class='ocrx_word' id='word_1_293' title='bbox 623 1565 665 1588; x_wconf 83' lang='lat' dir='ltr'><strong>ac</strong></span> <span class='ocrx_word' id='word_1_294' title='bbox 695 1556 868 1589; x_wconf 73' lang='lat' dir='ltr'><strong>mu&#39;ltos</strong></span> <span class='ocrx_word' id='word_1_295' title='bbox 899 1562 1171 1599; x_wconf 84' lang='lat' dir='ltr'><strong>persuaserunt,</strong></span> <span class='ocrx_word' id='word_1_296' title='bbox 1202 1555 1360 1602; x_wconf 72' lang='lat' dir='ltr'><strong>magistri</strong></span> <span class='ocrx_word' id='word_1_297' title='bbox 1389 1556 1448 1596; x_wconf 84' lang='lat' dir='ltr'><strong>(a.</strong></span> <span class='ocrx_word' id='word_1_298' title='bbox 1473 1560 1495 1590; x_wconf 83' lang='lat'><strong>1.</strong></span> <span class='ocrx_word' id='word_1_299' title='bbox 1523 1561 1559 1589; x_wconf 92' lang='lat' dir='ltr'><strong>et</strong></span> 
     </span>
    </p>

    <p class='ocr_par' dir='ltr' id='par_1_9' title="bbox 47 1599 1556 1646">
     <span class='ocr_line' id='line_1_29' title="bbox 47 1599 1556 1646; baseline -0.001 -11"><span class='ocrx_word' id='word_1_300' title='bbox 47 1602 191 1646; x_wconf 54' lang='lat' dir='ltr'><strong>smum,</strong></span> <span class='ocrx_word' id='word_1_301' title='bbox 225 1605 371 1636; x_wconf 75' lang='lat' dir='ltr'><strong>Burm.</strong></span> <span class='ocrx_word' id='word_1_302' title='bbox 413 1601 500 1643; x_wconf 77' lang='lat' dir='ltr'><strong>conj.</strong></span> <span class='ocrx_word' id='word_1_303' title='bbox 524 1606 565 1633; x_wconf 85' lang='lat' dir='ltr'><strong>ut</strong></span> <span class='ocrx_word' id='word_1_304' title='bbox 589 1599 658 1634; x_wconf 78' lang='lat' dir='ltr'><strong>sibi</strong></span> <span class='ocrx_word' id='word_1_305' title='bbox 679 1612 721 1634; x_wconf 83' lang='lat' dir='ltr'><strong>ac</strong></span> <span class='ocrx_word' id='word_1_306' title='bbox 743 1601 882 1644; x_wconf 81' lang='lat' dir='ltr'><strong>multis3</strong></span> <span class='ocrx_word' id='word_1_307' title='bbox 920 1609 1054 1644; x_wconf 77' lang='lat' dir='ltr'><strong>recepta</strong></span> <span class='ocrx_word' id='word_1_308' title='bbox 1080 1605 1207 1635; x_wconf 81' lang='lat' dir='ltr'><strong>omnino</strong></span> <span class='ocrx_word' id='word_1_309' title='bbox 1232 1615 1296 1635; x_wconf 82' lang='lat' dir='ltr'><strong>non</strong></span> <span class='ocrx_word' id='word_1_310' title='bbox 1323 1609 1371 1636; x_wconf 80' lang='lat' dir='ltr'><strong>est</strong></span> <span class='ocrx_word' id='word_1_311' title='bbox 1388 1600 1556 1643; x_wconf 73' lang='lat' dir='ltr'><strong>serenda,</strong></span> 
     </span>
    </p>

    <p class='ocr_par' dir='ltr' id='par_1_10' title="bbox 31 1644 1556 1694">
     <span class='ocr_line' id='line_1_30' title="bbox 31 1644 1556 1694; baseline 0 -13"><span class='ocrx_word' id='word_1_312' title='bbox 31 1668 35 1670; x_wconf 99' lang='lat'>-</span> <span class='ocrx_word' id='word_1_313' title='bbox 63 1644 151 1694; x_wconf 67' lang='lat' dir='ltr'><strong>sort.</strong></span> <span class='ocrx_word' id='word_1_314' title='bbox 175 1649 367 1692; x_wconf 76' lang='lat' dir='ltr'><strong>legendum:</strong></span> <span class='ocrx_word' id='word_1_315' title='bbox 402 1652 442 1680; x_wconf 88' lang='lat' dir='ltr'><strong>ut</strong></span> <span class='ocrx_word' id='word_1_316' title='bbox 464 1645 638 1680; x_wconf 85' lang='lat' dir='ltr'><strong>similibus</strong></span> <span class='ocrx_word' id='word_1_317' title='bbox 660 1646 779 1680; x_wconf 88' lang='lat' dir='ltr'><strong>multis</strong></span> <span class='ocrx_word' id='word_1_318' title='bbox 803 1654 878 1680; x_wconf 76' lang='lat' dir='ltr'><strong>aui</strong></span> <span class='ocrx_word' id='word_1_319' title='bbox 900 1652 940 1680; x_wconf 91' lang='lat' dir='ltr'><strong>ut</strong></span> <span class='ocrx_word' id='word_1_320' title='bbox 976 1647 1103 1681; x_wconf 89' lang='lat' dir='ltr'><strong>similia</strong></span> <span class='ocrx_word' id='word_1_321' title='bbox 1132 1647 1278 1690; x_wconf 84' lang='lat' dir='ltr'><strong>multis)</strong></span> <span class='ocrx_word' id='word_1_322' title='bbox 1314 1651 1380 1690; x_wconf 86' lang='lat'><strong>12,</strong></span> <span class='ocrx_word' id='word_1_323' title='bbox 1420 1650 1484 1690; x_wconf 87' lang='lat'><strong>10,</strong></span> <span class='ocrx_word' id='word_1_324' title='bbox 1513 1649 1556 1681; x_wconf 86' lang='lat'><strong>51</strong></span> 
     </span>
    </p>

    <p class='ocr_par' dir='ltr' id='par_1_11' title="bbox 32 1691 1563 2060">
     <span class='ocr_line' id='line_1_31' title="bbox 32 1691 1559 1737; baseline -0.001 -10"><span class='ocrx_word' id='word_1_325' title='bbox 32 1728 33 1731; x_wconf 64' lang='grc'><strong>,</strong></span> <span class='ocrx_word' id='word_1_326' title='bbox 68 1693 120 1727; x_wconf 80' lang='grc' dir='ltr'><strong>Ν.</strong></span> <span class='ocrx_word' id='word_1_327' title='bbox 145 1706 191 1727; x_wconf 79' lang='lat' dir='ltr'><strong>cr.</strong></span> <span class='ocrx_word' id='word_1_328' title='bbox 237 1691 275 1735; x_wconf 85' lang='lat' dir='ltr'><strong>b)</strong></span> <span class='ocrx_word' id='word_1_329' title='bbox 300 1705 370 1737; x_wconf 78' lang='lat' dir='ltr'><strong>seq.</strong></span> <span class='ocrx_word' id='word_1_330' title='bbox 393 1694 497 1725; x_wconf 66' lang='lat' dir='ltr'><strong>Aac.</strong></span> <span class='ocrx_word' id='word_1_331' title='bbox 523 1705 553 1725; x_wconf 84' lang='lat' dir='ltr'><strong>c.</strong></span> <span class='ocrx_word' id='word_1_332' title='bbox 578 1695 601 1725; x_wconf 92' lang='lat' dir='ltr'><strong><em>I</em></strong></span> <span class='ocrx_word' id='word_1_333' title='bbox 606 1705 626 1724; x_wconf 85' lang='lat' dir='ltr'><strong>n</strong></span> <span class='ocrx_word' id='word_1_334' title='bbox 631 1691 685 1733; x_wconf 85' lang='lat' dir='ltr'><strong>s..-</strong></span> <span class='ocrx_word' id='word_1_335' title='bbox 726 1692 991 1736; x_wconf 85' lang='lat' dir='ltr'><strong>persuasitque,</strong></span> <span class='ocrx_word' id='word_1_336' title='bbox 1023 1693 1112 1726; x_wconf 85' lang='lat' dir='ltr'><strong>nihil</strong></span> <span class='ocrx_word' id='word_1_337' title='bbox 1146 1704 1224 1727; x_wconf 88' lang='lat' dir='ltr'><strong>esse</strong></span> <span class='ocrx_word' id='word_1_338' title='bbox 1257 1694 1301 1727; x_wconf 89' lang='lat' dir='ltr'><strong>ad</strong></span> <span class='ocrx_word' id='word_1_339' title='bbox 1332 1699 1559 1736; x_wconf 86' lang='lat' dir='ltr'><strong>praesentem</strong></span> 
     </span>
     <span class='ocr_line' id='line_1_32' title="bbox 68 1736 1560 1782; baseline -0.001 -10"><span class='ocrx_word' id='word_1_340' title='bbox 68 1749 191 1773; x_wconf 76' lang='lat' dir='ltr'><strong>rerum</strong></span> <span class='ocrx_word' id='word_1_341' title='bbox 212 1743 342 1773; x_wconf 81' lang='lat' dir='ltr'><strong>statum</strong></span> <span class='ocrx_word' id='word_1_342' title='bbox 362 1736 486 1771; x_wconf 85' lang='lat' dir='ltr'><strong>utilius</strong></span> <span class='ocrx_word' id='word_1_343' title='bbox 506 1738 542 1778; x_wconf 87' lang='lat'><strong>6,</strong></span> <span class='ocrx_word' id='word_1_344' title='bbox 571 1740 605 1779; x_wconf 91' lang='lat'><strong>1,</strong></span> <span class='ocrx_word' id='word_1_345' title='bbox 628 1739 687 1772; x_wconf 86' lang='lat'><strong>35.</strong></span> <span class='ocrx_word' id='word_1_346' title='bbox 734 1749 885 1781; x_wconf 86' lang='lat' dir='ltr'><strong>neque</strong></span> <span class='ocrx_word' id='word_1_347' title='bbox 906 1738 1002 1772; x_wconf 89' lang='lat' dir='ltr'><strong>enim</strong></span> <span class='ocrx_word' id='word_1_348' title='bbox 1024 1739 1110 1772; x_wconf 84' lang='lat' dir='ltr'><strong>mihi</strong></span> <span class='ocrx_word' id='word_1_349' title='bbox 1141 1738 1217 1773; x_wconf 85' lang='lat' dir='ltr'><strong>Cic.</strong></span> <span class='ocrx_word' id='word_1_350' title='bbox 1242 1738 1560 1782; x_wconf 80' lang='lat' dir='ltr'><strong>persuaserit,</strong></span> 
     </span>
     <span class='ocr_line' id='line_1_33' title="bbox 71 1782 1561 1828; baseline 0.001 -12"><span class='ocrx_word' id='word_1_351' title='bbox 71 1783 218 1828; x_wconf 79' lang='lat' dir='ltr'><strong>Lysiam</strong></span> <span class='ocrx_word' id='word_1_352' title='bbox 243 1791 304 1817; x_wconf 79' lang='lat' dir='ltr'><strong>ete.</strong></span> <span class='ocrx_word' id='word_1_353' title='bbox 328 1793 455 1827; x_wconf 83' lang='lat' dir='ltr'><strong>parum</strong></span> <span class='ocrx_word' id='word_1_354' title='bbox 477 1782 655 1827; x_wconf 77' lang='lat' dir='ltr'><strong>studiosos</strong></span> <span class='ocrx_word' id='word_1_355' title='bbox 678 1784 755 1826; x_wconf 82' lang='lat' dir='ltr'><strong>ejus</strong></span> <span class='ocrx_word' id='word_1_356' title='bbox 777 1785 890 1818; x_wconf 83' lang='lat' dir='ltr'><strong>fuisse</strong></span> <span class='ocrx_word' id='word_1_357' title='bbox 914 1784 951 1826; x_wconf 83' lang='lat'><strong>9,</strong></span> <span class='ocrx_word' id='word_1_358' title='bbox 973 1783 1010 1826; x_wconf 85' lang='lat'><strong>4,</strong></span> <span class='ocrx_word' id='word_1_359' title='bbox 1036 1785 1091 1818; x_wconf 90' lang='lat'><strong>16.</strong></span> <span class='ocrx_word' id='word_1_360' title='bbox 1123 1784 1339 1819; x_wconf 86' lang='lat' dir='ltr'><strong>Solitaurilia</strong></span> <span class='ocrx_word' id='word_1_361' title='bbox 1364 1785 1434 1827; x_wconf 86' lang='lat' dir='ltr'><strong>jam</strong></span> <span class='ocrx_word' id='word_1_362' title='bbox 1463 1795 1561 1828; x_wconf 88' lang='lat' dir='ltr'><strong>per-</strong></span> 
     </span>
     <span class='ocr_line' id='line_1_34' title="bbox 65 1828 1563 1874; baseline 0.001 -12"><span class='ocrx_word' id='word_1_363' title='bbox 65 1839 256 1870; x_wconf 75' lang='lat' dir='ltr'><strong>suasum</strong></span> <span class='ocrx_word' id='word_1_364' title='bbox 271 1834 335 1863; x_wconf 86' lang='lat' dir='ltr'><strong>-est</strong></span> <span class='ocrx_word' id='word_1_365' title='bbox 361 1838 440 1862; x_wconf 82' lang='lat' dir='ltr'><strong>esse</strong></span> <span class='ocrx_word' id='word_1_366' title='bbox 466 1828 727 1863; x_wconf 79' lang='lat' dir='ltr'><strong>suovetaurilia</strong></span> <span class='ocrx_word' id='word_1_367' title='bbox 752 1832 787 1872; x_wconf 91' lang='lat'><strong>1,</strong></span> <span class='ocrx_word' id='word_1_368' title='bbox 812 1830 846 1873; x_wconf 87' lang='lat'><strong>5,</strong></span> <span class='ocrx_word' id='word_1_369' title='bbox 873 1830 929 1864; x_wconf 89' lang='lat'><strong>67.</strong></span> <span class='ocrx_word' id='word_1_370' title='bbox 954 1829 1192 1864; x_wconf 89' lang='lat' dir='ltr'><strong>eruditissimo</strong></span> <span class='ocrx_word' id='word_1_371' title='bbox 1215 1831 1343 1874; x_wconf 86' lang='lat' dir='ltr'><strong>cuique</strong></span> <span class='ocrx_word' id='word_1_372' title='bbox 1368 1841 1563 1874; x_wconf 88' lang='lat' dir='ltr'><strong>persua-</strong></span> 
     </span>
     <span class='ocr_line' id='line_1_35' title="bbox 73 1872 1559 1922; baseline -0.001 -13"><span class='ocrx_word' id='word_1_373' title='bbox 73 1886 165 1909; x_wconf 85' lang='lat' dir='ltr'><strong>sum</strong></span> <span class='ocrx_word' id='word_1_374' title='bbox 189 1879 262 1908; x_wconf 88' lang='lat' dir='ltr'><strong>est</strong></span> <span class='ocrx_word' id='word_1_375' title='bbox 293 1881 355 1907; x_wconf 82' lang='lat' dir='ltr'><strong>etc.</strong></span> <span class='ocrx_word' id='word_1_376' title='bbox 384 1874 422 1915; x_wconf 88' lang='grc'><strong>9,</strong></span> <span class='ocrx_word' id='word_1_377' title='bbox 458 1872 494 1916; x_wconf 83' lang='lat'><strong>4,</strong></span> <span class='ocrx_word' id='word_1_378' title='bbox 522 1875 558 1909; x_wconf 84' lang='lat'><strong>9.</strong></span> <span class='ocrx_word' id='word_1_379' title='bbox 604 1885 756 1918; x_wconf 84' lang='lat' dir='ltr'><strong>neque</strong></span> <span class='ocrx_word' id='word_1_380' title='bbox 777 1876 815 1908; x_wconf 92' lang='lat' dir='ltr'><strong>id</strong></span> <span class='ocrx_word' id='word_1_381' title='bbox 851 1875 969 1909; x_wconf 87' lang='lat' dir='ltr'><strong>statim</strong></span> <span class='ocrx_word' id='word_1_382' title='bbox 1001 1876 1135 1922; x_wconf 82' lang='lat' dir='ltr'><strong>legenti</strong></span> <span class='ocrx_word' id='word_1_383' title='bbox 1165 1887 1445 1919; x_wconf 87' lang='lat' dir='ltr'><strong>persuasum</strong></span> <span class='ocrx_word' id='word_1_384' title='bbox 1476 1875 1559 1918; x_wconf 89' lang='lat' dir='ltr'><strong>sit,</strong></span> 
     </span>
     <span class='ocr_line' id='line_1_36' title="bbox 73 1918 1559 1966; baseline -0.001 -11"><span class='ocrx_word' id='word_1_385' title='bbox 73 1919 214 1963; x_wconf 87' lang='lat' dir='ltr'><strong>omnia,</strong></span> <span class='ocrx_word' id='word_1_386' title='bbox 247 1930 338 1963; x_wconf 86' lang='lat' dir='ltr'><strong>quae</strong></span> <span class='ocrx_word' id='word_1_387' title='bbox 363 1918 482 1964; x_wconf 83' lang='lat' dir='ltr'><strong>magui</strong></span> <span class='ocrx_word' id='word_1_388' title='bbox 504 1925 668 1953; x_wconf 85' lang='lat' dir='ltr'><strong>auctores</strong></span> <span class='ocrx_word' id='word_1_389' title='bbox 691 1921 871 1962; x_wconf 79' lang='lat' dir='ltr'><strong>dixerint,</strong></span> <span class='ocrx_word' id='word_1_390' title='bbox 904 1922 1027 1966; x_wconf 85' lang='lat' dir='ltr'><strong>utique</strong></span> <span class='ocrx_word' id='word_1_391' title='bbox 1050 1933 1131 1956; x_wconf 85' lang='lat' dir='ltr'><strong>esse</strong></span> <span class='ocrx_word' id='word_1_392' title='bbox 1153 1923 1315 1966; x_wconf 84' lang='lat' dir='ltr'><strong>perfecta</strong></span> <span class='ocrx_word' id='word_1_393' title='bbox 1353 1924 1409 1963; x_wconf 92' lang='lat'><strong>10,</strong></span> <span class='ocrx_word' id='word_1_394' title='bbox 1437 1925 1468 1963; x_wconf 91' lang='grc'><strong>1,</strong></span> <span class='ocrx_word' id='word_1_395' title='bbox 1495 1920 1559 1964; x_wconf 89' lang='grc'><strong>24;</strong></span> 
     </span>
     <span class='ocr_line' id='line_1_37' title="bbox 60 1964 1561 2011; baseline -0.001 -11"><span class='ocrx_word' id='word_1_396' title='bbox 60 1966 178 2000; x_wconf 70' lang='lat' dir='ltr'><strong>‹facile</strong></span> <span class='ocrx_word' id='word_1_397' title='bbox 208 1965 434 2009; x_wconf 84' lang='lat' dir='ltr'><strong>persuadebit</strong></span> <span class='ocrx_word' id='word_1_398' title='bbox 465 1964 555 2006; x_wconf 85' lang='lat' dir='ltr'><strong>sibi,</strong></span> <span class='ocrx_word' id='word_1_399' title='bbox 597 1971 646 1998; x_wconf 87' lang='lat' dir='ltr'><strong>ut</strong></span> <span class='ocrx_word' id='word_1_400' title='bbox 676 1971 859 2010; x_wconf 82' lang='lat' dir='ltr'><strong>tempora,</strong></span> <span class='ocrx_word' id='word_1_401' title='bbox 895 1979 984 2011; x_wconf 84' lang='lat' dir='ltr'><strong>quae</strong></span> <span class='ocrx_word' id='word_1_402' title='bbox 1015 1967 1226 2011; x_wconf 87' lang='lat' dir='ltr'><strong>spectaculis</strong></span> <span class='ocrx_word' id='word_1_403' title='bbox 1260 1976 1323 2002; x_wconf 77' lang='lat' dir='ltr'><strong>etc.</strong></span> <span class='ocrx_word' id='word_1_404' title='bbox 1359 1972 1561 2008; x_wconf 86' lang='lat' dir='ltr'><strong>conterunt,</strong></span> 
     </span>
     <span class='ocr_line' id='line_1_38' title="bbox 72 2009 1503 2060; baseline 0.001 -14"><span class='ocrx_word' id='word_1_405' title='bbox 72 2018 277 2060; x_wconf 82' lang='lat' dir='ltr'><strong>geometrae</strong></span> <span class='ocrx_word' id='word_1_406' title='bbox 298 2010 416 2054; x_wconf 89' lang='lat' dir='ltr'><strong>potius</strong></span> <span class='ocrx_word' id='word_1_407' title='bbox 442 2021 485 2044; x_wconf 90' lang='lat' dir='ltr'><strong>ac</strong></span> <span class='ocrx_word' id='word_1_408' title='bbox 506 2009 642 2044; x_wconf 85' lang='lat' dir='ltr'><strong>musico</strong></span> <span class='ocrx_word' id='word_1_409' title='bbox 664 2009 845 2055; x_wconf 89' lang='lat' dir='ltr'><strong>impendat</strong></span> <span class='ocrx_word' id='word_1_410' title='bbox 871 2015 904 2056; x_wconf 93' lang='lat'><strong>1,</strong></span> <span class='ocrx_word' id='word_1_411' title='bbox 930 2016 986 2055; x_wconf 90' lang='grc'><strong>12,</strong></span> <span class='ocrx_word' id='word_1_412' title='bbox 1013 2015 1068 2048; x_wconf 83' lang='lat'><strong>18.</strong></span> <span class='ocrx_word' id='word_1_413' title='bbox 1500 2020 1503 2023; x_wconf 78' lang='grc'><em>’</em></span> 
     </span>
    </p>
   </div>
   <div class='ocr_carea' id='block_1_6' title="bbox 0 1548 62 3002">
    <p class='ocr_par' dir='ltr' id='par_1_12' title="bbox 0 1548 62 3002">
     <span class='ocr_line' id='line_1_39' title="bbox 0 1548 62 2600; baseline 0 0"><span class='ocrx_word' id='word_1_414' title='bbox 0 1548 62 2600; x_wconf 95' lang='lat' dir='ltr'><strong>     </strong></span> 
     </span>
     <span class='ocr_line' id='line_1_40' title="bbox 0 2600 57 3002; baseline 0 0"><span class='ocrx_word' id='word_1_415' title='bbox 0 2600 57 3002; x_wconf 95' lang='lat' dir='ltr'><strong>    </strong></span> 
     </span>
    </p>
   </div>
   <div class='ocr_carea' id='block_1_7' title="bbox 23 2066 1562 2170">
    <p class='ocr_par' dir='ltr' id='par_1_13' title="bbox 23 2066 1562 2170">
     <span class='ocr_line' id='line_1_41' title="bbox 23 2066 1562 2126; baseline -0.001 -11"><span class='ocrx_word' id='word_1_416' title='bbox 23 2066 336 2126; x_wconf 55' lang='grc' dir='ltr'><strong>Γβῐευεεὶὺῆἱε.</strong></span> <span class='ocrx_word' id='word_1_417' title='bbox 382 2083 588 2124; x_wconf 85' lang='lat' dir='ltr'><strong>argumenta</strong></span> <span class='ocrx_word' id='word_1_418' title='bbox 609 2090 702 2122; x_wconf 86' lang='lat' dir='ltr'><strong>pers.</strong></span> <span class='ocrx_word' id='word_1_419' title='bbox 728 2082 765 2122; x_wconf 91' lang='grc'><strong>2,</strong></span> <span class='ocrx_word' id='word_1_420' title='bbox 789 2083 848 2122; x_wconf 93' lang='grc'><strong>21,</strong></span> <span class='ocrx_word' id='word_1_421' title='bbox 867 2082 902 2116; x_wconf 87' lang='grc'><strong>2.</strong></span> <span class='ocrx_word' id='word_1_422' title='bbox 930 2081 1015 2125; x_wconf 80' lang='lat' dir='ltr'><strong>quid</strong></span> <span class='ocrx_word' id='word_1_423' title='bbox 1038 2081 1076 2115; x_wconf 90' lang='lat' dir='ltr'><strong>in</strong></span> <span class='ocrx_word' id='word_1_424' title='bbox 1100 2092 1239 2125; x_wconf 78' lang='lat' dir='ltr'><strong>quaque</strong></span> <span class='ocrx_word' id='word_1_425' title='bbox 1271 2091 1311 2114; x_wconf 89' lang='lat' dir='ltr'><strong>re</strong></span> <span class='ocrx_word' id='word_1_426' title='bbox 1345 2079 1458 2124; x_wconf 81' lang='lat' dir='ltr'><strong>possit</strong></span> <span class='ocrx_word' id='word_1_427' title='bbox 1482 2091 1562 2115; x_wconf 83' lang='lat' dir='ltr'><strong>esse</strong></span> 
     </span>
     <span class='ocr_line' id='line_1_42' title="bbox 34 2124 1560 2170; baseline 0.001 -10"><span class='ocrx_word' id='word_1_428' title='bbox 34 2134 38 2139; x_wconf 89' lang='grc'><em>“</em></span> <span class='ocrx_word' id='word_1_429' title='bbox 71 2124 305 2170; x_wconf 85' lang='lat' dir='ltr'><strong>persuasibile</strong></span> <span class='ocrx_word' id='word_1_430' title='bbox 329 2127 363 2167; x_wconf 90' lang='grc'><strong>2,</strong></span> <span class='ocrx_word' id='word_1_431' title='bbox 388 2125 444 2166; x_wconf 86' lang='grc'><strong>15,</strong></span> <span class='ocrx_word' id='word_1_432' title='bbox 470 2125 527 2158; x_wconf 90' lang='grc'><strong>16.</strong></span> <span class='ocrx_word' id='word_1_433' title='bbox 552 2124 670 2158; x_wconf 86' lang='lat' dir='ltr'><strong>omnia</strong></span> <span class='ocrx_word' id='word_1_434' title='bbox 691 2125 730 2158; x_wconf 91' lang='lat' dir='ltr'><strong>in</strong></span> <span class='ocrx_word' id='word_1_435' title='bbox 753 2125 916 2160; x_wconf 85' lang='lat' dir='ltr'><strong>oratione</strong></span> <span class='ocrx_word' id='word_1_436' title='bbox 941 2126 1186 2170; x_wconf 88' lang='lat' dir='ltr'><strong>persuasibilia</strong></span> <span class='ocrx_word' id='word_1_437' title='bbox 1209 2129 1252 2160; x_wconf 81' lang='lat' dir='ltr'><strong>ib.</strong></span> <span class='ocrx_word' id='word_1_438' title='bbox 1283 2128 1337 2164; x_wconf 88' lang='grc'><strong>13,</strong></span> <span class='ocrx_word' id='word_1_439' title='bbox 1360 2126 1406 2167; x_wconf 85' lang='lat' dir='ltr'><strong>cs.</strong></span> <span class='ocrx_word' id='word_1_440' title='bbox 1427 2129 1482 2161; x_wconf 91' lang='lat'><strong>17.</strong></span> <span class='ocrx_word' id='word_1_441' title='bbox 1503 2130 1560 2161; x_wconf 87' lang='grc'><strong>21.</strong></span> 
     </span>
    </p>
   </div>
   <div class='ocr_carea' id='block_1_8' title="bbox 36 2168 1556 2281">
    <p class='ocr_par' dir='ltr' id='par_1_14' title="bbox 36 2168 1556 2281">
     <span class='ocr_line' id='line_1_43' title="bbox 62 2168 1556 2229; baseline 0.003 -17"><span class='ocrx_word' id='word_1_442' title='bbox 62 2168 380 2222; x_wconf 83' lang='lat' dir='ltr'><strong>ersuasibiliter.</strong></span> <span class='ocrx_word' id='word_1_443' title='bbox 422 2181 684 2229; x_wconf 86' lang='lat' dir='ltr'><strong>Hermagorae,</strong></span> <span class='ocrx_word' id='word_1_444' title='bbox 720 2181 780 2227; x_wconf 84' lang='lat' dir='ltr'><strong>qui</strong></span> <span class='ocrx_word' id='word_1_445' title='bbox 808 2182 916 2218; x_wconf 79' lang='lat' dir='ltr'><strong>finem</strong></span> <span class='ocrx_word' id='word_1_446' title='bbox 947 2184 1023 2228; x_wconf 87' lang='lat' dir='ltr'><strong>ejus</strong></span> <span class='ocrx_word' id='word_1_447' title='bbox 1059 2181 1286 2228; x_wconf 78' lang='lat' dir='ltr'><strong>(rhetorices)</strong></span> <span class='ocrx_word' id='word_1_448' title='bbox 1319 2194 1398 2217; x_wconf 88' lang='lat' dir='ltr'><strong>esse</strong></span> <span class='ocrx_word' id='word_1_449' title='bbox 1421 2183 1487 2227; x_wconf 90' lang='lat' dir='ltr'><strong>ait,</strong></span> <span class='ocrx_word' id='word_1_450' title='bbox 1521 2195 1556 2228; x_wconf 88' lang='lat' dir='ltr'><strong>p.</strong></span> 
     </span>
     <span class='ocr_line' id='line_1_44' title="bbox 36 2225 713 2281; baseline 0 -19"><span class='ocrx_word' id='word_1_451' title='bbox 36 2228 194 2281; x_wconf 25' lang='lat' dir='ltr'><strong>Qt&#39;dicere</strong></span> <span class='ocrx_word' id='word_1_452' title='bbox 213 2230 249 2267; x_wconf 81' lang='lat'>2,</span> <span class='ocrx_word' id='word_1_453' title='bbox 277 2227 339 2270; x_wconf 84' lang='lat'><strong>15,</strong></span> <span class='ocrx_word' id='word_1_454' title='bbox 369 2225 424 2261; x_wconf 87' lang='lat'><strong>14.</strong></span> <span class='ocrx_word' id='word_1_455' title='bbox 453 2230 562 2262; x_wconf 66' lang='grc' dir='ltr'><strong>σει..</strong></span> <span class='ocrx_word' id='word_1_456' title='bbox 587 2230 630 2261; x_wconf 67' lang='lat' dir='ltr'><strong>a.</strong></span> <span class='ocrx_word' id='word_1_457' title='bbox 655 2230 713 2262; x_wconf 84' lang='lat'><strong>22.</strong></span> 
     </span>
    </p>
   </div>
   <div class='ocr_carea' id='block_1_9' title="bbox 48 2295 1562 2846">
    <p class='ocr_par' dir='ltr' id='par_1_15' title="bbox 48 2295 1562 2846">
     <span class='ocr_line' id='line_1_45' title="bbox 63 2295 1559 2342; baseline 0.005 -18"><span class='ocrx_word' id='word_1_458' title='bbox 63 2297 269 2325; x_wconf 79' lang='lat' dir='ltr'><strong>ersuasio.</strong></span> <span class='ocrx_word' id='word_1_459' title='bbox 318 2295 354 2332; x_wconf 80' lang='grc' dir='ltr'><strong>α)</strong></span> <span class='ocrx_word' id='word_1_460' title='bbox 379 2307 408 2327; x_wconf 83' lang='lat' dir='ltr'><strong>c.</strong></span> <span class='ocrx_word' id='word_1_461' title='bbox 433 2296 541 2338; x_wconf 54' lang='lat' dir='ltr'><strong>Adju·</strong></span> <span class='ocrx_word' id='word_1_462' title='bbox 565 2306 736 2342; x_wconf 86' lang='lat' dir='ltr'><strong>arrogans</strong></span> <span class='ocrx_word' id='word_1_463' title='bbox 760 2297 804 2331; x_wconf 92' lang='lat' dir='ltr'><strong>de</strong></span> <span class='ocrx_word' id='word_1_464' title='bbox 829 2308 867 2331; x_wconf 86' lang='lat' dir='ltr'><strong>se</strong></span> <span class='ocrx_word' id='word_1_465' title='bbox 887 2309 924 2342; x_wconf 89' lang='lat' dir='ltr'><strong>p.</strong></span> <span class='ocrx_word' id='word_1_466' title='bbox 952 2300 987 2340; x_wconf 90' lang='grc'><strong>2,</strong></span> <span class='ocrx_word' id='word_1_467' title='bbox 1010 2295 1046 2340; x_wconf 89' lang='lat'><strong>4,</strong></span> <span class='ocrx_word' id='word_1_468' title='bbox 1071 2298 1124 2332; x_wconf 89' lang='grc'><strong>16.</strong></span> <span class='ocrx_word' id='word_1_469' title='bbox 1173 2295 1355 2341; x_wconf 87' lang='lat' dir='ltr'><strong>popularis</strong></span> <span class='ocrx_word' id='word_1_470' title='bbox 1377 2308 1414 2341; x_wconf 90' lang='lat' dir='ltr'><strong>p.</strong></span> <span class='ocrx_word' id='word_1_471' title='bbox 1442 2300 1477 2340; x_wconf 89' lang='grc'><strong>2,</strong></span> <span class='ocrx_word' id='word_1_472' title='bbox 1503 2298 1559 2340; x_wconf 87' lang='lat'><strong>15,</strong></span> 
     </span>
     <span class='ocr_line' id='line_1_46' title="bbox 75 2341 1562 2387; baseline 0.001 -12"><span class='ocrx_word' id='word_1_473' title='bbox 75 2342 132 2376; x_wconf 81' lang='lat'><strong>19.</strong></span> <span class='ocrx_word' id='word_1_474' title='bbox 158 2343 191 2382; x_wconf 87' lang='grc'><strong>5,</strong></span> <span class='ocrx_word' id='word_1_475' title='bbox 218 2343 273 2381; x_wconf 85' lang='grc'><strong>11,</strong></span> <span class='ocrx_word' id='word_1_476' title='bbox 298 2341 355 2374; x_wconf 90' lang='grc'><strong>37.</strong></span> <span class='ocrx_word' id='word_1_477' title='bbox 398 2341 541 2384; x_wconf 86' lang='lat' dir='ltr'><strong>publice</strong></span> <span class='ocrx_word' id='word_1_478' title='bbox 566 2348 711 2386; x_wconf 88' lang='lat' dir='ltr'><strong>recepta</strong></span> <span class='ocrx_word' id='word_1_479' title='bbox 737 2351 772 2383; x_wconf 82' lang='lat' dir='ltr'><strong>p.</strong></span> <span class='ocrx_word' id='word_1_480' title='bbox 799 2344 835 2384; x_wconf 81' lang='lat'><strong>3.</strong></span> <span class='ocrx_word' id='word_1_481' title='bbox 857 2347 894 2387; x_wconf 91' lang='lat'><strong>7,</strong></span> <span class='ocrx_word' id='word_1_482' title='bbox 916 2345 974 2378; x_wconf 85' lang='lat'><strong>23.</strong></span> <span class='ocrx_word' id='word_1_483' title='bbox 1010 2342 1055 2384; x_wconf 85' lang='lat' dir='ltr'><strong>cs.</strong></span> <span class='ocrx_word' id='word_1_484' title='bbox 1089 2347 1125 2385; x_wconf 88' lang='grc'><strong>2,</strong></span> <span class='ocrx_word' id='word_1_485' title='bbox 1154 2344 1190 2386; x_wconf 90' lang='grc'><strong>8,</strong></span> <span class='ocrx_word' id='word_1_486' title='bbox 1223 2343 1258 2378; x_wconf 87' lang='grc'><strong>6.</strong></span> <span class='ocrx_word' id='word_1_487' title='bbox 1301 2342 1387 2377; x_wconf 88' lang='lat' dir='ltr'><strong>hinc</strong></span> <span class='ocrx_word' id='word_1_488' title='bbox 1409 2348 1562 2377; x_wconf 88' lang='lat' dir='ltr'><strong>tumor</strong></span> 
     </span>
     <span class='ocr_line' id='line_1_47' title="bbox 74 2387 1560 2434; baseline 0.002 -14"><span class='ocrx_word' id='word_1_489' title='bbox 74 2392 112 2420; x_wconf 89' lang='lat' dir='ltr'><strong>et</strong></span> <span class='ocrx_word' id='word_1_490' title='bbox 133 2396 227 2420; x_wconf 82' lang='lat' dir='ltr'><strong>vana</strong></span> <span class='ocrx_word' id='word_1_491' title='bbox 251 2387 296 2419; x_wconf 87' lang='lat' dir='ltr'><strong>de</strong></span> <span class='ocrx_word' id='word_1_492' title='bbox 321 2396 360 2420; x_wconf 84' lang='lat' dir='ltr'><strong>se</strong></span> <span class='ocrx_word' id='word_1_493' title='bbox 395 2397 514 2430; x_wconf 87' lang='lat' dir='ltr'><strong>pers.</strong></span> <span class='ocrx_word' id='word_1_494' title='bbox 546 2389 591 2430; x_wconf 89' lang='grc'><strong>2,</strong></span> <span class='ocrx_word' id='word_1_495' title='bbox 620 2391 663 2431; x_wconf 94' lang='grc'><strong>2,</strong></span> <span class='ocrx_word' id='word_1_496' title='bbox 695 2391 751 2423; x_wconf 90' lang='grc'><strong>12.</strong></span> <span class='ocrx_word' id='word_1_497' title='bbox 795 2389 839 2434; x_wconf 82' lang='grc' dir='ltr'><strong>β)</strong></span> <span class='ocrx_word' id='word_1_498' title='bbox 873 2403 903 2424; x_wconf 80' lang='lat' dir='ltr'><strong>c.</strong></span> <span class='ocrx_word' id='word_1_499' title='bbox 934 2391 1068 2424; x_wconf 74' lang='lat' dir='ltr'><strong>Genii..-</strong></span> <span class='ocrx_word' id='word_1_500' title='bbox 1112 2389 1257 2423; x_wconf 88' lang='lat' dir='ltr'><strong>illorum</strong></span> <span class='ocrx_word' id='word_1_501' title='bbox 1287 2398 1402 2431; x_wconf 63' lang='lat' dir='ltr'><strong>pers,</strong></span> <span class='ocrx_word' id='word_1_502' title='bbox 1432 2389 1493 2433; x_wconf 87' lang='lat' dir='ltr'><strong>qui</strong></span> <span class='ocrx_word' id='word_1_503' title='bbox 1518 2407 1560 2414; x_wconf 91' lang='lat'>—</span> 
     </span>
     <span class='ocr_line' id='line_1_48' title="bbox 75 2432 1560 2478; baseline 0.003 -14"><span class='ocrx_word' id='word_1_504' title='bbox 75 2432 226 2465; x_wconf 81' lang='lat' dir='ltr'><strong>credunt</strong></span> <span class='ocrx_word' id='word_1_505' title='bbox 247 2434 283 2473; x_wconf 91' lang='grc'><strong>2,</strong></span> <span class='ocrx_word' id='word_1_506' title='bbox 306 2432 341 2474; x_wconf 86' lang='grc'><strong>3,</strong></span> <span class='ocrx_word' id='word_1_507' title='bbox 370 2435 399 2465; x_wconf 86' lang='lat'><strong>1.</strong></span> <span class='ocrx_word' id='word_1_508' title='bbox 446 2432 552 2466; x_wconf 88' lang='lat' dir='ltr'><strong>Plinii</strong></span> <span class='ocrx_word' id='word_1_509' title='bbox 576 2434 762 2477; x_wconf 79' lang='lat' dir='ltr'><strong>Secundi,</strong></span> <span class='ocrx_word' id='word_1_510' title='bbox 791 2435 888 2469; x_wconf 89' lang='lat' dir='ltr'><strong>docti</strong></span> <span class='ocrx_word' id='word_1_511' title='bbox 918 2434 1098 2477; x_wconf 87' lang='lat' dir='ltr'><strong>hominis,</strong></span> <span class='ocrx_word' id='word_1_512' title='bbox 1133 2434 1399 2476; x_wconf 81' lang='lat' dir='ltr'><strong>persuasionem</strong></span> <span class='ocrx_word' id='word_1_513' title='bbox 1433 2438 1489 2478; x_wconf 90' lang='grc'><strong>11,</strong></span> <span class='ocrx_word' id='word_1_514' title='bbox 1523 2437 1560 2478; x_wconf 86' lang='grc'><strong>3,</strong></span> 
     </span>
     <span class='ocr_line' id='line_1_49' title="bbox 78 2476 1559 2526; baseline 0.003 -16"><span class='ocrx_word' id='word_1_515' title='bbox 78 2476 158 2511; x_wconf 76' lang='grc'><strong>143.</strong></span> <span class='ocrx_word' id='word_1_516' title='bbox 185 2487 316 2510; x_wconf 79' lang='lat' dir='ltr'><strong>earum.</strong></span> <span class='ocrx_word' id='word_1_517' title='bbox 330 2486 424 2518; x_wconf 87' lang='lat' dir='ltr'><strong>pers.</strong></span> <span class='ocrx_word' id='word_1_518' title='bbox 447 2478 643 2521; x_wconf 90' lang='lat' dir='ltr'><strong>nationum,</strong></span> <span class='ocrx_word' id='word_1_519' title='bbox 667 2491 759 2524; x_wconf 87' lang='lat' dir='ltr'><strong>quae</strong></span> <span class='ocrx_word' id='word_1_520' title='bbox 782 2481 923 2515; x_wconf 86' lang='lat' dir='ltr'><strong>fletibus</strong></span> <span class='ocrx_word' id='word_1_521' title='bbox 946 2487 1049 2515; x_wconf 90' lang='lat' dir='ltr'><strong>natos</strong></span> <span class='ocrx_word' id='word_1_522' title='bbox 1070 2487 1336 2526; x_wconf 84' lang='lat' dir='ltr'><strong>prosequuntur</strong></span> <span class='ocrx_word' id='word_1_523' title='bbox 1359 2482 1393 2523; x_wconf 88' lang='grc'><strong>5,</strong></span> <span class='ocrx_word' id='word_1_524' title='bbox 1421 2483 1478 2524; x_wconf 92' lang='grc'><strong>11,</strong></span> <span class='ocrx_word' id='word_1_525' title='bbox 1503 2483 1559 2516; x_wconf 80' lang='grc'><strong>38.</strong></span> 
     </span>
     <span class='ocr_line' id='line_1_50' title="bbox 76 2525 1562 2571; baseline 0.003 -16"><span class='ocrx_word' id='word_1_526' title='bbox 76 2531 172 2564; x_wconf 86' lang='lat' dir='ltr'><strong>pers.</strong></span> <span class='ocrx_word' id='word_1_527' title='bbox 205 2529 341 2564; x_wconf 83' lang='lat' dir='ltr'><strong>patrum</strong></span> <span class='ocrx_word' id='word_1_528' title='bbox 372 2525 633 2558; x_wconf 87' lang='lat' dir='ltr'><strong>numerantium</strong></span> <span class='ocrx_word' id='word_1_529' title='bbox 672 2526 791 2567; x_wconf 83' lang='lat' dir='ltr'><strong>potius</strong></span> <span class='ocrx_word' id='word_1_530' title='bbox 830 2527 1124 2570; x_wconf 83' lang='lat' dir='ltr'><strong>declamationes,</strong></span> <span class='ocrx_word' id='word_1_531' title='bbox 1164 2539 1269 2571; x_wconf 84' lang='lat' dir='ltr'><strong>quam</strong></span> <span class='ocrx_word' id='word_1_532' title='bbox 1301 2526 1562 2561; x_wconf 85' lang='lat' dir='ltr'><strong>aestimantium</strong></span> 
     </span>
     <span class='ocr_line' id='line_1_51' title="bbox 79 2569 1559 2650; baseline 0.004 -48"><span class='ocrx_word' id='word_1_533' title='bbox 79 2570 135 2611; x_wconf 89' lang='lat'><strong>10,</strong></span> <span class='ocrx_word' id='word_1_534' title='bbox 157 2570 192 2610; x_wconf 89' lang='lat'><strong>5,</strong></span> <span class='ocrx_word' id='word_1_535' title='bbox 216 2571 272 2602; x_wconf 84' lang='lat'><strong>21.</strong></span> <span class='ocrx_word' id='word_1_536' title='bbox 298 2569 457 2650; x_wconf 51' lang='lat' dir='ltr'><strong>mgffffm.</strong></span> <span class='ocrx_word' id='word_1_537' title='bbox 481 2570 517 2615; x_wconf 80' lang='grc' dir='ltr'><strong>γ)</strong></span> <span class='ocrx_word' id='word_1_538' title='bbox 539 2584 600 2614; x_wconf 86' lang='lat' dir='ltr'><strong>per</strong></span> <span class='ocrx_word' id='word_1_539' title='bbox 625 2574 738 2605; x_wconf 87' lang='lat' dir='ltr'><strong>varios</strong></span> <span class='ocrx_word' id='word_1_540' title='bbox 773 2585 890 2606; x_wconf 78' lang='lat' dir='ltr'><strong>casus.-</strong></span> <span class='ocrx_word' id='word_1_541' title='bbox 916 2573 1071 2616; x_wconf 83' lang='lat' dir='ltr'><strong>pervasit</strong></span> <span class='ocrx_word' id='word_1_542' title='bbox 1094 2574 1164 2617; x_wconf 88' lang='lat' dir='ltr'><strong>jam</strong></span> <span class='ocrx_word' id='word_1_543' title='bbox 1185 2574 1314 2608; x_wconf 85' lang='lat' dir='ltr'><strong>multos</strong></span> <span class='ocrx_word' id='word_1_544' title='bbox 1332 2573 1398 2607; x_wconf 88' lang='lat' dir='ltr'><strong>ista</strong></span> <span class='ocrx_word' id='word_1_545' title='bbox 1421 2583 1559 2615; x_wconf 77' lang='lat' dir='ltr'><strong>pers..</strong></span> 
     </span>
     <span class='ocr_line' id='line_1_52' title="bbox 48 2617 1558 2666; baseline 0.003 -17"><span class='ocrx_word' id='word_1_546' title='bbox 48 2619 124 2658; x_wconf 57' lang='lat' dir='ltr'><strong>¹tut</strong></span> <span class='ocrx_word' id='word_1_547' title='bbox 146 2620 315 2666; x_wconf 78' lang='lat' dir='ltr'><strong>putent</strong></span> <span class='ocrx_word' id='word_1_548' title='bbox 361 2642 371 2658; x_wconf 93' lang='lat'><strong>,</strong></span> <span class='ocrx_word' id='word_1_549' title='bbox 395 2618 432 2659; x_wconf 90' lang='grc'><strong>2,</strong></span> <span class='ocrx_word' id='word_1_550' title='bbox 456 2618 520 2659; x_wconf 88' lang='grc'><strong>21;</strong></span> <span class='ocrx_word' id='word_1_551' title='bbox 554 2627 629 2651; x_wconf 92' lang='lat' dir='ltr'><strong>non</strong></span> <span class='ocrx_word' id='word_1_552' title='bbox 653 2617 720 2651; x_wconf 83' lang='lat' dir='ltr'><strong>fuit</strong></span> <span class='ocrx_word' id='word_1_553' title='bbox 758 2620 830 2653; x_wconf 88' lang='lat' dir='ltr'><strong>hoc</strong></span> <span class='ocrx_word' id='word_1_554' title='bbox 852 2619 940 2653; x_wconf 87' lang='lat' dir='ltr'><strong>utile</strong></span> <span class='ocrx_word' id='word_1_555' title='bbox 972 2619 1304 2663; x_wconf 86' lang='lat' dir='ltr'><strong>persuasioni,</strong></span> <span class='ocrx_word' id='word_1_556' title='bbox 1346 2620 1432 2663; x_wconf 88' lang='lat' dir='ltr'><strong>sed,</strong></span> <span class='ocrx_word' id='word_1_557' title='bbox 1465 2620 1558 2664; x_wconf 84' lang='lat' dir='ltr'><strong>quod</strong></span> 
     </span>
     <span class='ocr_line' id='line_1_53' title="bbox 52 2660 1559 2712; baseline 0.004 -20"><span class='ocrx_word' id='word_1_558' title='bbox 52 2660 131 2693; x_wconf 59' lang='lat' dir='ltr'><strong>-zest</strong></span> <span class='ocrx_word' id='word_1_559' title='bbox 155 2671 280 2703; x_wconf 70' lang='lat' dir='ltr'><strong>malus,</strong></span> <span class='ocrx_word' id='word_1_560' title='bbox 303 2661 477 2696; x_wconf 88' lang='lat' dir='ltr'><strong>homini</strong></span> <span class='ocrx_word' id='word_1_561' title='bbox 498 2662 568 2696; x_wconf 81' lang='lat' dir='ltr'><strong>fuit</strong></span> <span class='ocrx_word' id='word_1_562' title='bbox 599 2666 656 2705; x_wconf 89' lang='lat'><strong>11,</strong></span> <span class='ocrx_word' id='word_1_563' title='bbox 689 2666 723 2706; x_wconf 72' lang='lat'><strong>1,</strong></span> <span class='ocrx_word' id='word_1_564' title='bbox 762 2668 827 2707; x_wconf 82' lang='lat'><strong>113</strong></span> <span class='ocrx_word' id='word_1_565' title='bbox 869 2665 1046 2712; x_wconf 86' lang='lat' dir='ltr'><strong>fingendis</strong></span> <span class='ocrx_word' id='word_1_566' title='bbox 1079 2672 1139 2700; x_wconf 85' lang='lat' dir='ltr'><strong>aut</strong></span> <span class='ocrx_word' id='word_1_567' title='bbox 1172 2665 1305 2700; x_wconf 84' lang='lat' dir='ltr'><strong>nostris</strong></span> <span class='ocrx_word' id='word_1_568' title='bbox 1339 2671 1399 2699; x_wconf 91' lang='lat' dir='ltr'><strong>aut</strong></span> <span class='ocrx_word' id='word_1_569' title='bbox 1435 2665 1559 2700; x_wconf 89' lang='lat' dir='ltr'><strong>alienis</strong></span> 
     </span>
     <span class='ocr_line' id='line_1_54' title="bbox 58 2695 1560 2760; baseline 0.003 -21"><span class='ocrx_word' id='word_1_570' title='bbox 58 2695 173 2758; x_wconf 39' lang='lat' dir='ltr'><strong>{fier-s·</strong></span> <span class='ocrx_word' id='word_1_571' title='bbox 194 2707 231 2760; x_wconf 78' lang='grc'><strong>6,</strong></span> <span class='ocrx_word' id='word_1_572' title='bbox 253 2708 288 2746; x_wconf 90' lang='lat'><strong>3,</strong></span> <span class='ocrx_word' id='word_1_573' title='bbox 314 2708 372 2742; x_wconf 88' lang='grc'><strong>89.</strong></span> <span class='ocrx_word' id='word_1_574' title='bbox 417 2707 479 2752; x_wconf 80' lang='lat' dir='ltr'><strong>qui</strong></span> <span class='ocrx_word' id='word_1_575' title='bbox 499 2709 627 2743; x_wconf 78' lang='lat' dir='ltr'><strong>falsam</strong></span> <span class='ocrx_word' id='word_1_576' title='bbox 650 2709 718 2744; x_wconf 87' lang='lat' dir='ltr'><strong>sibi</strong></span> <span class='ocrx_word' id='word_1_577' title='bbox 745 2710 915 2745; x_wconf 83' lang='lat' dir='ltr'><strong>scientiae</strong></span> <span class='ocrx_word' id='word_1_578' title='bbox 938 2721 1031 2754; x_wconf 87' lang='lat' dir='ltr'><strong>pers.</strong></span> <span class='ocrx_word' id='word_1_579' title='bbox 1056 2711 1247 2745; x_wconf 87' lang='lat' dir='ltr'><strong>induerunt</strong></span> <span class='ocrx_word' id='word_1_580' title='bbox 1282 2714 1316 2754; x_wconf 92' lang='lat'><strong>1,</strong></span> <span class='ocrx_word' id='word_1_581' title='bbox 1355 2715 1389 2755; x_wconf 87' lang='lat'><strong>1,</strong></span> <span class='ocrx_word' id='word_1_582' title='bbox 1422 2714 1457 2746; x_wconf 87' lang='lat'><strong>8.</strong></span> <span class='ocrx_word' id='word_1_583' title='bbox 1491 2722 1560 2745; x_wconf 89' lang='lat' dir='ltr'><strong>nec</strong></span> 
     </span>
     <span class='ocr_line' id='line_1_55' title="bbox 51 2749 1560 2801; baseline 0.004 -17"><span class='ocrx_word' id='word_1_584' title='bbox 51 2749 183 2795; x_wconf 25' lang='lat' dir='ltr'><strong>-ffficile</strong></span> <span class='ocrx_word' id='word_1_585' title='bbox 205 2753 400 2788; x_wconf 81' lang='lat' dir='ltr'><strong>inculcatas</strong></span> <span class='ocrx_word' id='word_1_586' title='bbox 423 2754 545 2796; x_wconf 88' lang='lat' dir='ltr'><strong>pueris</strong></span> <span class='ocrx_word' id='word_1_587' title='bbox 569 2763 662 2796; x_wconf 83' lang='lat' dir='ltr'><strong>pers.</strong></span> <span class='ocrx_word' id='word_1_588' title='bbox 686 2757 881 2791; x_wconf 80' lang='lat' dir='ltr'><strong>mutaveris</strong></span> <span class='ocrx_word' id='word_1_589' title='bbox 905 2759 939 2801; x_wconf 81' lang='lat'><strong>3,</strong></span> <span class='ocrx_word' id='word_1_590' title='bbox 963 2761 997 2800; x_wconf 89' lang='lat'><strong>1,</strong></span> <span class='ocrx_word' id='word_1_591' title='bbox 1020 2759 1055 2792; x_wconf 83' lang='lat'><strong>6.</strong></span> <span class='ocrx_word' id='word_1_592' title='bbox 1101 2758 1138 2791; x_wconf 91' lang='lat' dir='ltr'><strong>in</strong></span> <span class='ocrx_word' id='word_1_593' title='bbox 1163 2759 1254 2792; x_wconf 88' lang='lat' dir='ltr'><strong>hanc</strong></span> <span class='ocrx_word' id='word_1_594' title='bbox 1280 2767 1376 2799; x_wconf 83' lang='lat' dir='ltr'><strong>pers.</strong></span> <span class='ocrx_word' id='word_1_595' title='bbox 1401 2757 1503 2795; x_wconf 80' lang='lat' dir='ltr'><strong>ducti</strong></span> <span class='ocrx_word' id='word_1_596' title='bbox 1523 2757 1560 2800; x_wconf 84' lang='lat'><strong>4,</strong></span> 
     </span>
     <span class='ocr_line' id='line_1_56' title="bbox 70 2797 1559 2846; baseline 0 -10"><span class='ocrx_word' id='word_1_597' title='bbox 70 2797 112 2836; x_wconf 72' lang='lat'><strong>¹²·</strong></span> <span class='ocrx_word' id='word_1_598' title='bbox 154 2797 218 2839; x_wconf 77' lang='lat'><strong>633</strong></span> <span class='ocrx_word' id='word_1_599' title='bbox 259 2809 350 2842; x_wconf 83' lang='lat' dir='ltr'><strong>quae</strong></span> <span class='ocrx_word' id='word_1_600' title='bbox 377 2800 715 2846; x_wconf 78' lang='lat' dir='ltr'><strong>persuasione,</strong></span> <span class='ocrx_word' id='word_1_601' title='bbox 757 2803 895 2838; x_wconf 86' lang='lat' dir='ltr'><strong>etiamsi</strong></span> <span class='ocrx_word' id='word_1_602' title='bbox 933 2814 1007 2838; x_wconf 91' lang='lat' dir='ltr'><strong>non</strong></span> <span class='ocrx_word' id='word_1_603' title='bbox 1038 2804 1196 2838; x_wconf 88' lang='lat' dir='ltr'><strong>omnium</strong></span> <span class='ocrx_word' id='word_1_604' title='bbox 1236 2803 1444 2846; x_wconf 82' lang='lat' dir='ltr'><strong>hominum,</strong></span> <span class='ocrx_word' id='word_1_605' title='bbox 1482 2803 1559 2846; x_wconf 87' lang='lat' dir='ltr'><strong>ejus</strong></span> 
     </span>
    </p>
   </div>
  </div>
 </body>
</html>
