1728 3002
155 124 167 145 ,
675 126 681 137 s

85 174 169 214 902
366 163 372 170 '
430 154 435 157 ”
779 169 937 215 'fracto

132 297 166 320 v.
191 286 226 319 Τ
235 291 331 320 ract
341 296 375 321 o.
401 287 446 321 de
473 297 590 332 aequo
613 292 658 321 tr.
685 287 923 331 potentissimi
941 292 977 331 7,
1000 289 1035 332 8,
1060 291 1095 323 7.
1124 289 1344 333 asperiorum
1367 293 1517 324 tractatu
1540 296 1631 325 atte-

130 338 259 366 runtur
282 332 444 376 (ingenia)
468 335 511 376 8,
537 335 594 368 Pr.
618 338 652 368 2.
678 339 722 367 tr.
751 335 986 369 honestorum
1013 334 1223 380 utiliumque
1249 338 1292 369 ib.
1313 337 1355 378 83
1388 347 1471 371 suos
1498 338 1631 372 habent

81 420 86 423 ἱ
132 379 251 413 omnia
275 378 342 413 ista
367 385 410 413 tr.
436 379 468 422 5,
497 383 552 423 12,
577 383 611 415 7.
639 380 816 424 duplicem
843 392 967 415 eorum
993 393 1071 416 esse
1100 388 1158 424 tr.,
1182 383 1387 429 generalem
1410 385 1561 417 alterum
1584 400 1631 409 —

130 426 323 469 specialem
347 427 496 459 alterum
521 428 563 470 5,
589 430 630 469 7,
656 430 712 461 35.
750 426 795 469 es.
826 431 866 470 2,
890 426 933 470 4,
962 430 1018 462 22.
1053 431 1099 471 3,
1124 432 1163 472 7,
1195 431 1248 462 10.
1283 429 1384 472 cujus
1408 429 1461 464 rei
1485 435 1528 463 tr.
1555 430 1632 464 fre-

131 483 244 516 quens
269 478 323 505 est
347 474 392 514 3,
420 474 480 515 10,
506 475 540 507 3.
573 474 616 507 de
643 473 808 517 praemiis
838 480 1056 518 quaeruntur
1084 476 1155 508 duo
1177 494 1244 518 -,
1275 485 1428 520 quorum
1461 482 1631 510 tractatus

130 528 178 551 ex
203 518 281 562 ipso
305 518 514 552 meritorum
539 530 672 567 genere
700 521 877 554 ducuntur
899 524 934 565 7,
959 519 1004 565 4,
1034 524 1091 556 21.
1117 532 1270 566 quorum
1295 522 1456 556 omnium
1478 528 1522 557 tr.
1545 533 1632 559 ver-

129 569 228 598 satur
256 564 295 599 in
319 564 535 612 syllogismis
563 567 597 610 5,
613 569 682 609 -10‚
706 567 764 601 88.

85 640 260 684 TfflCtO·
296 654 338 699 α)
367 658 409 689 de
434 660 602 699 personis.-
631 657 819 703 litigatoris
842 668 998 702 persona
1021 659 1202 692 tractanda
1229 663 1283 692 est
1306 657 1407 694 varie
1430 656 1474 702 4,
1490 661 1519 692 μ1
1534 685 1544 702 ,
1574 660 1633 693 13.

128 712 194 744 per
225 712 350 736 omnes
387 703 535 738 affectus
569 703 739 738 tractatus
769 704 918 749 (judex)
945 706 1016 738 huc
1045 711 1151 750 atque
1179 705 1264 739 illuc
1296 711 1465 750 sequetur
1489 706 1564 745 (sic
1587 709 1632 739 Z.

130 750 303 789 legendum
326 757 453 792 censen·
480 752 544 793 Sp.
573 751 632 785 hic
658 751 777 795 itaque
800 751 885 785 illuc
910 751 959 795 S.)
984 754 1038 794 12,
1065 754 1121 795 10,
1148 753 1204 786 62.
1230 763 1334 796 quam
1357 751 1456 786 molli
1482 751 1633 785 articulo

128 795 296 830 tractavit
322 795 522 830 Catonem?
552 799 618 839 11,
646 800 684 841 1,
709 800 766 832 70.
802 808 879 832 nou
913 803 967 832 est
998 799 1090 832 male
1113 804 1265 832 tractare
1288 809 1401 842 remp.
1427 799 1571 832 laedere
1595 801 1633 840 7,

127 841 171 882 3,
198 840 233 873 2.
283 843 332 885 β)
362 844 404 876 de
428 845 545 876 rebus.-
570 850 772 887 repetamus
797 850 914 878 autem
938 850 974 878 et
998 850 1189 878 tractemus
1214 847 1279 886 10,
1307 847 1348 887 1,
1373 845 1418 879 19
1442 845 1488 878 Ν.
1526 843 1572 885 cs.
1596 847 1632 883 7,

129 889 170 928 1,
194 887 241 920 20
262 889 306 921 Ν.
327 901 394 931 cr.;
426 891 521 933 quod
546 895 725 934 tractare,
752 890 903 935 intueri,
938 891 1123 924 nominare
1143 891 1346 934 jucundum
1369 890 1415 924 sit
1440 893 1479 932 1,
1507 892 1523 923 1
1538 916 1549 933 ,
1574 890 1631 928 26,

126 931 165 965 id
188 934 297 976 paulo
323 941 405 978 post
427 936 660 973 tractabimus
686 940 750 979 11,
774 939 816 980 3,
845 936 902 973 45.
928 938 973 978 cs.
999 940 1042 980 2,
1067 940 1111 980 2,
1137 940 1172 971 2.
1198 938 1240 980 6,
1265 939 1308 979 2,
1337 939 1392 971 11.
1418 936 1534 981 prima
1560 941 1634 969 tra-

129 981 257 1013 ctanda
282 980 316 1023 5,
345 984 399 1024 10,
414 983 480 1024 Ἰ32.
513 982 573 1027 qui
598 983 861 1028 haec'copiose
884 983 1093 1018 tractaverit
1115 986 1176 1026 10,
1202 985 1243 1024 5,
1269 986 1326 1016 12.
1353 994 1414 1025 ea,
1440 994 1532 1027 quae
1556 983 1634 1016 lae-

128 1025 235 1069 dunt,
270 1037 344 1060 non
375 1027 529 1062 libenter
561 1035 714 1064 tractare
738 1034 801 1073 11,
834 1033 874 1073 1,
901 1031 958 1065 87.
992 1030 1101 1064 tutius
1135 1041 1176 1063 ac
1213 1028 1354 1063 facilius
1390 1028 1426 1062 id
1460 1034 1634 1062 tractatur

107 1071 161 1113 .5,
189 1073 222 1114 5,
249 1075 282 1107 1.
316 1085 408 1118 qnae
432 1075 576 1109 tractari
601 1076 704 1110 varie
732 1078 850 1111 solent
872 1077 907 1119 6,
935 1079 968 1120 1,
996 1076 1056 1110 24.
1081 1077 1179 1120 quod
1202 1074 1516 1110 vehementissime
1540 1075 1634 1108 mul-

126 1117 173 1151 tis
197 1119 419 1155 orationibus
443 1126 571 1155 tractat
595 1125 638 1165 7,
663 1125 708 1165 2,
733 1124 799 1166 363
839 1134 930 1168 quae
962 1122 1000 1156 in
1032 1121 1194 1167 plurimis
1228 1121 1345 1156 causis
1378 1121 1575 1155 tractant'ur
1596 1123 1632 1164 2,

126 1163 163 1206 4,
186 1165 245 1198 28.
273 1177 340 1200 nec
361 1166 399 1200 in
420 1168 570 1202 transitu
594 1171 779 1203 tractanda
805 1171 847 1212 6,
874 1172 917 1212 2,
945 1172 977 1203 2.
1003 1169 1142 1214 reliqua
1166 1169 1244 1202 ead.
1270 1178 1361 1203 vero
1387 1168 1543 1212 fictoque
1566 1167 1632 1200 hu-

126 1210 281 1252 jusmodi
311 1214 504 1248 certamine
529 1220 725 1249 tractantur
749 1219 791 1259 2,
816 1216 860 1257 4,
888 1216 946 1250 36.
975 1215 1063 1249 illud
1089 1214 1195 1249 simili
1219 1215 1360 1249 ratione
1383 1219 1633 1256 tractatur,

126 1255 165 1289 in
193 1267 265 1301 quo
291 1260 538 1302 quaeritur
562 1269 623 1294 etc.
651 1266 694 1303 7,
725 1264 769 1301 2,
791 1264 850 1296 26.
882 1262 938 1295 his
971 1273 1037 1306 pro
1070 1267 1192 1295 nostra
1215 1262 1386 1295 facultate
1414 1259 1572 1294 tractatis
1595 1259 1632 1302 6,
1688 1296 1693 1299 ,

130 1303 173 1344 5,
204 1307 234 1335 1.
259 1304 350 1338 haec
373 1305 411 1338 in
439 1306 510 1340 alio
536 1317 646 1350 opere
676 1313 823 1341 tractata
848 1308 951 1341 nobis
975 1313 1059 1343 sunt
1082 1309 1124 1350 5,
1155 1310 1218 1349 12,
1242 1309 1302 1341 23.
1337 1306 1383 1348 cs.
1416 1309 1480 1348 12,
1516 1307 1574 1339 Pr.
1599 1308 1634 1338 2.

126 1359 196 1383 nec
218 1348 334 1384 aliena
356 1356 492 1385 tantum
516 1358 530 1385 t
540 1364 558 1385 r
570 1363 590 1385 a
603 1364 625 1385 n
636 1364 653 1385 s
666 1353 738 1386 fer
748 1365 766 1386 r
779 1365 818 1395 e,
853 1354 914 1386 sed
940 1353 1046 1386 etiam
1069 1353 1230 1396 pluribus
1262 1352 1377 1386 modis
1411 1358 1424 1385 t
1436 1363 1455 1385 r
1467 1363 1487 1385 a
1501 1362 1520 1385 c
1530 1357 1571 1384 ta
1584 1362 1602 1384 r
1612 1361 1634 1384 e
1694 1354 1697 1355 ⁷

128 1397 195 1437 10,
220 1395 264 1438 5,
289 1397 333 1438 93
367 1397 405 1431 in
441 1397 525 1431 aliis—
554 1398 712 1442 partibus
739 1400 943 1432 tractandus
973 1399 1118 1432 affectus
1144 1398 1211 1432 erit
1235 1398 1280 1441 6,
1309 1401 1350 1440 1,
1377 1398 1434 1432 53.
1475 1408 1633 1431 summus

126 1443 393 1484 tractandorum
419 1444 617 1478 animorum
644 1444 777 1479 artifex
807 1448 872 1488 11,
899 1447 940 1487 1,
965 1445 1022 1479 85.
1052 1443 1096 1486 cs.
1123 1446 1156 1487 1,
1181 1446 1216 1487 3,
1243 1444 1276 1478 6.
1303 1449 1403 1478 recte
1427 1448 1635 1491 argumenta

126 1492 321 1523 tractaturo
349 1490 389 1531 5,
419 1493 481 1533 10,
508 1492 563 1525 15.
598 1491 713 1535 prima
744 1503 799 1535 ap.
825 1493 1008 1525 rhetorem
1036 1492 1213 1524 elementa
1238 1489 1466 1524 tractabimus
1490 1490 1546 1523 Pr.
1573 1491 1634 1523 21.

127 1532 173 1574 cs.
201 1537 243 1577 1,
270 1538 285 1568 1
303 1561 313 1578 ,
341 1538 398 1570 23.
435 1538 601 1580 exempla
626 1549 748 1570 rerum
775 1537 876 1572 varie
902 1537 1087 1570 tractanda
1110 1542 1193 1570 sunt
1217 1537 1259 1579 5,
1285 1538 1351 1578 13,
1375 1535 1432 1569 24.
1465 1545 1636 1569 nonnun-

127 1591 234 1624 quam
261 1585 432 1616 tractatur
455 1583 572 1628 aliqua
596 1583 734 1617 finitiot
779 1583 972 1628 aliquando
1006 1583 1112 1617 etiam
1143 1583 1277 1629 legales
1300 1581 1450 1626 possunt
1472 1578 1634 1615 incidere
1655 1591 1657 1593 ’

124 1631 297 1661 tractatus
322 1630 356 1671 3,
382 1630 416 1672 8,
442 1628 473 1663 4.
507 1631 605 1674 quod
629 1636 684 1664 est
710 1640 822 1675 genus
851 1629 995 1677 egregie
1018 1634 1208 1662 tractatum
1229 1639 1249 1662 a
1268 1629 1440 1662 Passieno
1464 1628 1500 1670 6,
1520 1631 1551 1668 1,
1573 1629 1631 1679 ⁵⁰:

128 1671 174 1713 cs.
200 1676 244 1716 7,
271 1676 312 1716 2,
337 1673 395 1709 24.
425 1676 624 1710 studiorum
647 1676 750 1710 initia
775 1682 811 1710 et
835 1688 856 1710 a
880 1675 1143 1720 perfectissimo
1168 1684 1311 1719 quoque
1335 1674 1468 1719 optime
1490 1679 1634 1708 tractari

127 1721 161 1762 1,
188 1721 221 1762 1,
249 1722 328 1754 123.
359 1721 398 1755 in
423 1723 529 1756 laude
554 1722 687 1766 justitia
715 1722 919 1766 utilitasque
945 1727 1138 1756 tractantur
1162 1723 1196 1764 3,
1219 1719 1263 1763 4,
1290 1721 1345 1756 16.
1372 1732 1417 1754 an
1440 1721 1564 1754 laudes
1585 1739 1634 1772 3-

125 1775 201 1799 non
226 1766 386 1801 oratorio
417 1779 550 1814 genere
582 1774 780 1802 tractantur
805 1771 843 1811 3,
871 1773 914 1811 7,
939 1768 972 1802 4.
999 1769 1123 1810 locus,
1156 1766 1217 1812 qui
1242 1766 1489 1812 copiosissime
1513 1778 1532 1800 a
1556 1765 1633 1800 Cic.
1671 1787 1675 1789 -

125 1816 300 1845 tractatur
323 1816 366 1855 2,
392 1812 435 1854 4,
459 1814 517 1848 24.
549 1815 610 1859 qui
642 1817 682 1849 *et
715 1816 792 1859 ipse
825 1814 1094 1861 diligentissime
1127 1818 1297 1847 tractatur
1324 1823 1392 1857 pro
1425 1813 1505 1846 eod.
1532 1813 1634 1846 locus

127 1860 163 1896 7,
189 1861 224 1900 2,
251 1857 309 1892 43.
336 1861 407 1893 late
432 1861 532 1894 locus
557 1867 708 1906 uterque
733 1866 904 1895 tractatur
928 1863 962 1903 5,
986 1864 1020 1904 7,
1045 1863 1080 1894 2.
1115 1858 1159 1900 cs.
1180 1862 1236 1901 11,
1264 1862 1296 1901 1,
1322 1862 1354 1894 5.
1381 1860 1487 1893 eund.
1511 1859 1634 1892 locum

114 1903 270 1947 plenius
293 1904 330 1939 in
355 1917 399 1939 eo
423 1906 516 1941 libro
542 1908 772 1942 tractavimus
796 1909 840 1950 8,
866 1908 908 1950 6,
937 1907 996 1942 76.
1025 1905 1071 1948 cs.
1096 1909 1131 1948 7,
1155 1905 1198 1946 4,
1228 1906 1284 1939 19.
1311 1907 1350 1947 9,
1380 1908 1418 1948 1,
1444 1905 1501 1954 25
1528 1905 1572 1948 9,
1597 1903 1632 1947 4,

131 1953 210 1983 112.
240 1952 407 1986 tractavit
434 1964 578 1987 omnem
602 1955 681 1987 sere
706 1953 906 1987 studiorum
935 1952 1120 1986 materiam
1149 1954 1213 1992 10,
1242 1954 1281 1992 1,
1307 1952 1388 1986 129.
1422 1962 1454 1984 υ.
1481 1951 1523 1983 Μ
1532 1956 1633 1984 ate-

126 1996 212 2031 ria.
238 2003 357 2032 motus
383 1998 583 2033 animorum
607 2000 837 2034 tractavimus
862 2003 897 2042 7,
923 2000 984 2034 Pr.
1009 2001 1041 2032 1.
1065 1998 1162 2042 quod
1185 2007 1274 2041 opus
1292 2015 1335 2022 -
1355 1996 1416 2040 qni
1444 1997 1633 2030 commode

128 2044 337 2079 tractaverit
363 2048 402 2087 1,
431 2047 475 2087 9,
503 2048 550 2090 3.,
571 2058 676 2090 quam
704 2052 840 2090 partem
866 2044 1181 2080 vehementissime
1206 2053 1271 2086 pro
1299 2042 1439 2076 Milone
1463 2047 1633 2076 tractasse

128 2086 343 2123 Ciceronem
373 2091 407 2133 5,
435 2093 490 2133 10,
515 2094 572 2126 37.
599 2091 646 2133 cs.
671 2093 706 2134 9,
731 2092 765 2134 4,
794 2094 871 2125 130,
899 2091 986 2134 loci,
1015 2090 1142 2135 quibus
1167 2088 1394 2133 quaestiones
1419 2088 1635 2135 generaliter

127 2139 323 2169 tractantur
346 2139 386 2179 2,
417 2140 454 2177 1,
480 2140 534 2171 11.
561 2138 790 2182 quaestiones
811 2156 854 2161 —-
877 2137 917 2171 in
942 2143 1127 2180 utramque
1151 2141 1288 2179 partem
1314 2137 1569 2188 tractanturss),
1597 2134 1632 2178 5,

126 2181 160 2214 5·
188 2179 233 2221 cs·
265 2186 303 2222 1,
330 2185 374 2224 2,
402 2185 432 2216 1.
457 2185 501 2225 3,
525 2184 568 2226 6,
594 2183 651 2218 40.
680 2188 715 2226 7,
742 2187 774 2227 1,
799 2187 834 2217 2.
864 2187 920 2218 20.
943 2187 979 2226 7,
1009 2185 1044 2225 3,
1071 2183 1104 2217 6.
1129 2181 1214 2214 hinc
1239 2182 1309 2224 jam
1333 2181 1548 2222 elocutionis
1573 2191 1633 2214 ra-

125 2225 262 2260 tionem
285 2229 515 2263 tractabimus
539 2232 574 2272 8,
598 2231 655 2264 Pr.
683 2232 737 2264 13.
765 2241 857 2274 quae
876 2241 935 2263 res
958 2229 1100 2273 utrique
1123 2227 1215 2271 parti
1243 2229 1425 2261 tractanda
1451 2233 1504 2261 est
1529 2226 1572 2269 4,
1598 2229 1632 2268 1,

128 2273 183 2306 18.
211 2273 323 2316 prima
355 2276 554 2310 rhetorices
589 2276 791 2310 rudimenta
823 2281 1015 2319 tractamus
1039 2277 1082 2317 2,
1107 2275 1151 2316 5,
1178 2276 1211 2307 1.
1245 2285 1310 2317 per
1339 2284 1464 2314 omnes
1499 2273 1631 2319 figuras
1671 2300 1674 2301 γ

127 2319 271 2353 tractari
295 2319 486 2363 (sententiat
515 2324 699 2366 potest8‚
726 2324 770 2365 5,
797 2322 828 2356 5.
865 2323 943 2356 ead.
966 2321 1129 2362 ratione,
1159 2331 1227 2364 qua
1251 2319 1352 2366 signa
1378 2324 1574 2353 tractantur
1596 2318 1631 2362 5,

129 2365 169 2404 9,
197 2368 250 2399 12.
276 2366 419 2410 poetica
444 2369 598 2402 themata
623 2374 777 2402 tractare
805 2367 893 2411 (Sp.
918 2366 1050 2412 pertr.)
1075 2369 1115 2408 2,
1147 2368 1213 2408 10,
1240 2366 1260 2418 5
1281 2370 1323 2400 Ζ.
1349 2365 1411 2410 qui
1435 2364 1538 2410 aequi
1564 2365 1634 2398 bo-

128 2408 237 2452 nique
261 2417 546 2456 tractatum,
572 2414 633 2458 qui
662 2415 761 2461 leges
786 2425 966 2458 nunquam
991 2411 1184 2446 eruditiore
1209 2412 1327 2455 aliquo
1350 2416 1633 2464 sermon-efra-

129 2456 281 2489 ctarit
309 2461 365 2499 12,
394 2461 428 2499 2,
459 2462 480 2494 3
500 2461 545 2494 N.
571 2471 689 2505 neque
713 2466 838 2495 vetera
863 2466 923 2493 aut
949 2460 1118 2493 translata
1142 2465 1204 2491 etc.
1230 2458 1341 2491 verba
1365 2459 1402 2491 in
1427 2457 1633 2500 incipiendo

131 2507 191 2532 etc.
219 2504 447 2538 tractabimus
476 2508 517 2539 11
533 2532 543 2548 ,
571 2509 589 2539 1
606 2532 616 2548 ,
641 2507 688 2547 ὃς
715 2507 895 2550 quomodo
919 2505 1025 2539 etiam
1050 2503 1263 2548 probatione
1290 2503 1448 2537 difficilia
1477 2508 1632 2536 tracten-

132 2550 192 2578 tur
220 2549 281 2589 12,
309 2552 323 2581 1
341 2575 352 2591 ,
378 2549 436 2585 45.
472 2551 750 2587 infirmissimum
778 2552 934 2597 quidque
960 2551 1114 2595 primum
1139 2549 1283 2583 tractari
1307 2553 1352 2593 7,
1382 2553 1422 2590 1,
1449 2549 1503 2582 18.
1528 2547 1631 2587 haec,

136 2603 228 2635 quae
258 2595 359 2627 velut
391 2598 535 2640 propria
569 2598 818 2642 philosophiae
851 2602 1080 2639 asseruntur,
1115 2595 1248 2640 passim
1279 2600 1469 2628 tractamus
1506 2602 1632 2626 omnes

134 2638 192 2671 Pr.
221 2638 276 2672 16.
310 2641 437 2682 quibus
467 2643 593 2677 similia
618 2644 722 2677 etiam
751 2644 789 2678 in
812 2655 901 2679 vera
925 2654 1044 2677 rerum
1077 2641 1287 2686 quaestione
1316 2644 1513 2689 tractantur
1534 2636 1630 2690 7’.42

133 2685 187 2716 11.
214 2688 406 2719 tractamus
431 2688 570 2735 singula
581 2692 635 2732 10,
661 2691 694 2731 53
717 2692 750 2725 8.
797 2689 835 2735 γ)
861 2703 890 2724 c.
916 2693 1079 2732 Praepos.
1104 2690 1173 2721 de:
1204 2687 1249 2720 de
1275 2697 1347 2731 quo
1364 2695 1432 2719 nos
1454 2685 1558 2717 latius
1581 2684 1631 2716 lbl

130 2729 404 2773 loquemur,
428 2734 489 2766 ubi
518 2735 573 2769 de
596 2736 719 2782 figuris
744 2735 915 2770 orationis
938 2735 1235 2769 tractandum
1259 2731 1326 2767 erit
1351 2734 1383 2774 1,
1407 2730 1441 2772 5,
1466 2730 1500 2764 5-
1527 2728 1570 2770 cs·
1598 2731 1632 2781 2,

135 2773 201 2818 14,
224 2775 258 2813 5·
283 2777 324 2819 2,
349 2779 417 2819 20,
444 2780 499 2813 10·
524 2781 569 2823 9,
593 2780 637 2824 4,
665 2783 719 2818 19.
754 2783 809 2817 de
832 2782 960 2826 quibus
984 2786 1172 2815 tractatum
1195 2784 1250 2813 est
1272 2781 1318 2822 7,
1340 2779 1385 2820 2,
1408 2775 1467 2811 46.
1493 2775 1550 2809 de
1575 2776 1631 2808 lus
