1742 2964
136 236 220 276 996

190 349 308 394 tibus,
341 348 534 394 plurimum
564 347 699 383 fatetur
728 348 887 383 adiutum

191 410 248 450 10,
273 410 306 450 1,
333 405 392 441 40.
439 405 748 440 Eminentissimos
775 406 890 441 Grae-

192 474 318 511 corum
351 469 406 498 est
438 470 580 498 secutus
612 465 643 495 in
677 463 799 506 pedum
833 476 892 496 ra-

194 524 282 555 tione
306 523 340 565 9,
363 520 398 565 4,
423 523 481 556 79.
535 524 651 564 Quare
674 524 810 554 tantum
833 520 893 554 in-

192 578 315 613 tulerit
343 577 570 623 eloquentiae
600 579 721 611 lumen
743 580 821 621 110,
858 578 893 621 5,

195 639 253 671 16.
288 638 368 674 add.
399 639 465 679 12,
496 637 541 678 6,
565 638 600 670 7.
645 634 797 669 Effinxit
819 634 894 670 vim

195 692 465 736 Demosthenis,
490 691 630 737 copiam
647 691 816 735 Platonis,
839 692 896 735 ju-

197 750 413 784 cunditatem
448 747 614 784 Isocratis
650 751 714 792 10,
746 753 788 792 1,
815 750 896 784 108.

195 807 431 851 Praecipuum
450 808 584 850 lumen,
608 807 699 841 sicut
723 808 899 851 eloquen-

195 865 292 909 tiae,
327 865 378 899 ita
408 864 607 909 praeceptis
642 875 786 908 quoque
822 865 899 907 ejus

202 922 312 966 dedit,
335 921 481 955 unicum
506 923 598 967 apud
626 933 693 956 nos
717 921 900 966 specimen

203 979 333 1013 orandi
356 980 582 1024 docendique
607 979 781 1013 oratorias
806 984 899 1013 artes

203 1039 239 1081 3,
267 1039 303 1080 1,
328 1039 387 1071 20.
435 1037 598 1081 Optimus
619 1042 742 1070 auctor
765 1048 806 1070 ac
822 1048 901 1069 ma-

203 1095 314 1142 gister
338 1094 564 1138 eloquentiae
588 1094 624 1137 5,
656 1097 712 1137 11,
739 1095 793 1128 17.
830 1095 901 1127 La·-

175 1153 299 1186 stinae
323 1152 549 1196 eloquentiae
573 1151 739 1196 princeps
761 1153 795 1194 6,
813 1153 847 1194 3,
867 1154 900 1184 1.

202 1208 380 1244 Coelestis
411 1208 449 1242 in
488 1208 641 1243 dicendo
673 1208 732 1244 vir
764 1212 831 1252 10,
867 1210 901 1250 2,

204 1269 263 1302 18.
293 1267 400 1314 Quod
419 1265 547 1300 Cicero
564 1265 698 1309 divine,
715 1272 755 1299 ut
768 1265 903 1309 onmia,

206 1324 399 1368 exequitur
427 1326 461 1366 1,
488 1325 521 1366 6,
550 1325 604 1356 18.
633 1322 776 1366 Optime
795 1323 903 1363 idem,

206 1380 270 1426 qui
310 1380 430 1414 omnia
446 1404 456 1420 ,
499 1379 628 1413 Cicero
674 1383 905 1422 praeceperat

206 1441 265 1482 11,
286 1439 321 1480 3,
344 1435 424 1470 184.
470 1435 638 1478 Fiducia,
663 1435 754 1469 sicut
771 1434 903 1477 omnia,

205 1494 246 1530 in
271 1493 446 1528 Cicerone
469 1493 660 1538 praecipua
685 1498 739 1526 est
774 1492 816 1535 5,
847 1493 904 1534 13,

209 1553 269 1587 52.
303 1551 338 1585 ei
364 1549 520 1584 defuisse
544 1549 583 1583 in
607 1550 705 1583 nulla
728 1555 829 1594 parte
853 1548 905 1583 ci-

207 1608 266 1645 vis
291 1607 415 1653 optimi
436 1609 659 1642 voluntatem
684 1609 747 1649 12,
778 1609 795 1640 1
810 1633 821 1650 ,
851 1608 907 1641 16.

209 1665 346 1701 Arcem
369 1665 483 1699 tenuit
508 1664 734 1708 eloquentiae
759 1667 822 1707 12,
849 1666 906 1706 11,

208 1724 268 1758 28.
314 1721 419 1757 Stetit
443 1722 482 1756 in
505 1721 651 1768 fastigio
677 1719 907 1766 eloquentiae

209 1783 280 1823 12,
318 1783 358 1823 1,
391 1782 450 1814 20.
485 1778 530 1821 cf.
561 1782 624 1822 12,
659 1780 728 1822 11,
759 1778 817 1812 26.
866 1778 909 1810 In

209 1843 364 1882 utroque
400 1836 542 1870 dicendi
573 1847 729 1883 genere,
763 1843 795 1869 et
828 1837 909 1868 sim-

208 1897 290 1939 plici
313 1898 369 1928 illo
395 1901 427 1928 et
454 1895 664 1936 admirabili,
690 1892 823 1926 eminet
851 1895 908 1935 11,

213 1955 257 1993 1,
295 1954 341 1986 92
365 1965 432 1997 seq.
472 1950 518 1992 cf.
557 1953 625 1994 12,
662 1952 730 1994 10,
763 1951 823 1984 39.
867 1948 910 1982 In

210 2008 376 2043 omnibus
422 2007 720 2043 eminentissimus
763 2009 806 2041 ib.
851 2009 908 2040 12.

213 2066 378 2101 Summus
423 2065 485 2099 ille
528 2065 794 2099 tractandorum
830 2062 910 2096 ani-

212 2135 355 2160 morum
377 2122 510 2156 artifex
534 2125 590 2164 11,
615 2125 648 2164 1,
673 2122 731 2156 85.
774 2119 909 2155 Certis-

214 2182 342 2218 simum
364 2185 637 2224 praeceptorum
663 2189 789 2224 genus,
814 2177 910 2211 illius

213 2240 285 2276 viri
323 2236 529 2272 observatio
566 2238 634 2278 11,
672 2239 714 2277 1,
747 2237 804 2270 71.
849 2234 909 2268 Ad

214 2296 373 2331 omnium
399 2293 525 2328 orandi
549 2292 720 2329 virtutum
744 2293 910 2336 exempla

212 2355 276 2391 vel
298 2363 389 2386 unus
417 2350 547 2385 sufficit
580 2352 626 2394 8,
660 2352 705 2392 3,
738 2350 796 2384 66.
844 2349 910 2381 Ine

215 2423 255 2447 se
293 2408 492 2455 profecisse
530 2407 642 2451 sciat,
684 2405 743 2440 cui
779 2405 908 2440 Cicero

211 2469 319 2504 valde
342 2465 494 2511 placebit
519 2467 628 2507 10,1,
653 2466 732 2498 112.
779 2461 909 2497 Cicero

211 2524 282 2559 iam
307 2534 383 2558 non
404 2521 560 2556 hominis
583 2532 728 2563 nomen,
754 2520 817 2553 sed
834 2520 910 2553 elo-

213 2581 380 2626 quentiae
410 2581 455 2613 ib.
487 2580 566 2612 add,
600 2579 643 2619 6,
671 2579 713 2618 3,
736 2578 770 2610 3.
803 2577 845 2618 8,
871 2577 907 2619 3,

213 2638 271 2672 64.
309 2640 354 2681 8,
380 2638 424 2679 6,
452 2637 508 2670 30.
535 2638 590 2676 12,
615 2637 671 2677 11,
695 2636 752 2668 26.
799 2634 908 2667 Hunc

217 2700 437 2738 spectemus,
463 2693 534 2726 hoc
557 2690 778 2736 propositum
802 2690 906 2723 nobis

214 2750 261 2784 sit
294 2750 498 2793 exemplum
526 2750 589 2791 10,
624 2750 665 2790 1,
697 2750 777 2782 112.
822 2748 907 2780 Non

194 2813 320 2841 men
350 2807 449 2841 solus
471 2804 662 2839 imitandus
688 2810 744 2839 est
776 2805 842 2847 10,
868 2806 906 2847 2,

547 231 685 275 Index
713 230 951 276 Nominum
978 234 1270 292 Propriorum.

991 349 1050 385 24.
1098 353 1263 395 Exempla
1286 353 1487 389 vitiosorum
1518 354 1606 399 ejus.
1606 356 1686 390 imi-

992 415 1140 441 tatorum
1166 410 1230 451 10,
1258 408 1388 452 2,1'7.

949 464 1146 508 Cicero,
1173 467 1404 508 Redarguitur
1427 468 1464 511 6,
1488 469 1524 512 3,
1544 436 1603 503 47.
1630 467 1691 504 48.

996 522 1091 565 τ,9,
1117 524 1174 559 12
1200 521 1374 566 9,‚.416
1398 526 1456 566 11,
1477 527 1516 566 ..1
1539 525 1692 562 2111.-

998 581 1176 624 prehensus
1201 592 1223 612 a
1251 582 1382 614 multis:
1414 583 1595 620 sedrsimul
1617 597 1694 617 con-

998 644 1054 671 im
1076 638 1310 670 obtrectatores
1325 636 1517 678 defenditur·
1542 642 1578 683 9,
1602 638 1637 684 4,
1660 644 1693 675 1.

1001 696 1058 737 11,
1084 696 1117 736 1,
1143 695 1187 727 17
1209 707 1299 739 seqq.
1325 698 1380 737 12,
1406 697 1439 738 1,
1465 693 1522 730 14.
1547 699 1604 731 22.
1638 700 1696 740 12,

1003 753 1071 794 10,
1107 753 1151 784 12
1174 763 1262 796 seqq.
1306 752 1439 786 Rerum
1470 763 1491 786 a
1517 764 1556 787 se
1582 760 1698 800 gesta-

1000 818 1080 841 rum
1094 808 1208 851 major
1223 819 1329 852 quam
1347 809 1573 854 eloquentiae
1586 811 1698 853 jacta-

1002 870 1062 898 tor
1086 867 1146 907 ll,
1173 867 1213 908 1,
1239 866 1295 899 17.
1342 865 1511 900 Rationes
1537 880 1596 900 cur
1618 881 1698 902 non-

1002 934 1170 967 nunquam
1194 921 1384 966 jactatione
1412 923 1468 956 sui
1491 936 1570 959 usus
1593 927 1634 957 sit
1651 928 1697 960 ib.

1003 986 1035 1013 et
1068 993 1157 1024 seqq.
1213 980 1299 1023 Ejus
1339 980 1542 1015 collocandi
1583 992 1697 1028 genus
1737 1012 1742 1020 ,

1003 1037 1163 1080 ejusdem
1189 1036 1313 1070 aetatis
1340 1037 1525 1082 homines,
1558 1039 1699 1084 scriptis

1005 1095 1049 1128 ad
1080 1093 1197 1138 ipsum
1221 1093 1328 1127 etiam
1351 1093 1477 1128 litteris
1503 1097 1701 1140 reprehen-

1005 1152 1091 1186 dere
1117 1150 1194 1184 ausi
1216 1153 1250 1194 9,
1273 1150 1308 1194 4,
1334 1153 1366 1185 1.
1413 1151 1504 1185 Eum
1520 1153 1702 1189 incessere

1006 1209 1182 1245 audebant
1212 1213 1252 1242 ut
1281 1207 1508 1243 tumidiorem
1532 1215 1570 1243 et
1595 1209 1702 1244 Asia-

1006 1278 1116 1308 num,
1146 1271 1181 1300 et
1202 1266 1482 1310 redundantem,
1507 1272 1543 1300 et
1569 1267 1703 1312 repeti-

1007 1323 1165 1357 tionibus
1187 1322 1335 1356 nimium
1363 1329 1399 1358 et
1422 1323 1462 1357 in
1485 1323 1616 1358 salibus
1640 1325 1707 1359 ali-

1008 1381 1152 1423 quando
1163 1379 1330 1425 frigidum
1342 1386 1377 1413 et
1390 1380 1428 1412 in
1445 1379 1706 1425 compositione

1006 1437 1179 1479 fractum,
1225 1437 1471 1479 exultantem,
1514 1448 1556 1471 ac
1589 1449 1704 1482 paene

1007 1492 1090 1527 viro
1112 1493 1316 1526 molliorem
1343 1496 1400 1536 12,
1431 1495 1487 1534 10,
1513 1496 1570 1528 12.
1615 1495 1702 1530 Μο-

1009 1548 1089 1582 dice
1121 1549 1282 1592 respexit
1307 1550 1352 1582 ad
1377 1562 1571 1583 concursum
1596 1563 1702 1586 voca-

1010 1609 1088 1639 lium
1111 1606 1144 1647 9,
1170 1605 1205 1648 4,
1231 1606 1289 1640 39.
1334 1606 1411 1639 Nec
1433 1608 1563 1641 malum
1583 1610 1702 1644 virum

1010 1664 1147 1696 eundem
1165 1662 1287 1706 fuisse,
1315 1674 1384 1696 nec
1406 1662 1566 1698 timidum
1590 1668 1646 1709 12,
1670 1669 1704 1710 1,
1731 1688 1742 1708 ἡ

1011 1719 1056 1752 14
1077 1732 1165 1764 seqq.
1210 1722 1296 1752 Eum
1329 1732 1392 1753 non
1420 1720 1530 1762 fuisse
1554 1716 1705 1758 nimium

1010 1776 1103 1810 risus
1141 1776 1382 1811 affectatorem
1416 1778 1458 1820 6,
1493 1779 1537 1822 3,
1567 1781 1594 1824 ,2
1617 1793 1706 1826 seqq.

1009 1835 1067 1868 De
1100 1833 1191 1878 jocis
1223 1834 1295 1877 ejus
1333 1841 1366 1867 et
1403 1834 1507 1868 dictis
1544 1837 1707 1884 congesti

1011 1891 1168 1936 editique
1190 1891 1272 1924 libri
1295 1891 1330 1933 6,
1355 1892 1390 1935 3,
1416 1891 1450 1925 5.
1496 1893 1707 1929 Delectatus

1013 1954 1067 1982 est
1097 1948 1240 1992 paribus
1272 1947 1459 1982 contrariis
1494 1950 1536 1993 9,
1570 1953 1612 1993 3,
1644 1951 1703 1987 74.

1011 2006 1158 2039 Jocatus
1190 2005 1229 2038 in
1260 2015 1394 2039 nomen
1417 2006 1542 2041 Verris
1572 2008 1616 2051 5,
1651 2011 1708 2053 10,

1011 2065 1069 2097 31.
1101 2061 1146 2103 cs.
1174 2063 1215 2105 6,
1250 2064 1292 2105 3,
1317 2061 1351 2095 4.
1400 2061 1706 2107 Compositionem

1010 2118 1182 2163 imprimis
1207 2118 1407 2154 elaboravit
1431 2122 1466 2164 9,
1494 2119 1530 2164 4,
1555 2124 1589 2155 1.
1624 2123 1705 2157 De-

1012 2177 1117 2211 scivit
1143 2177 1326 2220 paululum
1359 2188 1380 2210 a
1401 2178 1648 2217 Demosthene
1670 2182 1704 2213 in
1741 2176 1742 2188 ³

1012 2236 1141 2267 ratione
1167 2246 1375 2266 numerorum
1399 2236 1443 2277 9,
1474 2233 1518 2277 4,
1544 2234 1624 2270 146.
1646 2226 1717 2278 cs..

1014 2293 1070 2333 10,
1094 2292 1127 2332 1,
1154 2291 1232 2324 107.
1261 2292 1319 2333 12,
1346 2291 1400 2333 10,
1423 2293 1471 2326 26
1492 2304 1581 2338 seqq.
1614 2291 1706 2328 cum

1012 2347 1131 2382 omnia
1156 2346 1312 2390 utilitati,
1336 2353 1410 2381 tum
1432 2354 1567 2392 partem
1591 2361 1707 2394 quan-

1013 2404 1093 2438 dam
1111 2403 1340 2438 delectationi
1359 2404 1541 2450 deditjz,
1565 2409 1622 2450 10,
1644 2406 1706 2442 45.

1011 2460 1138 2495 Sciens
1160 2461 1248 2505 juris
1273 2463 1708 2510 12,3‚10.Di1igen-

1010 2517 1168 2551 tissimus
1196 2516 1472 2564 orthographiae
1499 2521 1543 2562 1,
1574 2520 1618 2562 7,
1645 2519 1704 2558 34,
1716 2523 1727 2565 l

1008 2575 1051 2608 In
1082 2574 1157 2623 filio
1187 2580 1285 2609 recte
1309 2574 1480 2618 loquendi
1501 2564 1725 2621 usquequa-,i

1009 2643 1079 2676 que
1103 2643 1208 2675 asper
1230 2642 1373 2676 quoque
1392 2637 1540 2666 exactor
1564 2634 1706 2670 ib.1n-

1007 2688 1096 2722 serit
1118 2689 1326 2733 frequenter
1340 2699 1470 2728 ,versus
1486 2687 1606 2732 Ennii,
1631 2690 1704 2724 Pa-

1007 2744 1118 2788 cuvii,
1142 2744 1246 2781 Accii
1265 2751 1326 2778 cet.
1352 2747 1386 2787 1,
1410 2745 1444 2786 83
1470 2746 1528 2777 11.
1559 2745 1701 2781 Graeco

1006 2801 1152 2836 nomine
1175 2799 1356 2845 inscripsit
1371 2800 1483 2835 libros
1510 2803 1553 2844 2,
1578 2804 1642 2846 13,
1661 2801 1699 2838 4.
