1728 3002
517 200 811 250 Formulnrius
848 222 906 232 —·
942 197 1085 241 Fortis
1487 199 1565 239 351

80 326 119 368 3,
145 325 204 368 10,
225 326 262 359 1.
286 323 336 360 Ν.
372 319 480 357 ettam
500 317 541 354 ln
562 316 751 360 formulis,
780 327 862 351 cum
882 312 1075 361 poena-iae
1097 318 1181 349 sunt
1202 310 1383 358 actiones,
1408 311 1461 348 tta
1484 323 1571 348 cnu-

11 382 21 401 1
82 381 159 406 nam
179 369 364 415 partimur,
389 364 642 403 nncommissa
663 364 711 399 sit
732 363 871 408 poena?
903 372 951 396 an
973 360 1072 408 exigi
1094 360 1248 395 debeat?
1271 362 1308 404 7,
1333 359 1370 404 4,
1395 361 1454 394 20.

0 414 343 473 {Fon-molarias.
402 420 679 459 formularii
713 421 799 464 vel,
838 425 878 453 ut
901 417 977 455 Cic.
998 416 1069 462 nit,
1096 416 1316 465 leguleii
1345 416 1488 463 quidam
1513 419 1570 460 12,

37 500 218 560 For’nix.
257 529 302 563 aa
324 526 501 563 fomioem
525 523 674 577 rabiqm
703 522 759 568 (a.
784 526 809 557 1.
836 519 959 564 Fabii)
984 520 1021 565 6,
1044 522 1081 564 3,
1103 520 1151 556 67
1173 521 1221 555 Ν.

37 571 218 627 Forsan·
253 590 420 622 ocem-at
441 582 529 618 mihi
550 583 673 617 somn
696 578 825 625 aliquis
848 581 881 622 1,
905 578 939 631 5,
961 578 996 613 6.
1026 575 1233 622 [ahmam
1255 577 1284 612 t.
1317 574 1380 622 (2.
1402 576 1570 621 forsitan)

84 631 251 668 vide-tur
274 635 319 666 ib.
344 629 418 676 16.]
445 631 485 664 ’1.
507 634 543 664 01
566 637 811 663 consummare
835 629 1019 675 contingat
1045 627 1102 668 12,
1127 627 1161 668 1,
1187 626 1248 659 31.

37 672 273 720 Fffl'fliflms
297 688 367 724 ulia
394 686 545 722 forsitan
575 683 784 721 obscuriora
819 685 838 717 1
852 707 864 725 ‚
895 684 959 726 10,
986 680 1046 715 42.
1090 685 1127 716 01
1157 681 1185 715 1.
1216 679 1437 715 difficiliores
1463 680 1572 716 etiam

82 735 196 780 pedes
210 735 253 778 9,
268 732 306 778 4,
327 736 387 769 20.
411 734 440 768 1.
469 733 588 776 etiam,
610 731 641 766 si
662 741 739 765 non
761 727 952 771 transierit,
976 726 1142 772 aequabit
1170 729 1225 771 10,
1249 729 1285 770 2,
1304 729 1361 762 10.
1385 732 1422 761 et
1444 727 1472 762 1.
1497 728 1571 761 hoc

82 786 168 815 sunt
189 781 301 825 adjuti
329 784 394 823 11,
416 782 463 822 2,
486 778 555 821 243
596 791 625 811 c.
652 777 848 819 Cenitana..-
890 774 1020 808 mirum
1044 772 1091 807 sit
1121 773 1148 809 f.
1175 777 1210 816 1,
1238 775 1294 808 12.
1320 774 1355 808 8.
1382 773 1571 822 frngalitas

85 838 142 871 tp.
164 826 346 872 Sybarim
366 827 396 860 1.
421 824 507 860 odio
527 825 625 858 10101
646 825 682 866 3,
705 826 741 865 7,
763 820 820 856 24.
850 832 892 855 ac
915 821 941 854 1.
967 831 1013 854 ne
1038 819 1109 853 sint
1133 819 1276 863 quidem
1297 818 1397 863 paria
1419 823 1455 863 7,
1477 820 1515 862 4,
1535 819 1571 854 6.

84 873 155 906 alia
177 874 242 908 vel
268 873 340 908 sint
363 873 392 906 1.
419 873 457 914 9,
480 874 515 913 2,
541 873 620 905 107.
647 871 737 904 haec
760 868 855 912 apud
878 877 941 902 eos
967 868 995 900 1.
1022 866 1117 910 (Sp.
1143 864 1322 905 fortasse)
1355 871 1573 910 quei-anun·

83 921 121 961 2,
142 919 201 962 16,
230 921 286 954 11.
317 920 355 952 S.
383 930 415 953 v.
441 918 633 951 Forsan.

38 959 254 1005 Fortasse.
288 980 433 1020 praeter
454 973 591 1017 aliquas
616 971 646 1004 f.
670 969 891 1014 suspiciones
919 972 958 1012 7,
978 971 1014 1011 2,
1040 970 1096 1003 12.
1130 972 1170 1001 ut
1191 967 1220 1002 f.
1240 966 1374 1002 dixerit
1395 969 1430 1011 5,
1454 969 1490 1010 9,
1514 967 1571 1002 14.

87 1026 298 1055 enumerent
320 1020 427 1056 etium
453 1020 481 1053 1.
505 1019 637 1052 multos
670 1019 712 1059 1,
746 1019 816 1059 10,
845 1015 880 1050 4.
930 1026 1043 1061 genus
1074 1015 1104 1047 f.
1138 1014 1211 1048 sint
1239 1014 1353 1048 secuti
1382 1025 1455 1048 nou
1477 1014 1573 1048 idem

41 1059 46 1075 ⁴
87 1067 132 1109 9,
153 1066 199 1110 4,
221 1070 279 1102 17.
317 1072 354 1101 01
380 1066 409 1100 1.
438 1064 599 1111 epilogos
622 1062 677 1097 ini
698 1072 778 1096 mos
805 1061 958 1097 civitatis
982 1060 1166 1095 abstulerit
1190 1062 1254 1103 10,
1277 1063 1318 1102 1,
1345 1063 1422 1095 107.
1458 1060 1574 1104 virtus

88 1111 328 1160 distinguendi
360 1112 392 1146 1.
420 1111 467 1146 sit
493 1121 607 1156 parva
639 1111 704 1152 11,
732 1109 775 1153 3,
807 1109 866 1144 39.
905 1107 1021 1152 aptius
1044 1107 1073 1141 1.
1099 1117 1174 1141 non
1199 1106 1312 1150 possit
1337 1109 1402 1151 12,
1427 1109 1490 1150 10,
1514 1107 1573 1142 26.

86 1169 121 1192 ν.
155 1158 389 1195 Forsitan.
885 1171 890 1174 ·

39 1201 77 1245 F
78 1211 184 1246 ⁰118-
228 1213 269 1258 ι)
300 1217 420 1250 Atat.
446 1216 579 1250 διανεί..-
615 1218 789 1259 quatenus
811 1209 919 1245 etiam
941 1209 1073 1244 forte
1103 1207 1158 1253 (a.
1179 1212 1206 1247 1.
1228 1206 1345 1253 sorte)
1376 1209 1574 1253 quadam

84 1259 316 1307 pervenimus
340 1261 386 1295 ud
413 1260 592 1294 difficilius
612 1258 857 1293 narrationum
878 1267 991 1303 genus
1012 1255 1050 1299 4,
1073 1258 1108 1297 2,
1131 1255 1195 1297 66;
1236 1254 1296 1299 [ad
1319 1255 1421 1298 cujus
1444 1255 1465 1288 f
1470 1261 1574 1290 orte

29 1334 38 1347 ,
85 1304 272 1352 qudam
293 1304 355 1352 (Ζ.
382 1305 544 1352 quidem)
564 1305 730 1341 venimus
752 1302 989 1345 mentionem,
1013 1302 1077 1336 sed
1097 1306 1175 1335 erat
1197 1301 1363 1335 ordine
1385 1301 1573 1345 proximus

84 1356 123 1396 7,
145 1354 182 1390 3.
204 1351 280 1398 36.]
328 1351 375 1398 β)
395 1354 512 1387 Αᾶυ..·
548 1351 599 1386 ita
622 1352 717 1385 10110
741 1348 889 1391 accidit,
923 1353 964 1381 ut
988 1355 1050 1382 etc.
1074 1348 1122 1390 6,
1152 1348 1211 1381 Pr.
1234 1349 1269 1381 3.
1305 1358 1398 1392 quae
1421 1348 1449 1382 1.
1476 1359 1574 1382 nunc

83 1399 215 1439 dixero
239 1399 354 1443 6,·1,
377 1399 411 1435 5.
446 1409 527 1433 cum
551 1398 689 1432 tristem
713 1397 742 1430 1.
766 1394 916 1430 vidisset
940 1397 996 1437 10,
1021 1396 1056 1437 3,
1081 1395 1135 1427 13.
1177 1393 1315 1427 10110
1345 1404 1415 1428 vos
1443 1394 1574 1428 obvios

82 1443 227 1480 ‘casus
254 1444 335 1478 tulit
378 1447 498 1479 Dom.
518 1443 589 1486 As.
614 1445 710 1487 9,’2,
733 1445 792 1477 20.
830 1441 983 1475 omissos
1005 1442 1032 1474 f.
1057 1440 1216 1483 aliquos,
1250 1451 1340 1484 quos
1364 1439 1443 1484 ipse
1467 1441 1574 1475 valde

4 1497 27 1529 u*
85 1491 215 1536 probet
242 1493 300 1534 10,
325 1492 359 1534 1,
373 1489 432 1526 45.
457 1490 598 1525 inventi
609 1490 637 1524 1.
664 1487 944 1533 (commentarii),
965 1492 1006 1520 ut
1028 1497 1092 1520 eos
1115 1485 1274 1519 dicturus
1297 1486 1449 1530 quisque
1473 1497 1575 1520 com-

83 1542 254 1582 posuerat
280 1537 345 1578 10,
367 1539 410 1580 7,
438 1538 497 1571 30.
531 1535 719 1571 vocabulis
742 1533 951 1581 vulgaribus
975 1538 1010 1567 et
1037 1533 1065 1566 1.
1090 1531 1362 1566 occurrentibus
1386 1536 1424 1575 1,
1451 1535 1492 1575 1,
1515 1532 1574 1568 34.

60 1578 186 1628 ‘quod
207 1583 379 1628 quaedam
409 1582 651 1626 requisita
683 1593 723 1615 se
751 1582 954 1622 occultent,
989 1584 1026 1613 et
1049 1580 1174 1612 eadem
1198 1579 1327 1613 10110
1361 1585 1575 1612 succurrunt

86 1631 155 1672 11,
182 1631 229 1672 2,
255 1631 290 1664 7.
323 1629 467 1662 domum
495 1629 524 1662 f.
548 1639 713 1674 magnam
744 1630 809 1668 11,
838 1629 877 1668 2,
905 1627 962 1660 18.
1001 1636 1074 1659 non
1097 1623 1258 1659 habitum
1281 1625 1307 1658 1.
1334 1630 1370 1659 01
1392 1624 1574 1659 incessum

85 1677 123 1718 1,
142 1675 179 1717 3,
201 1677 236 1710 1.
262 1684 334 1709 neo
355 1674 513 1708 deditum
533 1675 562 1708 f.
586 1673 765 1708 meretrici
789 1671 947 1716 (dixeris)
971 1671 1148 1705 nefarium
1169 1671 1206 1713 8,
1221 1672 1256 1713 3,
1272 1669 1333 1705 48.
1363 1669 1405 1714 7)
1431 1684 1462 1704 c.
1484 1673 1576 1705 Con-

85 1720 276 1765 indicae.-
308 1719 350 1753 si
378 1721 399 1753 1
404 1726 505 1754 orte
531 1719 628 1754 inter
650 1719 839 1753 dicendum
862 1717 1033 1752 effulserit
1060 1716 1113 1760 (ιι.
1139 1721 1160 1750 1.
1185 1716 1332 1758 effulsit)
1355 1717 1483 1761 aliquis
1506 1728 1577 1751 ex-

23 1782 26 1783 ⁷
86 1765 290 1807 temporalis
312 1767 414 1800 color
438 1768 493 1808 10,
504 1766 540 1807 6,
554 1767 589 1800 5.
614 1765 645 1799 si
667 1766 696 1799 1.
717 1766 763 1798 ad
786 1765 931 1799 eosdem
949 1763 1170 1798 remittemur
1196 1765 1254 1805 11,
1280 1766 1314 1804 1,
1338 1763 1396 1797 76.
1421 1763 1452 1796 si
1468 1764 1497 1796 1.
1508 1774 1575 1804 pe-

87 1809 179 1843 ritus
200 1810 287 1852 juris
306 1811 371 1844 ille
395 1821 470 1844 non
493 1811 606 1845 aderit
640 1814 698 1854 12,
721 1813 756 1854 3,
780 1813 813 1845 3.
849 1809 895 1851 qs.
922 1813 979 1852 12,
1002 1812 1038 1852 3,
1061 1811 1095 1844 5.
1131 1811 1188 1851 12,
1213 1811 1270 1851 11,
1293 1809 1327 1844 8.
1362 1808 1469 1842 etium
1491 1809 1522 1843 si
1545 1810 1574 1843 1.

91 1860 323 1898 susceperunt
343 1856 488 1902 negotia
505 1858 615 1900 paulo
638 1859 683 1892 ad
709 1856 897 1890 dicendum
922 1857 1089 1890 tenuiora
1115 1858 1173 1896 12,
1196 1855 1232 1897 9,
1254 1855 1291 1888 8.
1322 1854 1354 1888 si
1380 1854 1438 1888 die
1459 1855 1487 1888 f.
1513 1866 1576 1889 so-

87 1899 200 1934 lemni
218 1899 255 1941 6,
277 1901 312 1941 1,
338 1901 394 1934 16.
431 1901 474 1934 si
497 1902 527 1935 1.
551 1901 629 1944 ira,
654 1903 735 1936 sed
755 1902 876 1945 iniqua
902 1904 945 1935 sb.
971 1905 1037 1943 173
1072 1900 1169 1934 nisi
1194 1901 1326 1934 10110
1348 1900 1449 1935 visus
1472 1900 1575 1934 infir-

87 1945 184 1979 mior
202 1945 485 1978 membranarum
506 1947 624 1990 potius
646 1959 751 1980 usum
766 1948 887 1993 exiget
912 1950 969 1989 10,
993 1950 1028 1990 3,
1052 1949 1120 1988 31;
1155 1947 1189 1979 N
1196 1957 1217 1980 e
1240 1945 1302 1990 qui
1330 1946 1427 1989 (Sp.
1454 1948 1573 1987 conjic.

88 2001 160 2026 nec
181 1989 260 2034 qui)
287 1989 372 2023 satis
394 1990 530 2033 10110,
558 1992 644 2036 quid
666 2003 832 2026 severum
858 2001 919 2026 etc.
946 1992 1003 2035 sit,
1029 1991 1245 2038 intelligant:
1271 1991 1406 2025 facient
1430 1992 1574 2035 quidem

88 2042 216 2072 natura
229 2036 322 2069 duce
339 2035 465 2069 melius
487 2047 592 2079 quam
609 2042 684 2071 arte
699 2039 735 2079 9,
748 2037 784 2078 4,
799 2040 867 2071 120
883 2038 931 2070 Ν.
944 2050 990 2070 cr.
1003 2050 1037 2071 v.
1055 2039 1136 2079 Ne,
1162 2040 1307 2070 ironice:
1331 2036 1424 2070 nisi
1446 2038 1574 2072 10110

89 2092 232 2117 —.vnon
255 2080 421 2115 omnihus
442 2082 700 2116 numen-issum
722 2083 902 2116 absolutae
926 2086 984 2125 10,
1010 2086 1045 2123 1,
1067 2085 1126 2117 70.
1152 2094 1186 2116 v.
1212 2082 1335 2123 Nisi3
1370 2082 1474 2117 sive
1499 2093 1576 2117 nou

87 2127 184 2163 trino
207 2127 335 2161 10110
358 2126 519 2160 nundino
542 2129 775 2174 promulgata,
804 2127 909 2162 sive
932 2147 980 2153 —
1002 2128 1101 2170 sive
1122 2144 1171 2150 —
1193 2130 1229 2169 2,
1252 2126 1290 2169 4,
1310 2128 1368 2162 35.
1393 2129 1575 2172 dactylum

90 2179 171 2208 aut
201 2173 334 2206 forte
366 2173 565 2219 spondeum
590 2175 634 2216 9,
656 2173 703 2217 4,
725 2172 782 2209 49.
824 2184 876 2206 an
905 2173 1041 2207 10110
1075 2174 1316 2216 respondeant
1342 2175 1385 2215 5,
1410 2176 1467 2218 10,
1494 2177 1573 2210 122.

89 2229 192 2253 num
221 2219 346 2253 10110
373 2229 595 2263 supervacua
621 2236 665 2245 —
689 2218 916 2266 anambigua
938 2226 1002 2253 etc.
1029 2218 1075 2252 sit
1094 2218 1208 2253 finitio
1234 2221 1272 2261 7,
1291 2219 1329 2262 3,
1351 2221 1412 2253 20.

42 2275 199 2318 Fortis·
252 2284 288 2329 1)
318 2287 342 2319 ὶ.
366 2299 399 2330 ‹1-
421 2285 590 2328 sirmus
620 2294 661 2320 ei
690 2288 855 2320 audax.
903 2285 945 2329 α)
973 2289 1186 2330 simpzieiaeer:
1217 2285 1278 2320 illa
1304 2291 1431 2320 contra
1454 2287 1576 2332 optio-

89 2343 172 2367 nem
196 2331 344 2365 fortium
366 2334 401 2374 5,
430 2335 486 2375 10,
509 2334 555 2368 97
578 2334 627 2366 Ν.
652 2332 799 2367 fortium
822 2333 947 2367 laudes
974 2335 1010 2375 1,
1033 2335 1090 2375 10,
1116 2334 1172 2366 31.
1203 2343 1270 2376 pro
1293 2333 1574 2369 confidente

89 2378 266 2411 fortem
301 2378 423 2421 9,-3,
457 2379 515 2413 65.
564 2379 851 2413 temerarius
884 2389 952 2422 pro
984 2378 1103 2412 forti
1137 2381 1180 2421 2,
1205 2381 1267 2421 12,
1291 2377 1327 2412 4.
1365 2382 1427 2422 10,
1454 2382 1492 2423 2,
1517 2381 1573 2414 16.

91 2422 236 2456 fortis
261 2428 297 2457 et
318 2423 572 2459 vehemens
605 2437 690 2468 opp.
717 2425 919 2459 misellus
947 2430 984 2458 et
1004 2425 1316 2468 pauperculus
1350 2427 1408 2468 11,
1434 2427 1470 2468 3,
1496 2427 1574 2461 175.

89 2468 195 2502 fortis
223 2466 336 2512 (erit),
363 2469 424 2513 qui
450 2475 563 2504 metus
586 2470 732 2513 doloris,
758 2471 895 2512 mortis,
922 2470 1184 2514 superstitionis
1206 2470 1303 2504 nulla
1323 2471 1464 2505 ratione
1486 2483 1573 2515 pur-

90 2513 258 2561 gaverit?
291 2517 348 2557 12,
373 2517 409 2558 2,
436 2516 478 2557 33
512 2515 542 2549 si
568 2517 699 2551 fortior
721 2517 848 2551 fuisset
871 2529 949 2560 opp.
972 2516 1155 2550 infirmitas
1178 2519 1213 2559 7,
1236 2518 1273 2560 3,
1296 2517 1352 2551 34.
1388 2528 1463 2550 non
1485 2528 1573 2561 pos-

89 2571 210 2594 sumus
233 2571 312 2594 esse
330 2566 403 2594 tam
425 2561 654 2608 graciles,
678 2562 787 2597 simus
808 2563 1036 2596 fortiores
1062 2564 1187 2605 12,10‚
1205 2563 1260 2597 36.
1308 2563 1348 2606 β)
1375 2565 1574 2596 examini-

89 2608 161 2653 bus.
207 2605 249 2648 a)
271 2609 442 2652 personis.-
479 2607 728 2651 imperatorem
748 2629 796 2634 —
829 2609 868 2642 in
897 2608 1045 2654 proeliis
1078 2607 1222 2653 quidem
1252 2614 1505 2642 strenuum
1536 2615 1573 2643 et

89 2652 265 2686 fortem
290 2655 345 2695 12,
370 2654 405 2696 3,
429 2654 464 2687 5.
494 2653 554 2688 vir
573 2655 679 2689 fortis
702 2657 737 2698 5,
762 2657 819 2697 10,
843 2655 901 2690 82.
935 2658 972 2698 7,
995 2657 1031 2697 1,
1053 2656 1111 2689 21.
1133 2654 1192 2689 24.
1220 2666 1258 2690 v.
1282 2655 1310 2689 1.
1336 2660 1447 2698 optet,
1475 2656 1571 2698 quod

88 2698 189 2732 volet
213 2700 258 2740 7,
281 2698 324 2740 5,
347 2697 383 2733 4.
420 2697 465 2739 cs.
490 2701 526 2742 7,
548 2702 585 2744 7,
607 2703 643 2734 2.
681 2711 750 2745 pro
773 2701 855 2735 viro
885 2701 976 2745 (Sp.
1005 2701 1091 2744 om.)
1113 2701 1229 2735 forti
1253 2705 1379 2734 conti-a
1401 2700 1573 2747 imbel-

86 2742 159 2795 lein
178 2746 215 2785 7,
242 2745 276 2786 1,
296 2742 356 2778 43.
385 2744 500 2778 factus
523 2756 572 2780 ex
593 2746 697 2781 viro
720 2747 838 2781 forti
862 2748 1090 2782 desertor
1110 2748 1147 2790 9,
1170 2749 1208 2790 2,
1230 2747 1289 2782 86.
1310 2746 1571 2780 convenientes

88 2793 195 2822 etum
214 2788 303 2823 forti
326 2789 409 2824 viro
432 2791 707 2836 conquestiones
729 2793 765 2835 6,
791 2796 824 2836 1,
847 2795 908 2827 27.
938 2805 973 2826 v.
996 2793 1214 2827 Promtus.
1262 2790 1310 2834 b)
1338 2794 1458 2826 rebus.-
1494 2802 1569 2826 non
