1728 3002
116 230 121 233 ,
185 187 268 226 418
641 177 916 222 indifferens
944 200 1002 209 --
1039 177 1243 222 Indocilis

241 295 398 340 opnione
432 293 476 336 6,
514 293 673 334 3‚1112.
724 302 793 326 nec
830 291 1011 328 indicat
1046 294 1317 340 quaestionem,
1357 296 1422 331 sed
1454 296 1652 341 adjuvat
1684 295 1711 331 4

237 342 282 384 4,
318 341 352 375 4.
399 351 459 374 res
489 340 602 372 nudas
630 344 700 382 atq.
730 337 911 373 inornatas
941 339 1107 384 ‚indicare
1141 344 1186 385 2,
1218 340 1266 385 4,
1301 344 1336 377 3.
1378 342 1592 383 indicare
1630 354 1683 376 rei

238 390 283 422 de
308 399 377 432 qua
405 383 810 430 pronuntiaturus
845 391 911 420 est
942 384 1054 429 4‚r2,
1081 390 1113 421 1.
1157 398 1235 421 rem
1254 387 1430 431 indicare,
1460 389 1678 431 semoniae

237 434 361 469 tidiani
375 459 385 476 ,
411 437 447 466 et
469 431 507 464 in
531 441 778 475 quemcunque
803 431 909 465 etiam
929 432 1157 466 indoctorum
1181 433 1352 477 cadentis,
1377 434 1580 469 existimant
1603 437 1646 468 ib.
1666 437 1712 469 37

240 480 284 522 cs.
316 479 361 522 4,
394 483 437 521 1,
469 477 527 511 24.
574 479 639 519 12,
679 479 745 519 10,
778 475 838 512 43.
860 487 966 512 ‘cum
998 490 1056 512 res
1089 490 1163 513 non
1195 485 1294 527 gesta
1328 479 1602 524 iudicatur,
1648 479 1728 524 sed,

237 533 277 560 ut
301 526 344 559 sit
368 530 490 571 gesta,
527 523 794 557 ostenditur
824 524 870 567 9,
896 527 938 567 2,
966 523 1036 559 40.
1073 525 1110 568 7‘)
1138 526 1209 570 adj.
1231 524 1368 570 Amat„-
1408 524 1624 563 cumtotum
1651 525 1728 559 cri-⁴

236 584 321 607 men
342 581 417 605 uno
442 570 557 604 verbo
585 569 669 603 satis
692 569 870 603 indicetur
902 569 948 613 4,
971 573 1013 612 2,
1039 573 1106 613 3ος
1144 570 1174 605 si
1199 571 1358 607 breviter
1383 578 1420 607 et
1441 571 1598 607 ‘dilucide
1626 582 1723 605 sum-

236 630 329 653 mam
354 617 408 651 rei
433 615 711 651 indicaverimus
732 615 775 658 4,
803 618 819 649 1
835 642 845 659 ,
869 615 925 650 34.
968 618 1015 650 ad
1036 618 1206 661 quaedam
1229 620 1292 652 vel
1319 617 1725 655 decentiusjndicanda

235 666 298 701 vel
319 661 428 697 tutius
452 664 493 705 9,
519 664 536 696 1
552 687 563 705 ,
589 664 644 695 21.
684 661 830 706 proprie
854 668 888 696 et
914 662 1154 708 significanter
1175 675 1252 698 rem
1274 663 1434 699 indicare
1466 667 1531 707 12,
1565 666 1632 708 10,
1666 663 1722 698 52.

237 716 360 746 nostra
389 708 539 743 ridicule
567 706 665 750 (a.1.
688 707 856 742 ridiculai
882 709 1079 743 indicamus
1102 711 1136 752 6,
1162 712 1198 754 3,
1221 713 1279 749 23.
1326 707 1365 753 ὃ)
1388 724 1457 755 seq.
1485 714 1566 744 Ace.
1594 723 1623 743 c.
1652 707 1722 750 Ins.

238 765 297 791 aut
325 760 546 798 Interrogat.:
578 755 740 800 Quorum
762 754 967 798 priusquam
991 755 1185 800 partiamur
1211 755 1369 800 spe‘cies,
1404 755 1632 790 indicandum
1655 759 1724 797 est,

236 815 316 838 esse
345 803 517 846 quaedam
541 800 579 834 in
607 800 706 834 omni
733 801 985 844 probationum
1011 807 1144 847 genere
1177 802 1378 837 communia
1415 804 1459 844 5,
1496 803 1541 844 8,
1575 800 1610 835 4.
1654 799 1726 834 nisi

236 855 435 894 spartum
460 858 541 881 eum
566 846 685 881 dicere
707 848 804 882 velle
829 846 1020 882 indicasset
1043 849 1078 892 8,
1098 851 1134 892 2,
1153 851 1196 892 2;
1226 854 1414 884 contentus
1441 847 1612 891 indicare,
1641 846 1726 892 quid

234 895 320 930 facti
348 895 393 929 sit
416 892 451 936 4,
475 897 510 937 2,
537 894 617 927 128.

189 941 461 985 In'differens.
508 949 621 983 indiff.
645 948 768 983 ultima
791 949 837 992 9,
864 947 901 994 4,
929 950 988 986 93.
1025 951 1196 995 rhythmo
1217 947 1425 987 indifferens
1446 955 1514 996 est,
1543 950 1728 995 dactylus-

234 1011 290 1032 ne
317 998 378 1032 ille
404 996 542 1041 priores
565 996 693 1029 habeat
717 996 869 1039 breves,
898 1006 951 1030 an
974 1000 1164 1042 sequentes
1187 1000 1233 1035 ib.
1256 997 1315 1034 48.

190 1044 503 1087 Indiflerenter.
550 1058 703 1097 utroque
724 1053 857 1087 utimur
883 1053 958 1088 ind.
984 1055 1019 1097 9,
1046 1057 1081 1098 2,
1104 1055 1140 1090 6.
1182 1057 1240 1098 11,
1265 1057 1299 1099 3,
1325 1057 1359 1089 1.
1416 1060 1421 1062 ’

190 1102 446 1156 Indignatio.
479 1111 542 1153 (esi
566 1110 725 1152 egressio)
749 1109 784 1152 4,
811 1112 847 1152 3,
873 1111 929 1145 15.
957 1109 1212 1159 indignationis
1234 1117 1351 1146 motus
1375 1113 1433 1154 11,
1457 1111 1493 1154 3,
1514 1111 1580 1151 ’71;
1611 1105 1728 1142 subita

235 1160 309 1193 ind.
337 1161 379 1191 ib.
406 1159 482 1190 103.
520 1156 683 1201 spiritum
709 1162 897 1200 rumpente
931 1155 1031 1201 (Sp.
1058 1158 1207 1202 spiritu,
1241 1160 1343 1193 velut
1368 1152 1530 1202 erump.)
1562 1153 1725 1199 protinus

234 1204 479 1250 indignatione
503 1201 548 1245 4,
573 1205 594 1236 3
610 1229 620 1244 ,
646 1204 668 1237 5
691 1206 733 1236 Z.
771 1213 848 1236 rem
877 1203 1187 1238 sceleratissimam
1213 1215 1288 1238 non
1324 1202 1520 1238 malitia
1551 1201 1615 1235 sed
1646 1199 1727 1244 ill-

236 1249 516 1295 dignatione
542 1249 674 1282 audere
702 1250 744 1285 3.
774 1249 818 1290 8,
851 1247 908 1282 45.
956 1249 1209 1296 indignationis
1232 1250 1423 1295 aliquando
1449 1249 1555 1283 etiam
1574 1245 1726 1280 ridicula

234 1295 343 1329 fuerit
369 1293 517 1327 imitatio
541 1294 577 1333 6,
601 1296 636 1334 2,
659 1294 713 1326 26.
744 1299 778 1325 et
801 1293 1036 1338 indignationi
1067 1296 1239 1330 convenit
1264 1295 1416 1338 (rogare)
1441 1296 1477 1337 9,
1499 1297 1534 1336 2,
1549 1294 1614 1327 -10-
1642 1301 1724 1324 cum

233 1348 288 1375 est
313 1341 422 1381 judex
447 1355 489 1362 —·
515 1338 632 1382 aliqua
654 1337 728 1370 ind.
759 1339 989 1381 complendus
1012 1341 1046 1381 9,
1070 1344 1104 1383 4,
1134 1343 1213 1375 138.
1259 1342 1305 1375 ad
1327 1341 1529 1385 profectum
1554 1347 1646 1382 opus
1669 1339 1724 1370 est

234 1386 391 1422 studio
416 1395 489 1418 non
516 1383 849 1430 indignatione
873 1386 935 1426 10,
958 1387 997 1427 3,
1023 1385 1077 1420 15.
1471 1385 1473 1387 ’

187 1443 440 1499 Indignitas.
477 1453 521 1486 de
549 1450 760 1497 indignitate
784 1451 982 1487 calumniae
1009 1451 1284 1497 conspirationis
1308 1450 1470 1497 queritur
1490 1450 1536 1494 6,
1562 1451 1597 1494 1,
1612 1449 1652 1498 ⁴9·
1685 1446 1727 1482 in

234 1499 483 1546 exaggeranda
505 1497 579 1532 ind.
607 1499 648 1540 8,
674 1498 715 1540 3,
740 1498 799 1534 88.

151 1586 161 1592 ,
189 1546 407 1600 Indignor.
456 1553 498 1598 α)
522 1556 730 1597 simpliciter.-
765 1559 884 1588 uirum
908 1553 1070 1588 ridere
1094 1540 1360 1596 audientessan
1385 1549 1638 1598 indignfiri
1659 1550 1726 1585 de-

237 1604 377 1638 buerint
399 1602 440 1642 6,
466 1603 511 1642 3,
533 1601 590 1635 83.
629 1599 674 1640 cf.
704 1602 747 1642 9,
772 1603 816 1643 2,
845 1600 902 1636 26.
959 1601 1076 1634 femur
1097 1600 1207 1634 ferire
1231 1598 1456 1645 indignantes
1485 1599 1549 1642 11,
1574 1599 1616 1640 3,
1642 1598 1723 1631 123.

235 1648 492 1693 indignantium
528 1645 711 1689 (affectus)
744 1647 786 1679 ib.
809 1646 870 1681 61.
913 1657 995 1680 cum
1022 1646 1267 1688 irascendum,
1303 1644 1557 1697 indignandum
1582 1649 1644 1676 etc.
1676 1641 1725 1676 sit

236 1698 280 1729 ib.
310 1696 365 1729 58.
400 1706 431 1727 v.
458 1693 623 1725 Doleo.
671 1693 714 1736 β)
739 1705 769 1725 c.
796 1695 944 1726 Accus.:
976 1691 1118 1736 (pueri)
1148 1690 1295 1735 imperia
1317 1691 1548 1736 indignantur
1571 1691 1606 1731 1,
1628 1690 1663 1730 3,
1687 1688 1723 1722 6.

236 1742 391 1784 (amm‘s),
427 1738 487 1782 qui
516 1743 664 1781 pontem
686 1737 890 1784 indignetur
921 1740 1041 1780 Virg.
1073 1742 1129 1780 12,
1156 1740 1210 1780 10,
1234 1737 1278 1771 61
1302 1737 1373 1779 N.‚·
1405 1749 1435 1770 c.
1459 1734 1528 1776 Inf-
1553 1741 1612 1767 aut
1635 1736 1721 1767 Ace.

238 1802 266 1820 c.
292 1786 357 1828 [ns.
372 1801 382 1819 :
412 1786 542 1818 cedere
565 1783 795 1830 indignantur
820 1787 898 1827 1,1‚
918 1786 952 1818 8.
981 1785 1076 1828 quod
1100 1785 1220 1817 facere
1237 1787 1414 1826 oporteat,
1437 1791 1512 1815 non
1535 1779 1724 1826 indignan—

235 1835 319 1867 dum
343 1837 397 1866 est
421 1831 542 1864 dicere
566 1833 583 1863 1
599 1856 608 1873 ,
636 1833 676 1863 11
693 1855 704 1872 ,
733 1833 788 1864 17.
840 1841 913 1864 non
939 1829 1167 1876 indignantur
1189 1827 1338 1875 singuiis
1358 1829 1508 1862 haerere
1535 1829 1569 1869 1,
1594 1828 1631 1869 2,
1654 1827 1722 1867 1o;

237 1890 352 1924 neque
381 1877 586 1924 indignetur
610 1875 677 1909 sibi
701 1876 908 1910 Herodotus
935 1876 1079 1920 aequari
1104 1877 1149 1909 T.
1173 1875 1318 1910 Livium
1341 1876 1398 1918 10,
1426 1876 1460 1917 1,
1483 1874 1564 1908 101.

190 1936 409 1990 Indignus·
456 1942 498 1986 a)
526 1953 607 1976 cum
631 1949 759 1988 agente
782 1942 844 1977 illo
867 1961 914 1967 -—
935 1943 1008 1987 alii,
1037 1944 1131 1988 quod
1158 1942 1341 1990 indignum
1363 1941 1541 1984 videatur,
1565 1938 1724 1979 riderent

237 1996 304 2035 12,
339 1995 403 2032 11,
434 1992 466 2023 3.
511 1989 608 2033 quod
640 1989 685 2022 sit
711 1989 1015 2036 indignissimum,
1047 1990 1086 2024 i'n
1110 1990 1372 2023 accusationem
1394 1985 1546 2022 oratoris
1573 1989 1724 2021 utuntur.

235 2037 363 2073 orandi
385 2035 523 2071 viribus
551 2038 596 2077 2,
625 2035 691 2077 16,
722 2038 754 2069 1.
793 2037 889 2080 quod
913 2036 1098 2083 indignum
1127 2035 1180 2078 (a.
1200 2039 1221 2070 l.
1244 2032 1445 2082 ingenium)
1467 2032 1536 2075 sit,
1571 2028 1721 2066 crimina

235 2103 281 2110 -—
305 2082 448 2117 defendi
476 2083 519 2124 7,
544 2083 589 2123 2,
612 2082 654 2114 31
683 2082 728 2115 Ν.
756 2095 802 2114 cr.
847 2083 1036 2128 gravia,
1075 2082 1284 2135 indigna,
1321 2079 1478 2114 tristia
1512 2078 1572 2122 (a.
1597 2081 1621 2110 1.
1659 2080 1721 2110 aut

237 2130 343 2175 digna
367 2127 522 2168 tristitia)
547 2127 590 2168 6,
616 2130 662 2168 2,
686 2126 739 2161 34,
778 2128 886 2161 rebus
913 2128 1004 2162 ind.
1036 2138 1251 2171 asperis,
1289 2124 1559 2161 invidiosis
1591 2125 1634 2157 ib.
1658 2119 1719 2175 24.

235 2176 280 2221 β)
313 2189 341 2208 c.
366 2177 505 2209 Abicit„-
541 2183 588 2206 ne
615 2172 703 2206 innd
728 2173 870 2216 quidem
893 2173 968 2208 ind.
997 2179 1052 2207 est
1074 2172 1315 2207 admonitione
1340 2172 1384 2214 6,
1411 2173 1451 2213 1,
1476 2172 1532 2205 37.
1568 2179 1642 2202 non
1661 2177 1723 2210 ln-

237 2221 335 2267 digni
362 2220 566 2267 cognitione
592 2220 647 2260 10,
674 2221 707 2261 1,
731 2221 787 2257 90.
816 2219 890 2259 ind.
913 2219 1069 2254 lectione
1092 2221 1240 2254 schedas
1265 2218 1346 2261 1,8,
1361 2217 1415 2251 19.
1448 2215 1524 2250 Nisi
1537 2213 1723 2260 indignum

237 2267 331 2311 (Sp.
356 2266 385 2301 si
412 2273 530 2299 tamen
555 2263 714 2310 dignum)
738 2264 851 2299 literis
875 2271 982 2308 esset,
1005 2266 1048 2299 ab
1073 2276 1182 2310 opere
1208 2261 1448 2309 pulcherrimo
1469 2281 1518 2299 -,-
1538 2261 1632 2294 hanc
1654 2258 1723 2292 ini-

237 2324 362 2347 norem
385 2313 533 2358 exigere
554 2311 757 2344 mercedem
786 2313 842 2353 12,
867 2314 929 2355 11,
950 2313 996 2347 29
1021 2315 1063 2346 Ζ.
1091 2311 1300 2354 Pompeium
1323 2308 1397 2342 ind.
1420 2313 1537 2342 morte
1559 2308 1594 2348 3,
1611 2307 1646 2348 8,
1662 2306 1721 2339 57.

236 2359 272 2404 y)
301 2371 367 2403 seq.
394 2361 506 2392 Βοιαὶ.
533 2364 591 2389 aut
615 2355 707 2398 Injl:
734 2367 780 2390 ne
805 2356 868 2390 inu
917 2357 1073 2401 quidem,
1101 2367 1191 2400 quo
1206 2357 1230 2389 d
1252 2356 1517 2396 admoneamus,
1539 2351 1723 2399 indignum

236 2410 290 2439 est
319 2408 352 2446 2,
376 2403 411 2446 4,
437 2406 494 2438 10.
534 2403 624 2435 iilud
652 2402 814 2446 protinus
838 2412 886 2436 no
933 2402 1031 2445 ind.,
1066 2403 1188 2446 quod
1214 2406 1404 2436 annotetur
1425 2403 1460 2444 7,
1486 2402 1521 2443 1,
1544 2399 1610 2440 783
1648 2406 1723 2430 non

234 2455 359 2494 putant
383 2449 566 2497 indignum
588 2467 635 2473 —-
658 2448 834 2482 sustinere
856 2449 892 2491 8,
913 2446 949 2491 4,
973 2451 1031 2482 21.

187 2503 470 2596 Indfisffieiusss
502 2514 764 2550 indiscreta
793 2520 830 2550 et
850 2514 945 2550 inter
967 2527 1006 2551 se
1030 2525 1244 2550 connexa
1267 2519 1374 2559 atque
1396 2513 1554 2557 juncta
1578 2510 1611 2552 1,
1628 2510 1665 2551 2,
1682 2509 1718 2542 3·

234 2574 277 2599 q.
352 2588 361 2601 ‚
449 2584 484 2595 1·-

190 2588 481 2646 IndiSlfissCt’US·
495 2616 705 2661 si——neqne
728 2616 1008 2652 inordinata
1030 2622 1089 2652 aut
1115 2615 1401 2651 indistincta
1424 2610 1619 2646 dixerimus
1638 2609 1718 2651 8‚2,

234 2663 290 2695 23.
316 2662 351 2695 in
366 2662 512 2704 privatis
530 2668 565 2695 et
584 2669 754 2704 acutus,
784 2669 820 2697 et
836 2674 910 2697 non
937 2675 1082 2707 asper,
1102 2669 1138 2698 et
1160 2673 1246 2697 non
1272 2661 1383 2703 ind„
1407 2664 1443 2693 et
1469 2667 1555 2691 non
1579 2665 1717 2699 supra

234 2717 302 2741 mo
317 2708 419 2740 dum
449 2709 516 2740 eta
527 2713 594 2739 tus
617 2709 671 2741 M.
691 2707 830 2742 Tullius
855 2712 912 2757 12,
938 2711 993 2753 10,
1017 2711 1076 2745 39.

186 2749 404 2794 Indocilis.
452 2783 497 2789 -
520 2762 684 2798 homines
714 2766 755 2807 1,
783 2767 823 2809 1,
850 2768 890 2804 2.
