1728 3002
91 160 173 201 582
462 173 466 176 ·
637 155 849 200 Nummus
877 182 934 192 —
963 155 1090 200 Nunc

137 273 178 308 in
203 285 240 308 n.
288 272 558 319 raecipientium
581 283 658 308 non
681 273 799 308 habeo
826 275 863 317 2,
884 274 920 315 3,
943 272 978 309 5.
1024 272 1063 307 in
1101 284 1139 308 n.
1178 279 1343 310 veterum
1374 275 1507 313 habere
1541 275 1636 319 (Sp.

96 360 110 365 ἱ
137 286 287 364 locare?
307 323 362 363 10,
389 323 422 364 1,
447 322 515 356 118
539 323 582 354 Z.
632 331 693 354 eas
721 318 885 364 (literas)
917 319 958 353 in
988 319 1262 357 semivocalium
1299 332 1486 356 numerum
1518 327 1638 355 muta·

138 378 288 411 rumque
314 366 437 411 partiri
462 370 494 409 1,
529 365 564 409 4,
589 366 623 400 6.

233 414 282 456 11)
306 416 339 446 in
364 426 400 446 re
426 415 665 455 grammatica:
702 411 873 458 singulari
897 422 1046 450 numero
1070 414 1102 455 1,
1131 413 1166 455 6,
1191 412 1250 447 25.
1283 423 1466 455 numeros,
1491 412 1530 447 in
1557 412 1637 458 qui-

140 460 208 494 bus
233 470 299 493 nos
322 459 537 506 singularem
562 470 602 492 ac
629 459 803 502 pluralem
827 459 1021 502 habemus,
1047 458 1177 492 Graeci
1201 464 1237 492 et
1251 454 1374 493 δυϊκὸν
1401 463 1433 502 1,
1460 459 1494 501 5,
1517 458 1577 494 42.
1600 459 1639 493 in

139 506 263 543 verbis
289 505 366 549 quis
392 511 446 540 est
470 506 562 539 adeo
589 504 792 548 imperitus,
824 510 864 538 ut
886 505 1027 551 ignoret
1055 515 1224 539 numeros
1249 512 1312 538 etc.
1356 507 1390 548 1,
1421 504 1457 548 4,
1481 508 1539 539 27.
1563 516 1640 539 ma-

141 552 241 586 xime
264 551 399 586 valebit
423 552 462 585 in
488 552 623 586 orando
652 561 881 585 numerorum
903 552 965 585 illa
995 548 1141 586 libertas
1164 552 1201 594 8,
1226 551 1262 594 6,
1287 553 1344 586 20.
1391 541 1453 585 illa
1483 562 1559 585 non
1590 550 1642 585 si-

142 598 241 632 milia
265 598 480 632 soloecismo
511 597 676 642 quidem,
707 598 770 631 sed
793 603 910 632 tamen
933 609 1119 632 numerum
1143 596 1317 631 mutantia
1344 598 1380 639 9,
1403 599 1440 642 3,
1465 600 1524 632 20.
1551 598 1642 644 figu-

141 644 192 678 ris
217 649 352 678 mutare
378 650 414 678 et
440 655 542 678 casus
584 649 620 677 et
654 653 824 678 numeros
845 644 881 687 9,
905 644 940 686 4,
970 645 1026 679 58.
1076 645 1116 678 In
1150 643 1338 688 participio
1369 660 1417 666 —-
1443 655 1528 688 per
1564 655 1642 677 nu-

142 701 337 733 merum,
373 691 475 724 utin
499 696 654 734 utroque
678 691 725 731 (i.
752 703 781 725 e.
809 692 1031 724 vocabulo
1074 698 1106 724 et
1132 690 1312 733 verbo),
1349 695 1519 734 peccatur
1547 692 1581 732 1,
1605 689 1641 732 5,

142 736 199 771 47.
226 748 307 770 cum
331 737 369 770 in
395 738 495 779 eosd.
521 746 691 771 numeros
715 736 796 781 quis
819 735 969 770 incurrit
992 739 1026 779 9,
1053 739 1086 780 1,
1115 739 1171 771 11.
1195 735 1235 770 in
1258 736 1444 771 vocabulis
1468 742 1504 770 et
1525 735 1644 771 nomi-

143 783 248 816 nibus
261 783 299 816 fit
325 783 560 818 soloecismus
583 793 735 817 numero
760 786 794 826 1,
819 783 854 826 5,
878 782 935 817 45.
961 783 1024 816 Est
1048 783 1162 830 figura
1186 789 1223 817 et
1249 782 1286 818 in
1311 792 1460 817 numero
1483 783 1520 824 9,
1548 784 1584 824 3,
1608 783 1643 817 8.

235 829 376 909 lllkde
404 831 571 873 rhythmo:
607 828 649 872 α)
674 842 704 863 c.
731 830 839 874 Acis..-
880 840 1026 874 asperos
1048 841 1084 865 n.
1106 830 1144 872 9,
1168 827 1206 872 4,
1241 829 1321 863 126.
1367 839 1405 862 ιι.
1443 834 1644 873 opportune

144 876 276 909 cadens
337 899 346 910 .
372 879 430 910 27.
479 874 704 910 currentibus
726 886 792 920 per
817 886 856 909 se
879 887 916 909 ιι.
956 878 1000 909 ib.
1024 877 1087 910 315
1125 885 1201 909 non
1231 879 1304 908 tam
1331 874 1451 909 finitos
1489 885 1644 908 nume-

142 932 220 956 ros
246 933 351 966 quam
378 922 542 956 orbem
579 922 708 966 quend.
741 927 1087 966 contextumque
1119 923 1162 955 ib.
1195 921 1252 956 29.
1288 921 1495 955 laetioribus
1526 930 1563 954 ιι.
1583 922 1642 954 Ab.

146 970 204 1002 17.
230 969 382 1003 latentes
411 967 517 1002 etiam
541 979 577 1001 n.
604 970 648 1002 ib.
673 968 730 1002 18.
754 968 911 1002 fusiores
934 967 1193 1012 liberioresque
1217 978 1252 1000 ιι.
1276 969 1323 1000 ib.
1364 969 1443 1002 130.
1467 965 1645 1001 oratorius

142 1025 180 1047 n.
206 1016 250 1048 ib.
279 1015 335 1049 57.
384 1013 428 1059 β)
454 1027 535 1059 pars
557 1017 767 1047 universalis.
791 1013 829 1057 a)
856 1017 890 1047 in
918 1017 1067 1048 oratione
1092 1021 1151 1047 aut
1178 1015 1328 1048 musica:
1363 1013 1403 1047 in
1424 1012 1523 1047 omni
1545 1023 1645 1046 com-

142 1059 323 1104 positione
347 1061 414 1094 tria
439 1066 521 1094 sunt
545 1071 678 1108 genera
700 1060 923 1105 necessaria,
965 1062 1109 1104 ordo,
1141 1060 1385 1104 junctura,
1417 1058 1645 1094 numerus

142 1109 186 1140 ib.
213 1109 270 1140 22.
296 1106 340 1148 cf.
365 1110 422 1142 27.
446 1106 547 1151 quasi
569 1106 710 1141 numeri
731 1117 807 1141 non
823 1106 958 1141 fuerint
981 1106 1019 1140 in
1048 1105 1403 1151 compositione
1430 1104 1647 1150 deprehensi

142 1152 219 1196 (sic
249 1154 315 1197 Sp.
345 1154 387 1186 de
423 1153 510 1197 conj.
545 1156 669 1197 Regii‚·
709 1165 744 1188 v.
779 1152 1097 1198 Compositio)
1130 1155 1175 1186 ib.
1207 1150 1288 1187 114.
1337 1151 1431 1198 Quid
1464 1151 1516 1187 sit*
1537 1150 1647 1198 igitur

143 1198 284 1242 potius,
320 1210 427 1243 quam
454 1211 512 1232 nu
522 1211 586 1233 me
597 1210 698 1242 rus,
745 1205 782 1233 et
818 1199 995 1234 oratorius
1031 1211 1081 1243 n.,
1114 1205 1154 1233 ut
1187 1199 1415 1242 enthymema
1444 1197 1646 1232 rhetoricus

145 1244 403 1291 syllogismus?
440 1245 517 1290 Ego
541 1250 658 1288 certe,
683 1256 730 1279 ne
757 1245 795 1279 in
819 1246 1031 1280 calumniam
1055 1246 1198 1288 cadam,
1239 1254 1352 1289 posco
1374 1241 1568 1286 hoc'mihi,
1592 1249 1646 1286 ut,

147 1301 228 1324 cum
252 1301 318 1334 pro
342 1291 617 1334 composito
642 1291 770 1325 dixero
795 1303 1053 1335 numerum,
1088 1290 1284 1326 oratorium
1316 1290 1436 1325 dicere
1456 1290 1647 1337 intelligar

143 1338 188 1371 ib.
212 1336 269 1371 57.
295 1347 380 1380 pes
404 1335 472 1370 erit
493 1346 567 1370 non
589 1348 808 1371 numerus
833 1340 878 1371 ib.
904 1338 950 1373 95
970 1339 1017 1372 N.
1037 1337 1080 1376 cf:
1101 1338 1158 1372 80.
1186 1347 1405 1370 numeros
1428 1332 1647 1380 ῥυθμοῦσ

144 1382 259 1426 accipi
284 1383 373 1417 volo
399 1384 443 1416 ib.
469 1381 528 1416 45.
554 1394 586 1415 v.
611 1383 892 1427 Rhythmus.
920 1384 1012 1416 Met
1024 1394 1127 1416 rum.
1159 1381 1200 1426 b)
1227 1385 1259 1415 in
1288 1394 1447 1425 corpore.-
1484 1381 1523 1414 in
1547 1379 1644 1417 omni

145 1439 316 1472 corpore,
351 1433 501 1472 totoque
523 1433 639 1461 tractu
662 1439 830 1462 numerus
851 1428 1006 1462 insertus
1038 1434 1093 1462 est
1130 1430 1173 1462 ib.
1210 1428 1266 1462 61.
1314 1436 1483 1461 numeros
1510 1426 1648 1460 musice
1672 1464 1674 1466 ,

146 1474 306 1519 duplices
330 1475 460 1516 habet,
503 1474 539 1507 in
571 1474 772 1508 vocibus
797 1480 833 1508 et
857 1474 896 1508 in
920 1484 1127 1518 corpore
1159 1475 1194 1516 1,
1225 1475 1282 1517 10,
1309 1475 1368 1507 22.
1417 1473 1561 1515 athleta,
1586 1473 1647 1517 qui

147 1531 272 1555 omnes
295 1521 365 1563 jam
388 1519 619 1565 perdidicerit
641 1531 662 1554 a
683 1527 916 1565 praeceptore
940 1530 1108 1554 numeros
1133 1522 1190 1562 10,
1216 1521 1249 1562 1,
1275 1518 1311 1552 4.
1345 1518 1556 1563 palaestrici.
1576 1519 1643 1553 do-

147 1572 265 1602 ctores
289 1566 393 1608 illos,
427 1577 518 1611 quos
559 1577 728 1600 numeros
763 1573 919 1609 vocant,
962 1578 1036 1600 non
1070 1565 1204 1600 iccirco
1236 1563 1456 1599 discentibus
1487 1566 1645 1608 tradunt,

145 1619 185 1646 ut
208 1613 265 1647 his
287 1613 451 1647 omnibus
465 1638 474 1655 ‚
504 1612 564 1657 qui
589 1613 810 1656 didicerunt,
842 1613 882 1647 in
904 1613 984 1656 ipso
1008 1611 1169 1646 luctandi
1192 1610 1386 1646 certamine
1419 1616 1564 1644 utantur
1589 1614 1645 1653 12,

144 1661 180 1702 2,
204 1662 267 1702 12;
315 1662 354 1704 y)
378 1672 440 1704 per
459 1662 604 1701 singulos
632 1662 756 1693 Casus.-
796 1659 936 1693 numeri
970 1664 1098 1702 sponte
1121 1657 1289 1700 fluxisse,
1325 1667 1401 1690 non
1426 1656 1587 1691 arcessiti
1610 1662 1646 1691 et

146 1705 263 1739 coacti
293 1716 373 1739 esse
396 1705 589 1740 videantur
630 1706 666 1748 9,
698 1703 735 1747 4,
769 1706 847 1739 126.
895 1704 1058 1748 corporis
1092 1715 1236 1749 quoque
1270 1702 1384 1737 motui
1421 1714 1486 1737 sua
1517 1704 1643 1748 quaed.

145 1758 309 1796 tempora
333 1751 479 1786 adhibet
504 1750 640 1785 musica
666 1750 759 1785 ratio
784 1762 1014 1786 numerorum
1044 1752 1088 1784 ib.
1116 1752 1201 1793 1393
1236 1750 1278 1783 In
1300 1747 1423 1785 verbis
1447 1748 1543 1783 enim
1568 1759 1648 1783 ser-

146 1798 263 1832 monis
287 1797 357 1834 vis.
405 1798 476 1832 Sed
501 1797 532 1831 si
558 1797 596 1831 id
627 1809 791 1841 asperum
814 1797 906 1840 erit,
943 1798 1046 1832 cedet
1068 1798 1160 1831 haec
1190 1795 1283 1830 ratio
1315 1795 1474 1830 numeris
1511 1797 1554 1830 ib.
1579 1793 1646 1835 26.

144 1856 178 1878 v.
205 1845 397 1886 Modus3
434 1843 569 1887 asperis
595 1843 700 1877 etiam
727 1854 873 1888 asperos
896 1855 932 1876 n.
957 1843 1119 1877 adhiberi
1153 1844 1198 1876 ib.
1223 1842 1301 1877 126.
1345 1842 1496 1877 verba
1524 1852 1650 1887 ,emen-

146 1892 275 1924 dantur
300 1896 335 1924 et
358 1890 540 1924 numeri
566 1893 622 1932 10,
653 1892 686 1929 3,
713 1892 769 1924 17.
819 1900 904 1924 suos
929 1888 1028 1934 quasi
1052 1900 1089 1923 n.
1114 1889 1247 1923 habent
1277 1886 1431 1931 (verba)
1466 1890 1501 1931 9,
1525 1886 1561 1930 4,
1580 1887 1647 1923 68.

145 1942 408 1981 versenturque
435 1944 490 1976 (a.
517 1940 538 1970 1.
566 1937 786 1977 serventur>
829 1935 927 1970 omni
963 1936 1072 1970 modo
1107 1934 1248 1968 numeri
1281 1936 1339 1976 10,
1377 1931 1414 1976 ’4,
1443 1933 1479 1968 5.
1523 1944 1650 1967 sensus

145 1994 220 2016 non
246 1984 392 2027 expleto
417 1992 568 2016 numero
591 1983 627 2026 9,
649 1981 686 2024 4,
716 1984 802 2025 1223
827 1992 953 2016 sensus
974 1980 1134 2015 numeris
1157 1981 1348 2015 conclusus
1366 1981 1411 2012 ib.
1437 1980 1517 2017 123.
1545 1990 1649 2015 ver-

147 2029 219 2062 bis
244 2035 314 2073 atq.
339 2028 542 2062 numeris
565 2039 640 2062 non
673 2029 824 2061 multum
857 2028 1062 2062 differentes
1096 2029 1152 2069 10,
1187 2029 1223 2069 2,
1258 2027 1312 2060 16.
1360 2024 1541 2072 figuris
1573 2035 1650 2058 nu-

147 2075 291 2109 meris
304 2086 372 2119 que
398 2075 580 2109 elaborata
603 2075 750 2109 verba
774 2077 831 2117 11,
859 2077 892 2117 1,
923 2077 958 2108 2.
1007 2073 1182 2108 solutiora
1211 2070 1371 2105 numeris
1396 2077 1431 2105 et
1463 2070 1574 2118 magis
1602 2071 1647 2104 ab
1688 2083 1691 2084 ⁷

146 2132 214 2154 usu
239 2121 382 2155 dicendi
405 2126 544 2155 remota
569 2123 625 2163 11,
650 2123 686 2163 2,
709 2119 768 2154 41.
813 2119 928 2154 omnis
952 2125 1129 2154 structura
1151 2129 1194 2152 ao
1223 2115 1398 2151 dimensio
1428 2122 1466 2151 et
1499 2118 1649 2162 copula-

146 2167 199 2200 tio
223 2178 357 2203 vocum
383 2172 524 2201 constat
557 2172 617 2200 aut
655 2166 869 2200 numeris
898 2172 959 2200 aut
988 2167 1190 2210 μέτροις
1224 2166 1258 2207 9,
1282 2162 1317 2204 4,
1341 2161 1408 2202 g45.
1444 2161 1488 2204 cs:
1524 2165 1581 2198 53.
1617 2161 1650 2196 si

149 2212 233 2257 quid
262 2213 396 2247 exierit
419 2212 578 2247 numeris
599 2212 713 2256 aptius
738 2215 795 2256 12,
821 2215 879 2256 10,
903 2213 962 2247 16.
1009 2210 1238 2256 simplicitati,
1278 2219 1370 2253 quae
1418 2219 1510 2255 non·
1525 2207 1648 2252 nullis,

146 2260 210 2292 sed
239 2259 318 2293 aliis
343 2260 451 2293 utitur
474 2270 510 2294 n.
533 2259 570 2302 9,
592 2258 628 2301 4,
650 2261 708 2292 21.
735 2258 780 2300 cs.
808 2260 888 2293 133.

101 2294 326 2345 Nummus·
374 2315 574 2350 sestertium
602 2326 785 2349 nummum
808 2315 965 2360 quinque
982 2313 1093 2348 millia
1115 2316 1150 2356 7,
1173 2312 1208 2355 6,
1225 2313 1283 2346 11.
1307 2310 1455 2346 sublatis
1474 2309 1649 2346 sestertiis

145 2362 297 2395 nummis
310 2364 354 2395 ib.
369 2368 513 2396 centum
526 2361 636 2395 millia
663 2373 890 2395 nummum
913 2368 974 2394 eie.
1004 2358 1164 2404 duplices
1191 2357 1425 2392 soloecismos
1449 2367 1529 2392 esse
1556 2361 1588 2401 Ι,
1610 2357 1647 2400 6,

149 2408 206 2440 18.
253 2409 497 2453 utendumque
520 2409 627 2452 plane
661 2418 846 2451 sermone,
893 2412 933 2440 ut
969 2416 1133 2449 nummo,
1177 2404 1235 2439 cui
1268 2403 1414 2459 publica
1442 2404 1562 2438 forma
1591 2408 1647 2438 est
1711 2411 1718 2418 ⁸

101 2454 402 2552 Nubmguando.
441 2522 473 2544 v.
500 2511 622 2549 Num.
1071 2533 1073 2535 ·

102 2550 332 2608 Numquid.
371 2566 453 2609 Dic,
483 2567 656 2612 numquid
678 2572 783 2612 potes
805 2567 851 2601 de
878 2565 991 2601 Sexto
1015 2564 1174 2599 Annali?
1199 2565 1234 2608 6,
1259 2566 1293 2608 3,
1317 2564 1375 2599 86·
1400 2563 1444 2597 N·
1468 2560 1650 2597 mmelim

145 2610 263 2644 dicere
291 2611 370 2653 vis,
401 2623 506 2656 quam
529 2613 655 2657 potes?
689 2616 746 2657 10,
772 2615 808 2657 3,
838 2611 896 2647 14.
942 2613 986 2646 Ν.
1016 2622 1128 2659 ergo
1152 2611 1238 2645 illuc
1270 2609 1429 2646 accedo?
1467 2608 1504 2653 6,
1528 2610 1564 2651 3,
1587 2608 1647 2645 79·

148 2657 191 2690 N.
218 2656 287 2703 igi
303 2661 378 2690 tur
406 2659 473 2691 lex
496 2661 539 2692 ad
565 2661 745 2694 absolutos
770 2664 905 2693 tantum
928 2651 1046 2702 patfis
1077 2657 1260 2702 pertinet?
1293 2659 1328 2700 7,
1358 2659 1392 2700 1,
1421 2654 1478 2691 55.
1526 2665 1648 2688 ιιιιιιι-

149 2702 234 2745 quid
272 2713 362 2735 non
400 2703 469 2736 hoc
494 2705 626 2750 cogitet
652 2714 802 2743 necesse
827 2705 907 2739 est?
942 2707 986 2742 ib.
1013 2704 1071 2738 48.

99 2745 238 2789 Nunc·
281 2758 316 2804 1)
351 2761 393 2793 de
416 2766 562 2804 tempore
582 2765 767 2806 praesenti:
797 2768 838 2796 ut
859 2763 971 2809 vulgo
1019 2772 1115 2796 nunc
1146 2759 1391 2807 intelliguntur
1425 2759 1458 2802 5,
1500 2761 1554 2800 10,
1584 2757 1644 2799 20.
