1794 2976
189 159 270 201 938
794 159 921 204 Veho
952 187 1007 194 —
1035 160 1123 205 Vel

231 272 301 307 tius
325 274 381 316 10,
409 275 442 316 1,
468 274 546 325 110.
569 283 654 308 reus
681 293 729 299 ——-
753 277 840 311 veh.
867 276 1011 312 interim
1033 277 1193 323 queritur
1215 279 1250 322 6,
1276 281 1309 322 1,
1333 279 1374 323 9;
1408 281 1504 325 quod
1528 282 1724 318 vehemen-
1785 300 1794 305 ¹

231 319 367 354 tissime
389 320 508 353 mulus
533 319 754 355 orationibus
777 327 904 358 tractat
927 328 961 368 7,
986 327 1021 368 2,
1051 325 1108 360 36.
1144 323 1188 366 cs.
1216 325 1251 369 5,
1275 328 1332 368 10,
1362 328 1418 362 37.
1478 337 1482 339 ⁴

187 375 329 418 veho·
411 388 499 422 lauti
523 390 695 442 Yelaeret,
728 389 950 439 interrogavi
978 391 1023 436 4,
1050 396 1093 436 2,
1116 392 1173 428 41.
1207 395 1391 433 columnas
1414 383 1578 439 plaustris
1601 402 1724 432 vectas

230 434 265 476 5,
291 435 347 478 13,
421 459 431 469 .
463 446 566 471 navis
594 437 733 470 lembus
756 439 875 473 ventis
898 445 1004 474 vecta
1029 442 1084 483 10,
1109 443 1144 483 7,
1169 443 1199 476 1.
1246 453 1279 475 v.
1308 441 1480 477 Eveho.

185 487 284 531 Vel·
346 502 383 548 Ι)
417 507 620 549 simpliciter.
669 504 719 549 a)
751 506 908 549 disjungit
926 521 936 540 .·
985 506 1046 540 ubi
1089 507 1185 541 aliud
1212 508 1319 551 ‘ratio
1359 509 1455 543 aliud
1504 512 1726 546 consuetudo

229 556 377 594 poscet,
401 558 559 586 utrum
591 553 726 586 volet
759 559 872 587 sumat
897 553 1125 598 compositio,
1154 557 1392 589 Vitavisse
1424 557 1503 592 vel
1535 560 1725 600 vitasse,

229 599 534 640 Deprendere
566 599 647 633 vel
677 600 1011 642 deprehendere
1034 601 1077 642 9,
1102 599 1146 643 4,
1171 602 1226 636 59.
1262 600 1308 643 cs.
1332 602 1444 645 8,-6,
1471 604 1527 641 19,
1561 609 1727 647 quattuor

155 684 160 689 l
229 643 306 685 ejus
331 644 471 689 generis
497 644 723 690 quaestiones
754 647 816 679 vel
840 652 948 680 status
973 646 1126 680 facimus
1151 650 1184 688 7,
1210 647 1244 689 5,
1269 649 1304 682 6.
1341 648 1584 684 misericordia
1611 661 1648 683 v.
1672 649 1725 682 ira

231 689 476 735 similibusque
504 693 537 734 5,
562 693 620 724 Pr.
652 695 684 725 1.
721 691 764 733 cfi
788 693 831 733 6,
858 695 903 735 3,
933 695 964 726 1.
995 694 1038 736 9,
1066 691 1109 731 4,
1135 694 1190 727 52.
1218 697 1293 728 111.
1327 695 1527 728 formularii
1552 696 1654 737 vel,
1677 701 1726 728 ut

231 734 326 769 Cic.
353 737 436 779 ait,
462 737 605 784 leguleii
632 737 772 782 quidam
797 741 860 780 12,
890 740 934 781 3,
959 741 1014 772 11.
1042 739 1220 774 evidentia
1244 741 1336 783 vel,
1361 746 1409 774 ut
1432 741 1520 777 ulii
1545 741 1724 783 dicunt,

229 784 510 826 repraesentatio
537 786 584 828 8,
609 786 652 827 3,
677 785 734 818 61.
768 784 812 825 cs.
840 786 882 826 9,
906 787 946 828 3,
974 788 1031 820 81.
1069 796 1182 829 aeque
1207 786 1355 821 brevem
1383 798 1462 821 esse
1494 789 1557 822 vel
1578 789 1726 833 longam

230 829 394 864 vocalem
427 831 468 872 9,
497 829 541 871 4,
564 830 620 865 85.
650 830 862 874 praecipites
896 842 932 864 v.
966 832 1140 866 obscurae
1180 833 1376 867 sententiae
1399 834 1442 876 7,
1469 831 1534 875 14,
1565 832 1601 868 4.
1636 832 1725 867 locis

230 875 403 918 speciosis
427 877 534 910 modo
559 888 595 911 v.
623 877 713 910 nihil
741 878 785 910 ad
813 877 1059 921 probationem
1089 878 1355 913 conferentibus
1380 882 1423 922 7,
1453 882 1492 921 1,
1517 878 1574 914 41.
1601 878 1727 925 cogni-

229 920 330 956 tione
364 923 572 956 coelestium
605 934 642 958 v.
666 923 865 963 mortalium
893 924 1140 958 instruendum
1174 929 1192 958 1
1209 951 1219 966 ,
1245 927 1310 967 10,
1335 927 1368 960 5.
1403 925 1523 959 omnia
1552 937 1588 960 v.
1611 936 1726 970 paene

229 968 348 1001 omnia
378 971 412 1011 7,
444 971 476 1011 1,
499 972 533 1003 2.
570 980 635 1003 sex
659 981 696 1004 v.
721 970 877 1015 quinque
902 976 1019 1014 partes
1042 972 1077 1010 9,
1104 970 1139 1014 4,
1169 971 1254 1014 115;
1291 983 1381 1016 quae
1404 972 1575 1015 replenda
1598 982 1635 1005 v.
1661 972 1727 1004 de-

227 1013 382 1057 jicienda
415 1021 497 1048 sunt
527 1018 593 1059 10,
621 1014 664 1057 4,
694 1018 727 1049 1.
762 1022 922 1050 anteacta
953 1016 1101 1050 crimina
1131 1033 1174 1042 -—
1202 1018 1299 1061 prius
1330 1017 1488 1061 objicere
1521 1029 1555 1052 v.
1589 1017 1725 1051 diluere

228 1063 263 1096 7.
294 1062 348 1103 10,
376 1063 440 1104 12,
478 1062 573 1108 finge
598 1073 663 1096 nos
688 1062 868 1096 remittere
890 1065 967 1097 vel
998 1064 1131 1097 etiam
1156 1063 1321 1098 convinci
1345 1067 1379 1106 7,
1406 1065 1520 1106 1,12o.
1559 1062 1602 1104 cf.
1629 1066 1662 1105 1,
1688 1066 1724 1106 2,

227 1107 285 1141 28.
312 1105 347 1149 4,
373 1109 407 1150 3,
436 1110 490 1140 12.
517 1111 574 1151 11,
600 1110 634 1152 3,
663 1110 739 1143 156.
767 1109 934 1152 plurimas
958 1111 1033 1143 vel
1061 1110 1232 1153 potius
1257 1119 1382 1144 omnes
1407 1121 1457 1143 ex
1478 1120 1518 1143 se
1545 1108 1624 1153 ipso
1647 1108 1724 1143 vir-

228 1157 322 1187 tutes
347 1155 475 1187 extulit
502 1156 557 1197 10,
584 1157 617 1197 1,
645 1156 722 1189 109.
750 1154 794 1197 cs.
818 1158 873 1195 12,
904 1157 959 1198 10,
984 1158 1042 1190 29.
1067 1168 1099 1190 υ.
1124 1155 1307 1190 Potius.
1355 1154 1399 1200 β)
1425 1157 1559 1189 extollit.
1595 1154 1734 1196 a)vel¹

227 1199 300 1232 hoc
330 1210 423 1233 uno
447 1202 543 1234 malo
567 1201 603 1243 6,
626 1202 684 1234 Pr.
712 1202 745 1236 5.
778 1207 895 1245 potest
921 1207 1039 1236 tamen
1062 1203 1139 1236 vel
1163 1213 1278 1236 unus
1302 1213 1381 1236 esse
1407 1200 1596 1234 dichoreus
1622 1202 1663 1244 9,
1688 1199 1724 1244 4,

226 1245 285 1280 95.
316 1245 480 1279 omnibus
505 1247 559 1279 his
582 1246 713 1280 sufficit
736 1249 814 1281 vel
842 1259 979 1280 unum
1008 1247 1190 1281 Ciceronis
1215 1249 1418 1292 exemplum
1434 1247 1472 1288 8,
1495 1246 1531 1289 4,
1555 1245 1589 1279 4.
1617 1246 1661 1287 cf.
1687 1247 1724 1289 6,

227 1290 262 1333 5,
290 1291 324 1326 9.
351 1292 386 1334 8,
416 1293 450 1333 3,
477 1292 534 1325 66.
562 1294 617 1333 10,
645 1295 678 1334 1,
699 1293 755 1327 69.
784 1294 878 1335 quod
903 1294 979 1327 vel
1002 1295 1147 1326 solum
1173 1293 1303 1327 sufficit
1322 1293 1357 1335 6,
1381 1295 1415 1335 3,
1445 1291 1502 1327 49.
1529 1291 1575 1333 cs.
1604 1295 1662 1336 11,
1690 1295 1724 1336 1,

227 1338 285 1370 11.
312 1339 376 1376 12,
403 1339 444 1379 1,
472 1336 530 1370 34.
565 1337 652 1370 Vel
674 1337 743 1372 soli
767 1339 925 1371 dicamus
950 1338 1134 1382 potius,
1168 1350 1274 1382 quam
1297 1338 1443 1373 omnino
1468 1348 1542 1372 non
1567 1338 1724 1372 dicamus

226 1384 285 1424 10,
309 1385 344 1425 7,
370 1382 427 1415 24.
453 1384 536 1417 vel
561 1383 713 1416 deficere
742 1385 907 1427 potius
932 1395 1038 1429 quam
1063 1386 1252 1427 desperare
1278 1387 1334 1424 12.
1358 1386 1416 1418 Pr.
1440 1387 1476 1418 2.
1502 1394 1578 1419 non
1600 1386 1723 1427 modo,

226 1438 317 1472 quae
348 1429 498 1471 diserta,
534 1430 596 1462 sed
631 1431 710 1463 vel
747 1431 918 1476 magis,
950 1441 1039 1473 quae
1072 1431 1224 1464 honesta
1253 1435 1336 1464 sunt
1359 1433 1405 1474 1,
1432 1429 1483 1473 8,
1501 1428 1536 1464 4.
1571 1435 1612 1470 ut
1643 1431 1725 1465 vel

224 1474 341 1508 haec
365 1473 472 1517 ipsa
501 1474 633 1508 cornix
654 1477 688 1517 5,
711 1475 747 1516 9,
773 1477 828 1509 16.
860 1475 904 1516 cs.
931 1479 988 1518 11,
1018 1478 1051 1518 1,
1080 1479 1136 1509 21.
1162 1477 1248 1509 hoc
1271 1481 1324 1510 est
1346 1477 1430 1511 vel
1454 1476 1567 1519 ipso
1590 1477 1725 1520 proba-

223 1520 329 1562 bilis,
359 1521 455 1564 quod
481 1528 543 1553 etc.
571 1523 626 1561 10,
652 1523 687 1563 1,
711 1521 768 1555 75.
798 1520 844 1562 cs.
871 1523 928 1563 10,
957 1523 991 1562 5,
1014 1522 1048 1555 8.
1081 1524 1137 1564 11,
1162 1523 1198 1563 2,
1221 1521 1277 1556 46.
1303 1524 1358 1562 12,
1385 1524 1442 1564 11,
1466 1519 1531 1564 24;
1563 1531 1640 1555 non
1661 1523 1725 1557 vel

225 1567 297 1600 hoc
321 1567 430 1599 modo
458 1566 616 1600 servabit
642 1571 764 1600 orator
786 1577 861 1601 non
887 1566 1115 1601 innocentem
1138 1567 1247 1601 modo
1271 1574 1333 1601 etc.
1358 1567 1503 1602 civem?
1529 1569 1586 1610 12,
1609 1570 1643 1606 1,
1663 1567 1722 1603 41.
1754 1581 1759 1592 ·

223 1613 390 1646 habenda
412 1612 500 1647 fides
525 1618 580 1646 est
608 1624 646 1647 v.
673 1612 712 1646 in
741 1614 832 1656 hoc,
858 1619 898 1647 ut
922 1620 983 1647 etc.
1019 1612 1055 1656 6,
1081 1615 1116 1656 2,
1141 1614 1198 1646 27.
1230 1624 1266 1647 v.
1292 1612 1374 1658 quia
1397 1613 1489 1660 pigri
1513 1612 1724 1658 est'ingenii

225 1661 290 1701 10,
311 1662 368 1701 -2,
390 1657 427 1692 4.
453 1670 492 1693 v.
521 1660 567 1692 ob
592 1660 662 1692 hoc
688 1659 861 1694 memoria
887 1659 1052 1705 dignum,
1081 1659 1177 1704 quod
1205 1666 1266 1692 etc.
1296 1661 1358 1702 10,
1384 1663 1422 1700 1,
1448 1661 1507 1693 80.
1536 1658 1581 1701 cs.
1607 1660 1650 1702 6,,
1663 1660 1721 1694 Pr.

225 1705 282 1739 16.
309 1707 373 1750 11,
398 1706 440 1746 3,
472 1706 528 1739 65.
561 1716 599 1739 v.
624 1704 707 1739 ideo
737 1707 798 1746 10,
830 1708 871 1748 1,
896 1706 952 1740 86.
978 1707 1205 1751 131;.longe
1231 1704 1320 1740 citra
1353 1706 1531 1742 aemulum
1555 1724 1599 1737 -.-
1625 1717 1662 1741 v.
1689 1705 1721 1740 si

224 1750 315 1785 nihil
339 1750 409 1784 nisi
431 1750 638 1785 Minervam
662 1771 707 1776 —
727 1752 873 1786 fecisset
903 1754 969 1794 12,
998 1753 1064 1793 10,
1093 1752 1128 1786 9.
1167 1750 1212 1792 cf.
1238 1751 1278 1795 5,
1305 1753 1369 1794 13,
1398 1753 1432 1786 3.
1486 1749 1724 1831 1))έῼψιιιῐο

223 1796 842 1878 {35}ssssss’3‘1¹¹i.*'¹¹³43¹¹{3‘³.{³¹2¹er³
865 1797 954 1887 f¹¹⁵]'’
980 1797 1248 1878 izssssssfflssss
1273 1797 1373 1876 ⁶512?
1373 1797 1686 1877 *extentat
1687 1795 1726 1841 η

335 1856 365 1876 l·
695 1867 705 1877 ι
825 1866 834 1876 ι
862 1857 906 1877 cr.
1089 1856 1099 1877 l
1704 1863 1725 1871 -·

223 1889 339 1936 gressi
362 1869 498 1931 sumus,
525 1869 562 1924 ν’.
585 1890 655 1923 hoc
678 1889 805 1924 vitium
829 1889 875 1923 sit
898 1891 933 1932 8,
958 1855 993 1932 (31,
1017 1887 1074 1923 44.
1097 1895 1136 1923 ut
1159 1900 1197 1925 v.
1216 1855 1439 1924 adgersarius
1462 1889 1555 1932 juret
1578 1890 1611 1930 5,
1631 1853 1719 1932 δέ.

223 1941 343 1969 tamen
370 1947 407 1971 v.
438 1935 622 1969 infirmitas
653 1947 673 1969 a
699 1935 959 1970 robustioribus
983 1936 1179 1980 separanda
1204 1940 1258 1968 est
1272 1933 1344 1977 22,
1367 1938 1410 1976 2,
1438 1933 1495 1968 14.
1523 1946 1559 1970 v.
1588 1935 1723 1978 judicio

223 1988 390 2017 veterum
415 1987 604 2016 contentus
628 1992 707 2015 esse
731 1988 892 2026 poteram
918 1985 950 2024 1,
977 1984 1032 2024 10,
1056 1984 1090 2017 9.
1118 1981 1278 2024 libellos,
1303 1980 1364 2026 qui
1387 1987 1549 2023 vnnapn
1572 1986 1722 2015 tenean-

222 2033 282 2061 tur
307 2030 363 2070 10,
386 2031 422 2070 7,
448 2031 502 2062 31.
530 2028 770 2071 pronuntiatio
795 2040 832 2063 v.
858 2028 975 2062 scenis
999 2028 1188 2062 suffectura
1207 2029 1262 2069 10,
1284 2030 1315 2065 1.
1337 2028 1415 2064 119.
1438 2032 1530 2060 totas
1557 2027 1721 2062 materias

222 2085 262 2110 v.
300 2074 443 2108 silentio
477 2074 716 2118 persequendi
750 2077 814 2118 10,
838 2078 885 2117 7,
910 2077 965 2108 25.
1000 2075 1080 2118 plus
1115 2086 1154 2108 v.
1190 2072 1267 2107 sine
1303 2073 1463 2107 doctrina
1497 2072 1722 2116 prudentiam

223 2131 329 2165 quam
353 2120 430 2154 sine
462 2121 648 2163 prudentia
682 2122 804 2155 facere
839 2120 1036 2163 doctrinam
1062 2121 1103 2162 6,
1131 2122 1169 2162 5,
1196 2122 1252 2154 11.
1291 2120 1387 2165 quod
1417 2130 1456 2153 v.
1483 2129 1529 2152 ex
1554 2118 1723 2167 proxima

221 2166 346 2200 doceri
375 2172 493 2210 potest
518 2165 674 2210 (figura)
702 2168 737 2209 9,
761 2170 797 2209 2,
825 2169 859 2201 5.
885 2166 930 2208 cf.
959 2168 992 2209 5,
1018 2169 1052 2209 7,
1085 2167 1139 2201 19.
1173 2166 1294 2209 Atque
1317 2177 1355 2200 v.
1378 2164 1528 2200 verbum
1550 2168 1662 2206 'omne
1684 2166 1722 2208 8,

223 2214 258 2255 3,
285 2214 351 2255 55;
389 2223 460 2256 quo
484 2212 560 2246 fieri
585 2224 623 2246 v.
649 2214 750 2257 plura
774 2218 923 2257 possunt
944 2214 987 2256 8,
1012 2213 1055 2254 5,
1082 2213 1114 2246 5.
1146 2211 1203 2245 cui
1227 2223 1262 2246 v.
1287 2222 1397 2255 parva
1420 2211 1570 2245 dem-um
1596 2213 1636 2253 1,
1663 2212 1723 2254 10,

221 2260 256 2293 8.
282 2258 493 2302 insequente
514 2271 551 2294 v.
576 2259 678 2293 brevi
701 2258 770 2292 alia
793 2260 828 2299 9.
851 2259 886 2301 4,
913 2260 970 2294 85.
996 2258 1048 2291 uti
1071 2269 1110 2292 v.
1130 2257 1303 2292 historico
1326 2267 1580 2300 nonnunquam
1604 2257 1722 2290 nitore

223 2306 281 2346 10,
311 2308 343 2346 1,
369 2307 426 2338 33.
461 2303 506 2345 cs.
533 2306 569 2348 9,
597 2308 631 2346 3,
660 2308 738 2339 100.
767 2308 822 2347 11,
852 2306 886 2347 3,
918 2306 951 2340 5.
979 2307 1036 2345 12,
1062 2306 1094 2344 1,
1121 2303 1178 2338 43.
1207 2304 1334 2348 petitas
1356 2314 1395 2338 v.
1419 2304 1526 2346 paulo
1556 2301 1720 2336 licentius

223 2352 427 2394 voluptates
449 2354 504 2392 12,
527 2354 582 2393 10,
603 2353 659 2386 50.
687 2352 756 2394 jam
783 2362 821 2385 se
841 2351 903 2384 illa
929 2362 966 2385 v.
983 2351 1077 2383 ultro
1103 2350 1254 2384 offerent
1279 2353 1315 2392 7,
1339 2352 1371 2390 1,
1396 2350 1451 2383 50.
1482 2354 1519 2382 et
1540 2348 1576 2383 sr-
1597 2359 1720 2392 parum
1786 2359 1794 2394 ’,ι

223 2397 447 2431 conveniens
471 2408 647 2442 personae
670 2398 764 2431 risus
789 2400 853 2440 11,
879 2399 918 2440 3,
945 2397 1022 2431 180.
1047 2407 1124 2430 vox
1149 2407 1186 2430 v.
1213 2395 1306 2430 inter
1329 2396 1454 2428 dentes
1480 2396 1650 2438 expressa
1674 2396 1717 2428 ib.
1786 2399 1794 2403 “

224 2442 302 2477 104.
338 2444 508 2486 juvenum
539 2454 576 2478 v.
605 2443 674 2478 sibi
702 2443 900 2477 ludentium
937 2442 1148 2477 exercitatio
1178 2442 1220 2485 6,
1249 2444 1290 2484 3,
1315 2441 1372 2475 16.
1402 2451 1439 2475 v.
1472 2441 1543 2474 duo
1572 2438 1718 2474 maximi
1782 2470 1784 2472 ,

223 2494 385 2523 oratores
409 2510 455 2514 —
483 2490 614 2523 docent
639 2490 682 2531 6,
713 2491 758 2531 3,
792 2493 824 2523 1.
857 2489 1021 2533 [libertas
1045 2505 1088 2514 —-
1116 2486 1363 2523 velvnocuerit
1394 2488 1457 2530 10,-
1484 2485 1531 2529 4,
1556 2485 1624 2520 104
1652 2485 1718 2527 8.]

224 2533 269 2577 0)
295 2548 323 2568 c.
357 2537 490 2578 Superl.
507 2550 517 2568 .·
546 2547 583 2570 v.
608 2534 816 2569 facillimum
840 2541 914 2578 est,
946 2535 996 2568 ibi
1020 2534 1170 2568 alienam
1193 2534 1332 2578 culpam
1355 2531 1542 2574 incusare,
1570 2529 1645 2567 uhi.
1662 2531 1719 2564 fa·
1758 2552 1761 2554 >

222 2579 308 2613 teris
331 2587 429 2614 tuam
455 2583 493 2614 11
511 2606 522 2623 ,
551 2584 568 2614 1
586 2607 596 2624 ,
621 2583 679 2616 81.
707 2593 745 2615 v.
771 2581 966 2616 maximum
989 2592 1080 2615 onus
1104 2579 1245 2615 dicendi
1269 2582 1304 2622 2,
1329 2582 1420 2621 1,·2.
1450 2577 1496 2620 ej:
1517 2577 1554 2620 5,
1578 2576 1635 2619 13,
1661 2578 1716 2610 13.

223 2625 259 2666 8,
283 2627 341 2661 Pr.
363 2629 422 2660 25.
447 2628 481 2668 8,
507 2630 542 2669 2,
567 2629 600 2662 6.
636 2629 683 2662 V.
713 2627 845 2671 optima
871 2633 925 2661 est
948 2625 1123 2660 simulatio
1149 2632 1271 2661 contra
1296 2623 1516 2658 simulantem
1540 2623 1576 2665 6,
1599 2623 1634 2665 3,
1657 2623 1717 2656 92.

224 2671 288 2704 sed
319 2682 356 2705 v.
384 2672 630 2715 potentissima
665 2684 720 2717 ap.
746 2673 1029 2718 Amphictyonas
1063 2671 1167 2715 aequi
1201 2670 1364 2706 tractatio
1397 2675 1452 2704 est
1473 2671 1516 2711 5,
1541 2670 1610 2710 10,
1638 2669 1725 2706 118:

222 2714 272 2757 os·
295 2719 332 2760 7,
355 2720 390 2758 7,
414 2719 445 2751 8.
475 2721 532 2762 10,
558 2722 591 2761 1,
616 2720 672 2752 17.
701 2719 820 2754 literas
845 2731 883 2754 v.
909 2719 1031 2763 primis
1055 2717 1163 2752 labris
1189 2715 1472 2763 degustavitkffl,
1501 2717 1536 2756 2,
1561 2711 1606 2755 43
1633 2724 1718 2758 qua-
1778 2756 1782 2765 ὁ

226 2773 305 2796 rum
338 2762 472 2797 utititas
499 2783 544 2789 —-
566 2776 603 2799 v.
629 2765 825 2799 clarissime
852 2766 948 2800 lucet
970 2766 1014 2807 9,
1039 2767 1056 2798 1
1071 2789 1082 2806 ,
1115 2765 1170 2798 19.
1198 2764 1295 2808 quod
1330 2760 1458 2796 accidit
1487 2771 1525 2794 v.
1548 2760 1719 2803 frequen-
