1728 3002
48 193 52 201 ‘
109 197 190 239 492
709 194 859 238 Limus
888 221 944 230 —-
971 195 1050 239 Lis

151 309 376 357 (eloquentiae
390 308 517 362 ‘ger-ms)
535 310 579 362 ib:
602 310 658 344 31.
685 321 719 344 v.
743 310 906 350 Senex.
934 316 1110 346 tersum
1134 323 1176 346 ac
1199 307 1409 348 limatum
1431 325 1511 349 esse
1534 324 1644 359 opor-

148 362 221 438 ffiti,
236 356 365 437 1gnoldo
375 356 475 436 Ῐιῖξῗ
499 356 684 390 dedicatur
708 359 763 400 12,
789 359 845 401 10,
874 358 936 400 50;
961 356 1074 393 Attici
1097 358 1244 394 limati
1266 359 1409 405 quidam
1431 366 1468 396 et
1493 372 1643 396 emun-

101 447 266 491 Limus·
283 429 294 446 ²
312 428 415 494 limi
439 465 494 499 et,
526 464 565 493 ut
589 458 641 494 sic
667 458 801 501 dicam,
834 460 1034 496 venerei
1059 460 1192 506 (oculi)
1219 464 1275 507 11,
1299 464 1335 506 3,
1358 462 1417 499 76.

99 504 252 548 Linea.
301 514 339 558 a)
367 519 398 549 in
419 517 544 559 figuris
569 524 749 559 geometra.-
785 516 1070 553 circumcurrens
1098 521 1121 554 l.
1149 522 1181 563 1,
1217 521 1282 563 10,
1305 518 1362 554 41.
1407 521 1433 555 1.
1459 522 1642 553 extremae

148 567 193 598 ib.
218 561 278 598 40.
303 562 350 605 cf.
384 565 441 606 10,
465 565 499 605 2,
536 566 570 598 7.
619 565 658 607 1.,
685 574 774 607 quae
805 563 1006 598 circumibit
1038 567 1081 599 ib.
1112 563 1170 600 44.
1216 567 1240 599 l.
1280 567 1359 600 data
1390 568 1434 600 ib.
1470 567 1504 600 3.
1535 563 1641 598 lineis

147 621 267 645 aream
293 610 462 643 claudere
487 611 531 642 ib.
556 608 614 645 43.
663 611 759 654 quod
781 609 838 644 his
859 611 884 645 Ι.
910 611 1113 645 continetur
1134 614 1179 646 ib.
1203 610 1264 646 40.
1310 614 1353 658 β)
1388 614 1420 645 in
1463 613 1638 644 mensuris:

147 656 275 691 sinon
298 655 416 690 statim
438 654 638 689 rectissima
666 655 762 690 linea-1
784 659 908 700 tensa,
941 657 1083 691 facilior
1114 662 1230 692 tamen
1261 663 1298 692 et
1327 657 1485 702 apertior
1511 656 1572 691 via
1604 658 1640 698 3,

144 703 180 745 6,
205 705 250 738 83
278 703 327 736 Ν.
353 703 434 737 adv.
460 702 530 735 hoc
555 702 746 736 facientem
770 702 882 736 lineas
906 703 1072 747 poposcit
1092 705 1150 746 (in
1183 703 1336 746 agendo)
1373 707 1439 746 11,
1476 705 1519 745 3,
1561 704 1638 736 133.

145 749 184 793 y)
209 752 242 785 in
270 750 421 793 pictura.-
449 748 600 791 pictura,
627 760 719 792 quae
743 749 856 783 lineas
878 751 987 783 modo
1012 756 1190 784 extremas
1229 751 1374 784 umbrae
1411 748 1638 783 circumscri-

144 797 248 830 beret
273 797 329 838 10,
354 797 448 837 2‚'7.
497 805 543 828 ne
565 794 733 829 membris
757 795 900 839 quidem
923 807 1003 829 suas
1026 796 1089 830 lin.
1113 796 1293 831 dedissent
1328 799 1384 840 11,
1410 798 1444 839 3,
1469 796 1527 830 46.
1553 806 1641 829 exa-

143 842 299 876 minasse
326 840 489 875 subtilius
516 840 628 876 lineas
668 844 724 884 12,
757 843 814 885 10,
845 842 868 875 4
903 842 952 875 Ν.
1001 842 1203 877 describere
1235 843 1369 876 tabutas
1393 853 1499 876 vmen
1514 840 1639 874 suris

143 900 185 922 ac
208 887 363 922 lineis
386 889 444 930 10,
469 889 504 929 2,
528 888 562 921 6.
610 885 649 931 δ)
672 891 789 921 transl.
804 902 813 920 .-
851 899 934 921 cnm
959 890 1090 932 primas
1114 889 1178 922 lin.
1203 888 1392 923 duxissent
1421 901 1500 931 opp.
1526 892 1639 920 mate-

141 934 212 968 rias
236 952 282 958 —
307 932 413 968 latius
438 933 591 967 (licendo
616 934 924 978 prosequebantur
951 937 984 977 2,
1008 935 1047 977 6,
1065 938 1105 969 2..
1147 945 1223 969 non
1248 940 1288 968 ut
1310 938 1639 969 consumantur

142 981 310 1024 affectus,
345 981 409 1014 sed
432 985 552 1014 tamen
576 980 677 1014 vetut
703 979 873 1024 primis
896 979 1044 1015 lineis
1077 982 1398 1028 designentur
1427 978 1463 1017 4.
1496 983 1532 1022 2,
1559 981 1639 1013 120.

94 1026 309 1069 LineariS.
335 1056 379 1064 -
402 1036 494 1071 ratio
504 1039 555 1080 xl,
582 1039 638 1081 10,
663 1038 721 1072 36.
770 1038 793 1071 1.
819 1037 1052 1081 probationes
1075 1040 1118 1072 ib.
1143 1037 1202 1074 49.
1238 1062 1242 1064 -

98 1084 278 1140 Lingua·
312 1095 347 1140 I)
362 1107 443 1139 pars
471 1097 620 1138 corporis
645 1102 704 1128 aut
724 1096 856 1128 dicendi
877 1095 1050 1137 facultas:
1080 1097 1239 1130 calculos
1262 1094 1384 1142 lingua
1397 1095 1552 1131 volvens
1578 1094 1637 1136 11,

138 1145 174 1185 3,
200 1141 257 1177 54.
303 1142 342 1176 in
365 1153 468 1176 usmn
490 1141 632 1186 linguae
661 1143 716 1183 12,
741 1144 776 1184 2,
803 1144 859 1175 17.
905 1141 968 1175 lin
980 1152 1097 1188 guae
1121 1148 1159 1177 et
1183 1142 1282 1176 oris
1318 1141 1406 1176 vitia
1433 1142 1473 1184 1,
1510 1141 1554 1183 5,
1579 1141 1636 1173 32.

140 1187 185 1230 cs.
219 1191 252 1231 1,
279 1190 315 1232 1,
343 1190 410 1230 373
450 1193 488 1220 ut
510 1189 663 1231 primum
685 1184 770 1234 ling.
801 1198 880 1222 esse
908 1189 1027 1232 coepit
1052 1188 1092 1222 in
1115 1194 1264 1234 quaestu
1287 1186 1350 1222 Pr.
1379 1189 1435 1223 13.
1476 1184 1536 1230 Ἡ)
1560 1187 1581 1218 ἱ.
1602 1197 1634 1230 q.

138 1248 204 1268 ser
215 1247 302 1268 mo.-
339 1233 574 1278 peritissimus
599 1233 742 1279 linguae
766 1234 846 1268 Lat.
886 1236 943 1277 10,
978 1238 1011 1277 1,
1044 1235 1101 1270 95.
1149 1240 1315 1268 auctores
1348 1233 1532 1279 utriusque
1563 1230 1636 1265 lin-

138 1292 229 1327 guae
254 1281 312 1316 Pr.
339 1283 372 1313 1.
402 1291 483 1313 cum
509 1279 649 1323 aequali
673 1291 759 1313 cura
781 1279 938 1326 linguam
960 1286 1146 1325 utramque
1169 1280 1262 1315 tueri
1285 1280 1522 1324 coeperimus,
1546 1287 1638 1311 neu-

139 1333 192 1361 tra
216 1326 318 1360 alteri
341 1325 476 1359 officiat
502 1328 533 1367 1,
559 1329 592 1365 1,
621 1323 674 1358 14.
722 1325 763 1359 in
783 1331 1003 1370 utracunque
1027 1326 1113 1373 ling.
1140 1337 1311 1370 expressa
1332 1323 1532 1370 proprietas
1555 1334 1636 1357 om-

137 1374 237 1407 nium
260 1372 443 1406 literarum
465 1371 500 1413 6,
529 1371 586 1404 Pr.
617 1373 671 1403 11.
697 1368 880 1412 κοινισμός
901 1371 963 1415 (Ζ.
993 1373 1078 1413 conj.
1111 1368 1306 1414 σωρισμός)
1329 1372 1501 1416 quaedam
1523 1369 1637 1410 mixta

137 1432 188 1454 ex
213 1419 314 1454 varia
336 1417 476 1451 ratione
504 1416 703 1463 linguarum
722 1415 837 1450 oratio
870 1417 904 1459 8,
934 1418 968 1459 3,
1003 1418 1058 1452 59.
1106 1417 1356 1460 Mithridates,
1389 1416 1446 1450 cui
1482 1417 1569 1450 duas
1598 1421 1635 1449 et

135 1465 264 1512 viginti
287 1464 448 1518 linguas,
478 1468 565 1506 quot
588 1460 791 1495 nationibus
817 1461 1032 1505 imperabat,
1067 1468 1171 1496 notas
1194 1462 1306 1496 fuisse
1330 1465 1387 1505 11,
1418 1465 1454 1503 2,
1486 1462 1554 1503 50;
1586 1471 1634 1496 ne

137 1510 267 1547 Graeci
291 1511 436 1555 quidem
463 1508 500 1542 in
525 1508 595 1542 alio
621 1518 754 1554 genere
778 1506 920 1554 linguae
943 1508 1163 1542 obtinuerint
1195 1508 1293 1542 illam
1318 1519 1492 1543 venerem
1517 1510 1572 1550 10,
1600 1510 1634 1549 1,

137 1561 219 1593 100.
264 1556 414 1592 Crassus
444 1554 600 1599 quinque
627 1553 757 1588 Graeci
780 1554 1016 1588 sermonis
1049 1553 1381 1588 differentias
1416 1554 1468 1588 sic
1504 1553 1632 1596 tenuit,

132 1612 190 1648 ut,
227 1615 296 1649 qua
320 1603 470 1649 quisque
497 1613 552 1645 ap.
578 1612 660 1634 eum
683 1600 850 1646 lingua
891 1602 1127 1644 postulasset,
1171 1601 1250 1635 ead.
1274 1601 1330 1644 jus
1362 1599 1429 1635 sibi
1452 1599 1630 1634 redditum

134 1655 247 1686 ferret
272 1652 329 1694 11,
352 1652 388 1692 2,
417 1650 473 1683 50.
500 1647 571 1680 illis
594 1647 785 1691 (Graecis)
819 1657 894 1680 non
916 1648 1112 1681 verborum
1140 1647 1248 1682 modo
1273 1647 1337 1681 sed
1358 1647 1465 1690 etiam
1486 1646 1634 1694 ‘lingua-

134 1698 212 1732 rum
235 1696 330 1736 inter
355 1706 394 1730 se
419 1693 656 1728 differentium
679 1692 784 1737 copia
807 1698 862 1726 est
886 1696 941 1735 12,
970 1696 1026 1737 10,
1053 1692 1110 1727 34.

88 1746 276 1800 Linquo.
333 1758 474 1796 sceptra
496 1750 584 1784 mihi
607 1749 712 1794 liquit
735 1751 878 1794 Pelops.
911 1752 1094 1792 Tragia.
1120 1750 1157 1795 9,
1183 1749 1220 1793 4,
1245 1748 1313 1784 140
1339 1749 1386 1784 Ν.

89 1804 262 1842 Linum-
284 1827 330 1835 --·
352 1815 495 1854 ruptum
525 1807 584 1854 (in
609 1810 675 1841 litis
700 1805 1022 1855 instrumentolss,
1046 1808 1081 1850 8,
1108 1809 1151 1841 13
1176 1807 1224 1840 N.
1439 1836 1443 1839 a
1547 1830 1550 1831 γ

87 1860 253 1900 Lintel'·
300 1867 380 1912 quis
400 1867 439 1901 i‘n
465 1866 571 1899 lintre
594 1863 826 1909 loqueretur?
865 1866 1020 1898 Julius
1044 1863 1218 1908 (Strabo)
1241 1862 1398 1908 (?)'11,
1422 1864 1465 1907 3,·
1485 1863 1564 1900 129.

87 1914 355 1971 LiquefaCiO·
388 1924 488 1959 cibos
511 1932 698 1956 mansos
725 1932 766 1954 ac
790 1931 904 1966 prope
930 1921 1233 1965 liquefactos
1258 1923 1315 1963 10,
1339 1923 1372 1963 1,
1399 1922 1456 1956 19.

87 1974 258 2028 Liquet.
303 1982 456 2027 primum
481 1986 556 2023 est,
579 1985 620 2013 ut
642 1979 798 2023 liqueat,
829 1989 960 2025 augere
988 1978 1074 2022 quid
1096 1978 1251 2014 velimus
1277 1989 1323 2012 an
1349 1977 1510 2012 minuere
1537 1979 1573 2020 8,
1596 1978 1631 2020 3,

133 2030 192 2064 40.
238 2030 293 2063 de
318 2039 389 2073 quo
413 2028 524 2072 liquet
549 2028 584 2069 3,
608 2027 643 2069 6,
668 2026 724 2061 35.
773 2035 847 2059 non
870 2026 934 2069 liq.
960 2025 1048 2058 mihi
1062 2026 1096 2068 9,
1122 2027 1156 2067 3,
1182 2026 1228 2060 97
1242 2038 1251 2067 ;
1277 2023 1309 2059 si
1331 2024 1465 2070 liqueat
1481 2023 1628 2066 oratori,

134 2079 296 2110 t'utunun
320 2076 454 2109 bonum
475 2073 615 2115 virum,
649 2071 708 2106 cui
738 2078 800 2105 eto.
828 2074 885 2114 12,
915 2074 947 2112 1.
976 2071 1033 2104 42.
1066 2070 1111 2112 cf.
1137 2073 1172 2114 3,
1196 2072 1232 2114 8,
1259 2069 1317 2104 24.
1365 2069 1427 2104 Sic
1452 2069 1547 2103 enim
1573 2069 1634 2104 fiet
1665 2091 1670 2095 ›

135 2126 381 2168 argumentum
406 2132 470 2153 --;
499 2125 539 2153 ut
567 2117 844 2152 administranda
867 2128 961 2161 resp.
986 2117 1050 2160 sit,
1076 2116 1106 2151 si
1133 2115 1283 2161 liquebit
1309 2116 1479 2149 mundum
1506 2115 1633 2159 provi-

134 2168 253 2202 dentia
275 2167 352 2214 regi
382 2167 417 2209 5,
447 2169 503 2208 10,
540 2163 597 2199 14.
642 2165 810 2210 Pyrrhon
844 2164 1007 2207 quidem,
1052 2175 1139 2207 quas
1173 2163 1212 2196 in
1248 2163 1318 2195 hoc
1349 2171 1460 2204 opere
1497 2161 1630 2197 habere

135 2221 255 2258 partes
283 2212 429 2258 potest?
464 2211 521 2246 cui
543 2209 686 2255 judices.
707 2220 808 2253 esse,
842 2220 900 2254 ap.
925 2220 1016 2254 quos
1039 2209 1151 2244 verba
1181 2207 1311 2249 saciat,
1361 2213 1396 2241 et
1431 2218 1534 2241 reum
1569 2217 1630 2244 etc.

137 2272 207 2293 non
232 2259 382 2304 liquebit
407 2261 462 2301 12,
488 2261 523 2301 2,
547 2255 612 2300 24,
649 2255 735 2301 quid
763 2255 920 2290 maxime
942 2256 1125 2299 liquere
1163 2252 1272 2298 judici
1295 2253 1384 2288 velit
1407 2255 1442 2295 3,
1467 2253 1502 2296 6,
1531 2255 1588 2287 12.

86 2305 310 2361 LiquidUS.
352 2315 406 2349 illi
428 2313 594 2349 homines
618 2312 715 2352 docti
740 2332 787 2339 —
815 2313 936 2347 omnia
962 2333 1008 2339 ——
1028 2314 1071 2347 ad
1098 2310 1327 2356 liquidum
1351 2310 1635 2345 consessum·

134 2375 202 2406 que
229 2363 429 2406 perducunt
453 2363 487 2405 5,
514 2359 571 2403 14,
595 2361 653 2394 28.

87 2409 240 2462 Liquo.
290 2430 381 2463 quae
406 2429 486 2452 cum
510 2429 578 2452 sex
599 2423 634 2452 et
657 2417 785 2464 viginti
811 2421 916 2450 natus
944 2425 1057 2449 annos
1081 2413 1227 2448 summis
1247 2413 1465 2460 audientium
1492 2414 1629 2452 clamo-

134 2465 230 2497 ribus
244 2465 379 2499 dixerit
397 2462 563 2508 (Cicero),
577 2463 854 2498 defervisse
874 2468 1037 2506 tempore
1063 2467 1099 2495 et
1122 2461 1223 2494 annis
1250 2460 1429 2505 liquata
1450 2462 1507 2503 12,
1529 2459 1567 2504 6,
1591 2458 1629 2494 4.

86 2511 178 2550 Lis.
213 2521 402 2555 stlitem
427 2524 461 2563 1,
486 2519 522 2563 4,
548 2521 606 2555 16.
631 2521 673 2563 a)
700 2519 822 2564 parvis
846 2518 900 2554 lit.
926 2519 961 2563 6,
994 2521 1028 2560 1.
1057 2519 1113 2554 36.
1140 2517 1202 2552 nte
1226 2516 1432 2564 pecuniaria
1452 2517 1488 2560 6,
1513 2518 1547 2560 1,
1571 2517 1630 2552 50.

132 2577 301 2610 praesens
321 2569 345 2600 1.
371 2570 406 2610 2,
434 2570 469 2609 7,
493 2565 529 2602 4.
575 2568 601 2601 1.
625 2577 725 2600 raras
748 2569 784 2610 7,
809 2568 842 2609 1,
866 2564 923 2600 43.
974 2564 1178 2611 singulas
1205 2564 1320 2598 lites
1346 2568 1630 2598 controver-

133 2611 309 2654 siasque
338 2625 415 2655 opp.
442 2614 708 2658 generales
731 2615 766 2654 7,
805 2615 839 2655 1,
862 2611 920 2646 64.
967 2612 994 2647 l.
1028 2610 1223 2645 Urbiniana
1253 2613 1288 2651 7,
1326 2612 1366 2652 2,
1399 2608 1458 2643 26.
1504 2606 1547 2652 β)
1582 2608 1628 2643 de

133 2667 205 2700 quo
229 2657 273 2690 lis
298 2663 351 2690 est
374 2661 407 2698 7,
429 2660 465 2701 6,
489 2660 524 2693 6.
551 2658 595 2699 cs.
621 2659 656 2701 6,
686 2661 720 2701 1,
745 2660 803 2695 39.
852 2657 883 2692 si
907 2657 953 2692 de
975 2656 1136 2691 terminis
1170 2654 1416 2698 mensurisque
1451 2652 1522 2686 sint
1544 2651 1627 2688 lites

134 2708 167 2744 1,
190 2704 248 2745 10,
274 2704 331 2737 36·
358 2702 402 2743 cs.
427 2707 462 2746 7,
491 2704 527 2747 4,
551 2707 585 2739 3.
634 2714 711 2738 non
734 2710 788 2739 est
819 2705 844 2738 l.
869 2702 956 2738 facti
989 2705 1024 2746 5,
1056 2704 1094 2746 9,
1127 2702 1151 2737 4
1188 2703 1236 2736 N.
1284 2701 1384 2746 Quae
1421 2699 1628 2745 ambiguitas

135 2747 295 2792 plurimis
323 2747 437 2781 modis
462 2750 612 2791 accidit3
637 2751 733 2784 unde
757 2751 835 2784 fere
860 2749 962 2792 lites,
994 2748 1186 2794 praecipue
1213 2757 1268 2782 ex
1289 2744 1509 2780 testamentis
1532 2749 1567 2789 7,
1590 2746 1625 2787 9,

136 2798 170 2828 2.
219 2805 273 2828 ex
298 2794 578 2838 praescriptione
608 2796 650 2830 lis
678 2798 808 2840 pendet
834 2799 868 2840 7,
898 2796 931 2840 5,
957 2797 990 2831 3.
1018 2794 1061 2837 cs.
1092 2795 1125 2838 5,
1149 2796 1213 2839 10,
1246 2795 1325 2826 112.
1373 2790 1537 2835 Causam,
1569 2791 1626 2826 cui

1549 2924 1569 2933 ρ

1704 1859 1728 1908 25

1715 1911 1723 1922 .-

1710 2000 1725 2034 ἦ.

1701 2396 1712 2415 ⁴-

1700 2171 1723 2231 ἒ*

1681 2825 1697 2840 “-’
1678 2456 1716 2817 *fflQst-fflufzn‘ss.

1680 2865 1696 2896 'A
