1728 3002
206 165 290 205 716
693 165 948 222 Prospectus
977 191 1032 199 ——
1060 167 1240 210 Prosum

249 277 358 314 velim
388 282 420 322 1,
446 280 481 323 8,
505 280 538 313 3.
563 277 658 312 idem
683 277 758 314 Cic.
782 289 849 324 pro
873 280 1007 315 Scauro
1031 280 1182 316 ambitus
1203 291 1269 317 reo
1295 283 1557 328 prosopopoeia
1579 285 1728 329 loquen-

250 325 295 359 tis
317 336 384 370 pro
409 335 473 359 reo
497 324 607 359 utitur
628 324 671 368 4,
697 328 739 368 1,
762 324 820 361 69.
857 331 944 371 quot
965 327 1002 361 in
1030 338 1168 362 causa
1192 328 1343 365 totidem
1362 328 1405 363 in
1422 340 1536 374 pros
1547 339 1611 375 op.
1648 337 1728 365 sunt

249 371 440 406 varietates
469 373 533 414 11,
558 373 600 415 1,
624 370 682 405 41.
727 371 771 417 β)
795 374 838 406 de
859 376 967 416 specie
990 375 1090 419 quad.
1117 377 1322 410 orationicmt
1350 376 1457 422 longe
1476 375 1563 410 mihi
1587 376 1728 410 diffieil-

247 418 354 451 limae
371 417 540 452 videntur
564 418 977 462 prosopopoeiae,
1006 419 1043 453 in
1067 420 1194 463 quibus
1217 421 1263 454 ad
1285 420 1460 466 reliquum
1483 422 1728 457 suasoriae

249 465 409 497 laborem
440 463 578 506 accedit
612 464 717 498 etiam
744 474 919 508 personae
951 465 1139 500 difficultas
1177 468 1197 501 3
1212 492 1223 510 ,
1243 467 1288 510 8,
1313 466 1361 503 49
1392 469 1439 502 N.
1483 479 1574 512 quse
1611 467 1728 503 omnia

249 515 397 554 possunt
421 509 537 545 videri
560 520 670 554 pros
683 520 740 554 op
753 511 974 555 opoeiae3
1000 523 1104 555 quam
1126 522 1194 559 ego
1217 513 1451 548 suasoriis
1475 513 1624 558 subjeci,
1646 514 1728 559 quia

247 557 348 589 nullo
370 557 478 590 modo
502 556 545 590 ab
568 556 624 590 his
650 567 754 601 quam
774 568 928 602 persona
951 557 1055 591 distat
1080 561 1125 592 ib.
1150 561 1194 594 52
1211 563 1254 593 Ζ.
1284 561 1328 594 ad
1354 560 1727 605 prosopopoeias

247 613 360 647 usque
393 608 429 636 et
453 603 497 636 ad
524 602 775 637 suasorias
803 603 999 649 irrumpunt
1033 603 1288 649 (grammatici)
1314 609 1355 649 2,
1381 608 1420 651 t,
1445 609 1470 640 2
1499 607 1547 640 Ν.
1573 619 1620 640 cr.
1668 607 1727 640 De

245 648 509 693 prosopopoeia
531 650 573 691 3,
608 648 694 693 Cap.
721 650 755 684 8.

200 703 465 761 Prospectus.
520 727 593 750 non
617 715 732 751 minus
757 729 780 762 p
790 729 809 751 r
818 727 840 751 o
849 728 865 751 s
874 729 896 762 p
907 728 927 750 e
938 722 977 751 ct
986 729 1011 751 u
1041 719 1274 762 procedamus
1301 729 1411 771 ‘quam
1437 728 1460 765 g
1468 730 1488 752 r
1497 730 1517 753 a
1528 719 1549 752 d
1559 731 1581 752 u
1605 721 1651 753 10
1659 745 1670 763 ,
1692 723 1727 762 7,

245 764 302 842 ᾗ).
326 764 429 843 ίξεΞῙῚιιᾶ
453 762 548 797 acies
573 762 744 796 luminum
771 775 791 797 a
812 769 1002 808 prospectu
1026 775 1165 807 rerum,
1190 776 1279 810 quas
1299 770 1477 808 intuetur,
1502 776 1574 799 non
1601 776 1727 800 aversa

227 840 229 846 ι
289 834 300 852 2
325 833 359 851 ’ν’
431 833 440 842 ·
487 845 493 859 s

198 863 419 921 Prospere.
465 888 591 922 parum
612 876 648 911 id
676 875 822 921 (bellum)
849 887 1020 922 prospere
1046 877 1203 922 expertis
1225 878 1261 922 6,
1283 878 1320 921 5,
1342 881 1377 913 7.

167 976 170 980 .
198 931 431 988 prospicio·
464 943 501 990 1)
519 948 672 990 proprie:
700 957 831 980 navem
854 945 1026 990 prospexi
1050 945 1086 989 4,
1110 948 1147 989 2,
1166 943 1225 986 41,
1250 945 1538 991 prospicere
1563 946 1609 980 in
1633 947 1724 981 dex-

243 997 335 1025 trum
361 997 396 1026 et
418 991 679 1036 providere
703 992 751 1035 (in
777 993 930 1034 lectione)
958 995 999 1034 1,
1025 995 1040 1026 1
1057 1017 1068 1035 ,
1092 991 1148 1026 34.
1173 1003 1254 1027 cum
1277 993 1329 1026 ad
1354 998 1516 1039 agentem
1539 1003 1596 1027 ex
1612 993 1728 1031 'tm-ba,

241 1037 485 1082 prospexisset
507 1038 542 1080 6,
567 1041 599 1080 1,
627 1036 684 1072 48.
709 1038 747 1072 in
774 1039 905 1081 locum,
931 1049 991 1071 ex
1016 1048 1087 1091 quo
1110 1038 1200 1072 nihil
1222 1038 1379 1083 prospici
1404 1044 1527 1083 posset
1555 1042 1588 1080 1,
1607 1039 1642 1080 3,
1665 1041 1725 1074 25.

242 1082 295 1126 11)
321 1088 435 1118 transl.
465 1086 510 1118 ad
537 1086 691 1118 animum.
734 1085 775 1125 α)
803 1083 1033 1129 prospicienti
1053 1084 1159 1118 finem
1190 1087 1244 1125 12,
1267 1085 1324 1118 Pr.
1351 1087 1385 1118 2.
1411 1095 1525 1130 prope
1549 1083 1728 1119 infinitum

241 1130 328 1163 mihi
361 1131 518 1164 laborem
548 1129 729 1174 prospicio
752 1129 797 1172 4,
827 1132 884 1164 Pr.
910 1133 944 1164 7.
999 1129 1052 1174 β)
1086 1144 1158 1163 cum
1195 1143 1278 1164 cura
1311 1132 1492 1175 quadam:
1515 1131 1728 1176 prospicere

242 1181 457 1210 commeatus
482 1179 537 1218 12,
563 1178 596 1218 3,
619 1178 652 1210 5.
683 1176 720 1210 in
744 1176 799 1210 his
823 1174 934 1219 (locis)
961 1187 1034 1210 non
1061 1176 1202 1220 corpori
1225 1176 1466 1220 prospiciunt,
1489 1178 1553 1212 sed
1576 1177 1728 1221 abrupta

241 1223 412 1266 quaedam
438 1223 636 1266 jaculantur
659 1225 701 1266 2,
728 1225 768 1256 11
783 1248 793 1265 ,
818 1223 841 1257 6
866 1223 912 1256 Ν.
941 1221 1047 1266 [satis
1071 1221 1198 1257 ceteris
1220 1222 1418 1267 praeceptis
1446 1223 1495 1257 in
1518 1224 1610 1257 hanc
1633 1229 1728 1267 quo-³:

241 1279 311 1312 que
334 1273 467 1311 partem
495 1279 574 1302 esse
596 1274 822 1312 prospectum
846 1267 943 1312 (opti.
974 1270 1076 1302 Codd.
1101 1269 1311 1313 perfectum.
1334 1272 1424 1303 For-1.
1442 1279 1559 1309 ¹verum
1574 1276 1621 1302 est
1640 1278 1723 1313 pro-¹

238 1315 374 1347 fectum
398 1313 458 1354 Z.)
485 1314 530 1356 6,
554 1313 598 1355 4,
626 1316 642 1348 1
673 1316 719 1348 Ν.
745 1314 833 1358 cr.]‚·
871 1316 974 1348 decet
996 1315 1086 1348 hoc
1124 1324 1266 1359 quoque
1295 1315 1524 1359 prospicere,
1557 1326 1612 1349 ne
1638 1314 1721 1358 quid

237 1359 359 1404 pejus,
395 1370 499 1401 qnam
525 1359 672 1402 fecerit,
709 1360 817 1393 saciat
842 1363 904 1400 12,
931 1362 998 1401 11,
1025 1363 1055 1393 1.
1087 1360 1179 1393 haec
1203 1371 1284 1393 cum
1312 1360 1728 1404 animadverterim

237 1403 501 1450 prospiciat
533 1403 722 1448 deinceps,
757 1415 910 1448 quonam
946 1405 1054 1437 modo
1085 1405 1288 1438 tractandus
1312 1404 1356 1438 sit
1387 1405 1553 1439 discentis
1583 1405 1728 1513 animus}¹

236 1455 271 1495 1,
295 1453 337 1494 3,
361 1451 396 1484 6.
1712 1479 1717 1482 .

185 1508 435 1555 prosterno·
482 1529 540 1552 me
566 1519 710 1551 fortuna
734 1517 783 1551 ita
811 1516 927 1551 subito
956 1516 1150 1562 prostravit
1171 1518 1213 1561 6,
1236 1518 1295 1552 Pr.
1319 1520 1354 1552 2.
1389 1517 1461 1552 suis
1484 1517 1620 1554 viribus
1643 1519 1679 1564 ip

158 1569 161 1571 “
236 1563 474 1609 prosternitur
499 1567 543 1605 2,
571 1566 634 1606 12,
658 1567 694 1597 2.
1040 1594 1043 1596 ,
1333 1566 1342 1571 *
1681 1528 1728 1680 Ἴ

191 1621 356 1663 PrOStO·
404 1643 494 1677 quae
516 1632 625 1665 filium
650 1631 825 1674 habebat,
857 1636 1018 1675 prostare
1045 1619 1163 1682 coepit
1186 1633 1227 1674 7,
1251 1631 1294 1674 6,
1318 1631 1353 1665 3.

191 1691 383 1732 Prosum.
433 1700 482 1741 α)
513 1701 704 1743 simpliciter
732 1701 895 1743 positum.-
930 1709 998 1732 nec
1019 1699 1190 1743 prodesse
1222 1703 1357 1732 tantum
1383 1698 1447 1732 sed
1478 1698 1593 1733 etiam
1610 1688 1728 1745 enutri¹

235 1751 354 1792 potest
376 1746 525 1789 (Cicero)
548 1748 583 1789 2,
612 1745 646 1788 5,
671 1747 729 1779 20.
763 1754 837 1778 non
861 1744 943 1789 quia
968 1746 1139 1789 prodesse
1163 1755 1319 1788 unquam
1345 1743 1428 1778 satis
1451 1743 1498 1778 sit
1519 1747 1576 1789 12,
1627 1747 1659 1788 1,
1686 1748 1728 1794 1.;

235 1794 326 1826 haec
360 1791 438 1836 ipsa
475 1802 561 1836 per
595 1802 645 1825 se
686 1790 805 1824 nihil
839 1796 991 1835 prosunt
1023 1792 1078 1825 Pr.
1115 1794 1171 1825 27.
1202 1789 1263 1834 qui
1292 1789 1497 1835 imprudens
1524 1791 1728 1835 profuit&

237 1851 316 1882 opp,
341 1838 401 1882 qui
424 1838 629 1882 imprudens
655 1836 818 1871 nocuit
841 1839 884 1880 5,
911 1839 974 1880 10,
999 1838 1056 1871 73.
1099 1849 1131 1870 υ.
1157 1838 1327 1871 Noceo.
1368 1835 1457 1870 citra
1487 1837 1662 1871 constanti

237 1892 298 1918 etc.
321 1884 411 1918 nihil
439 1895 518 1927 ars,
548 1882 639 1917 nihil
662 1882 839 1925 studium,
865 1882 954 1916 nihil
979 1883 1161 1927 profectus
1187 1882 1264 1927 ipse
1285 1882 1516 1927 profuerit
1538 1885 1596 1927 12,
1621 1885 1655 1927 5,

235 1943 268 1965 v.
294 1930 476 1972 Laed03
513 1932 694 1973 praecipue
721 1932 753 1963 in
778 1931 907 1963 causis.-
933 1928 1060 1963 celeris
1089 1927 1281 1971 (testibus),
1306 1927 1368 1972 qui
1391 1929 1624 1972 profuerant,
1651 1940 1715 1963 au.

234 1977 327 2011 ferat
349 1974 594 2010 auctoritatem
614 1976 647 2018 5,
671 1976 707 2017 7,
731 1977 788 2009 32.
815 1974 1027 2017 adhibenda,
1052 1986 1143 2019 quae
1164 1979 1314 2018 prosunt
1335 1976 1370 2017 2,
1395 1976 1452 2017 17,
1474 1975 1532 2010 29.
1557 1974 1602 2016 cs.
1624 1973 1660 2018 4,
1677 1973 1703 2009 4

233 2021 268 2057 4.
297 2023 331 2066 5,
354 2025 390 2065 7,
418 2023 473 2056 30.
499 2032 590 2065 quae
611 2022 903 2065 profutura-sunt
930 2023 990 2066 12,
1011 2022 1047 2062 3,
1069 2021 1103 2054 4.
1130 2019 1174 2061 cf.
1201 2019 1236 2063 4,
1261 2022 1294 2063 1,
1318 2021 1373 2054 33.
1408 2019 1438 2054 si
1461 2021 1562 2064 plura
1583 2021 1674 2065 prod
1705 2055 1711 2059 ,

233 2074 316 2103 runt
338 2067 383 2111 4,
410 2071 451 2110 2,
479 2070 556 2101 102.
589 2067 678 2101 nihil
700 2067 860 2112 proderit
883 2067 925 2110 7,
950 2069 991 2109 1,
1014 2065 1072 2100 48.
1103 2066 1227 2100 nescio
1259 2077 1305 2100 an
1339 2071 1528 2110 utrumque
1561 2065 1659 2102 invio

232 2113 346 2159 prosit
369 2116 426 2156 10,
450 2117 484 2157 7,
508 2114 565 2148 29.
601 2114 706 2158 probi
732 2123 851 2147 mores
874 2123 1051 2156 nunquam
1075 2122 1148 2146 non
1178 2111 1366 2156 plurimum
1397 2110 1599 2156 profuerint
1622 2114 1656 2156 7,
1680 2115 1702 2146 2

233 2163 290 2195 33.
317 2160 442 2194 sordes
469 2164 505 2193 et
528 2161 728 2203 squalorem
754 2159 830 2193 scio
853 2159 1031 2203 profuisse
1052 2158 1088 2201 6,
1123 2161 1154 2199 1,
1182 2160 1238 2192 33.
1267 2158 1364 2201 quod
1387 2158 1452 2191 sub
1475 2157 1634 2192 extrario
1658 2169 1678 2192 a

233 2212 396 2240 cusatore
424 2210 460 2239 et
487 2205 626 2251 legibus
650 2210 776 2251 agente
797 2206 968 2250 prodesse
991 2214 1168 2248 nunquam
1191 2209 1308 2248 potest
1332 2206 1366 2245 7,
1390 2202 1424 2245 4,
1451 2204 1499 2239 9..
1523 2205 1617 2248 quod
1641 2204 1696 2249 de

233 2258 322 2295 cet,
345 2252 424 2286 fere
446 2252 648 2295 prodest
672 2253 736 2294 11,
766 2254 806 2294 1,
829 2250 864 2286 8.
891 2252 962 2284 hoc
984 2250 1064 2295 ipso
1086 2249 1253 2293 proderat
1281 2247 1455 2291 (Cicero),
1479 2250 1572 2292 quod
1595 2250 1655 2294 pla

231 2300 293 2332 bat
319 2301 382 2340 12,
413 2299 475 2340 10,
502 2296 559 2332 45.
613 2296 666 2342 β)
700 2310 728 2331 c.
756 2300 862 2332 Dat„-
898 2302 1013 2331 terrae
1039 2296 1171 2329 nullam
1202 2294 1421 2329 fertilitatem
1455 2294 1599 2329 habenti
1626 2294 1699 2328 nih'

232 2343 387 2389 optimus
420 2342 575 2389 agricola
607 2342 861 2387 profuerit
891 2345 936 2386 2,
969 2343 1033 2384 19,
1058 2344 1090 2374 2.
1139 2340 1262 2374 studiis
1295 2341 1435 2374 scholas
1466 2341 1699 2384 prodesse

231 2390 389 2424 moribus
417 2399 593 2423 nocere
618 2391 652 2431 1,
678 2391 712 2431 2,
737 2391 771 2423 3.
797 2387 849 2422 sic
872 2388 1062 2432 plurimum
1083 2386 1244 2431 proderit
1265 2385 1393 2429 causis,
1415 2386 1450 2428 6,
1474 2389 1510 2429 2,
1535 2387 1590 2421 18.
1616 2396 1687 2430 quo

232 2436 285 2470 rei
311 2434 426 2480 prosit
451 2435 487 2478 5,
513 2436 568 2478 13,
595 2436 653 2469 37.
678 2433 762 2478 quid
786 2434 939 2468 orationi
962 2432 1074 2478 prosit
1097 2431 1238 2476 (ironia)
1263 2434 1305 2474 9,
1335 2435 1368 2475 1,
1393 2434 1427 2466 7.
1451 2430 1511 2465 illa
1534 2432 1646 2479 magis
1704 2443 1709 2445 ’

232 2481 426 2515 nitionibus
451 2485 510 2514 aut
534 2480 756 2524 qualitatibus
779 2486 927 2525 prosunt
953 2482 987 2522 5,
1015 2481 1072 2522 10,
1096 2480 1155 2514 89.
1187 2489 1259 2512 non
1284 2477 1376 2512 enim
1404 2476 1605 2511 nominibus
1629 2489 1653 2522 p

232 2532 314 2559 sunt
348 2527 411 2561 sed
448 2527 631 2561 effectibus
661 2525 773 2570 (tropi
797 2533 828 2559 et
846 2524 1007 2569 figurae)
1031 2527 1076 2567 9,
1102 2526 1144 2567 1,
1171 2525 1204 2559 8.
1253 2526 1300 2568 γ)
1326 2537 1391 2568 seq.
1419 2526 1459 2556 in
1491 2535 1520 2557 c.
1548 2525 1627 2557 Am.
1653 2535 1696 2557 au

235 2585 257 2603 a
269 2575 378 2614 pud.-
421 2573 599 2618 Quantum
625 2571 766 2617 possis,
798 2571 845 2605 in
870 2582 914 2606 eo
938 2581 1077 2615 semper
1100 2569 1284 2615 experire,
1319 2574 1358 2602 ut
1380 2568 1495 2612 prosis
1519 2569 1562 2611 9,
1585 2570 1630 2613 3,
1653 2572 1675 2604 7

234 2616 401 2660 quidquid
426 2619 470 2652 in
494 2617 634 2652 actione
657 2623 827 2663 perpetua
847 2618 941 2652 circa
958 2616 1185 2661 probationes
1211 2615 1330 2650 utile
1354 2615 1428 2656 sit,
1455 2613 1550 2648 idem
1573 2613 1621 2648 in

233 2662 334 2696 brevi
362 2669 467 2706 atque
489 2664 631 2698 concisa
653 2663 766 2708 prosit
786 2664 821 2706 6,
845 2663 881 2706 4,
906 2667 939 2697 2.
963 2674 1076 2707 eaque
1096 2662 1132 2696 in
1156 2661 1268 2706 prima
1296 2666 1394 2705 parte
1422 2659 1592 2694 orationis
1615 2657 1711 2711 dicits⁴

235 2718 326 2750 quae
356 2715 437 2741 sunt
459 2708 503 2742 in
527 2721 662 2744 summa
689 2710 873 2754 profutura
897 2712 953 2752 10,
979 2712 1012 2753 1,
1037 2711 1093 2742 21.
1139 2707 1184 2749 cs.
1208 2710 1245 2749 8,
1271 2709 1304 2749 3,
1333 2707 1387 2740 37.
1425 2708 1480 2749 11,
1507 2708 1541 2749 1,
1569 2704 1624 2740 14.
1647 2710 1728 2756 mi-Jl

1718 2766 1728 2788 ι
