1728 3002
194 176 279 218 622
702 165 912 211 parabole
941 192 997 201 —
1027 167 1162 211 Pareo

234 290 302 324 bus
323 284 484 322 hibernis
508 294 630 329 parem
655 286 711 327 12,
736 285 793 327 10,
819 281 878 319 64.
924 288 965 317 ut
986 284 1017 328 'p
1029 294 1078 318 ar
1101 282 1195 320 sibi
1227 295 1346 321 sermo
1373 286 1419 322 sit
1443 289 1476 332 1,
1506 290 1562 332 11,
1595 289 1632 325 8.
1666 289 1728 324 da-

235 336 352 380 ctylus
381 344 486 367 unam
511 332 684 375 syllabam
708 341 830 374 parem
865 329 1034 365 brevibus
1071 331 1179 364 habet
1210 330 1343 374 (Arizb.
1377 336 1410 368 1.
1448 346 1477 368 ο.
1509 338 1616 369 Alm.
1657 347 1728 372 una

237 381 375 427 syllaba
402 390 466 423 par
498 378 550 411 br.
584 382 655 420 est,
709 378 798 421 quod
831 376 1114 420 praeferendum)
1150 378 1185 420 9,
1216 377 1253 421 4,
1283 377 1342 414 46.
1387 378 1472 414 huic
1509 381 1728 425 temporibus

237 439 360 474 parem
383 430 600 469 anapaeston
625 425 668 457 ib.
692 424 749 458 81.
796 423 855 457 cui
888 429 1013 457 natura
1047 423 1362 468 contrarium,
1400 425 1464 459 sed
1493 437 1614 462 errore
1648 438 1728 472 pa:

238 480 315 517 est,
342 471 462 517 parvis
488 471 572 504 dare
600 468 814 503 excedentia
838 470 983 504 modum
1010 469 1156 503 nomina
1178 471 1213 509 8,
1236 472 1271 514 3,
1296 469 1361 514 483
1396 482 1502 516 pares
1522 471 1655 508 inter
1680 467 1728 509 se

239 520 380 566 (leges)
403 522 448 570 7,·
463 520 498 558 7,
526 519 579 569 2..
595 517 638 560 β)
665 517 708 568 de
730 518 900 559 personis:
933 517 972 559 a)
995 517 1037 549 cle
1064 517 1225 558 dignitate
1252 524 1284 550 et
1307 519 1453 551 viribus.-
1489 518 1535 552 da
1556 517 1617 555 ina
1640 520 1728 554 Dio-

235 566 356 608 medi,
392 564 500 598 aliive
525 574 582 596 cui
607 573 684 606 pari
712 563 766 604 11,
792 564 825 605 1,
850 564 907 597 37.
955 572 1080 596 omnes
1105 573 1209 606 pares
1240 569 1381 606 essent,
1423 569 1460 598 et
1483 563 1578 599 idem
1605 575 1728 602 omnes

237 615 383 647 deceret
411 614 467 663 12,
497 611 553 662 10,
578 607 634 642 44.
683 619 816 652 pares
841 619 904 644 eos
927 608 1040 655 magis
1066 619 1171 652 quam
1195 608 1380 644 similes
1408 612 1465 653 10,
1489 613 1523 654 1,
1549 613 1634 655 1023
1657 622 1728 649 non

238 659 372 703 ubique
397 657 608 698 similis,
634 655 697 688 sed
721 654 852 699 ubique
881 666 962 698 par
984 654 1078 688 sibi
1110 657 1166 697 12,
1193 657 1249 698 to,
1271 656 1329 690 71.
1359 667 1497 700 pares
1521 662 1583 691 aut
1607 658 1728 692 saltem

237 704 486 751 proximos
510 701 562 735 illi
586 700 667 736 viro
695 703 749 744 10,
777 704 808 743 1,
836 703 913 736 ¹27.
962 702 1019 735 cui
1049 700 1250 736 maxime
1282 713 1366 746 par
1398 707 1470 747 atq.
1511 705 1728 738 aemulus

235 753 381 788 videtur
404 749 515 783 fuisse
539 750 574 790 3,
602 750 633 790 1,
661 748 716 782 16.
745 746 898 792 antiquis
921 758 960 781 se
987 758 1092 791 pares
1117 748 1267 781 credunt
1286 750 1343 790 10,
1364 751 1399 788 2,
1425 751 1468 784 17
1481 759 1491 791 ;
1519 750 1562 783 de
1584 751 1728 785 viribus:

238 796 441 833 sufficit
464 794 586 839 operi,
621 793 677 827 cui
700 805 739 828 se
763 804 878 837 pare
895 805 932 827 m
955 792 1106 827 credidit
1129 794 1188 836 (a.
1213 797 1234 828 1.
1262 795 1365 837 adjic.
1390 795 1452 829 vel
1476 793 1728 840 aequalem]

239 848 297 888 10,
323 847 356 887 1,
382 843 438 878 55.
485 839 683 875 minoribus
714 839 846 883 causis,
885 846 923 874 ut
947 850 1022 874 non
1049 839 1204 874 dixerim
1235 839 1435 884 utilior,
1474 841 1617 888 magis
1648 852 1728 886 par

240 894 297 935 10,
324 894 358 933 1,
384 891 442 924 77.
489 898 597 930 resp
614 887 825 920 ondebat
847 885 1026 929 invidiae,
1062 885 1120 920 cni
1143 891 1264 920 tamen
1290 897 1362 920 non
1391 885 1460 920 fuit
1490 897 1568 931 par
1604 889 1660 930 11,
1697 890 1728 933 1,

239 939 294 973 18.
321 937 362 980 b)
387 938 430 969 de
453 937 524 967 loco
551 941 580 967 et
607 935 741 966 ordine.-
780 943 884 976 pares
910 944 990 966 cum
1013 932 1157 976 paribus
1180 931 1337 967 maxime
1361 938 1621 980 congregantur
1646 935 1692 968 ci
1702 947 1728 968 c.

242 987 277 1027 5,
312 987 368 1026 11,
394 982 437 1016 41
467 981 513 1014 Ν.
537 985 654 1024 turpe,
682 980 810 1013 cedere
833 980 948 1023 pari,
972 979 1172 1023 pulchrum,
1197 989 1384 1022 superasse
1407 989 1442 1012 m
1458 979 1615 1023 ajores
1641 981 1674 1022 1,
1698 983 1728 1024 2,

239 1034 298 1065 22.
328 1030 409 1065 adv.
436 1026 748 1068 inferiorem,
784 1035 964 1069 parem,
1002 1025 1324 1069 superiorem,
1364 1025 1398 1068 5,
1424 1027 1481 1068 12,
1517 1027 1550 1059 7.
1585 1037 1620 1060 v.
1648 1025 1728 1060 Hu-

239 1077 382 1111 milis.
431 1074 461 1108 si
489 1074 598 1107 orbae
637 1072 776 1116 nuptias
801 1071 959 1105 indicant
995 1082 1099 1115 pares
1126 1072 1238 1117 gradu
1271 1074 1306 1114 7,
1329 1069 1377 1114 ,4,
1403 1071 1462 1108 39.
1509 1069 1550 1115 y)
1588 1072 1728 1110 Neam-,i

240 1126 276 1162 a)
302 1122 331 1156 si
360 1120 450 1166 parti
474 1120 632 1153 utrilibet
649 1119 796 1153 omnino
821 1119 968 1152 alteram
987 1118 1150 1151 detrahas
1170 1136 1230 1151 —-.
1256 1117 1321 1152 Sin
1347 1128 1407 1151 ex
1431 1117 1535 1161 pari
1562 1121 1728 1152 coeant

240 1169 384 1213 (natura
409 1175 439 1200 et
462 1168 638 1203 doctrina)
671 1168 706 1207 2,
733 1166 788 1208 19,
828 1167 861 1198 2.
882 1177 934 1198 av.
972 1164 1171 1210 Magnus
1204 1164 1251 1206 Π,
1295 1166 1334 1206 ῥ’.
1369 1162 1409 1207 b)
1444 1166 1469 1198 i.
1502 1176 1535 1208 q.
1571 1176 1728 1209 aequum:

240 1217 291 1249 Iu
305 1220 420 1247 stum
443 1224 548 1246 omne
572 1211 775 1245 continetur
796 1217 923 1244 natura
937 1212 998 1245 vel
1023 1209 1299 1244 constitutione:
1326 1215 1465 1252 natura,
1491 1210 1589 1254 quod
1607 1221 1728 1244 secun-

243 1263 328 1294 dum
356 1259 526 1301 cujusque
555 1259 607 1291 rei
640 1258 856 1303 dignitatem.
893 1273 939 1279 --
973 1256 1158 1300 Adjiciunt
1189 1261 1225 1290 et
1254 1255 1316 1298 id,
1368 1256 1463 1300 quod
1494 1255 1540 1291 sit
1572 1266 1664 1300 par.
1688 1271 1728 1280 -·

239 1308 307 1341 Illa
330 1306 496 1348 utrinque
520 1305 654 1345 justa,
680 1305 803 1337 eadem
828 1305 889 1336 lex
914 1310 996 1337 etc„-
1023 1314 1065 1336 ac
1087 1301 1236 1335 forsitan
1262 1312 1308 1335 ne
1332 1302 1402 1336 sint
1425 1301 1567 1346 quidem
1593 1301 1728 1347 paria.

244 1363 336 1397 quae
360 1352 432 1384 ulla
449 1356 547 1394 parte
572 1354 653 1381 sunt
681 1348 932 1382 dissimilia
959 1352 993 1390 7,
1014 1347 1050 1391 4,
1077 1349 1119 1390 6;
1146 1348 1230 1392 quid
1254 1347 1332 1381 fieri
1350 1349 1512 1382 adultero
1535 1358 1615 1392 par
1636 1340 1728 1383 esti

245 1402 278 1442 5,
305 1401 361 1440 11,
389 1398 422 1432 9.
474 1406 578 1440 quem
608 1405 749 1437 semper
777 1394 897 1436 excipi
923 1404 987 1437 par
1010 1400 1064 1427 est
1092 1396 1149 1435 10,
1177 1396 1208 1435 1,
1233 1394 1290 1427 65.

192 1453 418 1498 Parabole.
466 1465 504 1497 in
534 1462 634 1496 omni
660 1462 828 1505 parabole
854 1466 914 1494 aut
937 1461 1120 1504 praecedit
1145 1450 1360 1503 similitudo,
1391 1471 1450 1494 res
1474 1459 1655 1504 sequitur,
1678 1462 1728 1495 aiii

242 1512 425 1559 praecedit
448 1522 531 1552 res,
565 1508 759 1542 similitudo
787 1507 956 1550 sequitur.
1005 1507 1075 1540 Sed
1103 1506 1245 1540 interim
1268 1508 1380 1540 libera
1404 1512 1440 1540 et
1474 1513 1636 1551 separata
1669 1512 1728 1550 est,

237 1559 402 1599 interim,
438 1558 533 1601 quod
563 1557 668 1601 longe
698 1553 867 1597 optimum
889 1559 966 1595 est,
996 1563 1075 1585 cum
1100 1564 1161 1595 re,
1187 1554 1287 1596 cujus
1312 1558 1367 1586 est
1389 1552 1518 1599 imago,
1545 1553 1728 1588 connecti-

239 1613 298 1640 tur
322 1607 356 1644 8,
381 1607 416 1646 3,
441 1607 498 1638 77.
548 1602 734 1635 adhibetur
758 1599 952 1633 similitudo
976 1598 1119 1633 interim
1153 1601 1289 1644 palam,
1320 1598 1463 1633 interim
1496 1599 1607 1634 inseri
1645 1600 1728 1633 solet

237 1653 428 1697 parabolae
452 1651 486 1690 6.
511 1650 544 1692 5,
570 1649 626 1683 59.

195 1708 486 1765 Paraphrasis.
534 1727 650 1761 neque
680 1725 747 1762 ego
780 1712 1122 1759 paraphrasim
1166 1712 1223 1757 (a.
1257 1716 1280 1747 1.
1312 1709 1436 1755 —sin)
1472 1721 1552 1747 essa
1590 1711 1728 1746 inter-

242 1773 379 1813 preta
394 1766 495 1799 tion
510 1776 576 1798 em
601 1769 737 1797 tantum
760 1762 860 1803 volo,
892 1760 1075 1801 sedcirca
1106 1760 1253 1793 eosdem
1279 1770 1404 1794 sensus
1428 1761 1607 1792 certamen
1636 1763 1728 1802 atqu«

243 1812 518 1848 aemulationem
549 1813 600 1852 10,
626 1812 658 1852 5,
686 1811 719 1844 5.
766 1818 894 1842 versus
918 1806 1033 1850 primo
1058 1807 1225 1849 solvere,
1253 1815 1340 1839 mox
1362 1804 1503 1839 mutatis
1531 1803 1651 1840 verbis
1674 1803 1728 1838 in-

243 1857 530 1903 terpretari,
566 1862 640 1889 tum
665 1853 945 1899 paraphrasi
978 1852 1146 1886 audacius
1171 1857 1315 1887 vertere
1341 1854 1372 1894 1,
1397 1852 1432 1894 9,
1457 1853 1491 1884 2.

197 1906 430 1948 Parasitus.
466 1932 508 1939 —-
532 1913 675 1947 interim
703 1910 908 1945 defenditur
939 1913 975 1952 2,
1004 1908 1039 1952 4,
1064 1911 1122 1943 23.
1149 1909 1210 1943 ille
1235 1919 1333 1952 par.,
1367 1907 1427 1952 qui
1462 1913 1517 1941 ter
1539 1905 1728 1940 abdicatun·

243 1976 263 1997 a
293 1963 403 1997 divite
428 1962 618 2005 juvenem,
662 1964 697 1992 et
738 1959 958 1999 absolutum,
1001 1961 1170 1999 tanquam
1207 1965 1308 1989 suum
1338 1954 1448 1987 filium
1479 1951 1606 1986 asserit
1635 1950 1671 1995 4,
1702 1953 1728 1986 2,

241 2011 375 2051 953511
403 2009 599 2049 comoediis.-
637 2006 856 2045 lenones,
894 2001 1099 2047 parasiti
1129 2014 1206 2045 opp.
1240 1999 1429 2042 rustici,
1464 1998 1647 2032 milites
1681 1999 1720 2031 11

246 2058 281 2095 3,
308 2055 365 2090 74.
391 2051 626 2099 parasiti,
651 2051 920 2095 piscatores
945 2047 1083 2082 citatius
1107 2053 1298 2082 moventur
1322 2049 1364 2080 ib.
1392 2047 1470 2079 112.
1496 2043 1728 2089 parasitos

240 2103 440 2135 lenones
468 2105 504 2134 et
529 2098 648 2133 omnia
673 2096 858 2142 agitatiora
885 2094 1012 2129 melius
1045 2096 1112 2137 (sc.
1143 2092 1260 2136 egit)
1295 2095 1338 2127 ib.
1367 2093 1444 2126 178.
1477 2089 1522 2133 cs.
1558 2092 1594 2133 2,
1617 2087 1652 2132 4,
1679 2090 1728 2124 23,

196 2146 345 2189 Parce·
393 2156 430 2199 α)
455 2168 490 2200 p.
515 2156 650 2190 dixisse
681 2157 736 2196 11,
763 2156 796 2196 1,
819 2153 877 2187 66.
924 2162 1064 2196 parce
1098 2156 1133 2184 et
1172 2150 1273 2195 quasi
1307 2148 1480 2183 timide
1512 2144 1728 2191 loquentibus

185 2214 193 2221 '
251 2207 306 2247 11,
332 2206 366 2247 3,
393 2206 472 2237 100.
520 2212 654 2246 parce
678 2206 836 2234 etcum
860 2209 937 2232 res
961 2202 1124 2241 poscet
1148 2203 1270 2230 utetur
1292 2197 1326 2236 9,
1351 2197 1385 2238 3,
1410 2196 1444 2228 4.
1465 2235 1469 2238 ¹
1487 2192 1530 2237 β)
1557 2194 1728 2235 Compar..

242 2249 473 2294 pauciora
502 2250 546 2282 de
573 2259 612 2281 se
638 2247 717 2290 ipso
743 2245 828 2279 dicit
856 2250 891 2279 et
921 2243 1115 2288 parcius
1148 2243 1183 2286 4,
1219 2245 1252 2285 1,
1285 2243 1318 2274 7.
1367 2238 1502 2274 etiamsi
1536 2249 1596 2282 p.‚
1632 2235 1726 2271 simil

244 2303 363 2330 tamen
389 2295 549 2337 ratione,
582 2295 672 2327 falsa
699 2298 735 2326 et
758 2291 952 2334 impropria
974 2289 1124 2324 virtutes
1151 2290 1322 2323 ducentes
1357 2289 1412 2330 12,
1449 2287 1505 2327 10,
1531 2282 1589 2318 42.
1634 2293 1727 2327 par·

247 2342 346 2376 cius
374 2347 409 2376 et
445 2338 845 2383 circumspectius
869 2336 1074 2370 faciendum
1099 2341 1152 2368 est
1178 2336 1212 2377 9,
1237 2337 1272 2377 2,
1298 2334 1358 2369 69.
1405 2330 1537 2365 utinam
1562 2341 1597 2373 p.
1623 2327 1727 2362 dicto·

244 2399 325 2421 rum
349 2397 499 2421 numero
524 2386 753 2420 indulsissent
779 2385 814 2426 6,
839 2385 873 2425 3,
899 2384 931 2417 5.
976 2381 1159 2415 inclinatio
1184 2381 1339 2424 judicum
1366 2377 1498 2422 petitur
1521 2373 1622 2410 initio
1646 2385 1680 2418 p.
1703 2373 1726 2408 6

247 2435 281 2475 1,
311 2437 365 2468 10.
413 2432 607 2478 parcius
632 2438 667 2466 et
694 2428 963 2464 modestius
987 2428 1241 2472 praetentanda
1265 2431 1320 2460 est
1347 2423 1474 2467 judicis
1497 2418 1726 2456 misericordi«

247 2476 282 2520 4,
308 2482 342 2522 1,
367 2481 424 2514 28.
472 2483 512 2525 y)
541 2481 710 2522 Superlat.
725 2491 735 2510 .-
771 2481 809 2509 ut
829 2473 1036 2519 parcissime
1060 2473 1175 2507 dicam
1200 2474 1256 2515 10,
1279 2474 1314 2515 1,
1340 2472 1418 2504 101.
1446 2467 1491 2510 cs.
1518 2470 1576 2512 10,
1598 2464 1633 2508 4,
1658 2464 1696 2500 4.

201 2535 354 2576 Pareo·
401 2546 439 2589 α)
468 2559 585 2592 neque
608 2546 646 2580 in
682 2551 795 2580 totum
824 2543 900 2577 filio
938 2542 1051 2587 parcit
1077 2542 1112 2585 9,
1143 2544 1179 2583 2,
1210 2541 1268 2575 88.
1315 2543 1355 2572 ut
1389 2541 1557 2582 parcatur
1586 2529 1725 2567 maxim·

248 2591 333 2626 voci
358 2591 402 2625 in
428 2593 491 2627 illo
508 2605 527 2626 a
551 2593 702 2637 pueritia
727 2593 764 2624 in
788 2588 1065 2624 adolescentiam
1083 2587 1234 2621 transitu
1251 2587 1307 2628 11,
1332 2586 1367 2627 3,
1389 2584 1446 2618 28.
1471 2594 1505 2616 v.
1533 2579 1728 2629 Mesdeoi·¹

250 2638 302 2688 β).
317 2639 339 2668 1'·
365 2651 396 2681 q.
427 2641 658 2672 abstineo.-
697 2647 805 2682 parco
831 2635 1035 2670 nominibus
1067 2632 1334 2673 viventium-3,
1376 2633 1409 2671 1,
1439 2631 1496 2662 21.
1540 2630 1584 2659 ut·
1602 2633 1728 2675 asperi-4

250 2683 372 2716 oribus
395 2684 517 2717 verbis
544 2695 729 2727 parcamus
770 2685 825 2724 12,
850 2685 883 2724 1,
917 2682 972 2715 25.
1021 2681 1066 2714 i'n
1098 2678 1311 2713 carminibus
1346 2666 1728 2715 utinam-pepercisset]

252 2739 343 2772 quae
370 2739 444 2762 non
477 2730 659 2764 desierunt
694 2739 842 2772 carpere
873 2726 1021 2773 maligni
1051 2727 1143 2769 (Sp.
1181 2728 1352 2768 impugnat
1384 2717 1622 2760 i1²3sm⁸¹mv
1660 2725 1723 2748 ’ΒΜ

254 2784 345 2818 quae
375 2781 406 2807 et
429 2778 599 2820 sequentia
622 2778 737 2810 inutile
757 2774 915 2816 fecerunt
950 2773 1144 2807 antecedens
1169 2770 1214 2807 iis
1223 2770 1250 2815 ).
1275 2769 1333 2811 11.
1356 2768 1390 2808 1,
1413 2762 1460 2798 24
1482 2762 1531 2798 Ν·
1600 2785 1603 2787 -
1725 2745 1728 2789 Ι
