1728 3002
126 156 153 187 o
168 152 210 185 54
738 146 866 188 Patro
895 171 952 179 ——-
990 147 1120 191 Pauci

120 261 263 302 Patro.
307 276 447 316 patrare
469 270 563 305 bella
585 268 680 315 (Sp.
705 289 751 295 -—
773 270 876 316 lum)
901 274 1006 307 San.
1030 274 1066 318 8,
1091 263 1126 318 3,
1147 273 1208 309 44.
1233 251 1421 312 ruffum*

123 317 427 359 Patrocinium.
474 327 514 371 α)
538 330 572 361 in
597 330 727 362 causis:
753 329 881 374 quibus
905 328 1206 374 (accusatoribus)
1238 330 1434 375 conviciari
1472 330 1662 376 aliqnando

169 374 359 419 patrocinii
382 374 470 407 fides
497 374 594 421 cogit
618 375 652 414 5,
693 377 746 417 13,
778 374 835 410 40.
883 375 1025 410 interim
1058 378 1146 411 fides
1183 377 1372 421 patrocinii
1405 375 1500 426 cogit
1536 378 1660 422 quaed.

103 433 114 461 ;
169 422 214 454 de
242 422 414 455 universo
439 430 571 467 genere
595 421 794 465 aliquorum
818 423 1010 466 hominum
1026 423 1147 458 dicere
1173 427 1228 468 11,
1259 427 1291 467 1,
1323 425 1382 459 86.
1412 424 1496 461 illu‘e
1515 434 1663 468 'quoque

169 479 227 511 ap.
257 467 297 501 G.
324 466 514 501 Caesarem
540 473 577 501 et
603 467 831 502 Triumviros
861 469 1042 511 actiones,
1079 470 1214 503 etiamsi
1249 470 1474 515 precibus
1502 466 1662 512 utuntur,

169 513 339 547 adhibent
361 519 481 547 tamen
503 513 701 558 patrocinia
725 514 758 557 5,
789 517 845 558 13,
883 515 918 550 5.
964 515 1291 560 patrocinium
1325 517 1396 550 hoc
1428 515 1568 556 voluit,
1601 515 1663 559 qui

169 559 555 594 controversiam
588 560 693 594 finxit
728 563 772 603 9,
802 564 844 604 2,
879 561 937 596 84.
986 562 1126 606 aliquae
1161 560 1451 607 (controversiae)
1478 560 1518 595 in
1546 571 1664 595 meum

169 617 312 650 quoque
339 605 543 640 inciderunt
567 618 601 650 p.
625 610 660 650 7,
688 609 723 650 2,
749 608 782 644 5.
808 607 869 651 qui
895 607 958 641 tali
981 620 1015 652 p.
1040 608 1151 642 utitur
1173 611 1208 652 3,
1232 609 1267 652 6,
1291 610 1348 644 79.
1383 606 1422 654 β)
1445 609 1662 651 generaliter-⁸

169 652 388 686 difficultatis
413 652 612 696 patrocinia
638 652 879 696 praeteximus
902 654 1074 700 segnitiae
1112 658 1145 696 1,
1174 658 1229 696 12,
1261 655 1317 691 16.
1362 665 1476 702 genus
1506 658 1664 687 ostenta-

169 700 260 732 tioni
292 704 534 742 comparatum
560 719 602 725 ——
619 699 820 742 patrocinio
845 711 987 749 quoque
1015 701 1136 745 aliquo
1160 701 1295 744 juvari:
1338 701 1432 745 quod
1449 700 1590 746 alligata
1618 700 1663 733 ad

169 751 304 778 certam
329 746 460 790 pedum
485 745 734 780 necessitatem
760 757 835 780 non
857 757 999 791 semper
1030 748 1082 781 uti
1104 747 1257 792 propriis
1281 747 1395 791 possit
1423 749 1480 790 10,
1506 749 1537 788 1,
1560 746 1618 781 28.

120 800 388 842 patrocinor·
434 818 475 847 ut
498 824 572 847 non
595 814 731 848 homini
754 814 1038 859 patrocinemur,
1072 817 1136 850 sed
1160 815 1299 850 crimini
1322 818 1357 859 2,
1381 815 1416 858 4,
1441 817 1499 850 23.

121 857 348 900 Patronus·
384 871 418 912 1)
443 873 476 904 in
496 872 646 915 judiciis.
677 879 713 909 α)
738 873 972 906 consummati
994 874 1064 917 jam
1087 885 1123 917 p.
1149 875 1204 916 10,
1230 876 1263 916 1,
1289 876 1367 918 122.
1391 884 1428 916 p.
1444 883 1502 906 ¹ex
1518 871 1662 906 diverso

167 917 366 951 consistens
390 917 424 960 4,
451 921 484 960 1,
508 917 568 952 42.
592 930 625 962 p.
655 918 763 962 partis
788 917 961 953 adversae
987 922 1029 953 ib.
1058 922 1113 953 11.
1142 918 1338 954 adversarii
1362 931 1394 962 p.
1420 920 1665 952 {lv-causarum

165 975 199 1006 p.
228 966 283 1006 12,
302 965 335 1004 3,
363 966 395 997 1.
425 962 463 1007 ῥ’)
488 965 678 998 Nominat..·
706 976 787 998 cum
811 965 1096 999 accusatori
1121 965 1205 1000 satis
1230 965 1275 999 stt
1292 966 1512 1009 plerumque,
1537 974 1664 999 verum

167 1020 246 1042 esse
270 1010 320 1052 id,
348 1011 443 1053 quod
468 1010 664 1052 objecerit:
706 1018 824 1054 patr.
860 1018 989 1058 neget,
1027 1013 1221 1055 defendat,
1253 1011 1464 1053 transferat,
1500 1014 1663 1051 excuset,

167 1057 403 1098 deprecetur,
438 1057 595 1100 molliat,
630 1056 788 1100 minuat,
823 1064 983 1101 avertat,
1021 1058 1218 1102 despiciat,
1250 1058 1411 1092 derideat
1443 1057 1488 1100 5,
1521 1058 1588 1099 13,
1626 1059 1662 1089 2.

165 1105 319 1146 optimus
347 1108 403 1136 est
425 1102 463 1135 in
487 1103 659 1136 discendo
686 1103 875 1147 (causam)
900 1117 934 1148 p.
959 1104 1164 1138 incredulus
1189 1107 1245 1147 12,
1269 1097 1304 1147 8,
1328 1107 1386 1142 11.
1414 1101 1457 1144 cfi
1479 1101 1516 1136 4.
1538 1102 1663 1144 munta,

166 1160 258 1191 quae
283 1148 394 1195 litig
409 1155 519 1182 ator
545 1149 633 1182 nihil
657 1151 701 1182 ad
727 1162 869 1184 causam
893 1151 1073 1195 pertinere
1098 1150 1308 1193 crediderit,
1338 1155 1441 1184 entet
1465 1154 1579 1194 patr.
1604 1150 1663 1190 12,

165 1198 201 1236 ὅ,
227 1197 283 1228 13.
330 1198 462 1228 mustos
486 1196 619 1238 pariter
652 1196 824 1231 invadere
860 1197 1000 1241 patroni
1038 1199 1157 1231 solent
1185 1198 1219 1240 5,
1251 1199 1286 1239 7,
1318 1196 1351 1231 5.
1394 1195 1436 1230 in
1462 1194 1600 1240 ‚quibus
1624 1205 1661 1237 p.

166 1246 411 1285 argumentum
440 1252 491 1274 ex
516 1253 554 1274 se
582 1241 661 1285 ipso
686 1243 775 1285 petit
803 1246 858 1286 11,
887 1247 919 1286 1,
945 1246 1000 1278 28.
1039 1255 1119 1277 cum
1144 1255 1288 1277 accus
1302 1241 1452 1276 οῖσι-ἀ
1477 1242 1568 1286 ju're,
1590 1250 1662 1288 quo

162 1287 354 1320 videbatur
373 1287 576 1329 potentior,
613 1288 794 1330 coeperit,
828 1296 939 1333 patr.
967 1290 1087 1322 omnia
1111 1295 1193 1323 ante
1216 1290 1271 1332 jus
1306 1287 1466 1333 posuerit
1493 1290 1527 1326 7,
1567 1289 1601 1330 1,
1625 1289 1660 1319 2.

163 1345 197 1366 υ.
221 1332 506 1366 Accusator.
556 1338 725 1376 patronos
749 1345 823 1367 non
855 1335 1037 1368 suffecisse
1070 1339 1131 1377 11,
1171 1338 1212 1377 1,
1249 1338 1295 1369 77
1329 1346 1362 1367 v.
1394 1332 1575 1371 Testis.
1621 1330 1661 1375 γ)

165 1381 296 1413 Genil..·
321 1379 439 1422 jurare
463 1389 537 1412 non
561 1385 868 1421 patronorum
897 1391 975 1414 esse
999 1382 1062 1414 sed
1087 1379 1280 1414 testium
1302 1381 1336 1422 9,
1361 1382 1396 1421 2,
1423 1379 1480 1413 98.
1502 1378 1662 1422 patro-

163 1435 328 1458 norum
352 1425 389 1458 iu
414 1431 514 1467 parte
539 1425 739 1466 difficilior,
771 1425 810 1458 in
831 1432 931 1469 parte
955 1426 1159 1469 expeditior
1188 1425 1422 1471 interrogatio
1448 1428 1514 1465 est,
1548 1424 1661 1468 (quam

165 1470 424 1513 accusatorum)
450 1471 484 1512 5,
511 1474 545 1513 7,
571 1474 628 1504 22.
677 1477 863 1515 postquam
889 1483 994 1518 agere
1020 1483 1144 1505 causas
1169 1482 1243 1505 non
1276 1472 1321 1504 ad
1344 1470 1529 1504 utilitatem
1562 1469 1662 1503 liti-

161 1523 403 1564 gaiorum,
440 1518 503 1550 sed
530 1518 573 1549 ad
596 1517 823 1558 jactationem
853 1525 1157 1562 patronorum
1192 1523 1373 1561 repertlun
1402 1521 1457 1550 est
1491 1515 1527 1558 4,
1560 1518 1596 1559 3,
1626 1519 1662 1550 2.

165 1577 198 1597 v.
224 1564 469 1610 Litigator.
495 1565 562 1596 hac
586 1564 779 1597 altercandi
802 1564 1018 1608 praestantia
1043 1570 1250 1598 meruerunt
1272 1573 1404 1597 nomen
1430 1568 1661 1606 patronorum

163 1612 198 1651 6,
229 1610 263 1652 4,
290 1611 323 1644 5.
372 1610 403 1642 si
427 1609 511 1653 quid
536 1610 776 1651 objiciendum
797 1610 866 1644 erit
889 1610 1042 1655 (patri),
1079 1610 1238 1644 officium
1269 1615 1324 1643 est
1347 1608 1509 1654 patroni,
1542 1613 1582 1642 ut
1621 1609 1661 1642 id

163 1656 237 1689 filio
266 1653 408 1698 invito,
440 1657 502 1689 sed
527 1657 597 1689 fide
636 1663 814 1701 cogente,
845 1658 967 1691 facere
1001 1658 1166 1690 credatur
1200 1659 1256 1698 11,
1288 1659 1322 1698 1,
1351 1655 1410 1690 65.
1450 1660 1576 1698 ‘neque
1607 1659 1662 1688 est

159 1702 291 1748 dignus
316 1713 425 1745 opera
449 1702 610 1746 patroni,
647 1703 707 1745 qui
736 1714 811 1737 non
844 1703 955 1736 utitur
986 1703 1139 1736 consilio
1177 1705 1234 1744 12,
1267 1705 1303 1744 7,
1331 1702 1367 1735 7.
1413 1696 1453 1742 ὃ)
1483 1702 1588 1738 Dat-t
1623 1711 1659 1744 p.

164 1750 310 1782 flectere
337 1749 473 1790 judices
499 1749 670 1782 convenit
695 1750 731 1792 6,
757 1752 790 1791 1,
815 1750 848 1784 9.
875 1750 906 1783 si
930 1749 1170 1784 mediocribus
1185 1748 1290 1783 etiam
1312 1758 1348 1792 p.
1365 1746 1536 1789 convenit
1558 1747 1660 1788 haec,

164 1807 254 1839 quae
279 1796 391 1839 vulgo
417 1795 564 1837 dicitur,
596 1795 743 1835 bonitas,
764 1799 819 1838 12,
846 1799 878 1838 1,
907 1797 965 1829 24.
1014 1808 1048 1840 p.
1077 1806 1223 1840 quoque
1259 1805 1325 1838 per
1356 1793 1491 1826 similes
1514 1792 1662 1825 affectus

163 1843 318 1875 eundum
346 1844 413 1875 erit
438 1845 490 1875 11.
522 1845 552 1885 1,
578 1841 634 1876 34.
682 1842 751 1875 alia
770 1842 1011 1886 respondendi
1031 1842 1188 1885 patronis
1217 1841 1309 1874 ratio
1325 1840 1444 1883 (quam
1459 1840 1661 1872 adversariis

163 1891 271 1931 ipsis}
309 1888 342 1930 5,
382 1890 440 1930 13,
475 1889 528 1922 39.
577 1892 610 1928 ε)
643 1891 791 1922 Accus..·
835 1889 948 1932 judex
987 1888 1175 1933 religiosus
1211 1885 1444 1920 libentissime
1472 1891 1660 1930 patronum

164 1934 272 1976 audit,
299 1946 404 1978 quem
428 1934 583 1977 justitiae
608 1945 693 1967 suae
718 1934 862 1969 minime
885 1935 986 1968 timet
1000 1934 1032 1970 4.
1054 1938 1086 1977 1,
1103 1937 1136 1968 9.
1163 1935 1272 1966 multa
1285 1937 1418 1972 ‘contra
1439 1937 1660 1976 patronos

163 1987 316 2015 venuste
342 1980 486 2013 testis
512 1992 618 2022 saepe
646 1982 841 2024 respondet
869 1983 903 2024 5,
932 1985 966 2022 7,
992 1982 1049 2014 31.
1098 1992 1177 2013 cum
1211 1981 1283 2019 iam
1317 1980 1450 2012 clarum
1474 1977 1661 2011 meruisset

161 2027 255 2060 inter
279 2032 448 2070 patronos
472 2037 606 2060 nomen
631 2030 686 2069 12,
713 2029 746 2069 6,
771 2031 806 2062 7.
852 2038 932 2061 vox
956 2027 1017 2060 illa
1050 2025 1239 2070 praeconis
1264 2030 1405 2069 praeter
1435 2028 1660 2066 patronos

164 2074 332 2116 ipsum,
366 2073 442 2116 qui
471 2073 643 2118 egerit,
678 2073 762 2106 citat
785 2074 820 2116 6,
844 2073 880 2115 4,
908 2077 930 2107 7
956 2074 1001 2106 N.
1052 2083 1187 2106 causa
1224 2071 1343 2116 potius
1365 2071 1530 2103 laudetur
1555 2080 1660 2112 quam

163 2126 272 2162 patr.
302 2122 355 2159 12,
382 2123 417 2161 9,
442 2120 476 2152 6.
525 2118 561 2160 ζ)
577 2122 714 2152 Ablue:
740 2130 815 2153 non
842 2126 880 2152 ut
906 2131 987 2153 cum
1010 2125 1139 2162 patro
1156 2129 1211 2152 no
1245 2119 1307 2151 sed
1331 2122 1372 2150 ut
1395 2127 1474 2150 cum
1496 2115 1660 2159 judice

163 2167 358 2209 loquuntur
384 2169 439 2207 12,
466 2167 499 2207 8,
530 2170 563 2199 9.
613 2167 664 2206 11)
701 2179 780 2209 opp.
814 2169 1009 2199 libertis.
1045 2177 1077 2198 v.
1115 2165 1359 2205 Libertus3
1401 2164 1466 2195 huc
1494 2164 1659 2206 pertinere

166 2215 343 2245 videntur:
379 2212 456 2254 jura
495 2223 559 2254 per
586 2211 728 2254 patroni
759 2212 810 2246 tui
842 2212 1003 2254 cineres,
1036 2214 1096 2244 nisi
1134 2223 1213 2245 vero
1253 2210 1406 2254 Spald.
1436 2208 1660 2258 conjecturam

165 2261 311 2299 patris
341 2261 457 2291 mavis.
486 2259 522 2300 9,
547 2260 582 2300 2,
606 2259 664 2292 95.

117 2312 309 2354 l'fll'ulsss·
368 2336 489 2359 cavo
515 2331 574 2359 aut
597 2327 766 2369 patulo
790 2313 947 2360 maxime
972 2336 1035 2360 ore
1060 2326 1095 2368 9,
1115 2324 1151 2367 4,
1176 2327 1233 2358 33.
1606 2353 1613 2369 ¹

117 2370 262 2411 Pauci·
310 2381 342 2425 1)
370 2386 474 2417 Posit.
531 2381 568 2424 α)
591 2386 792 2426 simpliciter.
833 2384 868 2424 a)
896 2386 1035 2417 Illam..-
1071 2393 1248 2426 paucos
1281 2386 1316 2416 et
1345 2379 1415 2415 vix
1440 2381 1587 2415 ullum
1609 2389 1659 2413 ex

163 2427 218 2458 liis
246 2439 353 2469 posse
377 2429 527 2472 reperiri
555 2432 610 2471 10,
639 2432 670 2470 1,
697 2432 754 2463 40.
779 2429 898 2473 (resp.)
920 2441 1009 2474 quae
1035 2440 1229 2472 paucorum
1251 2434 1425 2472 potestate
1450 2430 1660 2473 regerentur

166 2473 199 2512 5,
228 2476 281 2515 10,
306 2475 363 2507 63.
413 2486 570 2518 paucos,
608 2476 668 2519 qui
692 2481 775 2509 sunt
804 2475 1092 2517 eminentissimi,
1125 2476 1391 2518 excerpere'lO
1429 2476 1461 2516 1,
1486 2472 1548 2506 45.
1593 2473 1674 2504 sed'

165 2518 201 2550 hi
227 2531 259 2561 p.
286 2521 475 2554 admodum
505 2525 535 2557 1.
564 2524 595 2563 1,
627 2525 658 2554 2.
705 2521 835 2566 aliique
860 2533 932 2555 non
957 2534 991 2565 p.
1017 2523 1050 2564 9,
1085 2524 1119 2563 3,
1156 2522 1213 2555 89.
1251 2519 1294 2561 cfi
1332 2522 1366 2562 3,
1387 2499 1422 2562 ἐξ,
1447 2521 1503 2551 11.
1528 2519 1594 2559 «10,
1625 2520 1658 2560 1,

164 2563 233 2604 443
268 2564 396 2598 inter
420 2579 589 2609 paucos
614 2568 767 2601 disertus
802 2571 858 2610 10,
892 2570 926 2610 3,
962 2569 1017 2601 13.
1067 2567 1105 2611 b)
1146 2568 1283 2600 Neam-..-
1324 2567 1457 2609 plura
1493 2563 1655 2606 paucis

102 2625 110 2634 «
167 2611 415 2651 οοιιηῆυοῑίίυῐ·
438 2615 473 2652 8,
503 2616 536 2654 3,
567 2615 622 2647 82.
670 2616 762 2647 bene
790 2614 910 2647 dicere
931 2615 1075 2646 multa
1100 2614 1143 2646 de
1168 2612 1325 2656 paucis
1354 2613 1406 2651 10,
1431 2612 1465 2652 5,
1491 2613 1545 2647 11,
1574 2620 1658 2653 per-

166 2666 271 2697 quam
297 2664 377 2689 suut
402 2670 514 2700 pauca
539 2662 572 2699 ὃ,
606 2661 660 2693 Pr.
687 2663 722 2697 5.
754 2659 896 2703 scripsit
927 2671 1015 2694 non
1043 2671 1188 2703 pauca
1224 2653 1459 2698 Cornificius,
1503 2655 1658 2699 aliqua

165 2700 373 2744 Stertinius,
407 2705 628 2738 nonnihil
653 2712 753 2749 pater
783 2707 900 2739 Gallio
924 2708 959 2747 3,
985 2709 1018 2748 1,
1047 2709 1110 2745 213
1152 2708 1175 2739 i.
1211 2717 1241 2748 q.
1276 2706 1509 2736 nonnulla:
1544 2713 1658 2745 pauca
1715 2712 1718 2715 “

167 2746 323 2791 exempli
351 2749 461 2794 gratia
489 2761 618 2793 ponam
644 2754 679 2795 6,
706 2753 739 2795 5,
762 2753 795 2787 6.
844 2752 998 2786 arbitror
1019 2764 1054 2796 p.
1084 2751 1234 2786 dicenda
1268 2750 1303 2792 8,
1332 2750 1367 2791 5,
1403 2750 1438 2781 2·
1476 2759 1512 2792 p·
1542 2753 1658 2782 tamen
