1728 3002
188 163 267 205 170
666 157 880 211 Consumo
907 182 965 191 —--
994 157 1240 209 contemtor

228 276 327 312 nulla
349 285 406 310 ars
430 281 772 309 consummatur
793 274 867 318 ibi,
897 274 958 309 ubi
985 275 1258 312 ordlendum
1282 283 1336 312 est
1356 278 1395 322 3,
1415 278 1461 322 9,
1484 277 1521 315 9.
1555 278 1706 313 facultas

226 327 491 358 consummatur
519 327 663 364 natura,
697 327 794 364 arte,
821 321 1077 356 exercitatione
1101 324 1145 366 3,
1170 323 1211 364 5,
1236 326 1269 357 1.
1303 324 1375 368 jam
1399 334 1512 368 prope
1538 333 1705 359 consum—

226 375 321 404 mata
346 368 455 402 suerit
479 377 589 411 opera
611 369 658 411 2,
681 367 724 410 6,
747 368 781 402 6.
821 367 958 411 omnia,
991 379 1080 412 quae
1107 379 1164 403 ars
1187 369 1487 405 consummaverit
1508 372 1550 414 2,
1578 373 1637 413 17,
1668 370 1703 404 9.

226 421 394 460 tanquam
417 418 657 447 consummata
685 412 742 457 (α.
770 417 791 447 l.
820 413 1055 458 consumpta)
1080 413 1151 448 sint
1173 414 1295 449 omnia
1317 416 1358 459 8,
1388 415 1432 459 6,
1460 417 1519 451 32.
1591 414 1630 459 β)
1661 416 1705 450 de'

227 464 393 506 personis.-
426 471 506 494 eum
530 458 768 494 consummari
790 470 886 493 mors
910 460 1095 494 immatura
1120 471 1194 495 non
1218 472 1322 505 passa
1345 466 1399 496 est
1425 463 1480 504 10,
1505 464 1540 505 1,
1562 462 1619 498 89.
1655 460 1701 502 cs.

227 510 285 551 10,
309 510 344 549 2,
367 508 423 541 28.
459 517 540 539 cum
567 511 620 540 est
644 512 975 540 consummatus
999 518 1041 540 ac
1063 507 1133 550 jam
1156 506 1195 541 in
1218 508 1301 542 foro
1328 509 1476 542 clarus
1500 509 1557 551 10,
1583 507 1618 551 5,
1646 506 1701 541 14.

225 566 259 587 v.
291 554 558 594 Profectus3
602 563 648 586 ne
684 563 723 586 se
758 552 996 595 perfectos
1026 552 1188 597 protinus
1219 559 1324 598 atque
1362 558 1703 588 consummatos

223 605 349 644 putent
372 600 413 642 5,
439 601 501 641 10,
531 599 607 633 119.
652 600 914 632 consummatos
942 599 1022 642 plus
1051 598 1235 634 doctrinae
1261 600 1392 634 debere
1421 610 1527 644 quam
1554 604 1703 642 naturae

223 649 271 688 2,
306 646 369 689 19,
400 648 434 680 2.
485 649 746 678 consummatus
777 649 898 678 orator
931 647 975 679 ib.
1001 647 1035 678 1.
1084 655 1278 680 consumm.
1306 646 1378 690 jam
1404 643 1547 689 patroni
1575 647 1640 688 10,
1660 643 1703 688 ‘1,

224 694 291 725 122
315 693 360 726 Ν.
399 711 446 717 -
468 691 690 734 professores
715 692 731 723 1
748 716 758 732 ‚
785 691 808 725 9
825 716 836 732 ,
863 692 898 724 3.
936 691 1131 734 sapientem
1158 702 1262 735 eum,
1294 691 1356 736 qui
1379 691 1424 725 sit
1450 692 1590 726 futurus
1613 701 1703 725 con-

223 749 346 771 summ.
374 740 407 780 1,
433 739 490 780 10,
514 738 546 771 5.
574 747 767 770 consumm-
789 736 992 781 eloquentia
1015 740 1049 780 1,
1075 738 1132 772 Pr.
1157 739 1215 772 20.
1249 757 1298 765 —-
1318 737 1467 772 scientia
1488 740 1525 781 2,
1549 739 1608 781 21,
1631 735 1690 771 24.

178 793 408 836 consumo·
464 802 506 847 α)
535 803 609 838 hic
640 803 753 838 omnis
784 811 882 839 aetas
907 805 1128 840 consumitur
1149 806 1190 848 8,
1217 806 1275 840 Pr.
1299 805 1355 841 16.
1386 811 1426 840 ut
1451 809 1704 840 consumantur

220 851 367 885 affectus
389 850 432 892 4,
456 854 491 893 2,
520 853 598 885 120.
632 850 677 891 cf.
701 853 737 893 2,
769 853 822 894 13,
851 853 904 886 13.
945 851 1006 896 qui
1029 852 1124 886 bona
1146 857 1294 896 paterna
1318 851 1552 886 consumserit
1575 854 1619 893 3,
1643 853 1702 894 11,

219 900 276 932 13.
306 899 359 931 16.
389 897 518 930 humor
539 907 669 931 vocem
694 902 754 930 sut
776 897 945 931 nimius
967 897 1137 942 impedit,
1167 903 1227 932 aut
1250 904 1520 933 consumtus
1544 897 1701 932 destituit

218 946 285 986 11,
320 946 361 985 3,
393 945 448 976 21.
489 943 672 976 hominem
703 943 944 985 devorari,
991 945 1091 988 cujus
1122 943 1373 987 patrimonium
1398 949 1701 978 consumatur

217 988 372 1033 (transl.)
399 990 434 1031 8,
455 989 490 1031 6,
515 990 570 1023 25.
606 989 780 1023 consumti
805 989 947 1033 spiritus
971 992 1028 1032 11,
1048 992 1083 1032 3,
1107 991 1164 1024 53.
1201 989 1438 1024 consumturis
1456 989 1597 1025 viscera
1618 1000 1699 1024 mea

218 1035 367 1070 flammis
390 1035 430 1077 6,
462 1036 518 1068 Pr.
545 1037 578 1069 3.
649 1034 688 1079 β)
724 1049 752 1070 c.
775 1038 916 1070 Ablat..·
955 1037 1234 1082 degustanda
1265 1037 1355 1070 haec
1387 1035 1591 1080 prooemio,
1624 1045 1700 1070 non

217 1082 522 1115 consumenda
546 1079 581 1122 4,
610 1083 642 1123 1,
670 1079 723 1114 14.
761 1087 929 1125 quantum
953 1082 1104 1116 dicendo
1127 1081 1348 1116 consumitur
1372 1084 1430 1125 10,
1453 1084 1490 1125 7,
1514 1083 1568 1116 10.
1601 1086 1700 1116 aeta-

217 1133 290 1161 tem
313 1128 423 1160 multo
451 1126 567 1160 studio
592 1137 632 1160 ac
658 1127 779 1160 labore
807 1133 1019 1161 consumunt
1045 1131 1088 1170 2,
1117 1130 1182 1170 20,
1215 1127 1249 1162 4.
1291 1133 1331 1161 ut
1356 1128 1452 1162 bona
1473 1126 1608 1174 ingenii
1629 1126 1699 1160 situ

217 1174 371 1218 quodam
398 1172 526 1206 secreti
550 1178 844 1218 consumerentur
867 1176 922 1215 12,
948 1174 982 1215 5,
1005 1176 1039 1207 2.
1076 1184 1205 1218 corpus
1223 1173 1402 1208 *orationis
1422 1173 1461 1208 in
1483 1184 1596 1218 parva
1618 1183 1699 1207 mo-

215 1225 334 1253 menta
358 1219 522 1252 ducendo
549 1224 733 1251 consumet
756 1220 797 1260 3,
831 1221 898 1261 11,
929 1221 973 1252 23
1001 1223 1043 1252 Ζ.
1094 1219 1242 1265 gratiam
1271 1219 1324 1253 rei
1356 1219 1466 1253 nimia
1496 1218 1699 1263 captatione

215 1266 473 1299 consumsimus
497 1265 531 1306 ὃ,
554 1265 588 1306 6,
613 1265 666 1298 51.
698 1263 795 1298 vires
820 1263 897 1307 ipsa
920 1264 1112 1298 subtilitate
1138 1270 1322 1298 consumet
1347 1268 1402 1307 12,
1425 1267 1461 1308 2,
1485 1267 1552 1308 13;
1580 1264 1697 1299 subito

215 1310 459 1344 defecerit
475 1335 485 1351 ,
521 1321 564 1342 an
588 1309 751 1356 longiore
777 1309 982 1343 valetudine
1010 1315 1282 1344 consumtus
1305 1310 1349 1344 sit
1371 1313 1406 1354 7,
1428 1313 1463 1352 2,
1489 1303 1556 1344 14.-
1574 1309 1699 1344 trium-

213 1357 319 1392 virali
342 1356 602 1401 proscriptione
627 1361 833 1389 consumtus
856 1361 911 1389 est
937 1358 1001 1398 12,
1029 1358 1092 1398 10,
1120 1358 1176 1389 12.
1210 1356 1335 1390 labore
1361 1361 1614 1391 consumantur
1639 1358 1697 1400 10,

213 1405 249 1446 3,
274 1406 329 1436 12.
387 1402 425 1446 γ)
454 1415 482 1435 c.
505 1405 666 1445 Praepos.
693 1404 754 1435 in.-
784 1402 876 1435 bona
898 1407 1046 1445 paterna
1067 1401 1114 1435 in
1140 1412 1249 1446 opera
1270 1402 1413 1446 publica
1437 1402 1635 1437 consumsit
1660 1400 1696 1445 3,
1718 1416 1728 1432 ·.

214 1451 272 1491 11,
298 1451 351 1483 13.
386 1454 499 1481 totum
522 1447 569 1481 in
591 1458 664 1481 uno
690 1448 876 1492 (discipulo)
899 1447 994 1480 diem
1017 1453 1266 1492 consumturus
1283 1454 1337 1482 est
1359 1451 1394 1492 1,
1415 1450 1451 1490 2,
1475 1451 1532 1483 11.
1559 1454 1696 1482 tantum

211 1495 345 1528 laboris
372 1494 422 1527 in
446 1495 552 1527 rebus
579 1493 679 1527 falsis
707 1504 916 1529 consumere
947 1495 1011 1536 12,
1049 1496 1113 1536 11,
1147 1495 1201 1528 15.
1247 1493 1309 1538 qui
1338 1504 1377 1528 se
1405 1499 1519 1540 totum
1546 1494 1596 1528 in
1626 1495 1696 1528 hac

212 1552 297 1575 cura
322 1539 557 1574 consumserit
582 1541 625 1582 9,
659 1538 703 1583 4,
733 1542 812 1574 113.
854 1538 1039 1584 [consumi
1070 1539 1138 1584 (Z.
1168 1539 1387 1585 comminui)
1419 1540 1621 1579 studentem
1645 1541 1695 1574 in

210 1587 267 1620 his
291 1586 424 1620 artibus
449 1590 480 1630 1,
507 1589 563 1629 12,
590 1584 663 1630 14.]
1542 1584 1547 1589 ’

166 1640 404 1698 consurgo·
452 1665 533 1687 cum
556 1654 666 1698 judex
692 1654 731 1688 in
754 1652 902 1698 privatis
926 1660 987 1687 etc.
1017 1651 1137 1688 dicere
1166 1654 1211 1688 de
1236 1664 1343 1688 causa
1367 1652 1534 1698 iusserit,
1566 1652 1696 1688 leniter

211 1706 264 1734 est
289 1701 574 1747 consurgendum
599 1704 654 1744 11,
679 1703 714 1744 3,
739 1700 828 1744 156,
857 1711 927 1744 qua
951 1699 1189 1734 concitatione
1209 1705 1401 1746 consurgat
1418 1699 1472 1733 ira
1496 1702 1529 1742 1,
1555 1701 1610 1743 11,
1635 1702 1692 1734 12.

166 1755 418 1798 contemno·
455 1769 493 1803 in
517 1769 670 1803 dicendo
694 1775 925 1804 contemnere
949 1769 1026 1812 (non
1051 1776 1098 1802 est
1115 1767 1201 1812 fig.)
1226 1768 1262 1810 9,
1286 1770 1319 1811 1,
1343 1769 1399 1802 23.
1427 1772 1468 1800 ut
1488 1767 1695 1811 perferre

209 1814 313 1848 nobis
338 1814 482 1849 difficile
507 1821 580 1859 est,
616 1815 666 1849 ita
690 1815 796 1850 facile
823 1821 1125 1849 contemnere
1152 1816 1194 1856 6,
1224 1814 1281 1847 Pr.
1312 1814 1368 1848 15.
1412 1823 1502 1857 quos
1528 1812 1693 1858 equidem

207 1871 284 1895 non
312 1866 502 1895 contemno
528 1862 568 1905 6,
592 1864 637 1904 2,
664 1863 696 1896 3.
734 1862 866 1896 Sardos
889 1860 1084 1895 contemnit
1110 1858 1232 1903 (Cic.)
1261 1861 1325 1902 11,
1350 1861 1391 1902 1,
1415 1859 1472 1894 89.
1513 1859 1693 1893 contemni

207 1918 246 1940 se
271 1908 419 1940 credunt
441 1906 485 1950 4,
518 1910 535 1941 1
552 1934 563 1951 ,
597 1908 665 1949 573
712 1907 743 1941 si
770 1907 887 1952 aliqua
911 1906 1157 1940 contemsisset
1184 1903 1362 1950 (Seneca)
1391 1906 1456 1947 10,
1479 1906 1524 1947 1,
1554 1906 1621 1939 130
1642 1906 1692 1940 Ν.

208 1958 389 1986 contemto
413 1953 505 1988 bene
529 1954 670 1988 dicendi
692 1954 815 1988 labore
840 1954 897 1987 Pr.
924 1952 979 1986 14.
1018 1964 1039 1986 a
1060 1950 1179 1985 multis
1201 1950 1427 1995 jurisjurandi
1449 1956 1581 1984 metum
1601 1961 1692 1985 con-

208 1998 318 2032 temni
346 1999 391 2041 5,
414 2000 459 2043 6,
489 2002 521 2033 3.
559 2000 699 2034 minora
726 2005 807 2033 sunt
834 1998 939 2041 talia,
975 2003 1015 2031 ut
1041 1997 1118 2031 aliis
1142 1997 1401 2031 contemnenda
1427 1995 1486 2038 (a.
1510 1999 1534 2029 1.
1559 2007 1691 2032 conce-

206 2043 346 2088 denda)
373 2045 466 2089 sint,
495 2045 572 2080 aliis
597 2057 673 2080 non
696 2045 766 2080 siut
789 2047 846 2088 11,
871 2048 904 2087 1,
931 2042 986 2078 14.
1022 2054 1140 2088 neque
1162 2043 1413 2077 refutanda
1435 2047 1593 2086 tantum,
1626 2043 1690 2077 sed

207 2093 566 2136 contemnenda,
598 2092 856 2134 elevanda,
892 2090 1103 2124 ridenda
1130 2095 1232 2133 sunt,
1267 2100 1357 2133 quae
1385 2099 1406 2122 e
1432 2087 1610 2123 contrario
1634 2089 1691 2122 di-

207 2142 337 2171 cuntur
359 2137 405 2180 6,
428 2136 476 2181 4,
507 2140 551 2172 10
576 2139 624 2172 Ν.
665 2137 841 2172 relicto
867 2148 986 2171 rerum
1012 2137 1194 2180 pondere,
1234 2146 1275 2169 ac
1300 2134 1416 2168 nitore
1441 2139 1690 2169 contemto

205 2184 240 2225 9,
265 2182 300 2225 4,
329 2186 418 2226 113;
455 2185 551 2228 quod
579 2190 747 2228 tanquam
769 2183 875 2217 facile
899 2187 1130 2217 contemnunt
1151 2179 1192 2224 4,
1216 2183 1252 2224 2,
1278 2182 1335 2215 37.
1372 2191 1463 2224 quae
1485 2180 1578 2215 bene
1600 2189 1690 2214 con·
1711 2215 1714 2217 .

206 2234 411 2263 temnuntur
434 2231 497 2265 vel
519 2236 687 2274 tanquam
708 2229 826 2273 levia,
853 2230 916 2263 vel
937 2235 1104 2273 tanquam
1127 2228 1172 2261 ad
1199 2237 1339 2260 causam
1365 2226 1455 2278 nihjl
1475 2220 1689 2269 pertinentia

206 2275 248 2315 5,
276 2277 341 2316 13,
365 2279 420 2309 22.
463 2282 730 2310 contemnentes
752 2282 918 2319 tanquam
944 2286 1075 2318 parva,
1111 2284 1200 2318 quae
1223 2272 1320 2324 prius
1345 2271 1534 2314 discimus,
1575 2271 1690 2306 studia

207 2319 264 2351 Pr.
290 2318 332 2361 4;
371 2332 444 2355 non
469 2323 766 2371 contemnendimi
793 2332 883 2364 opus
909 2323 971 2362 10,
997 2323 1038 2363 1,
1064 2318 1119 2354 54.
1159 2317 1473 2351 imminuenda
1498 2317 1623 2361 quaed.
1652 2322 1689 2351 et

207 2365 453 2400 elevanda
483 2373 518 2401 et
542 2367 643 2411 quasi
671 2367 1016 2402 contemnenda
1038 2364 1080 2406 4,
1105 2367 1144 2408 1,
1168 2365 1352 2407 38;‹1uae
1377 2373 1484 2396 manu
1506 2363 1592 2396 fiant
1616 2368 1686 2407 atq.

207 2419 330 2489 eorugi
356 2412 461 2446 etiam
486 2413 886 2448 contemtissima
913 2414 976 2454 12,
1000 2414 1043 2454 2,
1070 2413 1103 2444 2.
1150 2420 1171 2443 a
1193 2408 1282 2443 vili
1316 2414 1632 2454 contemtoque
1652 2410 1688 2452 6,

208 2456 249 2496 1,
274 2457 292 2488 1
321 2480 329 2488 .

162 2498 487 2554 Contemplatio·
532 2514 687 2548 fructum
720 2525 768 2549 ex
801 2513 953 2548 animo
981 2522 1046 2547 suo
1070 2516 1106 2546 et
1131 2510 1369 2554 contempl.
1406 2520 1449 2543 ac
1483 2507 1688 2544 scientis

207 2561 304 2600 petet
330 2560 345 2590 1
362 2582 372 2598 ‚
399 2560 461 2598 12,
488 2560 542 2592 18.
580 2580 626 2586 —
649 2560 763 2605 iniqui
786 2563 849 2604 12,
876 2562 917 2602 1,
942 2561 998 2594 35.
1036 2577 1080 2584 -
1105 2557 1194 2591 recti
1218 2556 1390 2600 pravique
1413 2559 1457 2597 2,
1479 2553 1521 2598 4,
1545 2557 1603 2590 20.
1640 2575 1686 2581 -

206 2601 285 2636 veri
309 2603 342 2644 6,
367 2605 400 2643 2,
426 2603 458 2636 5.
489 2603 600 2646 ipsius
623 2612 769 2640 naturae
793 2617 824 2640 c.
852 2607 886 2649 3,
910 2606 945 2647 6,
969 2605 1026 2640 86.
1059 2604 1225 2648 quodque
1247 2613 1366 2636 rerum
1383 2601 1548 2646 quodque
1565 2599 1687 2645 scripti

203 2647 502 2691 contemplatione
526 2656 663 2684 constat
687 2653 721 2694 3,
745 2652 780 2695 6,
804 2652 859 2687 89.
893 2663 974 2685 cum
999 2650 1043 2684 ab
1067 2654 1169 2684 actu
1193 2652 1415 2683 recesserunt
1438 2650 1474 2681 et
1497 2651 1687 2681 contem-

206 2692 418 2737 platione
445 2694 499 2727 sui
522 2695 688 2729 fruuntur
712 2691 879 2741 (Hieme)
904 2700 938 2740 2,
965 2698 1020 2739 18,
1045 2692 1079 2729 4.

164 2736 420 2780 Contemtor.
468 2768 513 2777 —
537 2751 590 2785 uui
620 2754 673 2793 12,
706 2755 737 2795 1,
763 2755 818 2787 20.
