1728 3002
583 147 806 194 Concedo
835 171 892 180 -
920 144 1117 203 Corripio
1459 149 1462 153 ’
1544 151 1623 193 185

126 278 208 304 neo
229 277 362 312 corpus
387 262 542 300 nuffioint
565 266 607 307 1,
639 264 704 307 12,
734 265 768 299 1.
813 271 944 314 corpus
969 259 1097 305 opiritu
1126 259 1282 315 agitante
1313 261 1414 296 earet
1439 263 1492 317 9,·
1515 266 1559 308 2,
1588 263 1625 299 4.

131 324 292 360 corpora
315 311 481 348 deficiant
502 312 567 355 11,
588 310 635 354 3,
657 308 721 353 26;
761 318 923 352 corporis
948 305 1063 352 (laus)
1087 307 1207 360 levior
1229 308 1273 352 3,
1295 310 1331 350 7,
1357 310 1424 351 12;
1462 320 1495 344 ιι
1515 310 1627 345 robur

140 359 350 406 corporibus
376 359 510 392 bonum
531 366 606 391 11011
628 360 705 398 est,
731 353 849 389 minus
874 351 941 398 (sic
962 356 1006 388 Ζ.
1031 354 1075 406 ἀς
1097 365 1182 406 conj:
1210 354 1424 398 Gedoyni‚·
1458 357 1527 400 Sp.
1552 367 1629 392 nou

141 413 196 442 est
221 404 333 450 min.)
360 403 493 439 sanitas
516 403 551 446 5,
574 403 639 443 10,
660 402 707 437 89
731 402 769 436 S.
803 399 1013 444 corporibus
1039 400 1198 433 distortis
1222 405 1258 433 et
1282 410 1495 446 quocunque
1518 404 1628 438 modo

211 451 356 499 digiosis
378 450 492 493 majus
515 448 609 493 apud
634 447 760 492 quosd.
783 445 937 491 pretium
961 447 996 488 2,
1021 446 1056 488 5,
1082 447 1123 479 11
1150 445 1198 479 Ν.
1232 444 1271 479 in
1297 447 1523 496 corporibus,
1549 449 1630 494 qui..

166 509 209 532 us
234 506 380 543 quoquo
401 496 511 529 modo
537 499 619 528 eunt
641 493 861 538 composita,
887 491 1011 536 utique
1033 496 1088 526 est
1109 490 1251 525 habitus
1279 492 1406 536 aliquis
1432 494 1478 537 9,
1504 497 1545 539 1,
1573 498 1631 531 10.

142 544 304 590 fatigatio
328 551 479 586 corpora
505 539 615 574 afficit
641 542 706 580 11,
730 541 772 581 3,
795 541 853 572 21.
888 538 1014 590 eadem
1042 536 1235 580 (corpora)
1265 537 1296 578 si
1322 538 1402 589 quis
1425 540 1531 574 volsa
1556 547 1630 586 atq.

143 591 264 624 fucata
285 587 507 623 muliebriter
530 591 663 629 comat,
692 584 899 619 foedissima
921 588 994 618 suit
1013 582 1094 628 ipso
1117 583 1257 618 formae
1279 582 1406 620 labore
1427 586 1463 627 8,
1490 587 1548 621 Pr.
1573 590 1631 623 19.
1665 603 1668 609 =

146 636 262 671 cultus
285 633 468 669 muliebris
495 642 571 666 non
595 637 750 666 exornat
774 640 973 675 corpus,
1010 630 1076 664 sed
1106 629 1241 676 detegit
1270 636 1472 666 mentem
1503 635 1547 668 ib.
1572 636 1632 668 20.

145 691 299 726 corpora
323 690 399 714 non
420 679 554 713 robore
579 678 644 713 sed
664 677 871 713 valetudine
893 675 1061 710 inflantur
1082 677 1118 718 2,
1140 677 1181 718 3,
1204 676 1241 711 9.
1278 681 1316 710 ut
1346 677 1508 712 umbra
1533 689 1636 714 cor-

145 738 232 773 pus
257 725 363 770 sequi
382 727 427 767 8,
450 727 510 759 Pr.
533 726 593 759 20.
626 735 665 758 ν.
690 724 873 758 Umbra.
914 722 977 766 qui
1002 722 1066 755 has
1093 722 1236 756 demum
1258 721 1555 766 προσωποποιΐας
1579 726 1637 760 di-
1683 744 1685 746 ·

146 778 251 817 cant,
285 772 324 806 in
346 771 474 816 quibus
497 776 535 805 et
554 779 707 814 corpora
730 775 766 804 et
786 769 900 805 verba
925 767 1089 820 fingimus
1111 769 1155 811 9,
1178 770 1224 811 2,
1247 769 1307 802 31.
1348 779 1478 822 corpus
1501 770 1637 807 inculto

145 820 232 854 loco
249 817 339 864 poni
361 821 397 861 7,
419 818 457 860 9,
481 819 503 852 5
523 820 565 851 Ζ.
594 826 747 861 corpora
766 815 839 849 suis
860 815 1058 848 redd1disse
1083 816 1139 856 11,
1156 816 1193 857 2,
1213 815 1275 856 13;
1304 814 1531 851 Mithridates
1554 829 1638 853 cor-

145 875 238 911 pore
259 865 395 911 ingenti
421 865 525 900 San.
549 863 584 905 8,
608 864 643 904 3,
666 863 725 897 82.
764 861 843 895 illas
867 860 998 907 figuras
1025 859 1189 904 Epicuri,
1223 870 1311 904 quas
1334 871 1356 894 e
1379 862 1526 897 summis
1554 874 1639 899 cor.

83 935 86 942 ,
147 911 295 958 poribus
318 908 405 944 diet
426 909 576 943 effluere
602 910 659 950 10,
682 911 719 951 2,
742 909 788 942 15
811 907 860 942 Ν.
896 911 975 940 toto
997 915 1150 950 corpore
1174 905 1409 941 obnitendum
1431 908 1467 951 5,
1498 911 1556 952 13,
1582 914 1641 945 11.

149 966 303 1001 corpore
325 955 406 1000 ipso
431 955 706 999 perhorrescere
734 955 778 987 Gi
788 966 818 986 c.
844 954 902 996 11,
926 955 961 995 1,
985 951 1055 994 44;
1090 950 1130 1003 in
1149 961 1307 1004 ‘corpore
1330 962 1500 988 numerus
1524 958 1558 999 1,
1584 959 1642 998 10,

149 1005 209 1037 22.
239 1002 333 1036 risus
355 1000 520 1036 oriuntur
538 1011 587 1034 ex
610 1009 763 1043 corpore
785 999 884 1043 ejus,
911 997 1071 1042 inquem
1089 998 1238 1031 dlcunus
1259 998 1296 1040 6,
1319 999 1354 1040 3,
1377 1000 1436 1034 37.
1470 1002 1642 1047 pleraque

149 1046 346 1090 (animalia)
373 1052 497 1081 contra
518 1045 632 1092 frigus
656 1056 704 1080 ex
731 1055 798 1079 suo
823 1054 976 1090 corpore
998 1043 1203 1080 vestiuntur
1226 1046 1261 1086 2,
1285 1044 1342 1086 16,
1367 1043 1424 1079 14.
1475 1050 1515 1091 γ)
1539 1061 1642 1092 pecu-

151 1096 280 1127 timim
302 1095 346 1127 de
371 1104 500 1126 carne
523 1093 660 1124 humani
683 1093 852 1135 corporis.-
883 1100 989 1124 ossa
1018 1099 1219 1133 corpore
1245 1090 1442 1134 operienda
1472 1099 1556 1128 stunt
1581 1096 1641 1129 Pr.

148 1138 211 1174 24.
246 1138 386 1174 Zeuxis
406 1140 486 1183 plus
512 1136 722 1171 membris
750 1135 972 1180 corporis
1003 1134 1102 1168 dedit
1127 1137 1186 1178 12,
1214 1136 1271 1178 10,
1296 1136 1332 1171 5.
1366 1139 1535 1174 nervis
1557 1139 1643 1185 illis,

151 1184 281 1230 quihus
306 1195 412 1220 cmm
436 1181 661 1226 continetur,
699 1181 870 1226 adjiciunt
893 1180 1137 1226 superinducti
1169 1182 1387 1226 corporis
1417 1185 1575 1228 speciem
1607 1190 1644 1230 5,

151 1231 198 1274 8,
222 1232 266 1273 23
302 1234 439 1263 transt..-
467 1234 510 1263 ut
537 1226 719 1274 (juvenes)
746 1227 992 1272 expatientur,
1020 1232 1057 1261 et
1078 1228 1255 1273 gaudeant
1278 1228 1449 1272 materia,
1480 1237 1517 1266 et
1542 1234 1647 1277 quasi

90 1284 95 1285 ⁷
149 1275 191 1311 in
217 1285 347 1321 corpus
368 1279 454 1310 eant
475 1277 521 1318 2,
546 1277 611 1318 10,
637 1277 670 1310 5.
708 1274 776 1309 erit
798 1274 887 1307 illud
908 1273 1048 1319 plenius
1073 1273 1217 1307 interim
1249 1284 1399 1319 corpus,
1432 1278 1529 1320 quod
1558 1290 1645 1314 mox

154 1322 273 1357 adulta
297 1327 393 1356 aetas
416 1320 587 1368 astringat
609 1323 650 1364 2,
673 1318 717 1361 4,
741 1321 762 1355 5
787 1320 834 1354 N.
873 1332 907 1354 v.
931 1319 1136 1354 Animus.
1218 1319 1270 1364 11)
1297 1323 1340 1354 de
1364 1325 1541 1357 continenti
1564 1338 1646 1368 por.

104 1367 109 1374 ²
154 1370 456 1412 tium-complexu,
482 1369 643 1410 imprimis
669 1369 703 1399 in
728 1367 888 1400 dicendo.-
919 1365 1136 1409 compositae
1163 1364 1183 1409 (
1190 1364 1307 1408 voces)
1335 1378 1357 1400 e
1381 1368 1519 1403 duobus
1547 1372 1647 1415 quasi

156 1413 367 1458 corporibus
395 1413 601 1448 coalescunt
627 1415 673 1457 1,
699 1412 740 1455 5,
762 1412 827 1453 65;
865 1412 961 1446 hanc
983 1418 1095 1445 artem
1127 1411 1420 1458 (philosophiam)
1451 1414 1488 1449 in
1516 1427 1648 1463 corpus
1685 1459 1689 1462 ι

157 1459 383 1504 eloquentiae
408 1459 563 1493 adducat
585 1460 649 1501 12,
672 1460 708 1501 2,
733 1459 777 1500 9;
817 1467 983 1502 corpus
1007 1458 1072 1500 sit,
1104 1468 1180 1492 non
1205 1460 1416 1497 membra
1440 1464 1477 1505 7,
1503 1465 1561 1505 10,
1590 1466 1646 1499 16.

157 1506 301 1553 quando
322 1504 447 1549 incipit
469 1514 600 1548 corpus
622 1515 703 1538 esse
726 1502 957 1547 (membrum).²
983 1504 1019 1545 9,
1041 1502 1078 1547 4,
1104 1506 1184 1538 123.
1219 1509 1265 1550 ut,
1281 1506 1492 1552 phrasin,
1519 1509 1557 1542 id
1581 1516 1648 1554 est,

158 1561 323 1596 corpus
352 1550 650 1595 eloquentiae
674 1550 810 1584 faciant
839 1552 902 1593 10,
932 1553 975 1593 1,
1001 1551 1061 1587 87.
1107 1561 1200 1595 quae
1230 1552 1483 1596 (eloquentia),
1518 1555 1549 1589 si
1572 1561 1650 1591 toto

272 1608 314 1632 re
334 1597 434 1633 valet
454 1597 500 1640 8,
529 1597 588 1630 Pr.
613 1599 672 1630 22.
716 1606 847 1640 corpus
871 1595 1046 1630 orationis
1076 1595 1118 1629 in
1147 1607 1259 1640 parva
1284 1605 1463 1632 momenta
1487 1601 1652 1637 ducendo

157 1644 205 1686 3,
235 1646 299 1686 11,
326 1644 373 1678 23
400 1646 443 1677 Ζ.
491 1641 676 1686 dispositio
701 1652 767 1686 per
796 1652 922 1676 omnes
950 1641 1119 1675 materias
1151 1647 1335 1687 totumque
1366 1655 1491 1683 earum
1522 1646 1654 1692 corpus

158 1688 356 1733 aequaliter
379 1689 462 1722 fusa
488 1690 529 1731 3,
553 1689 597 1732 9¹,
620 1691 655 1722 2.
687 1687 726 1721 in
748 1687 809 1721 his
833 1687 962 1731 (locis)
989 1698 1065 1721 nou
1091 1690 1284 1732 corpori
1310 1691 1556 1737 prospiciunt,
1590 1697 1655 1729 sed

161 1735 359 1778 abrupta
385 1735 559 1779 quaedam
580 1752 628 1758 -
652 1734 855 1778 jaculantur
875 1736 912 1777 2,
938 1737 996 1775 11,
1018 1735 1042 1768 6
1065 1734 1114 1767 Ν.
1141 1734 1181 1768 in
1204 1734 1303 1769 omni
1328 1747 1530 1782 corpore
1556 1746 1654 1776 toto-

163 1791 234 1824 que
255 1781 320 1822 (ut
342 1780 393 1815 ita
416 1777 591 1823 dixerim)
617 1785 774 1814 tractu
794 1790 965 1814 numerus
988 1779 1144 1814 insertus
1167 1784 1222 1815 est
1243 1782 1280 1826 9,
1304 1782 1340 1826 4,
1364 1783 1424 1818 61.

120 1833 351 1877 correctio.
398 1848 484 1891 (fig.
509 1860 567 1892 ap.
593 1846 703 1893 Cio.)
725 1848 768 1893 9,
793 1850 836 1892 1,
858 1847 917 1884 35.
943 1846 997 1892 (α.
1020 1850 1043 1883 1.
1068 1845 1268 1895 correptio)
1294 1852 1339 1884 ib.
1364 1852 1423 1886 30.
1456 1854 1654 1891 correctio-

165 1891 223 1927 nis
243 1893 335 1927 ratio
359 1893 397 1937 9,
422 1896 458 1937 3,
481 1895 540 1929 88.

123 1944 362 2002 Correptio.
409 1972 488 2004 opp.
511 1959 700 2004 productio
724 1963 761 2003 7,
783 1961 822 2006 9,
845 1962 963 2005 129,
986 1963 1023 2006 3,
1046 1962 1107 1999 69.

125 2012 321 2069 corrigo.
376 2036 442 2070 pro
465 2027 574 2060 modo
596 2027 729 2062 virium
751 2027 1004 2075 corrigendum
1025 2040 1118 2073 opus
1144 2033 1187 2074 2,
1210 2029 1255 2074 4,
1282 2030 1340 2066 14.
1374 2033 1540 2081 corrigit,
1567 2048 1659 2081 quae

169 2083 191 2106 a
219 2072 383 2106 Graccho
410 2072 606 2115 composita
629 2073 751 2106 dtu-ius
774 2080 875 2117 putat
899 2076 943 2118 9,
973 2074 1021 2118 4,
1050 2077 1107 2110 15.
1151 2077 1423 2122 corrigetur
1453 2082 1591 2126 palam,
1628 2084 1661 2119 si

169 2117 257 2162 quid
284 2117 324 2152 in
354 2119 583 2154 declamando
619 2118 812 2162 discipulus
845 2120 1088 2156 erraverit
1116 2124 1165 2164 2,
1196 2123 1242 2165 5,
1275 2126 1332 2157 16.
1379 2124 1424 2166 os.
1450 2128 1496 2169 2,
1527 2129 1574 2172 3,
1604 2132 1663 2165 11.

169 2165 362 2210 frangas
391 2163 518 2206 citius,
553 2175 658 2208 quam
680 2164 913 2212 corrigas,
948 2177 1039 2209 quae
1061 2165 1099 2199 in
1121 2177 1272 2210 pravum
1294 2169 1531 2207 induruerunt
1558 2177 1599 2218 1,
1625 2178 1661 2220 3,
1692 2180 1696 2182 ’

173 2212 231 2244 12.
266 2210 404 2245 mavult
433 2215 535 2253 pater
571 2209 835 2256 corrigere,
873 2221 980 2255 quam
1009 2211 1226 2246 abdicare
1251 2217 1294 2256 7,
1325 2214 1372 2259 4,
1404 2219 1464 2252 27.
1512 2230 1664 2256 emen-

173 2255 319 2289 dandi
348 2254 459 2299 vitia,
503 2255 860 2302 corrigendique
886 2266 1007 2290 mores
1035 2260 1102 2298 12,
1133 2261 1177 2300 7,
1207 2261 1244 2292 2.
1288 2259 1328 2294 in
1362 2266 1663 2311 emendando,

173 2312 266 2345 quae
290 2301 558 2348 corrigenda
585 2307 688 2335 erunt
712 2304 747 2344 2,
770 2304 806 2344 2,
830 2305 864 2336 7.
892 2301 937 2343 cs.
955 2305 991 2344 2,
1011 2301 1047 2345 4,
1067 2301 1133 2346 14;
1160 2303 1266 2339 unius
1289 2309 1536 2352 emendatione
1558 2314 1664 2349 verbi

174 2346 309 2392 corrigi
338 2347 595 2388 (soloecismum)
621 2350 655 2390 1,
680 2347 714 2390 5,
739 2346 796 2381 34.
824 2347 1073 2393 objurgatione
1096 2359 1173 2402 nou
1199 2351 1398 2399 corrigatur
1422 2354 1542 2400 (puer)
1569 2362 1604 2403 1,
1628 2362 1664 2404 3,

176 2390 233 2425 14.
270 2391 422 2432 vitium,
453 2394 549 2437 quod
571 2393 751 2437 frequenti
777 2393 1020 2428 admonitione
1046 2396 1227 2443 corrigi
1254 2408 1331 2433 nou
1356 2406 1545 2446 potuerat,
1583 2417 1666 2439 mu-

176 2436 258 2470 tatis
281 2438 463 2472 codicibus
488 2450 567 2474 esse
591 2440 819 2474 sublatum
843 2442 900 2484 10,
924 2442 959 2484 3,
986 2442 1057 2484 323
1090 2449 1343 2480 correctas
1369 2446 1447 2492 ejus
1474 2447 1663 2496 (Aeschyli)

177 2483 317 2517 fabulas
343 2486 399 2527 10,
424 2486 458 2528 1,
484 2484 543 2520 65.

112 2537 348 2599 vcorripit)-
394 2552 430 2592 1)
456 2554 480 2585 ἰ.
506 2564 539 2596 q.
566 2554 863 2597 reprehendo:
891 2552 1074 2598 corripere
1100 2553 1188 2599 (fig.
1214 2569 1273 2602 ap.
1301 2559 1434 2604 cels.)
1457 2561 1494 2605 9,
1516 2566 1554 2607 2,
1583 2564 1663 2600 104.

180 2607 264 2630 eum
286 2606 362 2630 non
385 2596 529 2632 inimice
560 2598 819 2644 corripere,
860 2600 926 2634 sed
950 2611 1066 2644 paene
1090 2601 1205 2646 patrie
1230 2614 1419 2641 monere
1446 2610 1512 2651 11,
1540 2613 1583 2654 1,
1607 2612 1666 2647 68.

180 2640 231 2684 11)
254 2644 278 2676 ἰ.
302 2655 334 2688 q.
358 2644 529 2677 brevio.-
557 2645 800 2680 modulatione
821 2646 1007 2689 produci
1031 2653 1091 2682 aut
1114 2649 1299 2694 corripi
1324 2650 1463 2697 (verba)
1487 2655 1524 2697 9,
1546 2654 1583 2698 4,
1606 2658 1666 2692 89.

183 2687 296 2729 verba
319 2689 600 2734 extendere,
623 2691 870 2735 corripere
895 2693 952 2734 10,
977 2695 1012 2735 1,
1034 2694 1092 2729 29.
1119 2694 1267 2730 nimium
1290 2698 1524 2742 corripientes
1547 2703 1666 2737 omnia

183 2731 220 2778 4,
242 2736 276 2776 2,
299 2733 366 2777 43;
397 2741 581 2781 correptae
602 2735 728 2773 literae
751 2737 957 2782 syuabaeve
984 2741 1017 2783 1,
1039 2739 1077 2783 6,
1097 2741 1156 2775 32.
1187 2740 1233 2783 cs.
1259 2745 1293 2787 1,
1316 2743 1351 2787 5,
1375 2745 1431 2780 18.

9 2468 46 2514 12⁹*
