1728 3002
157 206 242 247 640
320 214 324 217 ⁴
691 193 857 260 Rerago
887 227 944 236 -
971 204 1166 261 Pei-cipio

200 329 222 352 a
244 316 391 362 propr10
419 315 611 362 diviseris,
637 329 721 362 per
747 327 799 352 se
825 315 1002 365 significet
1029 323 1065 353 et
1086 318 1196 355 faciat
1219 318 1499 356 antonomasiam
1521 320 1558 364 8,
1580 321 1616 365 6,
1639 319 1701 357 43.

200 364 291 398 haec
316 375 397 398 cum
421 375 501 408 per
523 376 571 399 se
598 360 710 412 figura
737 369 802 404 est,
829 370 904 398 tum
929 365 1215 410 duplicatur
1238 369 1276 411 9,
1299 371 1337 411 2,
1365 366 1425 403 34ε
1452 378 1534 402 cun
1555 369 1703 404 valeant

198 411 347 444 multum
370 411 482 444 verba
506 421 590 459 per
614 422 684 454 se,
707 428 755 434 —-
777 411 941 454 profecto
961 412 1161 459 perfectum
1185 414 1352 459 quiddam
1367 413 1458 459 fieri,
1483 424 1564 450 oum
1580 414 1702 449 omnia

200 457 428 491 coierunt
464 460 521 500 11,,
549 459 584 501 3,
608 459 641 494 9.
668 457 713 500 cs.
739 459 775 502 8,
805 459 840 500 3,
864 458 923 492 38.
1296 462 1300 464 “
1522 482 1525 485 >

294 513 359 557 111)
386 516 429 548 de
456 516 579 548 modo
606 522 638 548 et
662 517 864 549 ratione:
897 525 965 558 per
987 514 1196 550 abusionem
1220 519 1284 560 10,
1322 519 1355 561 1,
1383 519 1457 552 12*
1483 515 1703 562 qualitatem,

201 571 306 605 quam
330 571 366 604 p.
392 561 604 604 accidentia,
633 561 667 594 id
694 567 760 604 est,
784 558 881 595 κατὰ
901 560 1163 606 συμβεβηκότι
1185 566 1361 607 vocat'3,
1378 564 1413 608 6,
1436 564 1491 599 56.
1508 564 1702 606 schemata,

201 617 292 651 quae
320 613 425 641 erunt
455 618 490 651 p.
515 607 770 648 mutationem,
806 606 1066 651 adjectionem,
1103 609 1378 654 detractionem,
1416 609 1580 645 ordinem
1604 611 1640 652 9,
1665 610 1700 652 3,

199 655 257 687 27.
282 651 326 694 cf.
353 654 409 688 58.
456 664 540 698 per
573 654 910 700 interrogationem,
955 665 1040 698 per
1073 657 1402 700 comparationem,
1437 655 1701 698 infitiationem,

201 698 491 743 similitudinem,
517 700 787 735 admirationem
815 701 850 743 8,
875 702 909 742 5,
936 700 969 735 5.
999 712 1033 744 p.
1056 702 1262 748 allegoriam
1280 703 1315 746 6,
1338 705 1372 746 3,
1390 703 1448 738 69.
1474 714 1510 747 p.
1535 702 1702 749 ambages

198 748 236 789 3,
264 748 319 788 11,
345 747 402 780 23.
430 757 465 790 p.
493 747 756 792 ambiguitatem
778 747 813 790 6,
838 748 872 789 3,
898 746 955 780 51.
981 758 1015 790 p.
1043 742 1299 792 α’ποσιῶπησιν
1320 744 1355 792 8,
1385 750 1420 791 3,
1444 749 1502 784 85.
1536 760 1572 793 p.
1603 758 1702 782 com-

197 791 477 826 municationem
501 794 535 835 9,
565 797 598 836 2,
626 796 682 830 23.
730 804 788 828 res
812 802 846 834 p.
871 791 1139 827 similitudinem
1164 793 1358 828 attollimus
1394 801 1455 829 aut
1486 803 1522 837 p.
1556 803 1703 835 compa-

196 838 386 882 rationem,
411 845 471 873 aut
499 839 608 886 signis
638 839 738 884 quasi
763 839 927 884 quibusd.
951 841 1012 874 vel
1029 839 1264 875 translatione
1286 842 1322 884 8,
1345 841 1382 884 6,
1410 841 1466 876 68.
1492 850 1527 882 p.
1552 851 1703 875 enume-

196 884 393 928 rationem,
414 894 460 927 φ.
486 886 634 920 brevem
666 885 934 920 conclusionem
967 891 1142 920 testantur
1173 887 1218 930 5,
1257 885 1318 930 14,
1355 889 1411 921 11.
1459 886 1642 932 quaeritur
1664 895 1701 928 p-

198 932 441 974 conjecturam
467 938 502 966 et
531 932 735 977 qualitatem
762 936 797 975 7,
824 935 860 975 2,
887 932 921 967 6.
946 940 981 972 p.
1005 933 1255 967 contumeliam
1278 931 1314 976 4,
1341 937 1375 977 1,
1401 934 1455 968 11.
1481 934 1515 976 5,
1539 936 1575 975 2,
1598 934 1632 966 2.
1659 939 1698 974 Ρ.

196 977 457 1025 digressionem
483 977 518 1021 4,
543 982 578 1022 2,
610 981 663 1014 19.
688 989 724 1020 p.
750 989 908 1013 errorem
937 981 971 1022 7,
999 977 1034 1022 4,
1062 981 1118 1013 31.
1144 988 1180 1021 p.
1205 977 1457 1024 tt'wnoltvya'ow⁴
1475 979 1515 1020 5,
1547 980 1611 1021 10,
1639 979 1698 1014 59.

195 1033 232 1065 p.
259 1025 351 1058 hanc
379 1022 531 1071 figuram
556 1026 590 1068 4,
617 1029 650 1068 1,
678 1025 736 1060 64.
763 1035 799 1067 p.
827 1026 961 1059 flexum
985 1028 1019 1067 7,
1053 1026 1087 1067 9,
1121 1026 1157 1060 8.
1205 1035 1240 1066 p.
1280 1025 1552 1066 imprudentiam
1590 1026 1629 1067 1,
1662 1025 1698 1067 5,

195 1072 254 1105 53.
279 1080 312 1112 p.
339 1070 559 1105 incrementa
582 1077 653 1105 tarn
677 1073 819 1106 modica
845 1074 900 1114 10,
924 1071 958 1114 6,
982 1072 1014 1109 3,
1044 1080 1078 1112 p.
1099 1070 1365 1106 invocationem
1381 1072 1530 1112 deorum
1549 1069 1701 1112 spoliata

195 1127 217 1150 a
244 1120 410 1157 praetore
434 1120 566 1159 templa
590 1119 624 1160 6,
652 1121 684 1160 1,
713 1120 747 1152 3.
773 1128 807 1160 p.
833 1117 987 1152 ironiam
1010 1118 1044 1159 9,
1070 1119 1105 1159 3,
1129 1119 1185 1153 29.
1213 1126 1248 1159 p.
1273 1118 1391 1162 jocum
1429 1117 1464 1160 6,
1500 1119 1535 1160 3,
1568 1119 1626 1152 79.
1658 1125 1697 1158 Ρ.

193 1163 292 1208 leges
317 1163 354 1196 id
380 1163 458 1196 fieri
483 1175 557 1197 non
582 1164 740 1206 potuisse
765 1168 799 1207 7,
823 1163 859 1207 4,
886 1162 944 1200 14.
992 1164 1141 1197 scientia
1169 1163 1317 1198 videndi
1342 1171 1405 1198 etc.
1437 1172 1472 1206 p.
1498 1162 1701 1197 orationem

194 1208 379 1250 popularis
407 1210 649 1250 persuasionis
673 1213 714 1253 2,
752 1213 815 1254 15,
850 1212 906 1245 19.
955 1209 1116 1252 spiritum
1151 1221 1232 1245 cum
1262 1210 1415 1244 stridore
1447 1219 1481 1252 p.
1515 1209 1715 1256 rat-itatem·-

196 1254 357 1288 dentium
381 1266 454 1288 non
492 1256 670 1296 recipiunt
704 1260 768 1299 11,
804 1259 839 1299 3,
874 1257 930 1291 55.
977 1268 1064 1301 quas
1098 1255 1174 1290 dixi
1211 1266 1247 1298 p.
1279 1255 1590 1291 ratiocinationem
1619 1251 1699 1290 fied

193 1300 485 1342 amplificationes
516 1303 550 1344 8,
581 1301 617 1344 4,
657 1304 711 1336 15.
758 1309 962 1336 nostrorum
994 1302 1170 1336 dictorum
1199 1304 1448 1346 factorumque
1476 1300 1626 1335 imitatio
1659 1309 1697 1342 p.

194 1347 409 1382 relationem
435 1350 469 1388 9,
494 1349 528 1389 2,
555 1348 612 1382 59.
662 1349 758 1390 quod
786 1349 929 1381 schema
956 1347 1097 1391 quidam
1125 1357 1160 1389 p.
1186 1349 1451 1394 suggestionem
1483 1351 1617 1382 vocant
1650 1348 1696 1387 ib.

194 1395 251 1428 15.
281 1394 379 1437 quod
404 1391 533 1426 dicitur
556 1402 588 1434 p.
619 1393 859 1434 suspicionem
896 1394 931 1435 6,
971 1395 1006 1435 3,
1045 1395 1090 1427 88
1119 1405 1152 1426 v.
1190 1393 1428 1434 Suspicio.
1461 1390 1697 1436 (testimonio)

195 1440 363 1474 dicuntur
381 1443 441 1471 aut
467 1448 502 1480 1).
529 1440 665 1472 tabulas
691 1446 749 1473 aut
777 1451 797 1473 a
825 1438 1068 1480 praesentibus
1094 1439 1128 1481 5,
1155 1441 1190 1481 7,
1221 1441 1252 1472 1.
1279 1449 1477 1482 quanquam
1504 1438 1565 1472 hic
1591 1440 1697 1476 ludus

191 1495 229 1528 p.
257 1485 527 1520 translationem
550 1485 666 1519 dictus
690 1491 744 1519 est
761 1487 795 1528 6,
809 1487 844 1530 3,
865 1486 919 1519 51.
945 1494 981 1526 p.
1006 1484 1108 1520 vices
1130 1485 1224 1528 2,.5,
1236 1485 1270 1520 6.
1296 1494 1332 1527 p.
1357 1486 1494 1526 vinum‚
1519 1495 1698 1529 somnum,

192 1532 407 1567 dementiam
432 1533 466 1575 5,
491 1535 526 1576 7,
551 1532 608 1566 36.
633 1541 668 1573 ῐ).
693 1532 767 1567 vim
790 1528 824 1575 4,
849 1533 884 1574 3,
908 1529 943 1565 4.

286 1587 354 1631 IV)
384 1591 417 1621 in
438 1589 654 1632 jurando.-
680 1590 757 1632 jura
781 1598 848 1630 per
872 1587 1012 1629 patroni
1035 1587 1088 1623 tui
1113 1586 1251 1621 cineres
1274 1588 1311 1630 9,
1336 1589 1372 1632 2,
1394 1585 1451 1624 95.
1481 1587 1631 1631 jurando
1658 1597 1695 1631 p.
1725 1560 1728 1611 ⁴

190 1637 402 1672 interfectos
430 1634 468 1668 in
491 1636 707 1670 Marathone
733 1642 769 1670 et
793 1635 972 1669 Salamine
1007 1637 1051 1668 ib.
1077 1634 1135 1668 62.
1161 1646 1192 1667 v.
1218 1635 1344 1668 Juro.
1399 1679 1402 1682 ,
1458 1677 1461 1682 Ι

146 1681 327 1738 Perage·
371 1692 556 1739 peregisse
583 1693 671 1726 mihi
695 1693 825 1731 videor
848 1690 948 1726 sacra
971 1691 1187 1725 tradentium
1212 1695 1305 1725 artes
1329 1690 1365 1733 5,
1388 1689 1445 1734 1⁴,
1467 1693 1528 1730 27.
1550 1690 1604 1726 sic
1619 1689 1696 1726 erit

195 1741 234 1775 in
259 1739 445 1782 prooemio
471 1746 615 1781 peracta
638 1739 796 1773 narratio
820 1738 857 1781 4,
883 1742 917 1782 1,
945 1737 1003 1772 24.
1051 1736 1290 1771 altercationis
1316 1741 1508 1778 praecepta
1530 1741 1698 1780 poterant

191 1786 311 1822 videri
333 1792 420 1820 tunc
455 1785 749 1829 inchoanda,
783 1797 864 1820 cum
887 1783 1186 1831 peregissem
1214 1782 1333 1818 omnia
1356 1785 1390 1823 6,
1413 1781 1450 1826 4,
1482 1785 1514 1817 1.
1653 1799 1664 1810 ν

127 1832 348 1887 ,Ρθὼίὓθι
377 1847 517 1877 1ransl..·
562 1843 730 1877 Latinum
761 1840 1006 1886 (sermonem),
1039 1841 1122 1885 quia
1157 1841 1316 1882 pluribus
1350 1839 1390 1874 in
1420 1851 1490 1874 usu
1524 1845 1601 1884 est,
1633 1836 1698 1877 vel

178 1891 316 1971 ‹1113bilsv
326 1890 530 1970 ncorlenettibgs
555 1890 691 1934 (puer)
716 1889 880 1931 perbibet
907 1890 967 1934 (a.
993 1892 1014 1923 1.
1039 1887 1265 1937 Latinus-—
1299 1897 1339 1921 se
1371 1886 1560 1957 perhibet.)
1593 1890 1627 1932 1,
1661 1889 1707 1955 1,

297 1975 324 2003 i

145 1994 404 2036 percenseo.
453 2003 483 2038 si
510 2014 726 2046 percenseas
756 2002 898 2047 omnia,
932 2003 1032 2036 nulla
1053 2001 1098 2036 sit
1123 2012 1180 2034 ars
1205 2002 1260 2042 10,
1283 2002 1318 2044 2,
1344 2001 1379 2035 8.

145 2050 384 2105 perceptio·
443 2063 577 2096 nullam
602 2068 712 2096 artem
737 2061 836 2095 falsis
861 2059 1024 2095 assentiri
1047 2057 1294 2100 opinionibus,
1318 2057 1402 2102 quia
1426 2055 1593 2093 constitui
1615 2057 1697 2093 sino

193 2108 427 2150 perceptione
451 2108 510 2152 (α.
537 2113 556 2142 l.
583 2106 731 2151 praec.)
754 2119 827 2142 non
854 2106 986 2149 possit,
1023 2115 1114 2149 quae
1147 2114 1289 2147 semper
1310 2116 1399 2140 vera
1428 2105 1472 2138 sit
1498 2106 1534 2146 2,
1563 2107 1619 2147 17,
1649 2105 1709 2140 18·

194 2156 241 2189 Ν.
273 2162 303 2188 et
331 2156 368 2187 S.
418 2161 529 2188 artem
557 2161 724 2188 constare
749 2165 797 2188 ex
821 2151 1110 2195 perceptionibus
1140 2151 1203 2194 (a.
1229 2155 1251 2186 l.
1281 2149 1429 2195 praec.)
1462 2150 1696 2186 consentien-

194 2201 289 2234 tibus
318 2206 354 2234 et
382 2201 636 2235 coexercitatis
661 2202 704 2234 ad
732 2201 838 2234 finem
861 2200 958 2235 vitae
982 2198 1105 2231 utilem
1130 2199 1173 2231 ib.
1198 2195 1256 2231 41.
1283 2198 1332 2232 N.
1358 2211 1404 2231 cr.
1433 2204 1464 2235 et
1495 2198 1530 2230 S.
1706 2219 1707 2222 κ

147 2246 359 2301 percipio·
388 2258 429 2299 α’)
453 2258 525 2292 cito
545 2258 730 2299 percipere
745 2261 800 2300 11,
817 2260 851 2300 2,
867 2259 901 2295 2,
928 2255 987 2301 qui
1006 2256 1100 2288 hanc
1120 2260 1257 2296 partem
1278 2253 1487 2296 disciplinae
1504 2253 1695 2300 diligenter

195 2303 422 2345 perceperint
448 2307 481 2347 1,
512 2307 566 2346 10,
593 2307 626 2340 5.
655 2305 717 2338 illa
745 2314 902 2348 quoque,
926 2312 991 2344 per
1017 2313 1109 2344 quae
1137 2302 1181 2334 ad
1204 2301 1444 2344 eloquentiam
1471 2299 1697 2346 pervenitur,

195 2349 463 2396 diligentissime
482 2350 686 2392 percepisse
708 2353 742 2393 2,
766 2352 801 2392 3,
822 2350 854 2385 5.
879 2349 987 2382 facile
1011 2347 1198 2389 percipere
1223 2349 1256 2388 ¹1,
1281 2348 1315 2389 3,
1341 2350 1358 2381 1
1385 2357 1417 2382 υ.
1441 2345 1690 2382 Contineo.

195 2407 287 2439 quae
313 2393 496 2430 nonsatis
531 2397 735 2438 percepisse
769 2406 832 2430 eos
866 2401 1031 2437 putamus
1063 2395 1110 2436 8,
1144 2396 1184 2434 2,
1221 2391 1288 2434 24;
1324 2391 1542 2427 tenacissimi
1569 2401 1702 2429 sumus.

194 2452 342 2484 eorum,
375 2454 466 2486 quae
493 2443 640 2477 rudibus
665 2442 766 2476 annis
790 2441 1014 2483 percepimus
1041 2443 1074 2482 1,
1106 2443 1139 2481 1,
1163 2440 1196 2474 5.
1241 2437 1380 2472 minora
1411 2438 1518 2473 etiam
1547 2437 1702 2487 facilius}

193 2487 351 2521 minores
384 2488 587 2529 percipiunt
628 2492 660 2532 1,
696 2493 727 2532 1,
761 2492 820 2522 22.
870 2499 912 2522 ea
944 2496 1089 2530 quoque
1125 2484 1259 2526 percipi
1295 2486 1420 2528 posse,
1464 2493 1556 2528 «litae
1587 2485 1700 2520 sene&

193 2534 448 2574 concupissent
482 2537 536 2576 12,
576 2538 632 2577 11,
669 2536 724 2569 33.
773 2546 843 2577 an,
886 2532 1023 2567 etiamsi
1061 2531 1286 2565 discenda
1316 2530 1388 2564 sint
1414 2531 1525 2570 haec,
1560 2531 1701 2575 ‚eodem⁴

193 2583 356 2618 tempore
383 2586 500 2615 tamen
524 2581 655 2614 tradi
679 2580 800 2614 omnia
829 2586 865 2614 et
889 2577 1075 2621 percipi
1102 2577 1240 2618 possint
1274 2579 1306 2619 1,
1341 2579 1402 2618 12,
1439 2578 1471 2609 1.
1519 2577 1701 2616 prodesse*

197 2634 297 2665 eam,
332 2635 404 2658 non
427 2632 464 2659 ut
490 2633 628 2660 ceteras
653 2633 765 2668 artes,
791 2638 870 2660 cum
895 2629 1146 2667 perceptae
1171 2622 1261 2665 sint,
1286 2623 1350 2656 sed
1373 2632 1454 2655 cum
1479 2622 1699 2666 discatur,

196 2672 231 2711 1,
254 2672 314 2718 ι10,
338 2669 393 2704 34.
443 2672 595 2717 eligendi
623 2679 657 2706 et
684 2672 885 2707 collocandi
907 2671 1083 2705 rationem
1114 2668 1314 2710 perceperit
1347 2669 1402 2709 10,
1437 2670 1473 2717 J,
1507 2667 1550 2710 43
1597 2679 1691 2712 quae

196 2715 360 2748 sensibus
384 2718 628 2758 percipiuntur
655 2721 689 2760 5,
720 2722 774 2760 10,
802 2722 856 2752 12.
886 2717 957 2752 Ars
981 2717 1066 2758 erit,
1092 2712 1396 2759 ,quaedisciplina
1421 2714 1556 2754 percipi
1583 2715 1699 2748 debes

197 2764 233 2803 2,
261 2760 295 2803 4,
322 2763 355 2795 5.
403 2762 445 2805 ῥ’)
473 2765 640 2798 Gerund..·
666 2765 884 2798 celeritatem
910 2759 1128 2804 perci'piendi
1156 2764 1190 2803 1,
1215 2762 1271 2812 10,
1294 2758 1352 2794 34.
1388 2759 1444 2795 vis
1471 2757 1699 2814 percipiendj}

200 2809 236 2851 1,
258 2809 292 2851 1,
318 2809 351 2842 1.
377 2809 478 2844 velut
502 2818 627 2851 parum
653 2817 796 2853 apertos
820 2811 865 2844 ad
889 2808 1159 2852 percipiendum
1182 2815 1321 2840 ammos
1345 2807 1377 2849 1,
1407 2809 1442 2851 2,
1473 2808 1533 2842 28.
1550 2827 1551 2830 =
1567 2811 1694 2857 nequess

1726 1524 1728 1558 1
