1728 3002
153 251 237 292 204
600 246 942 292 Declamatorius
974 254 1024 280 —‘
1057 249 1241 294 Declino

198 362 263 404 10,
289 363 330 406 2,
356 363 412 399 21.
452 361 536 408 quid
559 363 751 408 praecipue
777 365 1072 400 declamatoribus
1096 364 1393 399 considerandum
1415 345 1462 400 si't
1482 365 1525 408 3,
1552 365 1599 408 8,
1627 364 1683 400 51.

197 409 455 443 declamatores
480 411 652 454 quosdam
674 422 846 455 perversa
872 411 968 446 ducit
990 410 1136 446 ambitio
1161 414 1218 454 10,
1245 414 1281 455 7,
1306 413 1364 446 21.

149 450 505 496 Declamatorius.
544 485 587 492 —
617 478 729 515 genus
753 467 897 502 dicendi
921 471 962 511 2,
988 471 1055 513 10,
1078 470 1113 505 9.
1149 489 1197 495 —-
1220 468 1444 504 consuetudo
1466 469 1510 513 5,
1533 470 1599 511 13,
1622 465 1683 502 46·

195 527 239 535 -
265 511 407 545 licentia
433 514 468 555 8,
497 516 531 556 3,
558 514 615 548 76.
655 535 702 540 --
723 526 782 548 res
805 513 840 557 4,
865 517 900 558 2,
928 517 1007 550 128.

148 552 404 598 DeclamitO·
442 570 671 606 declamitare
695 570 734 604 in
757 571 889 606 scholis
912 574 968 615 12,
995 574 1050 614 11,
1074 572 1130 607 15.

149 609 370 654 DeClafflO·
428 625 469 670 α)
502 628 701 662 declamare
727 629 836 663 modo
865 629 977 663 officii
1006 629 1061 663 sui
1094 630 1228 664 ducunt
1261 625 1455 673 (rhetores)
1487 629 1535 671 2,
1566 627 1613 670 1,
1645 627 1684 660 2·

195 671 343 704 crudum
369 678 428 706 aut
452 680 609 707 saturum
633 680 692 708 aut
717 674 854 709 ebrium
880 681 940 709 aut
964 676 1079 720 ejecto
1100 677 1209 710 modo
1231 675 1372 710 vomitu
1397 674 1596 708 declamare
1617 681 1686 705 ne·-

194 716 324 750 minem
347 721 403 761 11,
427 720 471 762 3,
495 723 553 756 27.
588 721 637 754 ita
654 720 839 765 superiore
861 723 944 756 loco
971 722 1121 766 quisque.
1139 721 1378 765 declamabat,
1405 725 1446 754 ut
1466 718 1684 764 praecedere

193 763 359 806 profectu
371 764 558 800 videbatur
574 770 607 810 1,
618 770 651 807 2,
664 770 722 802 23.
743 779 861 813 neque
876 768 969 802 enim
984 779 1079 802 nunc
1094 769 1331 802 declamemus
1345 769 1401 810 11,
1412 769 1445 809 1,
1455 767 1513 801 83.
1536 775 1582 798 an
1594 773 1686 799 vero

194 809 407 844 declamabit
428 811 571 856 quidem
593 819 824 857 praeceptor,
852 820 890 848 ut
913 814 958 848 sit
983 815 1151 858 exemplo
1175 814 1247 848 suis
1270 813 1489 847 auditoribus
1507 814 1542 854 2,
1567 812 1600 853 5,
1626 809 1684 844 16.

194 865 275 887 cum
299 867 371 889 una
397 857 679 893 declamabamus
703 860 737 902 6,
763 862 796 903 3,
825 862 882 895 73.
922 860 960 894 in
985 871 1048 903 eo,
1077 861 1260 905 quomodo
1285 860 1589 899 declamatur,
1615 865 1685 900 po-

193 900 299 934 situm
325 908 377 935 est
402 904 527 947 etiam,
559 907 742 950 quomodo
769 912 932 951 agatur
958 908 999 950 9,
1025 910 1059 949 2,
1085 908 1142 942 81.
1177 906 1237 940 hic
1261 906 1363 940 laus
1389 903 1506 939 omnis
1532 903 1686 937 decla-

192 953 281 980 mat
303 950 343 990 9,
371 947 411 986 4.
435 951 482 983 62
507 951 577 994 N.,·
617 953 819 986 declamare
843 953 1020 987 suasorias
1043 955 1087 996 3,
1114 954 1155 992 8,
1178 953 1237 988 61.
1273 957 1359 996 quot
1379 950 1491 985 millia
1515 958 1685 1000 passuuffn

193 994 451 1029 declamasset?
490 999 604 1031 Flav.
639 1001 814 1041 Virgin.
846 1002 909 1037 11.
943 1001 983 1043 3,
1016 1000 1093 1034 126.
1162 997 1202 1043 β)
1230 1001 1381 1032 Partic..·
1415 997 1618 1031 declamans
1643 1005 1684 1029 m

190 1040 341 1073 Pansam
366 1042 400 1083 8,
426 1044 461 1085 3,
488 1041 543 1076 54.
583 1044 812 1078 declamantis
836 1045 976 1079 habitus
1004 1049 1035 1088 1,
1059 1048 1094 1087 2,
1120 1047 1176 1079 31.
1204 1057 1237 1078 v.
1264 1044 1372 1079 Oro.
1410 1040 1683 1077 declamantium

190 1084 336 1119 licentia
363 1093 431 1131 atq.
462 1088 602 1123 inscitia
626 1093 669 1133 2,
699 1094 761 1134 10,
787 1093 821 1125 3.
859 1111 904 1116 —
928 1092 1022 1126 ratio
1048 1094 1104 1134 11,
1131 1094 1163 1133 1,
1188 1092 1244 1126 38.
1280 1090 1378 1135 quod
1400 1088 1592 1134 praecipue
1618 1087 1682 1121 de-

191 1132 424 1166 clamantibus
449 1135 720 1169 custodiendum
745 1143 799 1170 est
824 1140 880 1179 11,
907 1140 941 1180 1,
967 1139 1023 1173 55.
1060 1138 1318 1171 declamaturus
1333 1134 1368 1179 4,
1388 1139 1422 1178 1,
1438 1134 1498 1170 47.
1551 1133 1587 1179 y)
1614 1135 1680 1168 Ge-

192 1179 311 1211 ruml..·
342 1179 561 1214 declamandi
588 1182 755 1228 magister
778 1185 818 1224 2,
848 1186 889 1225 1,
915 1185 950 1217 3.
993 1202 1038 1207 -
1062 1183 1211 1217 scientia
1242 1194 1285 1216 ac
1310 1183 1462 1216 facultas
1488 1182 1532 1214 ib.
1557 1183 1590 1214 2.
1635 1197 1683 1206 -

190 1229 304 1256 totum
332 1234 421 1268 opus
446 1229 480 1268 2,
508 1229 563 1269 10,
588 1231 622 1262 7.
662 1245 705 1251 -
729 1228 820 1261 ratio
847 1230 959 1263 multo
982 1228 1167 1262 utilissima
1189 1231 1225 1272 2,
1251 1231 1307 1270 10,
1333 1231 1367 1262 1.
1394 1230 1430 1271 2,
1454 1227 1489 1270 5,
1516 1229 1548 1260 1·
1580 1225 1682 1259 illum

190 1269 413 1303 ambitiosum
438 1272 659 1306 declamandi
683 1275 851 1307 sudorem
874 1275 908 1317 6,
933 1274 976 1316 4,
1001 1276 1024 1309 6
1054 1277 1099 1308 Ν.
1143 1275 1201 1308 De
1223 1274 1375 1308 utilitate
1399 1279 1435 1307 et
1454 1272 1595 1307 ratione
1617 1272 1683 1304 de-

191 1317 366 1349 clamandi
390 1320 430 1360 2,
467 1316 553 1362 Cap.
580 1322 635 1353 10.
675 1320 719 1352 ad
744 1321 1012 1354 declamandum
1035 1321 1116 1354 ficta
1139 1319 1287 1354 materia
1311 1322 1346 1363 1,
1371 1321 1435 1363 10,
1458 1320 1515 1353 33.
1551 1318 1591 1352 in
1616 1318 1681 1352 de-

190 1362 376 1396 clamando
401 1375 506 1407 quam
533 1365 750 1399 simillimum
772 1377 852 1400 esse
877 1365 1022 1402 veritati
1047 1369 1102 1410 10,
1126 1368 1160 1410 5,
1187 1369 1246 1400 21.

142 1417 343 1480 ΒΘΟῙξὶΙὈ-
402 1431 455 1477 α)
488 1443 563 1466 non
593 1445 719 1467 manus
749 1436 865 1469 solum
893 1436 956 1469 sed
986 1439 1093 1469 nutus
1127 1444 1272 1479 quoque
1302 1433 1487 1468 declarant
1520 1436 1680 1466 nostram

188 1479 411 1511 voluntatem
439 1481 495 1520 11,
523 1481 557 1521 3,
583 1480 641 1514 66.
680 1492 772 1524 quae
796 1480 921 1525 (litera
946 1479 997 1525 C)
1022 1481 1168 1515 inversa
1192 1479 1380 1514 mulierem
1406 1479 1559 1513 declarat
1585 1480 1618 1520 1,
1643 1480 1679 1519 7,

189 1524 247 1557 28.
283 1526 395 1558 verba
418 1524 494 1568 ipsa
522 1536 588 1568 per
611 1537 650 1560 se
676 1528 859 1561 declarant
886 1526 1131 1571 (intellectum)
1158 1530 1201 1569 7,
1230 1529 1272 1570 3,
1301 1527 1358 1560 83.
1394 1525 1433 1559 in
1460 1522 1701 1558 declarandis*

188 1571 408 1613 temporibus
435 1574 476 1613 1,
500 1569 543 1614 4,
567 1570 602 1605 4.
668 1571 712 1617 β)
738 1574 810 1617 adj.
835 1576 977 1607 Alunt..-
1007 1585 1126 1618 neque
1157 1577 1252 1607 certa
1282 1571 1427 1606 incertis
1455 1571 1681 1622 declarantur

188 1617 221 1657 5,
254 1618 307 1657 10,
333 1619 367 1652 8.
401 1623 440 1651 ιιι
463 1617 558 1650 idem
580 1618 740 1661 pluribus
762 1619 914 1654 vocibus
938 1620 1121 1654 declarent
1144 1621 1199 1662 10,
1226 1621 1259 1661 1,
1285 1621 1340 1652 11.
1367 1623 1408 1651 ut
1430 1616 1575 1651 nomine
1598 1625 1678 1660 ipso

188 1662 388 1696 declaratur
414 1667 447 1706 1,
478 1666 533 1705 11,
563 1667 620 1699 17.
657 1676 697 1698 se
719 1686 766 1691 —-
790 1677 838 1700 ex
865 1665 1028 1700 omnibus
1052 1664 1197 1700 latebris
1221 1665 1397 1698 detractas
1420 1667 1679 1713 congestasque

187 1709 372 1743 declarant
399 1709 578 1753 (figurae)
601 1711 647 1753 9,
673 1714 710 1754 3,
740 1714 774 1746 5.
823 1713 920 1756 quod
950 1723 1032 1746 eum
1061 1711 1190 1746 merito
1217 1709 1348 1745 fecisse
1374 1709 1482 1744 etiam
1512 1708 1592 1752 ipso
1622 1717 1678 1742 rex

186 1754 332 1788 nomine
360 1757 476 1799 palam
500 1757 698 1790 declaratur
721 1759 756 1800 8,
783 1759 841 1792 Pr.
867 1761 922 1793 15.

141 1798 401 1842 Declinatio·
448 1813 482 1852 Ι)
508 1815 530 1845 i.
561 1827 593 1858 q,
620 1817 834 1857 evitatio,
863 1815 1081 1848 mutatio.-
1118 1832 1163 1839 —
1189 1810 1311 1847 brevis
1335 1822 1357 1845 a
1379 1809 1565 1856 proposito
1596 1810 1689 1856 (fig.'

187 1869 245 1900 ap.
274 1860 380 1891 Cic.)
409 1859 444 1900 9,
472 1862 504 1900 1,
529 1861 586 1893 32.
615 1859 673 1903 (a.
698 1865 719 1894 l.
747 1860 976 1908 dedignatio)
1001 1862 1044 1892 ib.
1067 1857 1124 1893 34.
1160 1859 1331 1902 quaedam
1353 1867 1429 1891 non
1451 1857 1501 1891 ita
1528 1868 1678 1904 magnae

185 1902 288 1937 vocis
313 1903 569 1938 declinationes
595 1908 660 1948 11,
685 1909 727 1948 3,
758 1907 813 1941 16.
888 1906 940 1948 11)
969 1908 1001 1938 in
1027 1907 1264 1940 Grammatico.
1323 1903 1365 1947 a)
1390 1905 1438 1937 de
1459 1903 1676 1945 flexione

184 1951 441 1983 verborum.-
481 1951 692 1985 mutationes
706 1978 716 1995 ,
757 1963 844 1996 quas
877 1952 1029 1986 afferunt
1052 1950 1244 1985 declinatio
1275 1955 1335 1984 aut
1359 1949 1598 1994 praepositio,
1635 1955 1677 1984 ut

185 2000 337 2038 secat,
380 1996 531 2030 secuit
561 2005 623 2030 etc.
651 2001 689 2040 1,
716 1996 760 2040 4,
796 2000 839 2031 13
868 1999 939 2041 Ν.;
993 2000 1217 2030 ηοηιὶηιιηιι
1258 1995 1448 2030 declinatio
1477 2007 1543 2040 per
1573 1997 1674 2030 eosd.

185 2041 326 2074 ducitur
346 2052 448 2075 casus
474 2045 506 2084 1,
530 2043 565 2086 9,
591 2045 625 2078 5.
659 2044 907 2078 declinationis
930 2045 1020 2079 ordo
1046 2045 1078 2086 1,
1102 2041 1137 2086 4,
1162 2044 1220 2078 29.
1254 2041 1473 2086 comparatio
1496 2042 1535 2076 iu
1557 2042 1677 2076 nomi·

182 2086 288 2120 nibus
314 2088 547 2131 deprehendit
572 2089 847 2124 declinationem
873 2094 914 2133 1,
940 2091 964 2125 6
1006 2089 1040 2124 5.
1084 2100 1176 2133 quae
1202 2087 1499 2122 declinationibus
1522 2098 1596 2123 non
1618 2094 1675 2122 te-

185 2138 316 2167 nentur
343 2133 393 2176 (i.
420 2147 448 2168 e.
479 2148 554 2168 non
580 2143 672 2169 sunt
696 2139 806 2169 satis
830 2116 1084 2178 manifesta)
1116 2138 1149 2178 1,
1172 2133 1208 2177 4,
1232 2137 1278 2170 27
1303 2135 1352 2168 N.
1388 2133 1533 2168 Graecis
1557 2134 1675 2186 nomi-

183 2179 288 2212 nibus
320 2179 477 2214 Graecas
505 2182 761 2216 declinationes
787 2184 872 2216 dare
898 2186 940 2225 1,
968 2183 1007 2225 5,
1033 2182 1090 2216 63.
1157 2180 1201 2225 β)
1228 2182 1252 2213 ἰ.
1281 2193 1312 2224 q.
1342 2181 1607 2214 derivatio.-
1634 2191 1674 2214 m

184 2230 336 2258 tractu
361 2231 396 2260 et
420 2227 744 2263 declinatione
771 2229 856 2262 talia
878 2234 980 2271 sunt,
1006 2226 1122 2272 qualia
1147 2238 1204 2271 ap.
1229 2225 1441 2260 Ciceronem
1464 2225 1674 2260 beatitas

183 2276 219 2303 et
246 2270 487 2306 beatitudo
511 2275 545 2316 8,
571 2276 606 2317 3,
631 2276 687 2310 32.
715 2275 795 2309 ead.
819 2274 870 2308 uti
888 2273 1139 2316 declinatione,
1168 2282 1238 2318 qua
1255 2271 1390 2305 Ennius
1405 2271 1459 2306 M.
1476 2270 1674 2318 Cethegum

185 2316 358 2351 Suadae
384 2320 631 2355 medullam
653 2327 762 2355 vocat
784 2324 819 2364 2,
847 2322 903 2364 15,
928 2319 984 2354 14.

138 2364 337 2413 ugolino·
394 2386 427 2429 l)
454 2389 478 2419 i·
504 2401 533 2432 q.
563 2391 638 2423 dev
649 2397 749 2423 erto.
799 2388 836 2430 α)
865 2402 962 2422 sensu
985 2390 1129 2421 Actium.-
1163 2385 1290 2431 optimi
1313 2395 1439 2419 sensus
1461 2399 1508 2408 —
1532 2392 1672 2437 memo-

184 2428 259 2461 riae
285 2440 370 2463 snae
397 2431 554 2467 intentos
587 2436 642 2468 ab
672 2436 741 2469 alia
764 2435 974 2469 inventione
999 2433 1177 2467 declinant
1202 2434 1266 2475 10,
1293 2433 1338 2475 3,
1367 2433 1424 2466 33.
1470 2429 1672 2464 dechnandi

185 2473 342 2508 criminis
369 2477 479 2522 gratia
504 2480 545 2521 9,
578 2483 622 2524 2,
657 2485 712 2515 12.
761 2482 846 2526 quid
870 2479 1272 2521 dissimulandum,
1309 2476 1393 2522 quid
1423 2475 1670 2510 declinan-

186 2521 306 2562 dum,
332 2525 652 2561 mutandumve
677 2527 723 2561 sit
748 2531 804 2569 12,
829 2528 863 2569 8,
890 2527 931 2568 5;
960 2526 1134 2570 quaedam
1157 2525 1351 2559 verborum
1373 2523 1507 2569 figurae
1527 2522 1670 2564 paulum

184 2565 306 2612 figuris
331 2569 583 2604 sententiarum
609 2573 832 2606 declinantur
859 2571 902 2615 (i.
927 2584 957 2607 e.
985 2572 1182 2613 distant)
1204 2571 1248 2613 9,
1273 2572 1316 2612 3,
1343 2570 1390 2604 88
1414 2568 1483 2607 N.‚·
1518 2568 1666 2599 Panic..-

184 2612 256 2645 hoc
278 2611 392 2645 oratio
417 2620 568 2657 recta,
595 2617 683 2651 illud
706 2619 819 2665 figura
843 2617 1087 2652 declinata
1112 2616 1339 2651 commendat
1362 2615 1427 2665 10,
1455 2614 1500 2654 5,
1524 2612 1564 2653 83
1602 2623 1669 2664 ne-
1700 2630 1702 2638 ·

185 2669 254 2701 ‘1¹¹e
278 2668 340 2701 ⁵1³³
364 2669 481 2702 ne‘lue
505 2667 601 2694 metu
628 2664 824 2698 declinatus
843 2663 1003 2705 animus,
1031 2672 1123 2706 quo
1147 2662 1293 2696 minus
1317 2665 1469 2703 optimus
1494 2668 1533 2690 se
1557 2663 1669 2700 partl-

184 2703 251 2737 bus
276 2703 439 2750 jungeret
463 2708 519 2748 12,
545 2709 578 2749 1,
604 2710 669 2750 163
705 2716 819 2744 aetate
842 2710 913 2754 jam
938 2708 1114 2743 declinata
1139 2707 1184 2752 (ι’.
1208 2720 1237 2742 e.
1261 2703 1418 2747 senili)
1447 2705 1502 2755 12,
1529 2705 1585 2745 11,
1610 2705 1668 2755 23.

182 2748 223 2793 β)
247 2762 341 2782 sensu
367 2754 526 2784 neutrali.-
562 2764 583 2786 a
607 2766 677 2797 qua
703 2754 814 2798 (recta
838 2754 910 2799 via)
940 2754 1119 2788 declinare
1141 2757 1176 2796 2,
1203 2754 1259 2795 13,
1285 2752 1341 2786 16.
1377 2750 1532 2783 declinet
1554 2754 1670 2783 oratio

184 2807 205 2827 a
229 2800 327 2829 recto
349 2795 477 2831 itinere
499 2796 545 2840 4,
578 2800 599 2832 3
614 2825 624 2841 ,
662 2798 718 2833 14.
758 2800 940 2844 plerique,
970 2801 1214 2844 desperata
1236 2797 1404 2832 facultate
1428 2793 1577 2841 agendi,
1615 2793 1685 2846 {¹¹¹¹

185 2840 389 2876 discendum
423 2843 478 2887 jus
508 2844 873 2881 declinaverunt
907 2848 973 2889 12,
1000 2848 1047 2888 3,
1080 2846 1115 2880 9.
1154 2843 1185 2879 si
1210 2844 1360 2879 deerunt
1382 2841 1471 2876 haec
1497 2841 1666 2882 remedia,
