1728 3002
118 159 201 197 436
663 154 831 204 instruo
858 180 915 188 —-
943 155 1124 214 Insurgo

163 276 199 313 7,
224 273 256 310 1,
281 270 325 305 62
346 270 394 303 N.
429 268 656 304 facultati
680 268 890 305 instrum.
914 272 1133 318 conjungere
1157 273 1191 316 5,
1207 274 1334 318 10,51.
1361 277 1533 320 (Ῑιιαθᾶειω
1556 278 1649 313 benc

162 317 427 351 dissimulantur
448 315 548 349 instr.
573 315 619 358 6,
644 313 690 358 4,
717 318 774 352 17.
823 317 998 358 ejusmodi
1031 318 1134 354 instr.
1158 320 1329 358 firmanda
1350 323 1413 357 vel
1435 324 1648 358 destruenda

163 367 205 408 5,
230 367 271 406 7,
291 363 353 443 ἐξ.
397 361 528 395 intueri
552 371 658 396 omne
679 361 752 395 litis
774 362 876 397 instr.
904 365 966 407 12,
990 365 1032 408 8,
1062 368 1118 400 12.
1157 366 1311 411 spectari
1335 368 1466 403 debent
1490 376 1525 404 et
1547 370 1649 404 instr-

160 415 195 453 7,
223 413 267 451 2,
340 434 348 442 .
1424 438 1425 441 η

115 455 298 498 Instruo.
336 462 376 506 α)
406 462 528 508 copias
557 463 734 498 instruere
759 465 814 507 12,
833 466 868 507 3,
885 465 919 499 5.
947 463 995 498 ita
1015 464 1187 501 instructa
1211 479 1304 504 nave
1328 472 1384 514 12,
1410 471 1468 504 Pr.
1490 452 1534 513 ἐς
1562 473 1648 506 nolo

160 525 198 547 se
220 512 304 546 satis
332 510 627 562 instructos,
662 509 690 543 si
716 521 823 554 quem
848 510 932 545 artis
956 511 1116 546 libellum
1140 515 1444 559 edidicerint,
1466 521 1595 560 putent·
1610 521 1647 561 2,

160 562 214 601 13,
244 560 299 592 15.
331 557 359 591 si
375 567 432 590 vis
455 555 518 590 illa
539 555 681 590 dicendi
708 555 882 590 malitiam
902 556 1114 592 instruxerit
1139 562 1194 603 12,
1217 563 1252 604 1,
1276 561 1320 604 13
1345 564 1368 596 i.
1384 575 1415 607 q.
1437 555 1646 597 instituio.-

161 607 204 639 ad
229 603 475 637 instruendum
500 600 587 645 (Sp.
618 602 728 636 instit.
755 604 797 636 de
821 603 926 646 conj.)
952 609 1131 638 oratorem
1155 607 1190 648 8,
1217 606 1250 648 6,
1274 610 1298 640 2
1321 609 1368 641 Ν.
1387 621 1434 642 cr.
1470 612 1650 643 oratorem

156 649 410 685 instruentibus
434 647 521 691 (Sp.
548 647 671 690 instit.)
698 651 742 682 ib.
754 650 810 684 28.
857 649 1128 693 β)αι1]“.ΛόΖαι..·
1155 650 1470 696 [pronuntiatio—
1493 659 1582 698 toto,
1607 660 1646 688 ut

156 699 266 738 aiunt,
285 704 420 741 organo
441 694 611 728 instructa
632 698 686 734 11,
701 696 736 737 3,
748 694 795 728 40
815 707 848 733 v,
862 695 1114 741 Organum]
1129 703 1182 731 tot
1194 709 1261 732 nos
1277 700 1580 744 praeceptoribus,
1591 706 1646 734 tot

157 741 335 787 exemplis
360 740 527 774 instruxit
552 740 740 784 antiquitas
765 743 821 782 12,
845 744 899 784 11,
918 745 986 783 223
1015 742 1142 785 quibus
1167 745 1328 788 inprimis
1351 743 1542 780 instructus
1567 757 1647 780 esse
1699 758 1701 760 ·

154 791 263 825 debet
292 793 413 822 orator
440 789 496 828 10,
523 789 556 827 1,
581 786 638 820 34.
675 786 883 833 cognitione
910 787 1157 823 instruendum
1182 793 1215 831 1,
1242 793 1298 834 10,
1323 791 1359 826 5.
1393 791 1566 840 exemplis
1588 791 1647 826 in-

153 835 300 870 struitur
323 837 357 875 2,
381 833 418 874 4,
437 835 493 867 20.
528 832 558 866 si
581 832 750 866 historiae
775 839 844 876 atq.
869 833 976 867 etiam
998 835 1109 881 magis
1132 836 1334 870 orationum
1357 837 1513 871 lectione
1537 837 1646 872 disci-

127 924 129 927 *
153 884 257 927 pulos
281 878 492 914 instruxerit
516 881 550 920 2,
569 878 602 919 5,
631 881 660 912 1.
697 879 835 913 dicendi
861 880 1011 921 ratione,
1040 892 1131 925 quae
1155 892 1229 915 non
1253 893 1377 917 eorum
1393 884 1500 917 modo
1527 883 1646 918 scien-

152 929 202 962 tia
226 935 287 961 etc.
322 926 499 959 studiosos
525 924 676 958 instruat
707 925 768 957 Pr.
796 927 854 960 23.
891 937 972 959 eum
997 926 1230 970 instruamus,
1265 940 1334 973 qua
1357 929 1515 972 ratione,
1548 931 1646 974 quod

151 973 326 1015 didicerit,
351 973 471 1004 facere
496 982 601 1015 quam
628 969 760 1014 optime
781 990 829 996 -·
852 972 964 1015 possit
989 975 1045 1015 10,
1075 978 1108 1016 1,
1140 972 1165 1007 4
1194 975 1239 1008 Ν.
1289 975 1323 1019 y)
1351 987 1381 1008 ο.
1403 979 1564 1019 Praepos.
1591 974 1645 1009 iul

151 1025 203 1055 vel
231 1024 296 1053 in:
330 1019 380 1051 ad
405 1017 440 1050 id
465 1016 591 1050 instrui
614 1019 712 1059 12,2‚
729 1018 783 1051 19.
813 1017 898 1051 satis
925 1020 978 1052 ad
1003 1019 1243 1063 eloquentiam
1263 1020 1456 1055 instructos
1476 1022 1511 1064 8,
1530 1022 1643 1065 Pr.2;

147 1078 235 1101 mun
257 1064 419 1110 protinus
447 1063 492 1097 in
520 1064 591 1096 hoc
619 1062 664 1096 sit
687 1062 904 1107 instructus,
941 1070 1011 1108 ut,
1045 1064 1131 1110 quid
1157 1065 1197 1100 in
1220 1077 1360 1112 quaque
1383 1077 1490 1102 causa
1512 1068 1645 1103 ducen-
1678 1069 1679 1072 ’

150 1116 233 1146 dum
257 1112 303 1145 sit
329 1122 379 1144 ex
405 1109 482 1152 his,
518 1109 607 1142 sciat
637 1110 677 1151 5,
709 1111 770 1150 10,
797 1111 876 1143 102.

102 1159 312 1201 Insuavis.
357 1184 398 1191 -
424 1165 632 1210 (translatio)
664 1167 700 1209 8,
724 1167 759 1209 6,
785 1166 820 1201 5.
859 1178 892 1201 v.
917 1165 1146 1203 Humilis.

101 1215 262 1259 Insula.
305 1224 363 1276 vir
384 1224 542 1275 eiusdem
569 1223 707 1257 insulae
731 1226 774 1266 3,
801 1226 840 1265 1,
867 1224 901 1258 8.
950 1223 1010 1268 qui
1036 1224 1316 1272 magnitudinem
1338 1224 1533 1260 insularum
1558 1225 1646 1260 satis

147 1271 338 1319 significari
370 1270 605 1314 navigatlouis
630 1269 763 1302 ambitu
787 1269 1016 1303 crediderunt
1042 1274 1058 1304 1
1076 1298 1087 1314 ,
1114 1274 1181 1313 10,
1208 1271 1265 1306 40.
1307 1271 1395 1317 [qui
1418 1289 1463 1297 —
1485 1273 1643 1306 Ithacam

146 1318 298 1353 insulam
321 1312 450 1357 νήσους
469 1311 565 1348 θοάς
591 1313 665 1358 (εἰσ
687 1318 730 1348 Ζ.
758 1317 800 1348 ‹le
825 1316 908 1358 conj.
915 1330 931 1358 ;
969 1317 996 1348 S
1005 1329 1039 1361 p.
1067 1313 1197 1361 νήσους
1223 1315 1318 1352 θοοῖς
1344 1314 1490 1360 ὀξείας)
1521 1316 1644 1352 dicunt

219 1365 229 1373 “
349 1362 382 1393 S.
404 1383 414 1395 .

100 1364 337 1458 Ῑηξίιῗεξίὲζι
370 1359 667 1460 rJeprehensiones
691 1416 900 1450 insulsitatis
925 1416 958 1458 5,
985 1418 1038 1459 13,
1064 1418 1119 1452 38.

100 1465 307 1510 Insuisus-
353 1486 368 1508 s
380 1485 399 1507 a
410 1475 422 1506 1
433 1485 448 1506 s
460 1485 483 1506 u
494 1484 528 1506 m
556 1473 624 1506 erit
638 1499 647 1515 ,
674 1475 768 1518 quod
789 1483 862 1507 non
887 1473 953 1507 erit
977 1473 1019 1506 in
1032 1474 1103 1506 sul
1115 1484 1211 1506 sum
1233 1473 1268 1515 6,
1280 1475 1315 1516 3,
1328 1474 1383 1508 19.
1411 1471 1642 1518 [prosapia

145 1523 240 1568 (Sp.
268 1521 534 1554 universam
559 1519 660 1563 ejus
684 1520 973 1563 prosapiam)
1001 1520 1174 1553 insulsum
1197 1521 1239 1562 8,
1265 1521 1305 1561 3,
1330 1520 1376 1554 26
1398 1518 1449 1564 8.]
1473 1519 1564 1553 nihil
1586 1525 1642 1555 est

143 1570 220 1611 his,
255 1579 346 1614 quae
369 1567 461 1600 sicut
485 1566 610 1598 salsa
643 1565 832 1609 dicuntur,
869 1565 1110 1599 insulsius
1134 1566 1168 1608 6,
1193 1567 1228 1608 3,
1256 1565 1313 1599 26.

100 1626 261 1669 lusum.
310 1633 351 1677 α)
383 1645 428 1667 ne
454 1632 537 1676 quid
563 1632 646 1666 insit
674 1633 782 1667 amari
806 1634 848 1676 9,
874 1635 916 1677 3,
945 1635 1002 1669 70.
1035 1634 1222 1680 -fulgorem
1247 1632 1384 1675 inesse,
1423 1630 1484 1676 qui
1506 1637 1641 1669 terreat

147 1686 204 1725 10,
233 1686 264 1721 1,
294 1683 352 1716 30.
389 1686 428 1712 ut
453 1679 588 1712 semina
613 1681 787 1723 quaedam
814 1680 890 1723 ejus
913 1679 1091 1713 facultatis
1119 1680 1279 1712 inessent
1301 1681 1346 1721 2,
1373 1679 1440 1719 20,
1465 1678 1498 1712 6.
1543 1677 1584 1724 ῥ’)
1609 1691 1640 1712 c.

145 1733 251 1764 Dat„-
277 1726 432 1760 ablativo
457 1725 523 1768 ipsi
549 1725 642 1758 inest
668 1725 835 1758 naturalis
860 1725 1074 1769 amphibolia
1096 1729 1131 1768 7,
1146 1726 1180 1768 9,
1197 1727 1252 1759 10.
1278 1721 1505 1757 dissimilibus
1519 1722 1639 1758 inesse

145 1774 260 1809 simile
290 1776 330 1815 5,
360 1775 423 1812 11,
457 1773 512 1805 30.
563 1772 681 1805 inesse
706 1771 950 1815 epichiremati
975 1763 1146 1814 apodixin
1173 1772 1206 1814 5,
1234 1772 1298 1812 10,
1323 1772 1356 1804 7.
1411 1774 1558 1803 naturae
1580 1781 1638 1804 ars

146 1820 252 1855 inerit
275 1821 319 1862 9,
343 1817 387 1860 4,
415 1820 492 1851 120.
529 1816 559 1850 si
584 1817 741 1851 numeris
765 1827 805 1850 ac
829 1818 947 1850 modis
974 1817 1111 1851 inest
1143 1817 1316 1860 quaedam
1342 1813 1449 1848 tacita
1475 1813 1555 1858 vis,
1588 1815 1639 1850 in

145 1867 306 1902 oratione
344 1870 413 1898 est
447 1861 761 1896 vehementissima
799 1864 841 1897 ib.
867 1865 932 1907 133
976 1864 1047 1898 hoc
1077 1863 1228 1907 injuriae
1258 1872 1370 1908 genus
1400 1860 1638 1895 verecundius

143 1914 237 1947 inest
260 1910 374 1956 passis
398 1920 501 1953 quam
526 1908 621 1941 ausis
650 1912 702 1950 11,
722 1912 752 1950 1,
770 1909 826 1943 84.
856 1908 926 1943 illis
951 1909 1009 1944 vis
1032 1908 1160 1943 mentis
1184 1913 1220 1942 et
1240 1907 1375 1943 veritas
1398 1905 1475 1950 ipsa
1496 1917 1658 1949 morum¹

145 1961 238 1994 inest
266 1959 307 1998 6,
331 1959 374 1998 2,
402 1956 458 1989 26.
500 1953 530 1987 si
553 1955 660 1988 rebus
685 1955 771 1998 ipsis
798 1954 948 1988 insimus
971 1956 1016 1997 6,
1043 1958 1086 1998 2,
1117 1956 1173 1988 32.
1222 1952 1260 1999 7)
1285 1966 1314 1987 ο.
1341 1951 1468 1996 praep.
1493 1954 1558 1986 in.-
1589 1953 1636 1987 in

144 2008 190 2040 Τ.
218 2002 324 2038 Livio
349 2002 467 2034 inesse
492 2002 667 2043 quandam
695 2000 967 2035 Patavinitatem
994 2002 1028 2043 8,
1056 2004 1088 2043 1,
1114 2002 1158 2038 3;
1194 1999 1240 2033 in
1263 1998 1439 2040 omnibus,
1467 2008 1559 2040 quae
1582 1998 1636 2032 di-

145 2052 217 2094 cit,
259 2055 354 2083 tanta
379 2047 571 2080 auctoritas
599 2046 693 2080 inest
722 2049 783 2089 10,
815 2049 830 2080 1
848 2072 858 2089 ,
885 2048 963 2080 111.
1009 2045 1100 2080 nihil
1126 2056 1199 2080 non
1223 2047 1354 2080 horum
1386 2042 1434 2076 in
1451 2044 1638 2079 ‘rhetorice

144 2098 265 2132 inesse
289 2098 323 2137 2,
349 2096 406 2135 17,
423 2092 480 2126 41.
510 2091 604 2126 inest
628 2094 738 2127 decor
760 2091 805 2126 in
828 2092 952 2127 habitu
976 2104 1018 2127 ac
1041 2093 1143 2128 vultu
1167 2092 1202 2134 6,
1227 2093 1262 2135 3,
1288 2093 1348 2132 123
1380 2088 1428 2122 in
1451 2087 1515 2123 illo
1537 2089 1636 2125 vidi
1706 2138 1711 2151 Ι

145 2144 239 2178 inest
265 2141 371 2185 ipse
395 2140 430 2181 9,
455 2141 490 2181 3,
518 2137 576 2173 46.

99 2188 287 2230 Insumo.
339 2195 528 2241 plurimum
556 2194 604 2228 in
628 2193 787 2228 consiliis
810 2205 853 2229 ac
875 2193 1017 2239 judiciis
1040 2193 1282 2228 insumebatur
1301 2201 1432 2235 operae
1460 2194 1504 2236 3,
1527 2191 1574 2237 4,
1600 2194 1634 2228 5.

144 2247 210 2281 vix
235 2244 356 2289 paucis
382 2242 506 2275 diebus
532 2241 694 2275 insumus
719 2242 753 2284 9,
783 2243 817 2283 3,
845 2243 902 2276 73.

100 2291 244 2332 Insuo.
294 2298 363 2346 Qui
386 2304 522 2343 patrem
547 2297 741 2341 occiderit,
775 2299 880 2332 culeo
904 2297 1066 2331 insuauu-
1086 2299 1122 2339 7,
1146 2295 1181 2337 8,
1207 2294 1244 2328 6.

100 2348 294 2402 Insuper·
343 2355 447 2390 novis
474 2354 542 2388 ins.
576 2354 671 2388 curis
704 2355 747 2397 6,
775 2353 835 2388 Pr.
867 2356 900 2388 3.
949 2364 1045 2387 nova
1069 2352 1137 2386 ins.
1175 2349 1262 2383 mihi
1296 2348 1357 2383 dili
1383 2348 1499 2383 entiae
1527 2360 1634 2384 causa

149 2403 303 2438 accessit
324 2401 359 2445 4,
382 2403 441 2436 Pr.
462 2404 479 2435 1
507 2405 551 2435 Z.
592 2399 721 2434 crescit
745 2400 944 2444 hyperbole
969 2399 1038 2432 alia
1062 2397 1130 2432 ins.
1157 2395 1274 2430 addita
1297 2397 1332 2440 8,
1382 2422 1392 2439 ‚
1416 2397 1474 2430 70.

100 2459 293 2514 Insurgo.
340 2472 374 2502 in
399 2470 558 2502 dicendo.-
585 2467 624 2509 α)
649 2468 818 2501 Horatius
843 2483 887 2491 —
909 2470 944 2500 et
968 2464 1119 2510 insurgit
1143 2448 1345 2508 aliquando,
1371 2468 1406 2496 et
1428 2463 1555 2507 plenus
1579 2467 1635 2497 est
1693 2488 1695 2490 -

146 2515 374 2559 jucunditatis
407 2520 443 2548 et
475 2514 608 2560 gratiae
651 2516 717 2556 10,
755 2516 794 2554 1,
831 2512 887 2548 96.
936 2511 1029 2556 Quid
1058 2508 1210 2554 denique
1234 2507 1525 2543 Demosthenes?
1558 2519 1633 2542 non

146 2561 296 2606 insurgit
323 2560 437 2595 locis?
466 2565 521 2603 12,
539 2563 594 2601 10,
609 2561 666 2593 23.
712 2557 756 2601 β)
780 2570 867 2602 quae
890 2558 1063 2590 dicuntur.-
1099 2555 1262 2603 augeri
1285 2556 1414 2588 debent
1437 2553 1634 2588 sententiae

149 2613 186 2640 et
211 2607 460 2650 insurgere
483 2609 518 2647 9,
544 2605 579 2649 4,
607 2607 664 2638 23.
701 2604 879 2638 imbecilla
900 2613 978 2637 vox
1003 2602 1140 2636 inhibet
1162 2602 1290 2643 multa,
1315 2606 1355 2635 ut
1381 2599 1632 2645 insurgere

147 2658 184 2686 et
208 2652 477 2685 exclamare
503 2654 557 2693 11,
583 2654 616 2691 3,
641 2653 694 2684 13.
731 2651 819 2683 haec
844 2648 996 2692 (figura)
1021 2658 1231 2682 crescere
1254 2648 1346 2680 solet
1367 2644 1488 2679 verbis
1516 2645 1634 2679 omni-
1696 2651 1698 2653 ’

148 2699 215 2732 bus
241 2696 344 2729 altius
370 2702 437 2739 atq.
467 2698 570 2729 altius
598 2695 956 2742 insurgentibus
980 2695 1015 2736 8,
1039 2693 1075 2736 4,
1099 2696 1155 2728 27.
1201 2692 1317 2736 Magis
1341 2691 1383 2724 in
1397 2683 1645 2735 su'rgebat„

150 2743 181 2777 si
203 2747 426 2784 verteretur,
451 2752 532 2774 nam
558 2743 666 2785 ptus
694 2747 899 2776 estsexa
923 2751 1026 2784 quam
1051 2738 1227 2774 bestias
1250 2739 1285 2780 9,
1308 2735 1342 2779 4,
1365 2734 1430 2778 443
1468 2735 1631 2771 omnibus
1675 2775 1682 2780 ι

1726 1155 1728 1167 1

1726 1169 1728 1180 t
