1728 3002
78 172 164 211 414
476 231 479 237 .
546 168 731 213 Incisum
759 194 816 202 —
845 170 1154 229 Incompositus

124 281 392 329 incipientibus
411 283 527 319 danda
560 285 628 320 erit
658 287 760 322 velut
785 287 1024 330 praeformata
1047 287 1195 324 materia
1221 291 1416 327 secundm
1443 293 1616 340 cujusque

122 332 221 368 vires
243 334 288 375 2,
313 333 359 375 6,
387 333 420 366 5.
456 331 707 375 incipientibus
736 333 880 368 brevius
905 345 948 368 ac
971 334 1166 379 simplicius
1187 336 1281 370 tradi
1306 338 1418 386 magis
1444 342 1617 376 convenit

123 380 160 422 8,
186 379 244 412 Pr.
273 381 305 412 1.
326 380 360 412 3.
385 377 415 411 si
437 383 557 411 manet
583 379 719 422 eadem,
747 391 836 423 quae
859 380 928 414 fuit
950 380 1213 425 incipientibus,
1238 382 1428 419 difficultas
1448 389 1503 430 10,
1517 390 1552 431 7,
1570 387 1615 430 4;

123 423 464 468 incipientibus
491 429 551 458 aut
576 425 720 468 paulum
743 427 1015 472 progressis
1039 427 1090 470 (in
1115 428 1281 473 oratione)
1305 433 1362 474 11,
1385 432 1421 474 3,
1445 431 1524 468 149.

75 472 277 514 Incisum-
313 480 449 524 incisa,
481 492 572 526 quae
596 480 773 525 κόμματα
798 482 962 517 dicuntur
986 485 1021 527 9,
1044 482 1080 528 4,
1105 487 1164 519 22.
1199 486 1246 519 In
1257 485 1403 521 cisum
1429 478 1497 522 erit
1522 500 1616 524 sen-

124 540 201 563 sus
225 539 301 562 non
325 529 474 571 expleto
498 538 647 561 numero
675 530 884 573 conclusus,
918 530 1098 574 plerisque
1123 542 1205 574 pars
1231 533 1427 567 membri
1464 537 1511 571 ib.
1536 538 1616 570 122.

125 574 241 610 estin
264 574 446 616 verbis,
478 572 679 617 incisis,
706 575 936 618 membris,
961 576 1174 619 periodis
1201 578 1390 622 (junctura)
1416 582 1460 613 ib.
1476 582 1532 615 32.
1557 573 1616 615 44.

124 633 200 655 non
238 621 347 657 modo
383 620 583 653 membra
616 626 686 664 atq.
718 621 884 656 incisa
918 623 1009 656 bene
1035 622 1194 666 incipere
1226 630 1330 669 atque
1355 626 1451 660 cludi
1474 633 1616 671 oportet

122 671 166 702 ib.
193 668 249 702 67.
284 666 374 700 fiunt
398 671 434 700 et
453 665 599 713 singulis
623 667 745 702 verbis
767 667 882 702 incisa
903 671 948 707 ib.
975 671 1054 704 122.
1086 668 1232 704 incisa
1255 677 1292 705 et
1314 673 1512 707 membra
1533 673 1613 708 fere

121 714 236 749 mixta
264 719 361 748 sunt'
380 715 423 747 ib.
454 715 533 747 123.

71 761 226 852 Incitg·
271 770 371 815 ipsos
400 768 461 815 (α.
485 773 509 804 ῖ.
532 768 571 804 in
593 767 679 815 ips.)
719 768 864 805 interim
899 770 1035 816 judices
1065 771 1188 808 incitat
1234 772 1434 819 (iracundia
1466 774 1614 820 actoris)

118 821 140 854 6
154 844 164 857 ,
225 819 318 860 ,-10.

70 863 277 908 Inclamo.
314 871 510 918 [paululum
535 872 667 918 aliquid
694 873 887 909 inclamare
911 875 980 920 (Z.
1008 874 1276 919 inclinare)·ad
1301 877 1525 922 voluptatem
1547 890 1613 911 au-

119 922 293 956 dientium
316 923 352 963 2,
380 922 436 963 10,
464 922 509 953 10
532 919 651 964 N.cr.]
680 921 779 965 quasi
802 922 1083 956 inclamaret
1107 928 1166 956 aut
1190 927 1446 958 testaretur
1469 925 1611 959 locutus

122 975 177 1004 est
205 971 261 1010 11,
286 968 320 1010 3,
347 968 425 1000 172.
458 976 592 1000 nomen
618 967 857 1002 inclamabant
886 971 995 1003 Coez.
1019 968 1055 1012 4,
1079 971 1114 1012 2,
1141 968 1220 1003 124.

69 1014 315 1058 lnClinatiO·
362 1022 397 1067 I)
423 1025 578 1067 proprie.-
614 1044 660 1051 -—
687 1025 846 1069 corporis
876 1028 909 1068 1,
934 1028 992 1069 11,
1020 1026 1076 1060 16.
1112 1044 1156 1051 -
1183 1026 1334 1060 laterum
1360 1026 1465 1061 fortis
1486 1038 1529 1062 80
1551 1027 1612 1063 vi-

116 1073 194 1107 rilis
218 1074 261 1104 ib.
274 1071 329 1105 18.
353 1089 399 1096 —
419 1069 658 1104 incumbentis
680 1070 719 1104 in
741 1071 986 1105 mulierculam
1009 1072 1134 1106 Verris
1161 1074 1216 1112 11,
1239 1074 1275 1116 3,
1289 1073 1348 1108 90.
1395 1074 1447 1117 ΙΙ)
1469 1078 1609 1108 transl..-

115 1116 368 1154 inclinationes
392 1115 496 1150 vocis
522 1119 561 1150 11
577 1142 587 1159 ,
612 1119 656 1160 3,
687 1117 774 1159 1683
814 1121 836 1150 i.
862 1131 891 1162 q.
920 1122 1179 1152 conversio.-
1205 1118 1263 1152 alii
1290 1119 1498 1162 (communes
1521 1121 1610 1164 loci)

117 1167 162 1200 ad
185 1164 295 1198 totius
321 1173 448 1196 causae
475 1161 746 1197 inclinationem
769 1162 951 1208 (faciunt)
975 1166 1018 1207 5,
1044 1166 1110 1207 13,
1138 1166 1182 1199 57
1194 1177 1203 1207 ;
1246 1166 1289 1198 ιΙε
1310 1169 1498 1200 voluntate.-
1522 1165 1608 1200 incl.

60 1231 63 1233 Δ
112 1211 272 1256 judicum
301 1209 354 1242 ad
379 1217 446 1241 nos
470 1208 602 1251 petitur
623 1209 728 1243 initio
752 1209 913 1254 parcius,
944 1221 1024 1244 cum
1048 1211 1132 1244 satis
1155 1210 1201 1244 sit
1226 1211 1363 1245 admitti
1385 1212 1422 1256 6,
1447 1214 1480 1256 1,
1503 1214 1563 1247 20.

65 1256 250 1299 Inclino.
288 1269 322 1310 I)
345 1269 501 1310 proprie.-
537 1265 710 1299 inclinato
743 1265 791 1299 in
820 1267 987 1300 dextrmn
1011 1268 1125 1311 capite
1153 1270 1218 1311 11,
1241 1269 1284 1311 3,
1310 1269 1392 1306 119.
1445 1279 1522 1313 cap.
1556 1268 1609 1303 in

111 1317 205 1350 latus
227 1314 401 1347 inclinato
426 1314 468 1345 ib.
493 1312 552 1347 69.
586 1310 753 1343 inclinata
777 1311 947 1345 utrolibet
974 1313 1102 1347 cervix
1128 1317 1160 1355 1,
1189 1316 1244 1355 11,
1269 1315 1303 1348 9.
1336 1314 1482 1357 paulum
1502 1313 1609 1348 incli-

111 1366 217 1396 natus
241 1356 399 1403 (digitus)
427 1359 482 1398 11,
506 1359 540 1398 3,
562 1355 619 1391 94.
654 1355 785 1400 pollice
812 1355 907 1390 intus
937 1356 1106 1391 inclinato
1129 1358 1172 1392 ib.
1195 1359 1252 1393 99.
1287 1357 1335 1391 in
1348 1358 1520 1392 clinari
1553 1360 1606 1393 ad

112 1407 268 1453 judicem
300 1417 376 1448 opp.
408 1401 654 1436 reclinari
682 1402 727 1435 ad
749 1412 833 1435 suos
868 1405 912 1439 ib.
942 1405 1022 1436 132.
1082 1404 1134 1446 Π)
1161 1407 1276 1436 transl.
1324 1402 1366 1447 α)
1402 1407 1532 1438 transit.
1563 1407 1607 1439 de

110 1466 213 1488 voce.-
249 1451 409 1497 epilogus
434 1469 482 1475 —-
510 1448 540 1482 si
565 1448 653 1489 (ad)
680 1448 874 1491 placandos
898 1448 1050 1492 (judices
1075 1456 1122 1482 est
1147 1448 1428 1493 accommodatus)
1451 1450 1606 1485 inclina-

109 1506 183 1534 tam
208 1498 384 1543 quandam
413 1494 595 1528 lenitatem
619 1492 821 1538 (desiderat)
850 1497 906 1538 11,
930 1496 965 1537 3,
992 1497 1080 1537 17ος
1119 1497 1140 1529 ι’.
1165 1508 1196 1540 q.
1221 1507 1304 1528 com
1315 1507 1483 1530 moveo:
1511 1497 1606 1539 judi-

110 1557 191 1581 cem
213 1543 363 1578 inclinat
381 1540 565 1574 miseratio
591 1539 638 1583 4,
665 1543 707 1582 1,
736 1538 799 1580 14;
845 1542 869 1573 ἰ.
896 1553 927 1586 q.
952 1539 1144 1582 srango:
1190 1540 1221 1574 is
1253 1540 1464 1582 (Demetrius
1487 1544 1604 1587 Phaz.)

108 1592 246 1638 primus
275 1588 467 1623 inclinasse
496 1585 736 1631 eloquentiam
761 1585 890 1620 dicitur
914 1588 970 1629 10,
997 1589 1029 1628 1,
1054 1587 1110 1621 80.
1165 1584 1215 1631 β)
1241 1589 1424 1621 intransit..·
1460 1590 1604 1632 paulum

109 1637 245 1683 aliquid
275 1634 450 1670 inclinare
483 1634 540 1677 (S
546 1646 580 1678 p.
615 1631 835 1676 inclamare)
876 1633 933 1667 ad
963 1633 1186 1678 voluptatem
1211 1632 1428 1667 audientium
1463 1637 1511 1679 2,
1545 1637 1603 1679 10,

59 1728 254 1773 Includo.
291 1740 324 1772 ἱη
349 1736 511 1771 dicendos
544 1734 574 1769 si
599 1735 778 1779 aperias
802 1736 906 1778 haec,
935 1746 1027 1780 quae
1052 1735 1168 1770 verbo
1190 1745 1265 1769 uno
1289 1733 1476 1770 inclusa
1501 1742 1605 1771 erant

108 1789 151 1831 8,
179 1789 223 1830 3,
249 1786 306 1820 68.
346 1794 464 1828 neque
489 1780 545 1815 his
569 1781 682 1815 tribus
707 1781 807 1827 quasi
829 1781 955 1816 formis
984 1781 1123 1815 inclusa
1146 1781 1351 1826 eloquentia
1373 1786 1428 1816 est
1453 1784 1520 1825 12,
1547 1785 1604 1826 10,

105 1835 173 1877 66;
208 1830 345 1866 nonin
373 1828 642 1862 -inclusa
668 1828 891 1864 breviter
921 1827 1141 1872 urbanitate,
1164 1829 1231 1862 sed
1254 1827 1293 1861 in
1320 1828 1477 1872 quodam
1498 1829 1604 1864 lon-

106 1880 247 1927 giore
277 1883 362 1911 actu
394 1876 430 1918 6,
455 1877 490 1918 3,
517 1873 574 1908 43.

58 1924 350 1972 Incolumitas.
386 1930 666 1967 incolumitatem
690 1930 767 1975 ejus
794 1929 919 1975 (patris
943 1928 1136 1974 desertoris)
1165 1935 1262 1974 optat
1283 1931 1320 1973 9,
1341 1933 1378 1974 2,
1403 1930 1462 1966 85.

59 1980 394 2024 Incommodum·
442 1989 670 2023 incommoda
695 1987 792 2022 vitae
816 1989 851 2031 5,
873 1990 929 2030 11,
949 1988 1007 2022 38.
1043 1987 1074 2021 si
1097 1989 1160 2023 vel
1185 1987 1263 2021 aliis
1289 1986 1599 2031 incommodis,

103 2041 166 2075 vel
189 2035 441 2083 praesenti
466 2034 708 2080 periculo,
732 2034 794 2068 vel
818 2033 1109 2078 poenitentia
1132 2033 1276 2068 videtur
1296 2034 1382 2067 satis
1403 2043 1599 2077 poenarum

103 2085 246 2120 dedisse
283 2087 329 2126 7,
361 2083 410 2125 4,
445 2083 501 2116 18.
553 2091 619 2115 nos
650 2080 878 2113 incommoda
917 2090 965 2114 ex
1000 2079 1045 2113 iis
1079 2096 1125 2102 —-
1150 2079 1307 2113 materiis
1335 2085 1601 2124 consequentur

101 2136 137 2175 2,
158 2134 214 2173 10,
235 2130 290 2164 14.
318 2126 597 2163 inemendabilia
621 2125 694 2160 oris
718 2125 886 2159 incomm.
916 2126 1107 2160 obstabunt
1135 2129 1192 2168 11,
1217 2128 1252 2168 3,
1276 2128 1332 2159 12.
1371 2126 1442 2158 duo
1466 2125 1600 2169 pariter

102 2177 287 2212 subierunt
308 2175 476 2209 incomm.
502 2174 536 2216 5,
563 2175 618 2215 10,
646 2174 724 2206 100.
758 2173 830 2205 hoc
853 2172 946 2206 solet
973 2171 1190 2205 incommodi
1215 2172 1378 2206 accidere
1403 2170 1456 2205 eis
1481 2173 1538 2214 10,
1561 2174 1598 2215 2,

101 2226 160 2259 23.
199 2221 439 2256 incommodis
466 2219 735 2264 repugnandum
763 2220 827 2262 10,
851 2220 893 2260 3,
922 2218 978 2252 28.
1020 2229 1069 2251 ex
1095 2229 1163 2262 qua
1193 2215 1345 2260 (poena)
1374 2216 1491 2250 minus
1519 2217 1596 2250 in-

100 2267 334 2303 commodi
370 2272 649 2307 consecuturus,
689 2275 795 2308 quam
819 2275 868 2298 ex
891 2264 988 2297 facto
1019 2262 1185 2309 gaudii
1217 2266 1258 2305 7,
1286 2266 1331 2305 2,
1360 2261 1417 2296 42.
1466 2262 1497 2296 si
1519 2262 1598 2306 ipsa

100 2326 177 2350 vox
201 2314 310 2348 fuerit
337 2325 471 2355 sana,
498 2312 535 2345 id
555 2316 625 2353 est,
652 2312 789 2343 nullum
814 2320 958 2351 eorum,
985 2310 1030 2343 de
1055 2309 1183 2352 quibus
1204 2309 1313 2342 modo
1337 2308 1456 2351 retuli,
1481 2309 1598 2352 patie-

100 2366 160 2394 tur
191 2360 534 2394 incommodum
569 2360 635 2400 11,
660 2358 703 2398 3,
732 2358 790 2390 32.
831 2355 1135 2389 incommoda
1161 2353 1305 2388 vitantis
1332 2357 1368 2397 7,
1395 2353 1439 2398 4,
1467 2357 1522 2388 10.
1561 2367 1596 2388 v.

99 2406 412 2440 Commodum.
448 2413 704 2446 nonnunquam
729 2412 837 2445 posse
859 2401 1039 2435 dicentem
1059 2399 1145 2444 ipsis
1168 2399 1404 2434 incommodis
1427 2401 1519 2435 bene
1542 2400 1596 2435 uti

99 2455 158 2494 11,
185 2455 218 2493 1,
242 2453 298 2485 83.
334 2451 430 2495 quod
452 2450 530 2484 fieri
556 2459 812 2492 nonnunquam
836 2447 976 2480 minore
999 2444 1229 2480 incommodo
1256 2449 1312 2489 12,
1336 2448 1372 2489 3,
1396 2449 1433 2480 2.

52 2495 367 2539 Incommodus·
414 2507 642 2541 incommoda
665 2505 790 2540 turbae
813 2502 1030 2538 conflictatio
1045 2504 1080 2545 3,
1094 2504 1129 2546 8,
1142 2503 1200 2537 29.
1225 2503 1322 2546 qnod
1338 2513 1419 2537 cum
1441 2513 1594 2549 super-

97 2563 294 2588 vacuum
320 2558 397 2595 est,
435 2559 511 2586 tum
533 2553 579 2586 in
593 2551 879 2586 commodum
901 2548 1090 2594 aliquando
1118 2551 1151 2593 1,
1173 2552 1209 2593 7,
1235 2549 1294 2583 16.

50 2595 416 2652 Incomparabilis-
462 2626 509 2634 --
531 2608 700 2656 magister
724 2610 758 2651 1,
781 2609 816 2648 2,
840 2608 900 2644 11.

47 2654 349 2708 IncompOSite·
380 2665 570 2699 horride
595 2671 701 2709 atque
726 2663 926 2707 incomp.
950 2661 1040 2696 illud
1064 2661 1270 2699 extulertmt
1297 2662 1354 2703 10,
1377 2662 1413 2703 2,
1438 2662 1496 2694 17.

46 2710 373 2765 Incompositus.
416 2724 449 2762 1,
473 2721 507 2763 5,
527 2722 583 2755 65.
632 2724 664 2753 fn
679 2722 829 2753 dicendo.
868 2718 910 2763 a)
936 2721 979 2752 «ιε
993 2721 1110 2751 rehu..-
1135 2716 1264 2751 fortius
1288 2716 1372 2760 quid
1396 2715 1587 2760 incomp.

92 2774 339 2815 potestesse,
367 2777 476 2813 quam
502 2766 715 2802 vinctum
738 2771 774 2800 et
798 2766 920 2799 bene
946 2765 1243 2798 collocatum
1265 2761 1300 2805 9,
1327 2762 1365 2806 4,
1387 2761 1411 2796 6
1438 2766 1482 2796 Z.
1514 2773 1587 2798 ru-
