1728 3002
566 182 789 254 Improbus
818 220 885 238 —.
903 196 1078 252 Impune
1509 197 1596 236 407
1631 188 1633 191 ⁴

107 321 145 357 et
164 317 409 359 receptum
432 310 516 355 sit,
537 315 573 345 et
595 309 815 356 Chrysippus
837 320 929 345 non
952 308 1199 357 improbet
1226 312 1261 351 1,
1283 310 1319 354 3,
1346 307 1401 344 14.
1435 307 1467 343 si
1493 307 1587 353 quis,

106 366 154 395 u't
177 368 299 406 perum
323 364 482 400 rectum,
514 355 691 401 improbet
717 367 807 401 opus
834 359 880 400 2,
903 358 968 399 13,
990 359 1048 392 10.
1093 368 1216 391 curam
1242 363 1305 390 etc.
1344 360 1392 389 ut
1423 354 1585 389 affectata

103 406 308 452 improbare
335 408 401 447 11,
425 406 460 447 3,
483 405 550 446 103
585 403 824 448 probanda
849 408 954 446 atque
978 402 1292 447 improbanda
1314 404 1350 444 2,
1371 403 1408 444 2,
1434 403 1488 435 11.
1527 399 1585 434 in-

104 451 315 487 clinationes
348 449 474 492 vocis,
511 459 599 493 quas
619 448 776 484 invicem
810 449 916 482 Dem.
939 453 1009 494 atq.
1031 449 1231 484 Aeschines
1261 446 1583 492 exprobrant,

103 509 179 533 non
200 497 283 532 ideo
308 495 634 540 improbandae
660 498 716 538 11,
741 497 776 535 3,
802 494 882 529 168.

58 553 298 610 ImprobUS·
333 561 375 608 α)
402 575 431 597 ο.
454 563 646 597 Nomina-‘t
677 572 759 606 spes
781 561 961 605 improbas
984 563 1042 606 12,
1070 563 1103 605 1,
1130 562 1185 596 13.
1222 561 1420 606 perfricare
1439 558 1583 603 faciem,

105 617 143 646 et
164 610 266 655 qnasi
281 602 488 654 ‘improbam
510 609 629 642 facere
664 610 706 642 11
722 633 733 650 ,
761 609 805 651 3,
837 608 914 642 160.
958 606 1012 652 β)
1041 610 1240 651 simpliciter.
1286 605 1323 650 a)
1348 609 1391 639 de
1412 609 1580 650 personis.-

102 656 258 702 improbi
282 663 367 700 opp.
383 654 472 689 clari
491 653 563 689 viri
589 656 624 696 2,
645 652 682 697 4,
705 656 763 687 20.
799 653 1040 698 improborum
1064 654 1200 688 scelera
1223 655 1280 696 12,
1302 656 1335 696 1,
1360 654 1416 686 26.
1442 651 1583 686 medio-

101 702 212 737 criter
235 700 406 745 improbis
431 703 496 742 12,
520 702 557 742 7,
583 701 638 732 11.
670 711 751 733 cum
778 710 877 742 eum,
902 699 962 743 qui
986 698 1031 732 sit
1057 698 1320 743 improbus,
1346 698 1580 732 latronem

98 767 149 775 —-
170 747 319 782 dicimus
341 743 595 791 (amplificatio)
616 745 651 788 8,
675 744 711 788 4,
734 748 768 779 1.
802 745 1082 789 improbissimus
1107 745 1256 797 quisque
1280 747 1314 788 1,
1325 744 1360 787 8,
1374 747 1433 778 21.
1477 742 1514 785 b)
1538 745 1582 777 de

101 795 224 828 rehu
255 792 425 838 qualitate
447 790 722 834 (excutiuntur),
758 802 804 825 an
838 790 1114 833 inhonesta,
1146 789 1332 834 iniqua,
1367 789 1581 833 improba

102 846 166 874 etc.
191 839 226 883 5,
253 841 311 882 13,
334 838 390 874 19.
425 837 555 872 offerre
578 847 681 870 suum
703 836 976 880 (jusjurandum)
1002 836 1079 870 sine
1105 836 1166 870 illa
1189 835 1417 879 condicione,
1457 840 1496 869 ut
1518 836 1582 870 vel

103 885 326 920 adversarius
351 885 465 927 juret,
495 884 574 917 fere
599 882 799 926 improbum
821 888 876 916 est
899 883 939 925 5,
967 883 1009 925 6,
1036 885 1069 916 1.
1117 893 1185 916 nec
1207 881 1405 926 improbum
1427 880 1490 924 sit,
1514 891 1582 924 pro

104 930 211 964 simili
241 929 378 975 accipi,
414 929 510 974 quod
539 930 619 972 plus
651 927 697 962 sit
727 931 771 971 7,
806 929 848 971 1,
879 928 949 971 613
997 928 1095 974 quod
1123 928 1234 963 multo
1263 932 1358 962 esset
1385 926 1581 971 improbius

100 976 138 1018 9,
162 978 199 1018 2,
222 978 281 1009 22.

57 1017 335 1076 Imptoprius.
368 1029 410 1073 a)
433 1042 464 1063 c.
487 1030 676 1063 Nominiba
698 1040 768 1064 nec
791 1028 922 1074 impr.
946 1041 1016 1064 nec
1036 1029 1318 1064 inusitatum
1339 1039 1471 1063 nomeu
1492 1028 1530 1071 8,
1544 1026 1580 1071 4,

106 1077 163 1111 16.
189 1082 314 1120 tropus
336 1081 390 1110 est
411 1074 677 1109 rarissimus
701 1081 737 1109 et
764 1075 969 1111 maxime
991 1076 1118 1120 impr.
1142 1076 1225 1119 8,6,
1240 1077 1298 1111 37.
1327 1074 1450 1109 verbis
1474 1073 1581 1118 impr.

105 1123 152 1165 8,
173 1123 220 1165 3,
243 1123 299 1157 57.
345 1121 396 1165 β)
420 1124 629 1163 simpliciter.-
658 1120 853 1166 impropria
879 1134 957 1166 opp.
984 1122 1167 1166 proprium
1190 1125 1234 1165 2,
1257 1122 1299 1165 5,
1326 1123 1383 1155 10.
1427 1132 1485 1164 ap.
1513 1130 1582 1153 nos

105 1166 446 1212 improprium,
473 1164 652 1209 ἄκυρον
674 1179 728 1211 ap.
754 1167 911 1201 Graecos
934 1173 1084 1202 vocatur
1105 1169 1148 1211 8,
1175 1170 1219 1210 2,
1244 1168 1280 1201 3.
1315 1166 1467 1200 sciamus
1491 1165 1583 1200 nihil

106 1219 319 1247 ornatum
345 1213 436 1257 (Sp.
465 1222 515 1246 sc.
537 1211 673 1254 inorn.)
699 1223 799 1255 esse,
832 1213 928 1257 quod
952 1213 998 1247 sit
1022 1212 1326 1258 improprium
1348 1213 1384 1255 8,
1411 1214 1446 1254 3,
1472 1212 1516 1246 15
1538 1215 1582 1245 Ζ.

104 1269 197 1303 quae
219 1258 428 1301 barbara,
451 1268 543 1301 quae
563 1258 843 1301 improprie,
874 1269 965 1303 quae
990 1265 1149 1294 contra
1171 1260 1322 1306 legem
1354 1256 1583 1302 loquendi

105 1304 177 1338 sint
198 1304 311 1348 posita
336 1306 369 1347 1,
396 1304 432 1345 8,
454 1305 511 1338 13.
543 1313 619 1336 non
642 1303 775 1338 rudia
796 1309 932 1338 tantum
958 1310 994 1338 et
1016 1304 1219 1339 fortuita
1241 1305 1305 1338 sed
1326 1302 1583 1348 impropria

106 1352 175 1393 10,
198 1352 239 1393 3,
262 1351 320 1384 20.
366 1349 488 1383 falsa
518 1354 555 1382 et
580 1348 844 1393 impropria
877 1349 1096 1385 virtutes
1131 1352 1301 1384 ducentes
1336 1352 1404 1393 12,
1432 1351 1498 1391 10,
1521 1347 1582 1382 42.

103 1396 148 1429 Id
167 1395 330 1439 fecimus,
355 1401 417 1429 aut
439 1394 521 1439 quia
542 1405 690 1429 necesse
717 1400 793 1436 est,
822 1400 882 1429 aut
905 1395 987 1440 qnia
1016 1395 1269 1443 significantius
1300 1401 1377 1438 est,
1417 1400 1478 1428 aut
1500 1394 1584 1438 quia

105 1441 301 1476 decentius.
344 1440 415 1475 Ubi
438 1440 528 1474 nihil
549 1441 677 1474 horum
703 1441 913 1484 praestabit,
941 1443 1037 1486 quod
1062 1443 1316 1484 transferetur,
1351 1440 1585 1486 improprium

105 1487 186 1522 erit.
209 1488 256 1531 8,
278 1488 324 1532 6,
353 1488 389 1520 6.
433 1496 640 1532 maguum
672 1486 961 1531 peculiolum
996 1495 1122 1531 erunt,
1160 1488 1221 1533 qui
1245 1487 1585 1522 soloecismum

104 1537 296 1577 putent—.
339 1533 419 1579 Ego
440 1532 575 1575 dubito,
597 1543 644 1565 an
665 1531 702 1566 id
724 1532 1027 1577 improprium
1049 1534 1167 1579 potius
1181 1535 1358 1579 appellem
1383 1536 1417 1577 1,
1430 1533 1465 1577 5,
1480 1533 1539 1567 46.

58 1587 331 1653 improvisus.
386 1599 623 1652 iqprovisum
652 1598 820 1644 quiddam
855 1599 939 1645 (fig.
964 1614 1022 1647 ορ.
1049 1602 1156 1647 σε..)
1176 1604 1292 1648 9,·1,
1315 1602 1374 1637 35.
1409 1602 1446 1645 9,
1468 1603 1506 1645 3,
1529 1601 1590 1637 9ο.

102 1657 205 1689 impr.
226 1657 346 1680 rerum
368 1651 472 1680 exitu
495 1648 552 1687 12,
579 1648 612 1687 1,
637 1647 673 1679 3.

56 1688 321 1745 Ῑ-ΙΙΙΡΠΙᾶΘΙΙΒ-
366 1713 434 1736 nec
469 1713 547 1735 sum
573 1702 664 1735 adeo
689 1701 792 1746 impr.
816 1708 971 1737 aetatum
1004 1707 1022 1738 1
1037 1729 1050 1749 ,
1079 1705 1098 1737 1
1112 1729 1125 1748 ,
1154 1706 1213 1738 20.
1263 1703 1361 1747 quod
1392 1713 1441 1736 ex
1473 1702 1588 1746 prima

105 1746 223 1780 statim
242 1748 363 1781 fronte
385 1747 579 1791 dijudicare
600 1747 876 1790 imprudentium
899 1755 954 1783 est
986 1753 1053 1794 12,
1086 1753 1131 1793 7,
1162 1751 1205 1791 83
1247 1749 1454 1793 Imprudens
1476 1748 1588 1782 incidi

107 1789 210 1834 (fig.)
235 1793 272 1842 ξ),
295 1795 330 1834 2,
353 1793 410 1826 60.
435 1793 466 1825 si
487 1793 754 1836 imprudens
777 1795 839 1828 vel
863 1794 1048 1829 invitus
1072 1794 1263 1838 (tyrannum
1283 1793 1456 1838 occiderit)
1480 1794 1515 1836 5,
1531 1795 1588 1835 10,

108 1836 167 1872 59.
192 1846 253 1880 qm
276 1835 380 1879 impr.
406 1837 530 1870 nocuit
550 1854 595 1862 —
618 1837 679 1882 qui
700 1838 804 1882 impr.
825 1839 961 1882 profuit
994 1843 1038 1874 ib.
1066 1842 1123 1875 73.
1170 1841 1253 1874 Non
1275 1845 1395 1874 tamen
1417 1840 1495 1873 fere
1518 1850 1587 1872 un-

109 1892 238 1926 quam,
261 1881 330 1914 nisi
352 1881 628 1927 imprudentem,
656 1884 812 1928 fugerint
835 1884 932 1928 (illae
955 1889 1147 1919 occultiores
1169 1885 1386 1930 quaestiones)
1414 1888 1450 1927 7,
1472 1887 1505 1925 1,
1528 1883 1585 1918 40.

112 1937 204 1972 quae
227 1925 258 1959 si
279 1926 658 1973 imprudentibus
686 1929 855 1963 excidant
881 1943 961 1976 opp.
983 1931 1025 1966 si
1050 1931 1321 1966 simulamus
1344 1932 1380 1974 6,
1403 1932 1440 1973 3,
1463 1932 1521 1964 23.

65 1982 370 2039 Imprudentia·
407 2003 473 2036 per
491 1992 642 2036 imprud.
669 1996 703 2038 1,
727 1995 763 2038 5,
785 1995 843 2030 53.

66 2038 310 2095 Impudens.
350 2067 394 2073 —
418 2048 512 2082 aetio
541 2051 596 2090 11,
622 2052 656 2092 1,
678 2051 736 2086 29.

66 2095 343 2151 Impudentia·
371 2103 456 2138 inde
477 2105 706 2139 fundamenta
732 2104 909 2148 iaciuntur
932 2104 1170 2151 impudentiae
1193 2110 1252 2152 12,
1275 2109 1311 2152 6,
1334 2110 1368 2143 2.
1402 2107 1590 2153 impuden-

113 2152 186 2187 tiae
207 2151 349 2185 fortiter
369 2149 603 2184 resistendum
628 2153 684 2192 12,
707 2151 743 2194 6,
765 2154 801 2184 2.

67 2196 325 2253 Impudicus-
371 2207 454 2250 imp.
478 2206 575 2240 modi
600 2209 642 2250 1,
669 2208 735 2250 10,
766 2208 825 2241 31.
871 2206 902 2241 si
923 2219 1024 2242 reum
1047 2208 1168 2244 caedis
1198 2209 1500 2255 impudicum
1530 2212 1591 2246 vel

114 2256 381 2334 gdglgtfrum
405 2258 514 2288 vocet
539 2255 585 2295 7,
611 2255 653 2297 2,
679 2254 737 2288 28.
777 2252 1065 2298 impudicam
1099 2255 1412 2291 meretricem
1444 2256 1593 2293 vocavit

70 2326 295 2399 Ῑῐῦἰωὲῐιο.
338 2364 429 2397 quae
455 2353 494 2387 in
516 2353 593 2388 aliis
623 2353 743 2389 litibus
774 2353 1025 2401 impugnarunt
1058 2361 1198 2391 actores
1235 2367 1419 2392 causarum
1450 2361 1497 2402 2,
1532 2361 1592 2403 17,

118 2399 176 2434 40.
211 2411 291 2434 cum
313 2399 377 2433 filii
407 2404 512 2444 capnt
544 2401 659 2444 palam
691 2399 912 2447 impugnaret
944 2404 1008 2445 11,
1043 2405 1061 2436 1
1076 2428 1088 2446 ,
1122 2404 1178 2436 62.
1221 2402 1418 2438 finitionem
1449 2404 1593 2439 alterius

116 2445 314 2526 {mpingnsst'
327 2448 369 2489 7,
392 2447 438 2489 3,
460 2448 529 2489 223
565 2445 759 2481 adversarii
781 2457 934 2491 persona
958 2446 1039 2482 iisd.
1070 2447 1233 2483 omnibus
1267 2448 1467 2498 impugnari
1500 2452 1594 2489 solet

74 2517 293 2591 Impuliio.
334 2562 382 2570 -
402 2547 448 2580 aa
469 2545 682 2581 hilaritatem
707 2547 791 2591 (fig.
821 2561 878 2593 ap.
906 2546 1014 2592 Cic.)
1036 2548 1072 2592 9,
1100 2551 1135 2593 1,
1158 2551 1217 2586 31.
1251 2551 1288 2595 9,
1310 2554 1348 2596 2,
1375 2553 1412 2588 3.

75 2601 304 2694 Ingpulstgg·
321 2614 683 2694 ¹,ox-{1’tip111‘i'ondere
706 2616 815 2650 modo
840 2614 892 2659 (α.
915 2619 938 2650 1.
964 2617 1078 2661 mole)
1114 2622 1151 2652 et
1174 2617 1379 2664 impulsu
1403 2618 1599 2665 proeliatur

121 2686 130 2694 .
145 2685 156 2702 ,
203 2685 215 2703 ‚
288 2685 298 2696 .
344 2685 353 2694 .
510 2683 522 2695 .

75 2702 269 2759 Impune.
299 2716 471 2762 plurimas
493 2716 714 2760 occasiones,
736 2716 862 2762 quibus
885 2718 928 2751 ab
952 2727 998 2752 eo
1024 2716 1172 2755 Clodius
1195 2719 1281 2767 imp.
1305 2720 1421 2757 occidi
1445 2720 1601 2766 potuerit

125 2764 162 2803 7,
182 2764 218 2806 2,
240 2761 302 2798 43.
333 2763 488 2800 libere
515 2761 683 2809 fingimus
704 2768 740 2798 et
766 2762 873 2808 imp·
895 2763 932 2807 6.
950 2766 985 2806 1,
1007 2762 1065 2801 43.
