1728 3002
590 106 592 109 ,
628 126 789 185 Βοῑέςο
818 153 874 160 —
902 124 1115 184 Relinquo
1553 127 1636 168 773

100 233 275 292 Religo·
320 246 413 280 mala
433 244 489 278 ad
512 243 648 278 crimen
676 222 843 278 fortunae
867 243 1067 290 relegamus
1087 241 1111 276 6
1126 264 1137 281 .
1166 240 1225 274 Pr.
1250 241 1293 274 13
1321 241 1365 275 Ν.
1393 243 1505 275 totam
1528 236 1637 283 (par-

143 293 228 338 tem)
251 291 308 328 ad
331 293 428 326 solos
451 290 631 334 auditores
654 290 835 336 relegasse
857 291 899 329 3.
921 292 964 332 7,
991 291 1025 322 1.
1049 286 1225 321 rationem
1247 290 1367 321 rectae
1392 286 1635 330 honestaeque

143 339 243 376 vitae
270 339 322 373 ad
343 337 576 383 philosophos
599 335 826 383 relegandam
851 335 914 381 Pr.
940 337 997 370 10.
1026 333 1206 369 interdum
1238 333 1342 377 culpa
1375 331 1420 367 in
1452 331 1635 367 hominem

140 386 323 432 relegatur
346 387 383 428 7,
407 382 444 428 4,
473 385 528 418 13.

97 439 274 498 ΒθῙὲἕοι
314 449 444 486 deinde
466 450 667 497 relegentes
690 448 899 493 inveniunt,
926 447 989 483 ubi
1010 445 1196 492 posuerint
1218 443 1355 491 (verba)
1379 447 1444 488 11,
1466 446 1510 489 2,
1533 446 1590 479 23.

100 507 320 567 [Relictio.
361 529 453 564 quae
475 515 717 561 (membranae)
749 517 875 551 crebra
898 514 1059 551 relicti
1070 526 1157 550 one
1182 513 1249 559 (sic
1265 518 1308 549 Z.
1331 515 1373 547 de
1393 513 1478 557 conj.
1493 525 1504 556 ς
1528 513 1633 547 Goad.

142 564 343 655 maging,
357 565 482 646 Iquogd
504 563 601 644 {sifi}
645 569 728 598 ntur
742 563 879 607 calami,
906 568 942 597 et
965 573 1041 607 rep
1053 561 1195 596 etitio
1206 571 1231 595 n
1242 571 1263 596 e
1285 565 1471 595 morantur
1489 569 1632 593 manum

99 655 282 713 Religio·
326 668 367 709 1)
391 674 540 701 sannam
569 667 693 712 quodd.
720 667 907 699 vinculum.-
942 669 982 698 ut
1008 669 1107 698 tanto
1134 661 1267 698 clarior
1289 663 1409 697 futura
1435 660 1481 696 sit
1508 660 1632 695 fides

143 726 188 750 ac
212 714 294 749 rel.
317 713 356 748 in
382 712 646 758 pronuntiando
671 714 737 754 11,
762 715 804 755 1,
833 712 890 746 75.
925 709 1185 745 scientiam
1217 708 1256 744 in
1278 709 1427 743 testibus
1453 713 1490 742 et
1517 706 1634 742 reli-

142 759 352 808 gionem:
384 758 588 806 ingenia
610 769 690 793 esse
716 757 759 792 in
784 756 999 804 argumentis
1023 757 1069 800 5,
1096 760 1140 799 7,
1164 757 1227 799 333
1261 761 1387 790 vetera
1409 754 1632 797 majestas

145 806 272 852 quaed.
295 811 352 850 et,
385 811 424 839 nt
447 806 492 840 sit
522 804 695 847 dixerim,
728 803 902 851 religio
930 803 1156 837 commendat
1181 805 1222 844 1,
1250 803 1294 844 6,
1318 804 1351 836 1.
1384 799 1560 836 cautiores
1583 799 1630 832 ad

144 851 342 888 custodiam
369 862 453 885 suae
487 850 673 897 religionis
708 850 845 892 iudices
875 849 962 883 facit
986 850 1028 891 6,
1054 852 1071 883 1
1088 875 1099 892 ,
1125 851 1171 882 20
1192 849 1238 881 N.
1272 853 1331 882 aut
1350 846 1428 882 vita
1453 857 1492 880 se
1515 844 1634 879 tuebi-

142 903 214 940 tur,
233 902 276 932 ut
297 908 380 931 eum
402 907 476 930 non
500 896 547 930 sit
570 895 739 930 credibile
762 896 1102 940 pejeraturum,
1126 899 1186 928 aut
1208 893 1285 937 ipsa
1309 892 1349 928 vi
1371 890 1632 939 religionis

143 942 201 989 (in
227 954 298 987 qua
318 944 398 986 plus
420 942 537 976 fidei
563 947 818 985 consequetur,
842 940 873 974 si
897 939 977 983 etc.)
1001 941 1045 983 5,
1068 941 1112 983 6,
1137 943 1171 974 2.
1197 934 1452 982 ἀποσιώπησις
1475 936 1633 972 ostendit

144 989 279 1034 aliquid
302 1008 350 1015 —
373 987 610 1022 solicitudinis
639 988 702 1021 vel
732 986 832 1030 quasi
854 985 1038 1031 religionis
1059 987 1106 1028 9,
1129 989 1174 1027 2,
1203 983 1261 1019 54.
1316 983 1373 1027 11)
1406 985 1564 1027 imprimis
1586 983 1634 1016 ad

145 1039 238 1071 Deos
261 1036 422 1078 pertinet.-
445 1038 486 1066 ut
515 1045 536 1067 a
562 1032 800 1079 religione
828 1029 1118 1076 superstitio
1142 1031 1249 1064 distat
1270 1031 1314 1072 8,
1337 1031 1380 1072 3,
1405 1030 1462 1064 55.
1484 1039 1634 1072 praece-

145 1083 207 1116 dat
237 1091 378 1125 semper
407 1078 541 1124 aliquid
573 1089 723 1113 necesse
758 1083 832 1122 est,
873 1082 912 1111 ut
942 1077 983 1111 in
1013 1077 1106 1111 ludis
1143 1078 1295 1110 honor
1321 1076 1573 1118 Deorum3.
1595 1074 1634 1108 in

143 1129 308 1170 theatro,
336 1136 410 1160 non
437 1125 571 1159 inutilis
599 1125 762 1158 laborum
784 1123 948 1158 remissio
970 1141 1015 1146 —
1039 1128 1076 1157 et
1097 1122 1212 1156 nihilo
1234 1121 1351 1156 minus
1374 1122 1452 1155 ead.
1477 1120 1634 1155 illare-

144 1173 296 1220 ligio,
330 1183 409 1206 cum
431 1172 609 1205 theatrum
632 1170 746 1206 veluti
774 1170 905 1214 quodd.
931 1168 1027 1202 illius
1052 1169 1144 1202 sacri
1170 1170 1339 1212 templum
1361 1166 1571 1202 vocabimus
1596 1168 1632 1210 3,

141 1221 186 1263 8,
210 1220 268 1254 29.
301 1219 402 1261 cujus
424 1217 512 1250 mihi
534 1216 718 1296 religionis
746 1215 797 1259 (i.
824 1229 854 1259 q.
879 1215 1188 1258 precationis)
1215 1224 1290 1247 non
1311 1211 1402 1247 haec
1425 1214 1503 1247 sola
1528 1210 1633 1253 ratio,

142 1276 237 1310 quae
254 1263 429 1302 maxima,
458 1269 514 1297 est
538 1261 583 1306 4,
633 1273 663 1295 r.
686 1263 711 1296 6
734 1263 781 1296 Ν.
817 1261 917 1304 cujus
941 1259 1054 1303 (Iovis
1079 1263 1113 1293 in
1135 1260 1259 1302 Elide)
1285 1258 1511 1304 pulchritudo
1534 1257 1635 1302 adje-

143 1311 236 1346 cisse
257 1309 390 1354 aliquid
416 1308 521 1343 etiam
543 1314 710 1352 receptae
736 1307 903 1354 religioni
929 1305 1072 1341 videtur
1097 1309 1162 1349 12,
1189 1307 1256 1348 10,
1284 1307 1318 1341 9.
1354 1306 1399 1339 ad
1420 1304 1633 1351 religionem

143 1357 251 1391 deum
274 1361 478 1399 comparata
501 1356 564 1388 lex
592 1357 627 1397 2,
650 1354 684 1396 4,
711 1353 768 1388 34.
807 1353 955 1400 grandia
982 1358 1016 1386 et
1041 1351 1184 1396 antiqua
1207 1351 1340 1386 robora
1362 1352 1432 1394 jam
1454 1361 1530 1384 non
1553 1356 1633 1384 tan—

140 1407 215 1437 tam
237 1402 371 1436 habent
391 1400 614 1445 speciem,
642 1405 808 1444 quantam
830 1400 926 1433 reli
966 1397 1127 1432 ionem
1153 1400 1220 1441 10,
1246 1400 1287 1442 1,
1313 1398 1372 1432 88.
1407 1397 1633 1431 sacerdotum

141 1447 289 1484 nomine
319 1458 362 1482 ac
383 1445 559 1494 religione
589 1445 728 1480 saltatio
753 1446 883 1479 durans
910 1409 957 1479 a}
978 1445 1049 1478 hoc
1075 1450 1213 1488 tempus
1238 1446 1279 1487 1,
1307 1446 1370 1486 11,
1395 1444 1452 1478 18.
1486 1443 1531 1477 de
1559 1454 1633 1479 au-

141 1493 307 1541 guriis,
327 1493 591 1537 responsis,
618 1491 871 1538 religione
897 1490 1051 1534 denique
1075 1489 1174 1525 omni
1203 1492 1270 1533 12,
1294 1492 1338 1532 2,
1359 1491 1430 1532 213
1456 1499 1632 1524 morum

142 1551 186 1573 ac
211 1539 483 1585 religionis
507 1539 582 1582 ejus
609 1537 700 1582 reip.
729 1537 878 1572 scientia
903 1540 958 1580 12,
982 1538 1018 1579 3,
1045 1538 1079 1570 1.
1231 1547 1235 1551 ’

94 1582 354 1638 Religisssns-
387 1606 419 1628 r.
441 1595 552 1638 judex
574 1593 610 1637 4,
636 1598 669 1636 1,
694 1595 729 1630 9.
753 1606 784 1628 r.
808 1593 1038 1629 necessitudo
1063 1595 1098 1636 1,
1119 1595 1156 1636 2,
1178 1594 1237 1627 20.
1263 1603 1298 1625 υ.
1322 1593 1545 1626 Honesta
1556 1603 1587 1625 s.

96 1649 323 1705 Relinquo·
367 1659 402 1705 1)
428 1664 576 1695 absolute
590 1676 600 1695 .·
622 1666 664 1694 ut
686 1660 929 1705 relinquerent
955 1658 1097 1704 (urbem)
1123 1660 1167 1702 9,
1191 1662 1234 1702 2,
1257 1660 1315 1694 92.
1346 1664 1465 1693 cetera
1486 1656 1632 1702 majoris

141 1707 262 1751 operis
286 1718 328 1741 ac
351 1707 494 1750 spiritus
520 1707 638 1742 Latini
662 1712 911 1750 praeceptores
937 1706 1173 1750 relinquendo
1204 1705 1407 1739 necessaria
1429 1703 1631 1750 grammati-

142 1753 196 1788 cis
219 1751 384 1787 fecerunt
407 1756 442 1796 1,
466 1754 503 1796 9,
524 1753 559 1787 6.
585 1753 623 1786 hi
650 1754 885 1796 (grammatici)
909 1762 982 1785 non
1009 1751 1095 1785 satis
1123 1752 1286 1794 credunt,
1317 1752 1516 1794 excepisse.
1540 1760 1632 1794 quae

141 1798 269 1832 relicta
291 1804 391 1831 erant
416 1802 452 1841 2,
478 1802 509 1840 1,
535 1801 569 1833 2.
595 1809 670 1832 non
698 1815 741 1822 —
766 1798 943 1840 affectum,
969 1808 1052 1831 cum
1076 1798 1121 1830 ad
1148 1807 1323 1830 summum
1345 1795 1632 1841 perduxerimus,

141 1843 385 1888 relinquamus
408 1846 451 1886 6,
476 1847 515 1885 1,
539 1845 598 1879 29.
625 1843 759 1878 relictis
782 1843 1031 1888 magistrorum
1058 1842 1325 1877 auctoritatibus
1348 1845 1392 1884 2,
1420 1844 1484 1880 13,
1508 1845 1543 1876 7.
1567 1852 1632 1875 cu-

142 1901 220 1924 ram
242 1899 381 1923 morum
405 1888 625 1933 reliquerunt
645 1891 703 1923 Pr.
730 1891 784 1924 13.
816 1889 908 1923 nihil
930 1895 1012 1933 post
1036 1895 1154 1922 actum
1181 1888 1301 1933 operis
1323 1887 1491 1932 relinquit
1513 1890 1550 1929 2,
1574 1887 1632 1930 18,

145 1938 180 1970 1.
203 1934 348 1978 reliquit
371 1946 461 1969 vero
482 1936 575 1969 hanc
598 1941 735 1980 partem
758 1946 887 1969 causae
913 1933 1157 1976 (adversarius)
1179 1935 1224 1975 6,
1251 1937 1269 1968 1
1285 1960 1296 1977 ,
1319 1932 1356 1967 4.
1389 1933 1433 1975 es.
1459 1933 1500 1976 6,
1523 1932 1568 1973 4,
1595 1935 1630 1970 1.

145 1992 238 2062 guae
266 1981 607 2025 relinquenda,
632 1992 723 2026 quae
745 1982 1093 2016 contemnenda
1117 1980 1210 2022 sint,
1235 1979 1393 2023 judicare
1419 1982 1455 2022 9,
1478 1981 1514 2021 2,
1537 1977 1574 2012 4.
1595 1990 1630 2013 v.

185 2031 423 2061 ontemno.
456 2028 628 2070 quaedam
656 2027 763 2061 etiam
791 2028 970 2061 clausulae
1001 2032 1083 2060 sunt
1115 2027 1264 2060 claudae
1295 2031 1400 2069 atque
1423 2025 1631 2068 pendentes,

132 2072 179 2107 -si
201 2072 577 2116 relinquantur:
610 2074 673 2107 sed
710 2073 940 2117 sequentibus
974 2071 1150 2116 suscipi
1183 2083 1224 2105 ac
1249 2070 1481 2104 sustineri
1514 2071 1632 2104 solent

143 2119 180 2160 9,
203 2117 240 2159 4,
266 2119 323 2152 70.
367 2117 420 2162 ΙΙ)
445 2122 539 2152 relat.
564 2119 605 2160 α)
628 2119 807 2152 transtulit
829 2119 996 2163 puellam,
1019 2124 1186 2162 tanquam
1208 2117 1246 2150 in
1269 2116 1404 2164 gremio
1428 2115 1548 2149 fratris
1572 2126 1632 2149 re·

145 2164 295 2198 licturus
316 2164 350 2205 6,
379 2166 413 2206 1,
437 2165 499 2207 393
526 2164 712 2207 reliquisse
736 2165 907 2211 signatam
933 2163 1120 2208 pecuniam
1145 2164 1177 2203 5,
1201 2165 1259 2205 11,
1286 2164 1343 2196 33.
1373 2172 1502 2199 servus
1524 2166 1633 2196 testa-

145 2214 267 2244 mento
290 2209 434 2242 relictus
458 2212 491 2250 5,
517 2212 573 2253 10,
592 2211 657 2253 673
692 2210 948 2254 relinquendae
971 2210 1011 2244 in
1031 2209 1202 2243 utrolibet
1226 2219 1358 2254 genere
1381 2213 1507 2242 contra
1529 2212 1633 2241 erunt

145 2266 286 2290 vacuae
313 2256 465 2289 tabellae
491 2258 554 2296 10,
569 2257 624 2298 3,
647 2258 703 2289 32.
726 2256 765 2291 in
788 2255 972 2297 oratione,
998 2267 1104 2299 quam
1126 2265 1194 2298 pro
1219 2253 1359 2288 Milone
1383 2254 1550 2298 scriptam
1570 2264 1632 2287 re-

143 2300 249 2344 liquit
270 2300 308 2344 4,
333 2304 368 2343 2,
394 2301 452 2335 25.
476 2313 510 2335 v.
537 2301 716 2336 Scribo.
761 2301 971 2336 Theodorei
995 2302 1107 2335 solam
1124 2299 1336 2344 ‘relinquunt
1366 2299 1525 2332 ultimam
1550 2310 1631 2343 par-

146 2351 220 2380 tem
245 2344 280 2387 4,
304 2349 339 2389 2,
362 2348 419 2380 32.
450 2346 539 2380 nihil
565 2346 663 2381 dubii
686 2346 929 2391 relinquamus
954 2349 1010 2389 12,
1035 2349 1071 2389 3,
1093 2344 1151 2380 40.
1178 2345 1368 2390 productio
1396 2350 1432 2379 et
1454 2343 1634 2388 correptio

146 2391 187 2425 in
211 2391 320 2425 dubio
343 2392 467 2426 relicta
488 2395 524 2434 7,
546 2393 581 2434 9,
608 2394 662 2426 13.
686 2392 723 2426 id
746 2394 842 2437 quod
864 2392 1077 2436 relinquitur
1099 2404 1177 2435 opp.
1200 2397 1314 2425 totum
1338 2391 1374 2434 5,
1398 2393 1455 2432 10,
1478 2391 1541 2433 66,
1571 2391 1633 2424 hic

40 2611 45 2618 .
19 2566 46 2606 <4

49 2594 61 2617 ..r

147 2435 344 2480 (Homerus)
368 2448 490 2472 omnes
507 2443 542 2471 et
565 2437 604 2470 in
626 2437 723 2472 omni
747 2449 879 2484 genere
906 2436 1131 2482 eloquentiae
1155 2437 1283 2480 procul
1305 2447 1326 2470 a
1347 2448 1386 2471 se
1408 2435 1553 2480 reliquit
1575 2438 1643 2479 10,

149 2486 184 2525 1,
203 2482 255 2517 51.
305 2482 347 2526 β)
371 2496 401 2516 c.
419 2485 640 2517 Praedicato:
664 2484 774 2517 multa
796 2484 835 2517 in
857 2483 914 2517 his
940 2483 1188 2527 relinquuntur
1203 2482 1338 2517 incerta
1351 2485 1388 2525 2,
1409 2484 1464 2523 10,
1481 2480 1536 2516 14.
1565 2493 1633 2527 pro

151 2527 286 2562 effectis
320 2528 526 2573 relinquunt
558 2527 712 2562 vixdum
738 2528 905 2562 inchoata
930 2529 968 2567 5.
992 2531 1057 2571 13,
1081 2529 1138 2562 34.
1166 2528 1274 2572 idque
1303 2538 1371 2574 ego
1402 2527 1633 2571 injudicatum

148 2573 313 2618 relinquo
335 2577 391 2617 10,
417 2578 450 2617 1,
472 2576 528 2609 67.
553 2573 590 2607 in
614 2584 686 2618 quo
708 2585 766 2608 res
793 2585 1024 2619 quaecunque
1049 2573 1262 2617 relinquitur
1283 2573 1514 2621 intelligenda
1538 2576 1573 2617 9,
1597 2576 1634 2616 3,

147 2620 206 2654 61.
231 2631 277 2653 ne
303 2621 375 2654 hoc
400 2620 542 2664 quidem
565 2621 766 2666 neglectum
788 2619 975 2664 reliquisse
1000 2624 1042 2662 1,
1058 2622 1113 2662 -1,
1141 2621 1200 2655 29.
1247 2618 1287 2663 γ)
1310 2620 1414 2664 ndjie.
1441 2623 1551 2656 Data,
1588 2630 1634 2653 an

149 2666 245 2699 bona
259 2663 508 2700 Πανταλέοντι
529 2666 654 2700 relicta
677 2665 746 2699 sint
768 2669 804 2709 7,
827 2666 864 2708 9,
890 2667 924 2701 6.
949 2665 1038 2699 nihil
1059 2665 1258 2710 posteritati
1281 2665 1526 2710 mansurisque
1544 2676 1632 2699 mox

149 2710 263 2746 literis
285 2712 472 2756 reliquisse
497 2714 557 2754 12,
586 2714 651 2756 10,
674 2710 731 2748 49.
758 2710 801 2753 cf.
826 2712 884 2747 Pr.
910 2715 942 2745 1.
975 2711 1221 2746 abstemius
1245 2710 1380 2756 primae
1404 2710 1502 2755 (syll.)
1523 2710 1632 2746 relin-
