1794 2976
150 158 232 199 928
324 169 327 171 ,
830 130 1006 199 Utilitas

196 271 321 308 utile
346 280 407 306 etc.
433 274 474 315 3,
499 274 542 315 8,
566 274 613 305 22
645 284 678 307 v.
702 271 962 306 Honestus.
992 269 1079 306 utile
1110 280 1234 315 parum
1258 271 1321 316 10,
1346 274 1388 315 1,
1413 275 1445 307 7.
1482 274 1528 306 de
1552 273 1681 314 bono,

198 320 329 363 utili,
362 320 493 362 justo
524 317 700 352 disserere
730 317 977 362 philosophiae
1001 317 1159 352 officium
1185 327 1265 352 esse
1287 319 1323 360 2,
1349 319 1410 361 21,
1437 320 1543 354 12211
1615 323 1619 326 '
1664 341 1683 346 -

179 378 304 412 ,quam
338 366 409 398 hoc
441 375 582 408 quoque
616 364 684 398 erit
717 365 827 407 utile,
858 370 951 398 totas
985 365 1100 408 ipsum
1133 362 1268 398 dictare
1298 363 1462 398 materias
1490 366 1535 408 2,
1557 363 1603 408 4,
1650 367 1684 399 2.

197 413 294 450 easd.
323 422 465 451 causas,
489 417 530 444 ut
553 410 703 455 quisque
731 411 865 457 egerit,
888 410 976 444 utile
1001 411 1068 444 erit
1092 410 1184 444 scire
1213 412 1268 453 10,
1295 412 1329 452 1,
1352 406 1410 445 23.
1441 409 1486 452 qli
1514 414 1546 451 1,
1566 413 1603 454 2,
1627 411 1687 450 529.

197 459 245 502 4,
270 462 288 492 1
305 484 315 500 ,
339 459 395 493 29.
427 462 584 491 ceterum
611 459 702 500 hoc,
735 459 831 502 quod
858 458 969 503 vulgo
999 456 1192 491 sententias
1223 466 1398 491 vocamus
1420 476 1466 483 —-
1488 456 1567 500 quis
1599 457 1689 492 utile

199 503 334 550 neget?
365 507 429 546 12,
455 507 521 546 10,
545 503 592 538 48
617 504 666 538 N.
693 516 741 537 cr.
775 514 865 548 quae
899 504 1046 537 credunt
1082 500 1308 545 honesta,
1347 513 1422 536 non
1452 508 1571 538 tamen
1600 502 1686 537 satis

197 553 274 585 ead.
302 549 444 584 utilia
477 561 619 594 quoque
644 551 686 592 3,
711 551 757 593 8,
782 552 815 584 3.
849 548 878 582 si
905 548 1169 583 ambitiosis
1198 547 1339 582 utilia
1369 549 1547 592 praeferet
1571 551 1616 592 1,
1645 551 1683 592 2,
1706 547 1709 549 ’

197 601 255 632 27.
281 607 387 640 saepe
409 596 555 630 utilia
582 598 639 630 ho
653 596 782 630 nesti
797 607 814 630 s
839 597 1071 640 praeferimus
1094 598 1137 629 ib.
1159 596 1220 629 30.
1249 594 1311 639 qui
1333 594 1548 637 laudativam
1572 591 1687 629 mate·-

197 644 287 678 riam
315 645 648 683 honestorum,
685 642 952 676 deliberativam
982 641 1170 675 utilium
1198 661 1245 667 —
1267 638 1476 686 quaestione
1511 640 1688 676 contineri

198 695 322 735 putant
355 691 398 731 3,
428 688 472 731 4,
506 691 560 723 16.
595 689 791 722 sententiae
826 690 871 722 de
902 688 1116 722 utilibus
1149 687 1452 732 honestisque
1485 688 1530 731 3,
1559 688 1605 731 8,
1631 689 1688 722 13.

198 749 232 770 υ.
258 737 518 780 Honestus3
568 747 595 769 c.
628 737 757 768 Subs1.:
782 735 905 768 utilem
929 734 1059 769 sciebat
1084 736 1211 768 ducem
1238 735 1297 776 12,
1326 736 1371 776 1,
1394 732 1453 768 43.
1482 744 1532 768 ex
1560 733 1688 767 mediis

197 782 350 823 artibus,
384 792 475 825 quae
498 780 603 815 utiles
628 787 687 814 aut
710 790 813 815 secus
837 782 1031 815 secundum
1055 791 1174 815 mores
1198 778 1371 814 utentium
1392 780 1487 816 fiunt,
1503 783 1539 823 2,
1568 781 1626 822 20,
1651 781 1685 813 1.

196 835 248 864 ut.
275 829 382 863 etiam
409 827 600 872 aliquando
627 827 857 861 dissimulatio
886 828 919 870 9,
947 830 980 870 2,
1005 828 1061 863 95.
1096 828 1139 860 ad
1165 827 1272 860 finem
1294 826 1417 865 utilem
1439 823 1605 868 vitae2',
1627 828 1688 866 17,

196 875 254 910 41.
281 886 331 908 311·
350 873 395 907 sit
418 875 480 908 lex
504 879 554 907 ut.
583 876 617 915 2,
641 874 676 916 4,
703 877 758 908 57.
787 873 884 907 utilis
906 885 1027 908 rerum
1055 884 1096 907 ac
1119 873 1272 918 partium
1298 871 1337 906 in
1361 873 1462 907 locos
1486 870 1688 906 distributio

196 923 239 963 7,
269 924 308 964 1,
334 923 364 953 1.
392 930 483 954 non
511 931 651 964 semper
673 919 956 954 necessaria
981 925 1042 953 aut
1063 917 1119 953 iit.
1150 919 1255 953 etiam
1277 918 1420 962 partitio
1441 917 1487 960 4,
1511 918 1555 960 5,
1578 920 1625 951 22
1639 918 1686 951 Ν.

199 967 246 1009 cs.
264 967 299 1009 4,
320 965 354 1007 4,
375 967 408 1000 8.
432 979 463 999 v.
479 966 686 1000 Utiliter.
735 965 775 1010 b)
804 969 980 1009 Compan:
1006 972 1171 1009 repetere
1195 970 1232 999 et
1257 964 1317 998 diu
1339 964 1520 999 inculcare
1541 964 1562 996 f
1569 963 1689 1000 uerit

196 1012 384 1048 utilius
411 1015 453 1054 1,
480 1015 521 1055 1,
547 1014 604 1047 31.
640 1023 721 1046 cum
756 1012 849 1045 aliud
882 1012 1114 1058 interroganti
1147 1013 1191 1045 ad
1219 1011 1336 1052 aliud,
1374 1010 1456 1055 quia
1485 1009 1538 1045 sic
1570 1008 1691 1043 utilius

198 1061 245 1104 (a.
272 1064 295 1094 l.
321 1058 501 1101 subtilius)
529 1065 603 1100 est,
628 1059 829 1092 occurritur
854 1059 897 1101 9,
924 1062 965 1099 2,
993 1062 1048 1092 12.
1082 1064 1096 1092 t
1145 1068 1250 1102 quam
1271 1055 1416 1091 utiliora
1439 1055 1608 1102 eligentes
1634 1065 1689 1097 es,

196 1117 347 1151 quorum
371 1107 482 1139 solam
508 1105 712 1139 facilitatem
735 1105 974 1149 sequebantur
991 1107 1056 1148 ’12,
1077 1106 1112 1149 3,
1160 1107 1190 1138 1.
1215 1102 1271 1137 sui
1295 1103 1445 1148 quisque
1469 1101 1586 1146 operta
1608 1111 1687 1134 ma-

195 1153 307 1199 gister
330 1151 397 1185 erit
419 1150 542 1184 utilior
567 1154 610 1194 2,
639 1154 681 1194 1,
707 1153 763 1185 13.
787 1151 928 1186 utiliore
951 1152 1034 1185 loco
1049 1149 1103 1194 Α,
1128 1153 1171 1193 2,
1199 1150 1256 1184 83.
1305 1147 1352 1194 0)
1377 1148 1564 1192 Superba..-
1597 1146 1686 1180 iuud

195 1204 285 1234 vero
317 1197 541 1231 utilissimum
578 1209 684 1231 nosse
713 1200 778 1240 10,
805 1201 845 1241 1,
873 1200 930 1231 22.
968 1197 1012 1237 cs.
1039 1198 1084 1239 6,
1108 1195 1150 1239 4,
1177 1198 1237 1236 21,
1276 1193 1506 1229 Academiam
1539 1192 1683 1237 quidam

194 1244 417 1278 utilissimam
442 1243 668 1278 crediderunt
691 1246 756 1285 12,
782 1247 823 1286 2,
847 1246 905 1278 25.
933 1243 1159 1284 emen'datio,
1183 1251 1265 1286 pars
1288 1240 1484 1275 studiorum
1506 1240 1613 1285 longe
1636 1244 1687 1272 ut.

197 1294 262 1333 10,
285 1290 330 1332 4,
357 1293 389 1322 1.
439 1292 487 1334 β)
515 1303 543 1322 c.
569 1293 673 1323 Dat..·
706 1289 802 1322 utilis
826 1288 945 1322 multis
971 1291 1010 1330 1,
1037 1289 1079 1330 6,
1103 1289 1150 1323 29
1178 1300 1212 1320 v.
1233 1287 1537 1334 Fructuosus.
1563 1285 1686 1318 aedifi-

197 1336 291 1371 canti
314 1335 414 1368 utilia
440 1338 475 1376 7,
494 1335 553 1369 Pr.
575 1339 607 1369 1.
629 1334 716 1367 utile
741 1334 872 1378 aliquid
898 1333 1102 1367 hominibus
1126 1334 1318 1366 attulerunt
1341 1333 1376 1372 3,
1397 1335 1432 1373 7,
1457 1334 1491 1366 7.
1520 1341 1567 1364 ne
1585 1332 1690 1364 Thn-

197 1381 364 1427 cydidem
390 1380 530 1425 quidem
565 1386 625 1413 aut
658 1381 939 1423 Xenophontem
968 1379 1073 1412 utiles
1097 1378 1231 1412 oratori
1257 1380 1320 1420 10,
1346 1380 1388 1420 1,
1413 1379 1470 1411 33.
1509 1388 1614 1422 quam
1642 1377 1689 1410 sit

198 1428 320 1462 utile
345 1426 676 1470 conveniatque
699 1427 796 1459 bono
820 1426 901 1460 viro
924 1428 965 1466 2,
993 1426 1059 1468 16,
1086 1426 1140 1460 19.
1164 1422 1359 1458 minoribus
1383 1422 1521 1467 causis,
1546 1429 1587 1456 ut
1611 1433 1687 1456 non

200 1474 353 1508 dixerim
389 1472 591 1515 utilior,
626 1472 775 1517 magis
803 1483 883 1515 par
907 1474 974 1514 10,
1001 1474 1045 1514 1,
1074 1474 1141 1513 773
1179 1467 1403 1512 (dialectica)
1433 1475 1484 1502 ut.
1516 1479 1625 1513 saepe
1651 1474 1688 1503 et

197 1519 417 1555 finitionibus
442 1524 478 1552 et
502 1517 879 1562 comprehensionibus
905 1520 968 1559 12,
991 1520 1041 1559 2‚-
1058 1518 1114 1550 13.
1148 1521 1333 1559 utrumque
1355 1514 1447 1549 locis
1470 1514 1563 1551 utile'
1585 1515 1629 1558 9,-
1646 1514 1686 1558 4,

196 1569 256 1602 83.
283 1576 357 1600 non
379 1565 447 1598 fuit
470 1565 540 1598 hoc
563 1570 614 1597 ut.
638 1563 878 1608 persuasioni,
906 1563 990 1606 sed,
1016 1563 1114 1606 quod
1141 1567 1195 1596 est
1219 1561 1353 1605 majus,
1378 1559 1514 1595 homini
1538 1559 1608 1603 fuit
1629 1551 1707 1603 11,,

198 1617 231 1657 1,
254 1616 310 1647 11.
335 1610 520 1656 principiis
543 1610 638 1644 utilis
666 1615 784 1657 gestus
803 1613 859 1652 11,
882 1611 916 1652 3,
937 1611 994 1644 92.
1018 1608 1114 1641 utilis
1138 1607 1256 1641 studio
1281 1606 1369 1649 juris
1383 1609 1420 1648 2,
1433 1608 1469 1649 8,
1486 1610 1508 1640 7
1528 1619 1562 1641 v.
1585 1606 1687 1640 Ido-

195 1672 219 1694 n
233 1670 287 1693 eu
299 1669 328 1692 s.
356 1657 588 1691 exhortandis
610 1657 647 1690 in
666 1657 758 1690 hanc
775 1667 886 1700 spem,
911 1654 971 1699 qni
989 1656 1072 1688 foro
1085 1658 1350 1698 praeparantur,
1371 1653 1461 1687 utile
1481 1653 1686 1696 exemplum

197 1709 261 1747 10,
286 1708 320 1746 7,
347 1705 410 1745 19;
444 1702 505 1747 qui
535 1709 629 1737 esset
653 1702 857 1736 utilissimus
881 1701 1016 1735 civitati
1039 1704 1074 1742 7,
1105 1703 1138 1741 1,
1163 1701 1229 1734 38.
1247 1698 1432 1733 utilissima
1459 1705 1514 1733 est
1544 1698 1687 1733 exerci-

195 1750 322 1787 tationi
346 1750 534 1783 difficultas
562 1752 617 1791 10,
643 1751 676 1791 5,
705 1750 739 1783 8.
787 1748 823 1792 y)
850 1761 878 1781 c.
895 1749 1011 1780 Ablat.
1038 1754 1096 1779 aut
1120 1749 1303 1789 Praepos..·
1330 1746 1473 1779 Plautus
1498 1745 1536 1778 in
1555 1744 1685 1788 Stoicis

195 1810 315 1832 rerum
339 1795 543 1841 cognitione
567 1797 619 1837 (α.
635 1799 657 1828 l.
687 1792 895 1841 cognitioni)
920 1793 1016 1827 utilis
1038 1795 1093 1835 10,
1119 1796 1152 1834 1,
1180 1791 1269 1834 124;
1295 1790 1418 1825 estin
1439 1797 1540 1834 parte
1564 1790 1688 1825 ntiiior

196 1847 265 1886 10,
292 1847 334 1886 7,
362 1844 420 1877 25.
454 1841 500 1884 cf.
527 1843 570 1883 9,
597 1844 637 1884 3,
662 1843 696 1879 3,
731 1841 837 1874 utiles
873 1839 1003 1873 circa
1040 1844 1230 1883 praecepta
1262 1836 1459 1872 sententiae
1485 1839 1618 1881 10,.1,
1640 1837 1686 1872 62

196 1904 229 1925 v.
252 1891 466 1928 Prosum;
501 1887 590 1921 nihil
614 1899 692 1921 esse
717 1888 767 1920 ad
794 1892 1018 1930 praesentem
1045 1896 1164 1918 rernm
1187 1889 1315 1918 statum
1343 1882 1463 1917 utilius
1485 1883 1526 1926 6,
1557 1884 1607 1929 15*
1626 1879 1686 1918 35.
1721 1922 1725 1924 s

197 1936 241 1978 cs.
270 1938 335 1977 10,
366 1939 398 1975 1,
426 1936 481 1969 88.
513 1934 600 1967 utile
625 1934 674 1967 ad
697 1933 868 1977 loquendi
894 1933 1097 1976 facultatem
1120 1931 1228 1973 2,“4,
1255 1932 1309 1964 15.
1339 1928 1437 1963 utilis
1461 1930 1515 1969 abd
1537 1938 1687 1972 persua-

197 1983 352 2017 dendum
377 1980 555 2024 expositio
579 1979 623 2022 4,
645 1982 688 2022 2,
713 1981 780 2021 31;
817 1978 891 2012 loci
911 1976 1038 2012 utiliss.
1064 1977 1120 2010 ad
1142 1976 1442 2020 pronuntiandum
1469 1977 1509 2018 1,
1534 1978 1602 2018 11,
1627 1976 1685 2010 13.

196 2029 243 2071 cs.
268 2030 325 2062 Pr.
354 2028 411 2062 25.
443 2029 478 2070 8,
506 2028 539 2070 3,
567 2027 624 2061 75.
651 2028 707 2069 12,
737 2027 793 2068 10,
819 2027 876 2059 30.

147 2106 336 2151 Utilitas·
384 2116 421 2162 α)
449 2131 478 2151 c.
500 2117 610 2160 Adj..·
637 2108 772 2150 alienas
796 2121 848 2148 ut.
873 2116 917 2156 6,
940 2116 998 2148 Pr.
1031 2114 1088 2148 16.
1116 2111 1315 2147 communis
1341 2115 1391 2146 ut.
1414 2111 1455 2151 3,
1471 2111 1513 2162 J,
1537 2108 1596 2144 25.
1627 2110 1684 2152 12,

193 2170 228 2208 1,
251 2165 309 2199 43.
342 2170 393 2197 ut.
419 2175 493 2197 non
520 2163 710 2196 mediocris
737 2165 769 2206 1,
796 2163 830 2204 8,
866 2164 920 2195 12.
950 2167 1002 2195 ut.
1027 2171 1106 2194 cum
1134 2170 1262 2204 magna
1284 2164 1358 2192 tum
1381 2155 1567 2200 multlplex
1590 2155 1625 2197 9,
1650 2158 1684 2197 1,

194 2213 250 2248 19.
277 2210 444 2254 simplicis
467 2215 516 2243 ut.
541 2213 579 2250 2,
606 2209 641 2250 4,
666 2211 724 2242 20.
771 2208 812 2252 β)
837 2221 866 2242 c.
889 2209 995 2241 Genii.
1036 2206 1072 2250 a)
1091 2205 1246 2249 subjecta
1275 2214 1423 2248 operum
1444 2206 1494 2235 ut·
1512 2202 1556 2252 3,
1566 2203 1601 2243 7,
1623 2203 1681 2252 27.
1728 2221 1730 2223 »

194 2259 423 2300 (figurarum)
446 2262 496 2290 ut.
517 2258 551 2298 9,
569 2258 599 2297 1,
623 2255 677 2290 19.
703 2253 791 2300 legis
808 2259 858 2287 ul.
877 2256 911 2296 2,
928 2252 965 2296 4,
983 2253 1036 2287 39.
1084 2250 1124 2294 b)
1151 2251 1286 2294 object..·
1314 2255 1366 2284 ut.
1391 2249 1479 2292 ejus,
1500 2257 1558 2298 0111
1585 2257 1684 2290 qius-

195 2315 264 2348 que
289 2305 413 2336 suadet
436 2305 474 2344 3,
499 2303 545 2344 8,
569 2302 626 2335 42.
652 2306 702 2334 ut.
731 2311 859 2334 causae
885 2299 927 2341 4,
952 2301 993 2339 3,
1019 2297 1074 2331 14.
1107 2298 1141 2331 v.
1166 2296 1266 2338 infra.
1289 2293 1484 2339 praesentis
1509 2294 1684 2335 discepta-

193 2349 302 2384 tionis
328 2355 379 2382 ut.
406 2351 438 2390 5,
466 2351 522 2390 11,
546 2347 604 2385 44,
629 2347 699 2380 litis
723 2352 774 2380 ut.
799 2349 834 2388 7,
858 2349 894 2388 2,
922 2348 986 2378 22.’
1003 2344 1172 2377 materiae
1195 2348 1244 2375 ut.
1270 2343 1313 2382 3,
1335 2345 1370 2384 7,
1393 2338 1451 2374 24.
1477 2344 1528 2372 ut.
1554 2339 1685 2390 juven-

193 2396 277 2430 tutis
300 2398 341 2437 2,
367 2398 408 2437 2,
435 2395 490 2428 15.
512 2399 562 2426 ut.
588 2393 677 2436 reip.
702 2392 740 2435 6,
768 2395 808 2435 1,
833 2395 889 2425 22.
915 2395 958 2433 7,
982 2390 1023 2430 4,
1047 2391 1081 2424 9.
1119 2390 1163 2422 de
1186 2385 1483 2422 utilitatibus
1511 2384 1682 2422 Graeciae

194 2445 238 2484 3,
261 2441 307 2484 4,
335 2440 392 2476 14.
433 2439 481 2482 γ)
512 2442 704 2473 Nominat:
731 2448 806 2471 non
828 2438 906 2471 ead.
930 2442 983 2470 est
1010 2436 1085 2479 ejus
1109 2435 1147 2467 in
1171 2433 1288 2467 causis
1311 2438 1360 2466 ut.
1389 2432 1484 2483 7,.3,
1516 2428 1573 2463 14.
1590 2435 1682 2482 ,1311-

194 2493 269 2520 tum
293 2499 372 2521 esse
397 2485 556 2519 utilitatis
587 2485 625 2518 in
652 2485 805 2530 legendo
830 2487 896 2524 10,
926 2487 966 2525 1,
990 2484 1047 2516 37.
1087 2480 1131 2521 cf.
1156 2481 1212 2515 57.
1246 2490 1313 2513 nec
1337 2478 1375 2511 in
1407 2476 1683 2528 dicendounter

156 2572 159 2574 ,
194 2535 287 2567 bona
324 2539 374 2566 ut.
411 2534 452 2575 5,
489 2534 552 2574 12,
585 2533 641 2564 23.
680 2529 864 2573 (sermoni)
896 2529 1050 2562 studium
1090 2532 1126 2560 et
1163 2526 1416 2562 incrementum
1456 2523 1594 2570 dederit
1616 2526 1689 2572 ’uts

194 2582 227 2620 3,
251 2582 283 2617 2,
309 2583 341 2612 1.
379 2577 543 2622 quotiens
567 2577 682 2620 aliqua
705 2577 755 2610 ita
778 2576 1000 2610 desiderabat
1022 2577 1072 2606 ut.
1102 2571 1144 2615 4,
1173 2574 1219 2615 2,
1247 2571 1304 2606 86.
1329 2571 1400 2603 1100
1422 2573 1473 2602 ut.
1496 2576 1590 2601 exeo
1629 2571 1680 2618 ta-

192 2626 246 2658 vit
269 2628 303 2666 2,
329 2627 385 2666 13,
408 2625 442 2658 6.
468 2624 498 2657 si
521 2622 718 2657 communis
741 2627 791 2657 ut.
817 2621 977 2667 exegerit
1002 2623 1056 2661 12,
1084 2623 1116 2660 1,
1138 2620 1195 2652 37.
1219 2616 1398 2650 neminem
1413 2614 1502 2647 haec
1523 2617 1681 2664 uL-ugit

193 2673 227 2711 2,
249 2670 283 2711 5,
308 2673 361 2704 17.
386 2676 492 2713 prout
515 2676 564 2703 ut.
594 2680 720 2702 causae
745 2664 937 2712 postulabit
964 2668 998 2710 5,
1024 2667 1080 2706 11,
1105 2664 1161 2698 16.
1187 2662 1376 2707 aliquando
1398 2660 1493 2710 hunc
1518 2658 1681 2692 ordinem

193 2715 340 2748 mutabit
373 2721 422 2748 ut.
462 2719 505 2758 7,
541 2719 582 2758 1,
617 2716 675 2749 63.
718 2713 748 2748 si
789 2725 858 2757 qua
895 2724 942 2747 ex
978 2711 1083 2746 nobis
1120 2710 1164 2743 ad
1198 2719 1304 2752 quem
1342 2714 1531 2756 pervenire
1561 2709 1682 2756 posset

194 2767 242 2794 ut.
271 2762 314 2802 6,
336 2762 393 2794 Pr.
421 2764 449 2794 1.
486 2761 516 2794 si
546 2761 595 2794 ita
625 2760 848 2804 poposcisset
876 2765 927 2793 ut.
953 2760 995 2802 3,
1021 2759 1064 2800 8,
1092 2757 1150 2790 63.
1181 2754 1214 2788 si
1245 2753 1323 2790 ead.
1354 2752 1413 2785 illa
1446 2751 1550 2784 nobis
1585 2750 1681 2783 ahud
