1728 3002
189 187 272 230 398
671 183 899 230 Illiberalis
933 209 991 220 -
1030 184 1238 232 mucesco

233 300 431 338 concitatos
459 302 516 343 10,
540 303 575 344 1,
601 299 661 336 48.
694 299 792 345 prius
815 299 935 335 illud
957 318 1004 326 -
1025 302 1113 337 hoo
1139 312 1294 348 sequens
1321 305 1358 349 5,
1380 306 1438 349 10,
1462 303 1522 344 42.
1553 304 1600 348 eff.
1623 307 1660 350 3,
1681 308 1717 351 8,

229 350 289 384 631.
317 348 407 382 illa
432 348 575 392 quidem
601 346 722 391 priora
746 367 793 374 —
820 348 884 381 sed
909 348 1024 383 haec
1048 359 1192 394 quoque
1217 353 1273 393 12,
1299 348 1335 393 4,
1356 353 1393 385 2.
1418 350 1506 386 illo
1529 352 1726 389 subtili—‚⁴

230 394 373 430 Medius
399 394 475 428 hic
498 413 554 427 —.
589 393 639 427 At
664 393 771 436 ille,
796 393 858 437 qui
874 405 960 428 saxa
978 395 1149 430 devolvat
1172 397 1229 439 12,
1253 398 1312 441 10,
1332 397 1393 432 60.
1417 397 1462 432 61
1476 399 1523 432 Ν.
1563 410 1597 432 v.
1619 399 1718 440 Hic.

230 447 393 476 veterem
409 440 544 473 illum
567 440 755 474 horrorem
769 439 901 480 malim,
927 452 1032 484 quam
1051 452 1183 476 novam
1205 441 1348 477 istam
1370 443 1549 481 licentiam
1565 445 1600 485 8,
1615 443 1720 487 5,34.

231 489 388 528 v.1ste;
415 490 474 519 aut
490 485 528 519 in
550 484 637 519 illo
655 485 808 520 lentiore
830 486 1042 530 tarditatem,
1064 487 1177 522 autin
1194 487 1277 523 illo
1300 500 1416 534 paene
1430 489 1614 534 praecipiti
1631 501 1722 525 con-

233 533 437 568 citationem
461 532 695 576 adjuvandam
718 533 881 566 docendo
909 535 944 576 2,
969 534 1004 576 8,
1030 536 1070 567 11
1097 535 1145 567 Ν.
1178 545 1294 579 neque
1320 534 1408 570 ille
1431 541 1601 570 —rrecto
1626 547 1719 571 sono

231 579 386 625 juravit,
428 589 497 612 nec
527 577 615 612 ille
649 579 793 612 Thebas
821 589 986 613 sermone
1010 579 1156 615 deflevit
1179 582 1310 625 11‚.3‚
1337 582 1417 616 168.
1447 594 1484 626 p.
1510 582 1590 615 Mil.
1621 582 1719 617 aliud.

234 624 400 661 Ciceroni
430 623 547 670 agenti
579 624 732 669 placuit,
772 623 867 658 aliud
898 626 1011 659 Bruto
1045 644 1092 651 —
1127 633 1227 660 cum·
1245 626 1330 661 ille
1370 628 1448 672 jure
1482 628 1641 662 occisum
1673 645 1720 655 —

231 671 387 714 dixerit3
429 670 515 704 ille
545 669 646 715 (Sp.
667 670 750 714 hic)
782 676 818 705 et
843 671 1013 718 gloriatus
1041 671 1086 706 sit
1109 671 1230 708 occiso
1258 674 1355 707 malo
1384 673 1466 709 cive
1489 676 1524 718 3,
1548 674 1583 716 6,
1607 675 1652 710 93
1675 678 1728 709 Z:

230 718 281 764 β)
310 731 352 751 ex
375 719 503 750 duobus
550 716 597 758 a)
642 719 717 750 ille
755 718 800 750 ad
836 720 991 750 remotius
1028 722 1191 753 relatum.-
1237 718 1297 752 Hi'
1319 719 1438 754 thesin
1473 731 1497 754 a
1527 730 1633 754 causa
1665 719 1719 754 sio

230 763 472 810 distinguunt,
517 768 557 796 ut
584 762 674 796 illa
703 762 750 797 sit
779 763 998 807 spectativae
1025 764 1157 808 partis,
1206 764 1320 799 haec
1355 766 1494 801 activae
1517 768 1562 809 3,
1591 766 1636 809 5,
1661 769 1720 801 11.

230 816 267 846 et
291 810 465 856 gladiator
486 825 534 831 ——
557 814 593 842 et
614 810 769 843 luctator
800 829 847 835 -—-
881 820 962 843 cum
984 809 1128 844 interim
1155 816 1191 845 et
1212 810 1290 846 hic
1315 811 1524 856 frequenter
1545 811 1617 846 suis
1639 811 1720 856 ipse

228 857 366 893 viribus
391 854 649 900 prosternitur,
682 861 718 890 et
740 855 889 897 illum,
917 856 1141 891 vehementis
1163 856 1334 901 impetus,
1361 857 1719 902 excipitradversafii

228 902 348 937 mollis
372 902 540 935 articulus
565 904 600 944 2,
625 904 680 944 12,
709 904 732 935 2
759 901 807 934 Ν.
845 901 889 943 cfi
918 904 953 946 2,
979 905 1012 944 1,
1037 905 1072 941 2.
1105 905 1141 945 2,
1166 903 1202 945 9,
1225 905 1259 938 3.
1289 905 1325 946 3,
1348 904 1383 945 6,
1406 905 1465 939 93.
1500 906 1536 946 3,
1559 905 1595 947 9,
1623 906 1647 937 2
1671 904 1720 940 Ν.

228 949 308 983 illi
324 949 375 993 (a.
389 953 409 982 1.
435 946 522 989 illic)
550 966 598 972 —
619 947 728 981 huic
752 946 840 991 (ml.
859 947 934 991 hic)
963 950 1021 991 10,
1037 949 1160 992 1,106.
1194 949 1234 992 b)
1260 951 1344 983 ille
1368 951 1414 983 ad
1437 953 1576 993 propius
1599 953 1718 988 relat..-

229 996 326 1040 quod
355 994 393 1028 in
417 994 648 1028 altercatione
672 995 711 1027 fit
737 993 929 1037 potentius,
954 1006 1059 1038 quam
1079 994 1119 1028 in
1141 994 1294 1038 actione,
1331 995 1414 1039 quia
1439 995 1478 1029 in
1500 995 1591 1029 illa
1613 995 1720 1029 nobis

228 1041 298 1086 ipsi
324 1041 603 1085 respondemus,
628 1040 666 1073 in
688 1041 771 1073 hac
795 1041 1048 1083 adversarium,
1075 1041 1177 1084 quasi
1195 1042 1413 1084 confessum,
1436 1047 1599 1076 tenemus
1621 1042 1657 1084 6,
1681 1040 1719 1085 4,

231 1089 291 1125 18.
327 1088 408 1131 plus
433 1092 486 1120 est
513 1085 766 1121 evidentia
788 1103 832 1110 —
865 1098 972 1130 quam
1002 1087 1350 1131 perspicuitas,
1389 1093 1426 1122 et
1456 1087 1580 1122 illud
1607 1093 1719 1133 patet,

228 1134 315 1168 hoc
332 1144 380 1166 ‘se
404 1133 666 1177 quodammodo
694 1131 849 1167 ostendit
871 1134 907 1176 8,
929 1134 964 1176 3,
989 1133 1033 1168 61
1058 1134 1107 1168 N.
1133 1134 1176 1175 cj.
1201 1134 1238 1177 8,
1260 1133 1296 1178 6,
1319 1134 1353 1169 8.
1379 1146 1411 1169 v.
1433 1133 1534 1168 Hic.

182 1177 428 1220 Illiberalis.
475 1207 519 1215 --
546 1200 646 1223 mens
676 1191 709 1233 1,
736 1191 771 1233 3,
801 1187 858 1227 14,

180 1245 290 1288 Illic.
326 1257 360 1301 1)
388 1260 591 1300 simpzfciter.
641 1255 683 1300 α)
713 1258 793 1290 ino
819 1261 933 1290 1000.-
959 1256 1118 1301 quodvin
1140 1257 1223 1292 foro
1250 1267 1327 1291 non
1349 1257 1517 1302 expedit,
1548 1249 1624 1293 infe
1649 1269 1719 1294 neo

227 1304 334 1338 liceat
357 1305 393 1345 9,
407 1306 441 1344 2,
457 1303 512 1337 67.
537 1301 639 1335 illic
662 1302 777 1343 maior
803 1308 932 1344 aestus,
955 1302 1031 1335 ubi
1057 1303 1135 1346 quis
1164 1305 1330 1346 pudenda
1353 1303 1513 1347 queritur
1539 1304 1718 1347 11,1,84,

227 1349 341 1383 Illic
364 1348 519 1390 radices,
546 1347 663 1381 illic
687 1347 918 1380 fundamenta
943 1353 1035 1390 sunt,
1071 1347 1175 1381 illic
1199 1356 1259 1383 etc.
1284 1351 1340 1391 10,
1365 1351 1400 1393 3,
1427 1352 1462 1384 3.
1507 1350 1601 1384 Mihi
1622 1352 1719 1386 hanc

214 1395 439 1442 ’figuram
466 1404 544 1428 esse
571 1392 680 1439 magis
705 1393 834 1436 placet.
882 1393 1000 1427 Illic
1024 1403 1110 1438 ergo
1133 1394 1313 1428 reddetur.
1341 1396 1388 1439 8,
1411 1395 1458 1438 6,
1482 1398 1538 1430 22.
1587 1395 1640 1441 β)
1672 1399 1719 1431 in

227 1444 314 1474 illa
342 1454 404 1474 re.-
445 1439 495 1473 Hi
519 1445 621 1482 sunt,
653 1438 715 1483 qui
737 1449 849 1482 parva
870 1437 978 1473 facile
1001 1439 1155 1472 faciunt:
1185 1445 1222 1474 et
1244 1440 1390 1475 audacia
1410 1442 1588 1485 provecti,
1612 1442 1719 1487 quid-

227 1486 314 1531 quid
337 1485 445 1520 illic
469 1485 527 1528 (Z.
549 1486 630 1526 om.)
654 1489 817 1528 possunt,
841 1484 958 1518 statim
982 1486 1186 1519 ostendunt.
1216 1488 1250 1528 1,
1276 1488 1311 1529 3,
1333 1486 1358 1520 4
1377 1489 1424 1524 N.
1439 1495 1470 1520 et
1485 1490 1521 1521 S.
1553 1487 1728 1532 [videtur.

225 1533 338 1568 illic
365 1542 508 1576 quoque
538 1530 579 1574 (i.
605 1543 633 1565 e.
657 1534 699 1564 in
730 1533 886 1564 causis
911 1531 1334 1576 conjecturalibus‚·
1370 1537 1413 1566 Z.
1438 1545 1480 1566 ex
1506 1535 1610 1568 Codd.
1644 1534 1717 1570 illis

227 1582 251 1615 ἰ.
265 1592 295 1612 e.
319 1581 381 1621 ei,
404 1580 478 1623 qui
502 1581 618 1620 agit,
649 1584 689 1610 et
715 1579 767 1619 ei,
795 1578 870 1621 qui
896 1579 1149 1619 syllogismo
1174 1577 1344 1621 utitur)
1375 1578 1627 1613 necessitatem
1648 1576 1717 1615 hos

226 1631 336 1660 status
358 1623 560 1668 exequendi
584 1623 704 1656 facere
727 1624 762 1664 3,
772 1621 806 1664 6,
822 1622 865 1656 16
879 1623 927 1656 N.
938 1621 1002 1666 cn]
1031 1622 1155 1667 luania
1170 1633 1312 1667 quoque
1335 1629 1500 1668 tempora
1521 1625 1717 1670 rhythmi

226 1671 367 1709 facilius
396 1669 596 1713 accipient,
630 1679 830 1712 quanquam
854 1668 945 1702 haec
969 1673 1005 1702 et
1031 1668 1070 1702 in
1091 1669 1215 1702 metris
1240 1668 1417 1704 accidunt.
1456 1670 1576 1714 Major
1597 1675 1718 1706 tamen

226 1717 339 1751 illic
368 1716 621 1757 licentia‘est,
663 1714 744 1747 ubi
778 1719 938 1757 tempora
965 1713 1072 1747 etiam
1095 1714 1212 1749 animo
1235 1715 1429 1750 metiuntur
1448 1716 1495 1759 9,
1521 1714 1567 1758 4,
1599 1718 1642 1752 51
1668 1717 1728 1761 N„

229 1764 324 1808 quod
348 1762 448 1796 illic
472 1762 523 1803 (a.
541 1766 562 1794 l.
583 1759 653 1803 illi)
677 1765 717 1793 ut
739 1759 936 1806 litigatores
958 1760 1140 1805 loquimur
1165 1761 1387 1805 frequentius
1410 1761 1446 1803 6,
1466 1765 1506 1804 2,
1527 1762 1587 1797 36.
1614 1761 1659 1804 cf:
1681 1765 1717 1806 7,

227 1813 263 1851 2,
295 1809 348 1843 16.
396 1807 447 1851 11)
472 1821 500 1842 c.
528 1810 720 1842 Correzato:
746 1817 836 1850 quae
860 1805 906 1839 in
930 1806 1113 1840 scholis
1141 1807 1405 1849 abdicatorum,
1430 1808 1521 1842 haec
1541 1807 1593 1842 in
1609 1809 1717 1842 foro

228 1855 531 1890 exheredatorum
557 1872 604 1878 —-
637 1852 729 1885 ratio
756 1857 831 1887 est:
873 1863 964 1895 quae
998 1852 1056 1886 ill
1061 1852 1108 1893 jc
1139 1854 1254 1887 malae
1279 1852 1522 1896 tractationis,
1553 1853 1634 1888 hic
1662 1852 1717 1888 rei

227 1901 380 1935 uxoriae
403 1904 439 1943 7,
462 1898 498 1942 4,
524 1902 580 1933 11.
604 1898 642 1932 in
665 1897 772 1932 tertio
798 1899 842 1931 de
867 1899 1018 1932 Oratore
1042 1915 1088 1934 .-
1110 1897 1149 1932 in
1174 1899 1326 1934 Oratore
1349 1917 1404 1932 —.
1438 1899 1509 1933 Sed
1520 1898 1636 1934 ‘illic
1655 1911 1728 1934 —.·

227 1949 273 1981 Et
298 1947 375 1980 hic
405 1949 470 1988 11,
501 1948 545 1988 1,
574 1943 608 1979 4.
645 1949 684 1977 ut
709 1943 771 1977 illa
803 1943 848 1977 sit
880 1943 1098 1987 spectativae
1128 1945 1260 1988 partis,
1293 1945 1385 1979 haec
1411 1945 1571 1990 activae3
1606 1945 1718 1980 illic

228 1992 325 2028 enim
353 1991 517 2028 veritatis
550 1995 685 2024 tantum
719 1989 832 2036 gratia
863 1989 1055 2037 disputari,
1094 1990 1174 2024 hic
1208 1990 1390 2038 negotium
1421 1990 1479 2035 agi
1510 1992 1556 2032 3,
1581 1992 1626 2034 5,
1656 1994 1716 2028 11.

226 2038 271 2081 cs.
298 2041 340 2082 3,
364 2039 409 2080 8,
434 2040 491 2072 20.
516 2040 574 2070 21.
619 2037 742 2070 eadem
773 2034 880 2069 illic
912 2035 1082 2078 suaderi,
1119 2036 1192 2071 hic
1215 2037 1267 2081 (ιι.
1286 2040 1308 2071 l.
1333 2035 1417 2077 illic)
1439 2035 1575 2069 laudari
1597 2037 1725 2071 solent,

225 2088 271 2128 3,
295 2088 338 2126 7,
366 2085 430 2126 28;
464 2083 512 2117 in
546 2082 620 2117 his
652 2081 796 2127 quidem
821 2082 940 2120 minor
963 2087 1017 2117 est
1040 2082 1156 2126 labor,
1183 2101 1228 2110 —
1265 2081 1371 2116 illic
1394 2083 1474 2126 plus
1498 2081 1716 2117 difficultatis

226 2134 290 2174 11,
317 2133 349 2173 ι,
376 2130 435 2165 68.

177 2187 331 2230 IlliciO·
378 2207 460 2242 pars
484 2195 670 2231 dialectica
693 2212 738 2220 —
763 2194 860 2229 utilis
884 2206 993 2240 saepe
1015 2214 1063 2222 —
1091 2193 1375 2238 illiciendo,
1410 2193 1728 2239 implicando.

226 2248 290 2288 12,
319 2246 359 2286 2,
385 2245 440 2277 13.
1494 2253 1497 2257 ,
1558 2263 1563 2268 .

178 2290 321 2331 Illido-
365 2300 404 2333 in
430 2299 555 2341 litore,
592 2298 632 2332 in
663 2309 735 2343 quo
771 2296 870 2342 (Sp.
897 2297 1018 2343 quod)
1053 2308 1092 2331 se
1113 2295 1274 2331 maximo
1301 2307 1382 2331 cum
1405 2307 1500 2331 sono
1519 2296 1647 2331 fluctus
1668 2296 1716 2330 il-

226 2348 353 2381 lideret
377 2345 464 2389 ((1.1.
490 2345 655 2379 illuderet
680 2349 723 2379 al.
740 2343 978 2386 illiderentur)
1004 2345 1061 2384 10,
1084 2345 1119 2386 3,
1141 2345 1242 2377 3ΟΖ.
1268 2340 1332 2388 [al,
1355 2343 1480 2388 spinae
1502 2344 1595 2378 male
1615 2342 1717 2378 illisit

226 2393 287 2433 (Z.
313 2391 366 2426 illi
393 2390 456 2434 sit)
493 2393 616 2433 Virg.
646 2393 780 2435 epigr.
806 2391 842 2433 8,
865 2392 902 2433 3,
925 2391 971 2424 28
994 2388 1059 2433 Ν.]

179 2435 322 2492 Illigo·
369 2458 435 2482 nos
466 2447 666 2492 praeceptis
697 2447 928 2494 illigaverunt
957 2446 991 2489 5,
1021 2447 1077 2488 13,
1103 2445 1161 2480 60.

179 2502 426 2545 Illitffl'atuso
459 2515 617 2563 litigator
638 2514 844 2549 rusticus
872 2513 1210 2557 illixteratusque
1237 2514 1272 2556 2,
1298 2514 1357 2556 21,
1382 2512 1438 2547 16.

178 2559 344 2601 Illotus.
384 2575 416 2614 1,
440 2571 476 2616 4,
504 2575 561 2608 13,

179 2615 300 2657 Illuc.
345 2639 425 2662 cum
454 2629 540 2663 iuno
570 2637 709 2664 venero
743 2626 802 2672 (in
827 2625 937 2671 libro)
966 2628 1021 2669 11,
1046 2627 1080 2668 3,
1106 2627 1169 2669 383
1205 2625 1256 2660 iu.
1285 2625 1418 2659 accedo
1444 2624 1480 2667 6,
1502 2625 1538 2666 3,
1567 2623 1626 2658 79.
1661 2621 1715 2658 iu.

226 2673 446 2707 conserenda
470 2681 524 2708 est
547 2675 663 2709 oratio
684 2677 720 2717 7,
741 2676 776 2716 2,
791 2674 845 2708 36.
872 2673 923 2708 ill.
947 2672 1163 2707 intendenda
1184 2681 1286 2706 mens
1310 2672 1367 2714 10,
1391 2672 1426 2712 2,
1448 2671 1517 2711 27;
1548 2669 1728 2704 salientes

226 2719 319 2752 huc
344 2718 461 2753 illuc
484 2721 541 2762 10,
564 2724 599 2762 7,
623 2721 658 2755 6.
686 2732 720 2753 v.
746 2720 859 2765 Huc.

164 2761 405 2806 1111108800.
455 2775 534 2820 quis
557 2775 617 2811 hio
640 2775 761 2811 illuxit
784 2775 861 2811 dies
889 2777 974 2810 Cic.
999 2774 1036 2818 9,
1058 2772 1094 2818 4,
1117 2773 1164 2809 76
1186 2773 1235 2808 N·
1253 2785 1300 2811 or.
