1728 3002
0 0 23 206 ξ,

541 163 791 208 Commoror
819 184 874 195 ——
902 160 1163 205 communic
1534 160 1611 200 141

56 269 344 315 ‘commororo
382 279 550 316 Pom
569 288 833 324 supervacuum
857 275 968 311 fuerit
991 274 1052 311 hio
1077 272 1294 311 commorari
1320 272 1485 321 (camp.
1511 252 1617 309 com.-

116 327 334 372 memorari)
358 325 396 371 4,
418 330 454 372 2,
480 328 539 361 22.
565 322 605 360 in
627 334 674 360 eo
696 324 807 368 vitio,
837 322 936 368 quod
956 321 1200 358 vitandum
1224 320 1388 363 dicimus,
1412 330 1615 355 commo-

116 380 279 411 rantes
304 376 340 418 8,
357 375 397 417 3,
408 372 467 408 46.
498 371 537 406 in
560 369 810 416 componenda
836 374 920 416 toga
942 384 987 394 —
1013 369 1158 413 paulum
1185 367 1477 401 commorandum
1504 370 1563 409 (a.
1588 371 1611 401 1.

118 423 218 456 inser.
244 419 318 463 est)
345 422 386 454 11
400 443 414 463 ,
442 420 479 462 3,
502 418 581 454 156.
626 428 708 452 cum
729 415 879 463 singulis
906 425 1021 460 paene
1049 413 1199 459 syllabis
1227 413 1472 448 commorandi
1507 412 1561 457 (a.
1587 416 1610 447 1.

120 465 402 509 commoriendi)
427 465 475 508 8,
496 464 555 499 Pr.
584 464 627 499 31
657 464 704 497 N.
732 475 806 504 οη,
860 461 899 495 in
929 472 1002 496 una
1036 471 1077 496 re
1109 461 1304 494 haereat
1342 459 1381 494 in
1412 460 1611 504 eademque

121 517 439 549 commoretur
461 508 637 545 sententia
666 510 735 553 (sic
758 509 873 543 Amb.
902 511 944 552 ¹3
981 509 1051 552 Sp.
1082 512 1119 541 et
1151 507 1251 540 haer.
1275 506 1315 540 in
1340 505 1420 541 ead.
1449 515 1613 540 commo-

119 564 292 604 remrque
314 569 345 594 t·
364 559 463 594 cic.
494 558 564 593 Or.
591 556 677 598 39.)
702 556 740 598 9,
765 558 799 597 1,
824 553 884 588 41.

76 601 334 647 commotio.
378 615 448 649 His
472 611 718 659 (argumentis)
746 611 922 663 adjiciunt
941 608 1083 655 quidam
1107 607 1488 652 commotionem
1517 610 1613 645 hanc

121 662 236 706 accipi
258 662 388 697 volunt
414 658 751 707 temporarium
779 656 926 692 animi
951 661 1144 700 motum,
1178 655 1270 690 sicut
1293 655 1402 700 iram,
1435 667 1612 703 pavorem

117 709 236 751 ⁵,10‚
260 709 320 744 28.

74 749 351 795 commoveo·
389 763 536 798 affectus
551 761 804 798 commovendi
816 759 854 804 4,
876 761 937 794 Pr.
960 759 996 794 6.
1023 757 1058 801 5,
1081 759 1117 802 8,
1137 760 1172 795 3.
1206 758 1354 794 affectus
1374 746 1613 794 vehemen-

118 814 199 844 ter
219 815 485 846 commotos
511 823 590 854 opp.
615 811 750 844 lenes
774 810 810 850 6,
834 810 870 850 2,
892 807 928 842 9.
966 815 1197 840 commovere
1223 805 1492 840 miserationem
1513 806 1550 848 6,
1577 809 1613 850 1,

66 865 77 874 “
116 854 174 891 46.
209 858 265 900 10,
291 859 325 900 1,
348 856 417 899 643
447 867 523 891 non
544 865 763 903 magnopere
786 851 1092 894 commovebitur,
1122 851 1153 885 si
1178 851 1259 897 quis
1282 852 1326 885 ab
1355 862 1400 886 eo
1425 853 1612 886 consultus

117 901 303 937 dissentiet
330 905 400 946 12,
427 904 469 945 3,
494 904 530 937 8.
568 907 767 936 commotus
796 901 840 933 ab
872 903 1017 933 oratore
1040 898 1152 941 judex
1173 899 1217 941 6,
1245 900 1288 941 2,
1312 901 1345 932 7.
1389 898 1480 932 nihil
1507 900 1612 933 vultu

117 954 316 982 commotos
337 948 382 991 6,
413 951 455 991 1,
483 949 540 983 38.
585 946 967 982 commovendos
998 954 1078 978 esse
1116 944 1439 989 ducendosque
1471 944 1611 979 animos

115 993 362 1038 imperitorum
387 997 453 1036 12,
482 996 547 1037 10,·
577 995 633 1029 50.
670 999 758 1027 tunc
784 997 840 1027 est
863 990 1167 1026 commovendum
1191 992 1369 1024 theatrum
1396 991 1441 1034 6,
1470 993 1513 1033 1,
1541 991 1611 1033 523

122 1039 307 1074 affectibus
335 1049 567 1075 commovere
593 1041 640 1082 9,
664 1038 711 1082 4,
734 1037 770 1072 4.
811 1037 955 1082 publica
979 1037 1063 1070 vice
1088 1035 1310 1071 commoveri
1334 1039 1392 1079 11,
1418 1042 1451 1078 1,
1474 1035 1531 1070 42.
1562 1037 1608 1076 cs.

116 1084 155 1129 4,
177 1088 316 1130 2,-115.
349 1087 450 1129 cuijus
478 1086 664 1120 atrocitate
686 1086 798 1129 judex
821 1088 899 1118 erat
926 1083 1209 1116 commovendus
1232 1082 1268 1125 6,
1293 1084 1327 1125 1,
1353 1083 1411 1116 32.
1448 1093 1611 1117 commo-

118 1136 177 1166 tus
200 1133 306 1166 docta
329 1142 425 1167 voce
449 1135 485 1176 2,
510 1133 574 1175 16,
597 1134 631 1167 9.
671 1141 744 1175 quo
769 1128 980 1177 generosior
1003 1127 1204 1173 celsiorque
1229 1133 1285 1162 est
1310 1128 1510 1174 (animus),
1537 1130 1611 1164 hoc

86 1188 89 1189 ⁷
112 1178 307 1222 majoribus
329 1179 431 1213 vehit
453 1178 598 1225 organis
620 1181 871 1212 commovetur
895 1178 930 1218 1,
954 1177 990 1218 2,
1013 1175 1071 1208 30.

0 1243 2 1247 ’
70 1230 423 1277 communicatio.
464 1247 532 1290 fig.
559 1259 615 1291 ap.
646 1247 728 1281 Cic.
751 1245 794 1289 9,
820 1246 859 1287 1,
883 1244 940 1278 3ο.
971 1240 1018 1285 cs.
1041 1242 1079 1288 9,
1102 1245 1139 1288 2,
1163 1245 1211 1278 20
1234 1243 1282 1279 Ν.
1315 1254 1382 1289 per
1409 1232 1612 1280 communi-

112 1290 291 1327 cationem
312 1292 391 1327 fieri
417 1290 468 1336 (a.
492 1297 516 1327 1.
543 1290 766 1336 commutat.)
789 1292 830 1335 9,
856 1293 893 1334 2,
915 1291 974 1324 23.

0 1336 8 1358 ἰ
69 1344 364 1391 communico·
420 1370 677 1407 nonnunquam
719 1358 1025 1396 communicantes
1061 1356 1194 1403 aliquid
1222 1340 1490 1402 inexpectatum
1521 1359 1609 1394 sub-

103 1406 289 1453 jungimus
312 1407 349 1451 9,
373 1409 409 1450 2,
435 1410 492 1442 22.

4 1464 6 1466 ’
69 1448 339 1493 communio·
374 1463 602 1510 simplicitas,
634 1474 725 1511 quae
748 1467 957 1498 -·tantum
982 1460 1178 1497 communit
1205 1460 1381 1496 occultius
1408 1461 1606 1507 (numeros)

58 1516 70 1521 “
111 1508 206 1552 9,’-4,
230 1511 287 1545 31.

56 1551 332 1598 Communis.
372 1564 413 1610 a)
439 1569 650 1611 simpliciter.-
677 1566 716 1612 a)
740 1578 812 1613 quo
836 1573 873 1602 et
895 1565 1124 1602 adversarius
1142 1565 1195 1599 uti
1217 1570 1348 1610 potest,
1372 1551 1606 1601 commune

111 1613 308 1657 appellatur
331 1610 373 1656 4,
400 1615 437 1655 1,
463 1617 519 1648 71.
557 1625 677 1648 rerum
698 1613 794 1649 vitia
810 1620 894 1647 sunt
918 1614 1147 1654 stultum,
1186 1623 1452 1654 commune,
1496 1622 1607 1646 con-

68 1693 80 1701 ,
111 1658 342 1702 uarium,
377 1670 730 1703 supervacuum
747 1662 790 1703 8,
814 1663 856 1704 3,
883 1662 940 1695 57.
985 1659 1217 1693 translatione
1242 1670 1262 1692 a
1288 1658 1534 1692 communi
1561 1660 1608 1693 ad

110 1704 343 1749 proprium
369 1705 404 1748 8,
429 1707 463 1748 5,
489 1707 522 1740 6.
555 1713 698 1750 praeter
720 1707 813 1749 hoo,
841 1707 936 1750 quod
954 1711 1008 1740 est
1031 1716 1290 1747 commune,
1321 1705 1447 1749 quaed.
1476 1715 1606 1740 causae

113 1751 344 1794 propriam
366 1751 650 1786 moderationem
673 1752 875 1786 desiderant
897 1755 952 1794 11,
980 1755 1013 1795 1,
1039 1753 1095 1786 58.
1126 1751 1236 1784 habet
1260 1750 1376 1784 omnis
1399 1752 1606 1795 eloquentia

113 1794 245 1839 aliquid
269 1807 396 1830 comm.
423 1800 491 1841 10,
517 1801 562 1842 2,
586 1801 644 1832 22.
693 1798 787 1844 Quid
814 1799 910 1832 enim
935 1804 1009 1831 tam
1036 1808 1188 1840 comm.,
1223 1797 1605 1844 quaminterrogare‘l

114 1841 151 1882 9,
174 1844 209 1883 2,
232 1841 266 1876 6.
304 1842 349 1883 cs.
377 1846 413 1885 2,
435 1843 471 1886 4,
496 1846 553 1879 37.
587 1844 675 1878 illud
698 1845 844 1889 quidem
867 1855 1080 1887 commune,
1107 1844 1200 1888 apud
1225 1843 1333 1876 alium
1358 1853 1426 1877 nos
1450 1844 1607 1887 judicem

79 1922 82 1923 ⁷
112 1886 351 1930 disputaturos
374 1889 419 1923 de
441 1889 535 1923 illius
562 1891 739 1924 sententia
760 1901 834 1924 non
862 1891 973 1924 fuisse
998 1893 1065 1933 11,
1094 1893 1135 1933 1,
1168 1892 1232 1931 773
1281 1901 1371 1934 quae
1395 1895 1478 1923 sunt
1504 1901 1606 1923 com-

80 1968 84 1970 ,
112 1932 232 1966 munia
248 1935 284 1975 2,
305 1931 342 1976 4,
365 1936 424 1968 28.
452 1934 498 1975 cs.
521 1938 557 1978 3,
579 1935 614 1978 4,
641 1939 695 1971 15.
725 1948 843 1981 neque
868 1936 1129 1978 contraria,
1154 1935 1428 1977 communia,
1457 1937 1605 1970 stulta

112 1978 296 2014 invenisse
329 1978 459 2014 dicitur
485 1981 671 2025 quisquam
696 1984 740 2025 3,
764 1985 806 2025 3,
831 1983 853 2017 5
877 1984 923 2016 Ν.
958 1993 1086 2016 comm.
1112 1982 1206 2016 bene
1230 1982 1546 2025 apprehenduntur
1568 1983 1604 2025 5,

113 2026 179 2068 13,
200 2024 247 2058 29
271 2025 317 2058 Ν.
356 2024 426 2058 alia
448 2036 523 2060 non
544 2026 662 2060 minus
689 2038 841 2062 comm.
870 2039 911 2061 ac
935 2034 1046 2061 nota
1071 2031 1118 2070 2,
1143 2031 1210 2069 11,
1234 2030 1267 2062 5.
1308 2027 1448 2074 singula
1469 2027 1603 2062 levia

111 2076 194 2104 sunt
221 2075 258 2104 et
284 2081 438 2104 comm.
468 2072 511 2115 5,
537 2075 602 2115 12,
627 2073 648 2107 5
672 2074 719 2106 Ν.
755 2079 794 2106 ut
818 2073 1056 2106 contraria
1079 2073 1236 2107 vitemus
1262 2078 1298 2106 et
1326 2083 1479 2107 comm.
1503 2074 1538 2116 6,
1566 2075 1605 2117 5,

77 2129 83 2132 ·
111 2119 145 2151 2.
174 2121 214 2149 ut
238 2127 259 2150 a
282 2117 553 2150 communib.
580 2118 626 2150 ad
647 2118 842 2162 propria
863 2119 1051 2152 veniamus
1075 2122 1112 2161 7,
1137 2122 1175 2160 1,
1198 2119 1256 2152 28.
1285 2128 1359 2152 non
1381 2123 1454 2151 tam
1475 2121 1605 2163 procul

81 2164 351 2198 ·recedend1un
377 2174 398 2196 a
422 2163 623 2207 propriis
657 2170 727 2207 atq.
753 2165 1021 2197 communib.
1050 2167 1115 2207 12,
1139 2166 1203 2206 10,
1231 2162 1288 2197 42.
1348 2162 1385 2206 b)
1414 2165 1484 2207 adj.
1515 2168 1601 2200 Dat.

80 2212 86 2235 ἓ
111 2217 171 2243 mat
190 2211 322 2244 Genu„-
350 2210 448 2254 quod
467 2219 655 2243 commune
678 2215 733 2243 est
753 2209 920 2243 omnibus
942 2212 978 2252 3,
1002 2210 1038 2251 6,
1068 2214 1099 2243 1.
1128 2208 1221 2253 parti
1245 2209 1388 2253 utrique
1411 2220 1603 2246 commune

108 2253 147 2298 4,
170 2258 204 2298 1,
230 2255 287 2290 16.
312 2255 356 2298 6,
382 2258 424 2299 1,
446 2258 505 2288 11.
543 2255 632 2289 illud
655 2256 850 2289 ediscendo
874 2255 1136 2299 scribendoque
1163 2265 1291 2289 comm.
1318 2261 1371 2290 est
1396 2259 1453 2299 11,
1477 2260 1519 2300 2,
1543 2259 1603 2293 35.

84 2316 87 2319 ·
109 2303 240 2335 comm.
267 2302 357 2335 haec
381 2301 542 2345 pluribus
566 2301 685 2335 causis
711 2302 756 2345 5,
779 2305 825 2345 7,
850 2301 907 2336 34.
939 2300 982 2342 cs.
1011 2304 1076 2344 12,
1101 2304 1143 2344 1,
1164 2300 1232 2344 45;
1273 2307 1333 2335 aut
1356 2312 1603 2339 commune

110 2345 405 2391 prudentium
432 2353 513 2390 est,
539 2353 600 2382 aut
625 2346 868 2392 proprium
897 2347 1049 2381 oratoris
1076 2350 1134 2391 12,
1162 2349 1205 2390 3,
1231 2350 1266 2382 7.
1325 2347 1365 2391 c)
1389 2349 1460 2392 adj.
1487 2353 1602 2384 Prae-

108 2400 207 2437 pos.'.·
236 2392 320 2436 quid
347 2392 399 2426 in
424 2393 537 2427 literis
562 2393 825 2438 proprium,
861 2393 948 2438 quid
973 2403 1133 2427 comm.
1160 2396 1203 2437 1,
1228 2392 1277 2437 4,
1303 2396 1361 2428 12.
1401 2395 1528 2440 quaed.
1552 2396 1603 2431 iu

109 2437 210 2472 omni
233 2449 366 2486 genere
389 2449 516 2473 comm.
543 2442 588 2484 5,
611 2441 657 2482 8,
681 2438 718 2473 4.
763 2439 898 2484 aliquid
919 2439 1043 2473 inter
1068 2439 1166 2483 ipsos
1189 2438 1360 2484 (Atticos)
1387 2451 1518 2476 comm.
1541 2445 1601 2487 12,

108 2485 175 2527 10,
197 2485 254 2519 20.
294 2484 390 2528 quod
413 2495 656 2520 commune
681 2496 782 2519 cum
805 2485 877 2519 alio
901 2491 978 2528 est,
1015 2485 1155 2519 desinet
1177 2497 1257 2520 esse
1280 2487 1534 2530 proprium
1562 2491 1600 2532 7,

109 2531 147 2574 3,
170 2530 227 2564 24.
262 2536 343 2574 apte
366 2530 487 2565 dicere
510 2550 555 2559 —
581 2537 637 2566 est
661 2542 756 2565 cum
782 2531 994 2566 inventione
1021 2541 1209 2567 commune
1235 2535 1298 2575 11,
1326 2535 1368 2576 1,
1394 2536 1429 2567 7.
1491 2533 1528 2576 d)
1551 2533 1601 2568 in

110 2585 338 2610 commune
362 2577 407 2610 de
428 2577 507 2620 jure
534 2578 632 2612 omni
659 2577 910 2622 disputandum
932 2581 974 2621 7,
997 2580 1040 2621 1,
1066 2577 1124 2614 49.
1159 2578 1198 2612 in
1222 2589 1350 2612 comm.
1375 2579 1539 2614 laborare
1562 2581 1600 2623 5,

111 2624 180 2665 11,
202 2622 260 2657 24.
316 2622 355 2656 in
388 2632 521 2658 comm.
555 2625 744 2668 profutura
778 2624 823 2667 6,
859 2626 905 2667 1,
934 2627 968 2658 7.
1044 2623 1083 2669 β)
1118 2638 1147 2658 c.
1179 2625 1347 2658 Nominib.
1385 2625 1515 2668 jum-t..-
1561 2624 1598 2670 a)

76 2662 89 2698 ζ
110 2677 240 2702 comm.
266 2668 456 2713 appellatio
482 2671 517 2711 3,
540 2670 576 2713 6,
599 2669 657 2705 41.
690 2688 738 2696 -
762 2681 848 2704 aura
871 2669 908 2713 6,
929 2670 988 2703 Pr.
1014 2672 1070 2704 12.
1106 2687 1153 2695 —
1176 2669 1349 2715 loquendi
1373 2673 1599 2707 consuetudo

113 2715 171 2756 11,
196 2716 231 2757 1,
255 2717 310 2749 12.
338 2717 396 2757 12,
418 2717 454 2759 2,
477 2716 535 2750 19.
561 2735 608 2742 -
630 2715 704 2751 filia
726 2717 763 2760 3,
788 2719 844 2759 11,
869 2715 905 2750 6.
935 2726 1021 2750 num
1044 2716 1139 2750 forte
1163 2727 1454 2761 supervacua
1478 2735 1522 2743 -
1551 2728 1600 2752 an

113 2759 347 2807 ambigua,
386 2771 432 2795 an
463 2761 738 2806 contraria,
776 2772 824 2797 cn
847 2771 1001 2798 comm.
1027 2762 1142 2814 finitio
1166 2762 1213 2798 sit
1237 2765 1282 2807 7,
1305 2764 1353 2806 3,
1379 2765 1438 2798 20.
1475 2768 1599 2812 getius
