1728 3002
169 177 254 215 456
843 171 959 213 lrcus
996 196 1040 203 -
1074 171 1116 215 Is

171 286 304 329 11'0118-
346 298 443 332 ireos
467 298 631 331 dicebant
658 295 837 341 (veteres)
864 301 895 340 1,
921 298 954 336 5,
979 300 1035 332 20.

170 343 327 385 Ironla.
374 355 410 389 in
436 366 480 388 eo
506 366 660 401 genere,
697 364 769 398 quo
792 354 971 388 contraria
1001 357 1254 399 ostenduntur,
1297 355 1456 391 ironia
1485 362 1555 400 est3
1595 355 1702 391 illu-

217 401 402 435 sionem
428 407 560 436 vocant
583 403 617 444 8,
641 401 677 443 6,
702 399 757 435 54.
807 401 900 444 Quid
923 400 1063 434 ironia?
1094 411 1216 435 nonne
1242 401 1366 443 etiam,
1401 414 1493 447 quae
1514 400 1726 438 severissi-‘

215 458 275 481 me
298 448 336 480 fit
360 448 418 491 (a.
446 451 468 480 l.
495 459 585 490 quae
614 446 661 482 sit
682 445 906 490 verissima),
931 446 1003 491 joci
1030 457 1141 491 prope
1165 458 1276 494 genus
1301 453 1354 482 est
1387 449 1433 492 6,
1456 450 1491 492 3,
1515 449 1571 483 68.
1619 460 1701 483 eum

216 492 261 527 ir.
283 499 354 527 tam
378 493 471 526 inter
494 494 624 540 figuras
648 492 846 527 sententiae
870 504 974 537 (ptam
998 493 1091 526 inter
1115 498 1238 537 tropos
1261 493 1476 538 reperiatur»
1491 495 1526 537 9,
1552 497 1585 537 1,
1609 497 1642 529 3.
1671 493 1697 528 ‘7

219 547 279 572 etc.
305 539 347 573 ir.
375 549 517 583 quoque
543 541 600 582 (in
619 541 728 572 deuio
754 540 893 582 figurae
925 537 1063 582 genere)
1099 539 1384 584 frequentissima
1419 541 1460 583 9,
1491 543 1534 582 2,
1564 541 1631 583 973
1663 539 1703 573 in

214 586 352 619 duobus
369 585 640 620 ‹lemumverbis
665 590 718 619 est
734 585 778 619 ir.
803 587 847 620 ib.
873 583 929 619 45.
957 585 1078 619 divina
1102 585 1163 619 illa
1184 604 1227 610 —
1247 586 1291 620 ir.
1318 585 1468 629 4,1,70.
1493 585 1540 627 cs.
1565 588 1610 619 ib.
1634 587 1701 628 39;

217 642 296 665 cum
323 631 429 666 etiam
452 631 527 665 vita
551 631 719 666 universa
742 630 895 665 ironiam
920 632 1052 665 habere
1079 631 1243 666 videatur
1264 633 1300 674 9,
1323 635 1358 675 2,
1393 631 1452 667 46.
1482 643 1572 676 quae
1594 631 1705 679 figura

215 688 298 721 per
322 677 524 712 ironiam
556 678 601 711 ad
633 678 844 712 elevandum
876 677 1099 712 convertitur
1130 679 1176 721 9,
1200 679 1244 721 3,
1283 678 1339 713 29.
1388 678 1452 712 Est
1485 683 1522 712 et
1552 677 1614 711 ina
1648 688 1705 712 ex

216 723 375 757 ironia
402 724 499 757 fictio
523 724 564 766 6,
600 725 645 766 3,
682 724 739 759 91.

170 766 447 832 ῙῐιἪίίοηξὶῙίε.
491 792 605 828 genus
629 787 683 815 est
707 780 855 823 animal,
889 780 1026 824 species
1061 782 1227 825 mortale,
1272 779 1470 815 differentia
1499 778 1706 814 irrationale

216 825 276 879 (51.
304 831 324 862 l.
350 825 621 871 irrationabile)
644 831 679 870 7,
705 829 739 870 3,
763 829 796 862 3.
827 825 870 868 cf.
896 827 931 870 8,
957 828 993 870 6,
1021 830 1073 861 13.
1110 827 1239 861 animal
1268 826 1547 868 rationale,
1588 824 1707 859 irra-

216 874 393 908 tionale
421 876 456 916 7,
481 876 514 915 3,
544 873 601 907 24.
651 879 774 907 muta
797 878 904 917 atque
939 873 1251 907 irrationalia
1281 878 1456 907 vocantur
1492 871 1704 914 (animalia)

215 921 251 961 2,
275 919 330 960 16,
352 919 397 954 16
423 921 467 952 Ν.
492 931 577 953 usus
603 919 745 964 quidam
768 919 890 962 irrat.,
934 930 1040 964 quem
1077 919 1205 953 Graeci
1240 915 1374 963 ὄῖλογον
1405 915 1537 963 τριβὴν
1565 922 1706 951 'vocant

215 967 272 1007 10,
299 968 334 1007 7,
360 967 413 998 11.
441 965 491 1008 (in
516 973 622 1011 utroq.
650 970 721 999 loco
749 967 868 1009 Codd„
892 973 1026 1009 praeter
1053 968 1198 999 Tur-ic.
1229 967 1262 998 in
1286 967 1398 1008 priore
1422 967 1458 1006 l.,
1484 975 1592 997 omnes
1613 962 1707 1001 irra-

214 1009 396 1045 tionabilis
410 1011 439 1055 ).

166 1052 327 1122 Irrfipo-
383 1068 422 1102 in
445 1067 582 1103 animos
607 1065 765 1112 judicum
794 1068 919 1113 irrepit
941 1070 982 1112 9,
1016 1072 1056 1112 1,
1094 1070 1148 1105 19.

166 1109 344 1154 Il'l'ldeo·
391 1126 515 1160 eadem
541 1126 654 1161 verba
682 1131 815 1159 mutata
846 1126 1136 1170 pronuntiatione
1166 1124 1316 1159 irrident
1349 1130 1410 1163 etc.
1447 1124 1510 1164 11,
1541 1121 1586 1163 3,
1619 1121 1705 1163 1763

214 1175 339 1204 testem
364 1171 488 1205 irridet
513 1175 546 1213 1,
574 1170 610 1214 4,
636 1170 692 1205 14.
722 1183 827 1215 quam
851 1171 1102 1216 (nutationem)
1127 1172 1170 1205 in
1195 1169 1352 1205 Curione
1377 1173 1477 1212 patre
1507 1165 1618 1200 irrisit
1649 1169 1705 1208 11,

213 1217 250 1258 3,
276 1218 352 1251 129.
398 1223 628 1260 praeceptum
655 1217 840 1252 brevitatis
862 1218 1014 1251 irridens
1036 1217 1071 1260 4,
1098 1220 1132 1260 2,
1156 1219 1212 1251 32.
1257 1216 1352 1249 hanc
1375 1214 1558 1258 (diversam
1579 1224 1707 1256 propo-

213 1262 387 1304 sitionem)
412 1262 601 1305 aliquando
631 1262 923 1303 irridentes,
950 1263 1139 1307 aliquando
1165 1261 1411 1295 imitantes
1438 1257 1706 1303 pronuntiamus

213 1309 271 1350 11,
299 1310 334 1351 3,
365 1308 442 1346 163.
470 1307 622 1341 irridens
649 1308 740 1340 hanc
767 1308 960 1342 vanitatem
984 1310 1019 1351 8,
1047 1311 1083 1351 2,
1107 1311 1140 1341 2.
1178 1319 1210 1342 v.
1237 1307 1407 1340 Illudo.

167 1348 333 1394 Irritus.
371 1364 540 1398 —labor
567 1366 632 1406 12,
666 1365 707 1406 1,
746 1365 802 1398 13.

167 1405 330 1463 Irrogo·
378 1421 498 1455 mitior
523 1421 614 1454 solet
636 1430 752 1463 poena
778 1418 931 1466 irrogari
956 1418 1197 1454 verecundiae
1220 1418 1256 1461 6,
1289 1416 1325 1460 4,
1359 1417 1414 1452 16.
1444 1415 1517 1450 'cui
1547 1413 1706 1460 (laboti)

213 1477 287 1500 non
311 1468 390 1511 plus
415 1467 643 1513 irrogandum
665 1470 740 1508 est,
781 1477 886 1510 quain
911 1466 1006 1510 quod
1031 1475 1157 1499 somno
1185 1462 1360 1508 supererit
1388 1464 1447 1506 10,
1467 1464 1501 1505 3,
1525 1462 1584 1496 26.

167 1507 374 1568 Irrumpo.
421 1525 618 1568 irrumpent
644 1521 770 1567 optimi
795 1533 1049 1567 nonnunquam
1073 1532 1198 1555 sensus
1232 1522 1290 1563 10,
1315 1520 1360 1563 3,
1396 1520 1453 1552 33.
1492 1527 1707 1562 quocunque

211 1569 417 1614 irruperunt
441 1569 623 1613 (effeetus)
649 1571 683 1611 3,
708 1569 742 1611 5,
766 1571 806 1611 23
842 1569 893 1602 ad
923 1569 1205 1612 prosopopoeiae
1229 1576 1344 1609 usque
1373 1569 1410 1598 et
1441 1564 1496 1597 ad
1529 1563 1707 1598 suasorias

212 1615 411 1660 irrumpunt
437 1613 696 1661 (grammatici)
721 1617 755 1656 2,
781 1618 814 1657 1,
839 1617 861 1647 2
886 1615 955 1657 N.,·
991 1613 1037 1647 in
1059 1618 1206 1657 pectora
1233 1611 1404 1654 irrumpat
1426 1608 1589 1653 (orator)
1610 1611 1646 1653 2,
1671 1609 1706 1653 5,

212 1662 248 1696 8.
274 1661 317 1695 in
345 1662 421 1706 ipsa
443 1662 568 1707 capitis
596 1666 656 1695 aut
678 1660 1024 1704 fortunaepericula
1047 1658 1174 1703 irrupit
1198 1658 1364 1701 voluptas
1386 1655 1422 1699 4,
1446 1657 1482 1698 2,
1500 1657 1592 1689 122.

167 1702 222 1747 Is.
253 1718 331 1753 eis.
388 1723 431 1762 7,
469 1722 510 1762 1,
548 1720 601 1755 19.
638 1721 679 1761 7,
714 1719 776 1760 10,
815 1717 871 1752 15.
907 1719 967 1760 10,
1007 1719 1050 1759 2,
1086 1718 1141 1749 11.
1178 1717 1234 1757 12,
1263 1715 1320 1756 10,
1344 1715 1402 1747 77.
1422 1713 1459 1755 9,
1493 1711 1530 1756 4,
1554 1713 1598 1746 31
1622 1713 1706 1745 Do-

213 1768 302 1799 mit.
328 1764 388 1807 (a.
415 1770 436 1798 l.
464 1764 528 1804 iis)
553 1768 588 1808 7,
612 1765 671 1798 Pr.
701 1766 733 1797 1.
761 1763 823 1807 (α.
848 1767 870 1796 l.
895 1763 951 1796 his
976 1766 1019 1796 al.
1045 1761 1114 1803 iis)
1144 1763 1201 1805 10,
1225 1762 1260 1804 2,
1283 1760 1340 1793 23.
1368 1760 1424 1800 11,
1449 1759 1483 1800 1,
1505 1758 1564 1792 67.
1590 1758 1647 1800 12,
1670 1758 1705 1799 9,

215 1813 284 1854 113
309 1811 345 1845 ii
369 1813 417 1854 (a.
443 1815 465 1844 l.
492 1809 551 1853 hi)
579 1814 613 1853 7,
644 1809 680 1853 4,
704 1811 749 1844 33
772 1813 815 1844 Ζ.
839 1811 875 1852 9,
902 1811 937 1851 3,
961 1808 1018 1842 25.
1047 1810 1101 1850 10,
1126 1811 1161 1850 7,
1203 1808 1260 1840 30.
1285 1811 1370 1846 etc.;
1407 1803 1470 1838 iis
1494 1803 1554 1847 (α.
1577 1806 1600 1836 1.
1623 1801 1706 1846 his)

213 1859 249 1900 3,
274 1858 310 1900 9,
335 1858 367 1893 5.
393 1858 429 1900 6,
455 1860 488 1899 1,
512 1860 573 1894 23.
597 1858 653 1891 51.
677 1856 712 1898 6,
737 1853 772 1897 4,
796 1853 831 1889 4.
856 1856 890 1898 8,
914 1855 950 1897 6,
972 1855 1029 1889 63.
1055 1856 1164 1898 ibique
1189 1853 1280 1886 Nou.
1314 1852 1400 1884 criti.
1437 1850 1498 1893 (a.
1518 1853 1543 1884 1.
1581 1847 1636 1891 is)
1668 1850 1703 1892 5,

215 1906 272 1946 13,
297 1905 353 1940 36.
379 1903 494 1947 iisque
512 1902 570 1946 (α.
599 1906 622 1936 l.
646 1899 800 1945 hisque)
826 1903 881 1943 10,
906 1902 939 1942 1,
964 1899 1021 1934 35.
1070 1897 1099 1940 l)
1136 1898 1400 1932 demonstrative.
1442 1894 1482 1938 α)
1506 1905 1706 1940 quanquam
1726 1937 1728 1942 Δ

212 1947 244 1983 is
268 1950 401 1993 primus
424 1948 613 1982 inclinasse
642 1946 882 1990 eloquentiam
907 1945 1036 1979 dicitur
1064 1947 1121 1987 10,
1146 1947 1179 1985 1,
1215 1945 1270 1978 80.
1293 1943 1338 1983 cf.
1364 1942 1398 1983 6,
1425 1943 1459 1983 3,
1483 1941 1529 1975 78
1545 1943 1595 1980 Z.
1611 1939 1651 1974 ,si
1674 1939 1705 1973 is

212 1996 396 2040 potionem
421 2006 441 2028 a
461 2005 500 2028 se
526 1995 641 2027 datam
664 1993 811 2026 bibisset
833 1995 867 2034 7,
885 1995 918 2034 2,
945 1995 999 2026 17.
1026 1990 1055 2024 si
1081 1991 1137 2024 cui
1163 1989 1240 2033 quis
1264 1986 1523 2032 profectionem
1542 1985 1704 2028 suaserit,

213 2047 250 2075 et
274 2041 312 2075 is
338 2040 523 2087 naufragio
551 2038 716 2084 perierit3
757 2039 800 2072 ml
824 2049 973 2072 coenam
997 2036 1174 2078 invitarit,
1198 2039 1233 2068 et
1256 2034 1295 2068 is
1318 2032 1491 2067 cruditate
1517 2031 1591 2065 illic
1615 2041 1704 2065 con-

212 2093 326 2122 tracta
351 2085 544 2121 decesserit
567 2089 602 2128 7,
625 2087 660 2128 3,
692 2085 748 2119 33.
797 2095 877 2117 nam
911 2084 946 2117 id
981 2082 1123 2127 quidem
1153 2100 1197 2106 —-
1234 2079 1273 2113 si
1308 2078 1384 2112 cui
1416 2076 1705 2122 praecipiendum

215 2139 289 2177 est,
322 2133 360 2167 is
385 2132 524 2177 reliqua
547 2132 677 2164 frustra
706 2131 854 2164 docetur
876 2129 911 2172 4,
938 2132 972 2171 2,
996 2130 1051 2163 60.
1099 2126 1129 2161 si
1154 2126 1330 2169 quendam
1357 2124 1510 2166 adjicere
1533 2121 1639 2166 velis,
1666 2123 1705 2156 is

215 2179 274 2223 (α.
304 2184 325 2213 l.
350 2178 445 2217 om.)
470 2178 537 2212 erit
561 2176 708 2212 Caesius
731 2176 864 2209 Bassus
905 2177 970 2218 10,
1004 2177 1042 2216 1,
1072 2173 1128 2208 96.
1173 2182 1255 2215 pars
1290 2169 1446 2204 hominis
1479 2173 1533 2203 est
1564 2179 1703 2210 manus,

213 2226 322 2269 ejus
347 2223 467 2271 digiti,
501 2224 698 2257 illorum
720 2232 863 2266 quoque
892 2219 1029 2255 articuli
1050 2222 1084 2260 7,
1122 2218 1177 2258 10,
1208 2219 1248 2258 73
1284 2226 1366 2249 nam
1398 2226 1441 2249 ea
1476 2223 1618 2258 quoque
1649 2213 1703 2247 rei

214 2270 395 2315 expositio
420 2275 473 2304 est
496 2269 530 2311 4,
558 2271 593 2312 2,
621 2269 699 2303 106.
745 2267 998 2311 παρονομασίᾳ
1026 2264 1060 2299 ei
1083 2261 1299 2298 contrarium
1330 2266 1403 2303 est,
1452 2260 1547 2303 quod
1580 2266 1641 2293 etc.
1666 2260 1704 2303 9,

213 2319 249 2359 3,
273 2319 336 2359 673
372 2318 412 2350 ld
440 2315 563 2349 nescio
588 2326 633 2347 an
657 2313 791 2348 oratori
814 2312 1005 2347 conveniat
1037 2312 1072 2352 8,
1101 2309 1146 2349 6,
1178 2310 1236 2341 22.
1284 2308 1319 2340 Is
1352 2316 1504 2349 namque
1538 2303 1624 2338 dicit
1656 2307 1701 2339 ib.

215 2366 281 2405 713
320 2376 382 2396 om.
412 2369 495 2395 est:
530 2361 580 2394 Id
607 2365 781 2402 autem,
813 2358 842 2391 si
868 2364 902 2392 et
930 2355 1080 2391 actionis
1107 2352 1278 2399 supererit
1301 2353 1400 2386 locus
1435 2351 1476 2394 6,
1509 2353 1550 2394 1,
1583 2351 1618 2385 6.
1654 2346 1703 2383 ld

215 2408 398 2451 potius,
432 2418 538 2451 quam
563 2413 623 2439 etc.
654 2408 711 2447 10,
739 2407 774 2447 7,
797 2406 854 2437 23.
901 2404 951 2436 Id
975 2413 1062 2436 non
1095 2410 1144 2434 eo
1179 2404 1377 2440 tantum,
1420 2397 1540 2441 quod,
1580 2395 1610 2429 si
1643 2395 1702 2430 vis

214 2454 275 2486 illa
299 2454 438 2488 dicendi
465 2452 633 2486 malitiam
656 2449 878 2492 instruxerit,
907 2448 994 2483 nihil
1018 2447 1062 2480 sit
1085 2444 1235 2490 publicis
1252 2443 1468 2487 privatisque
1489 2442 1595 2476 rebus
1622 2452 1704 2485 per-

213 2498 384 2532 niciosius
413 2498 617 2542 eloquentia
640 2517 698 2531 —.
724 2495 882 2543 Longius
906 2493 1017 2528 tendit
1041 2494 1110 2526 hoc
1136 2490 1301 2534 judicium
1328 2500 1446 2523 meum
1471 2490 1527 2530 12,
1549 2489 1587 2539 1,
1609 2490 1642 2520 1.
1659 2488 1720 2527 33*

215 2551 289 2588 post
300 2547 435 2588 aliquod
446 2547 653 2577 intervallum
670 2544 803 2583 adrem,
829 2542 871 2574 de
889 2552 954 2584 qua
973 2541 1094 2580 agitur,
1119 2541 1279 2570 relatum.-
1314 2536 1413 2579 Opus
1437 2538 1490 2568 est
1512 2532 1702 2576 aliquando

198 2589 453 2630 ,finitione
490 2587 756 2622 obscurioribus
789 2585 910 2621 verbis
943 2604 999 2618 —.
1039 2584 1139 2630 Quae
1174 2582 1330 2617 varietas
1365 2579 1494 2621 efficit,
1531 2583 1570 2610 ut
1603 2587 1702 2611 eam

214 2635 356 2679 quidam
385 2635 612 2678 conjecturae
638 2641 699 2668 etc.
724 2631 939 2675 subjecerint
961 2633 995 2674 7,
1019 2631 1054 2673 3,
1080 2631 1123 2664 13
1147 2629 1195 2662 Ν.
1221 2626 1267 2668 cs.
1294 2630 1349 2668 11,
1373 2628 1408 2666 2,
1431 2626 1473 2664 8;
1507 2623 1700 2656 abundans.-

215 2681 286 2715 Sed
312 2681 380 2713 liae
410 2681 426 2721 (
436 2682 621 2722 personae)
654 2688 796 2723 quoqne
833 2677 973 2711 interim
1009 2686 1090 2710 cum
1121 2673 1195 2708 suis
1224 2670 1464 2707 accidentibus
1498 2669 1699 2712 ponendae,

217 2737 297 2759 cum
323 2725 364 2758 id
389 2726 613 2769 profuturum
639 2730 691 2757 est
715 2724 750 2767 4,
780 2727 816 2767 2,
843 2725 918 2758 130.
965 2721 1030 2756 Cui
1054 2719 1213 2757 vicinum
1236 2723 1309 2761 est,
1335 2727 1408 2750 non
1436 2725 1579 2762 negare,
1603 2714 1701 2758 quod

217 2771 404 2817 objicitur,
439 2780 518 2804 cnm
543 2776 578 2804 et
603 2770 646 2803 id
671 2771 784 2813 palam
808 2769 937 2803 fulsum
963 2774 1039 2811 est,
1073 2772 1108 2801 et
1134 2766 1218 2800 inde
1252 2762 1396 2798 materia
1429 2762 1520 2795 bene
1550 2769 1700 2805 respon-
