1728 3002
182 146 266 183 428
724 138 875 195 Inique
912 164 970 172 —-
1006 139 1181 183 Initium

226 254 332 291 nobis
354 254 405 290 in.
432 252 490 299 (a.
514 258 536 289 ῐ.
564 253 818 295 immutabilia)
841 257 876 297 2,
903 255 959 296 16,
985 255 1041 289 16.
1080 253 1198 289 mellis
1229 253 1331 289 inum
1360 254 1412 289 in.
1448 254 1626 290 humanae
1659 236 1720 290 ra-

225 302 314 338 tioni
340 313 504 346 saporem
529 303 562 344 1,
592 303 648 343 10,
673 304 708 335 7.
742 312 775 334 v.
802 301 1067 334 Imitabilis.
1395 323 1398 326 v

181 343 346 405 Inique.
380 381 427 386 —
451 357 683 403 pronuntiare
707 356 742 400 5,
770 360 804 400 2,
832 356 867 392 4.

182 404 406 461 Iniquitas.
446 435 487 440 —
514 427 642 450 causae
668 418 723 457 12,
747 418 782 459 7,
809 416 844 450 6.
884 433 927 440 —
951 415 1005 450 rei
1028 413 1063 459 4,
1087 418 1123 459 2,
1147 418 1205 450 22.

182 473 377 528 InquUS·
426 486 470 524 α)
499 487 540 518 de
565 487 729 528 personis.-
757 484 896 518 dicetne
921 485 964 518 de
992 484 1048 518 his
1077 485 1273 526 secundum
1298 484 1453 519 debitam
1468 492 1587 520 rerum
1604 482 1722 530 digni-

230 537 336 564 tatem
373 532 517 572 malus
558 537 628 574 atq.
668 530 865 575 iniquus
900 533 965 572 12,
993 533 1033 573 1,
1057 532 1092 566 8.
1126 532 1188 566 vel
1215 530 1329 575 iniqui
1353 530 1577 573 consentiant
1600 533 1633 572 1,
1664 531 1709 563 10

229 579 287 615 33
313 577 370 611 in.
397 577 533 617 iudices
559 578 732 611 adversus
764 588 828 611 nos
853 587 973 610 sumus
1001 578 1046 618 S,
1071 580 1114 620 3,
1139 579 1195 612 33.
1233 587 1340 611 nemo
1372 577 1440 611 erit
1474 582 1546 611 tam
1578 575 1728 620 iniquus

227 624 338 667 (opit,
371 625 474 660 codd.
499 623 691 666 inimicus)
720 622 885 657 Cluentio
924 626 992 657 Cic.
1027 624 1068 666 5,
1109 626 1173 665 10,
1204 624 1259 658 68.
1314 623 1358 667 ῥ’)
1381 625 1424 657 de
1447 625 1563 657 rebus.-
1601 619 1728 666 iniquai

227 670 264 712 5,
295 671 349 712 13,
382 671 426 704 19
461 684 492 705 v.
523 671 672 703 Inhon
687 675 828 704 estus.
873 669 1087 713 iniquum
1121 671 1334 713 petendum,
1367 675 1407 703 ut
1429 679 1632 712 aequum
1666 663 1728 702 fe—¹:

225 726 285 749 ras
312 714 349 758 4,
373 718 407 757 5,
434 719 477 751 16
502 718 547 750 Ν.
576 714 620 757 cs.
646 717 681 757 9,
705 719 740 756 2,
767 718 824 750 51.
859 715 1077 760 aequitas
1099 716 1138 749 fit
1161 727 1208 749 ex
1230 715 1383 760 iniqui
1424 712 1728 758 contemplationej

226 762 452 842 15nanifestior
476 766 538 806 12,
568 765 601 806 1,
626 763 684 796 35.
715 761 839 806 iniquo
864 761 983 796 animo
1011 761 1215 796 tulissemus
1239 765 1304 806 11,
1331 764 1374 806 1,
1398 762 1455 797 66.
1480 761 1529 796 in.
1555 759 1728 794 condicio!

302 810 347 852 b,
383 811 420 843 3-
1726 817 1728 851 ἡ

181 852 324 895 Inmo.
393 867 518 910 Neque
552 872 606 901 est
642 864 817 908 sanctius,
853 865 964 900 sacris
999 865 1152 908 iisdem,
1185 877 1293 910 quam
1323 863 1446 898 studiis
1473 863 1606 898 initiari
1629 865 1663 906 1,
1687 865 1728 906 2,.

229 914 287 946 20.
312 913 401 946 haec
429 925 553 946 manus
578 913 679 958 quasi
703 913 912 957 quibusdam
937 912 1045 947 sacris
1069 912 1206 948 initiata
1229 915 1286 955 12,
1312 914 1367 953 10,
1395 909 1452 945 14.

182 965 371 1010 Initium.
420 982 454 1023 Ι)
479 980 520 1024 α)
548 983 662 1024 Sing..·
696 979 844 1024 [habent
868 981 986 1015 omnia
1010 980 1199 1015 initium
1225 980 1291 1021 (sic
1314 986 1387 1023 post
1410 980 1618 1020 Badium,
1643 984 1728 1020 opu.

233 1029 339 1061 Codzl.
373 1031 503 1070 omi11.,
549 1032 593 1061 al.
625 1027 813 1061 exordium
850 1029 982 1070 dant),
1022 1027 1398 1068 incrementum,
1436 1034 1655 1058 summam
1686 1025 1722 1066 5,

229 1075 287 1116 10,
313 1075 370 1111 71.
394 1075 439 1107 Ν.
467 1072 530 1117 cn]
560 1085 626 1107 nec
650 1074 743 1108 intra
768 1074 817 1107 in.
845 1074 941 1108 stetit
971 1073 1076 1118 (ars)
1102 1075 1157 1113 10,
1187 1075 1224 1117 2,
1246 1074 1282 1107 8.
1306 1083 1362 1117 ap.
1383 1073 1566 1105 rhetorem
1595 1069 1643 1103 in.
1679 1070 1728 1102 sit

227 1118 378 1153 historia
402 1123 437 1162 2,
461 1119 496 1162 4,
521 1124 553 1153 2.
582 1120 687 1154 hinc
711 1120 761 1154 in.
788 1121 864 1164 ejus
890 1120 973 1154 artis
999 1119 1108 1154 fuisse
1134 1122 1199 1161 10,
1236 1121 1279 1162 1,
1310 1120 1344 1153 3.
1375 1118 1505 1152 unde
1535 1115 1586 1150 in.
1613 1120 1667 1149 est
1689 1117 1726 1159 8,

232 1168 269 1206 2,
295 1168 328 1200 7.
372 1172 426 1200 est
447 1166 502 1199 his
527 1166 575 1200 in.
607 1177 660 1200 ex
691 1166 734 1200 iis
761 1167 804 1209 5,
832 1169 895 1209 10,
922 1165 976 1201 34.
1010 1166 1060 1200 in.
1097 1164 1204 1200 edicti
1235 1164 1393 1199 nascitur
1421 1175 1442 1197 a
1472 1164 1549 1196 Kal.
1572 1163 1652 1196 Jan.
1691 1162 1728 1204 5,

230 1213 288 1253 10,
312 1212 369 1245 76.
396 1212 445 1245 in.
475 1225 495 1245 a
522 1212 643 1256 parvis
668 1223 875 1256 ceperamus
901 1215 957 1254 12,
981 1214 1037 1246 Pr.
1062 1215 1096 1246 2.
1130 1222 1187 1245 ex
1213 1221 1352 1246 oceano
1379 1209 1537 1246 amnium
1556 1207 1728 1242 fontium-

232 1268 303 1300 que
334 1269 457 1291 cursus
482 1258 530 1291 in.
560 1269 688 1301 capere
716 1261 770 1300 10,
797 1262 830 1300 1,
855 1257 901 1293 46
927 1263 970 1293 Ζ.
1003 1271 1035 1292 υ.
1053 1258 1208 1301 Capio.
1235 1268 1292 1300 ap.
1315 1267 1382 1290 nos
1409 1255 1582 1301 Virgilius
1607 1253 1728 1297 auspi-

232 1302 451 1336 catissimum
476 1303 614 1336 dederit
638 1304 686 1336 in.
712 1306 768 1345 10,
796 1308 827 1345 1,
853 1305 909 1337 85.
932 1303 982 1337 in.
1012 1303 1154 1336 dicendi
1179 1303 1276 1336 dedit
1298 1307 1423 1336 natura
1447 1303 1490 1343 3,
1518 1304 1564 1343 2,
1599 1302 1632 1334 3.
1667 1299 1726 1333 cui

229 1349 431 1395 malignitas
466 1349 530 1386 in.
569 1348 727 1392 dederit,
763 1349 1101 1384 incrementum
1139 1347 1327 1382 credulitas
1357 1348 1402 1390 5,
1435 1349 1469 1380 3.
1513 1345 1678 1379 educatio
1705 1357 1728 1381 a

228 1395 323 1428 lacte
352 1394 523 1438 cunisque
550 1395 600 1428 in.
628 1395 725 1428 ducit
753 1397 793 1437 1,
820 1397 860 1436 1,
897 1397 953 1427 21.
1004 1393 1209 1428 Sententiae
1236 1401 1298 1427 etc.
1322 1393 1371 1427 in.
1402 1403 1456 1426 ex
1478 1392 1634 1426 lectione
1659 1391 1728 1425 du-'

231 1446 318 1474 cunt
346 1443 378 1483 1,
405 1442 439 1482 9,
465 1443 495 1474 3.
522 1440 564 1482 cf.
594 1444 629 1482 2,
655 1443 711 1483 17,
737 1441 792 1474 38.
812 1440 860 1473 in.
880 1440 1092 1475 narrationis
1110 1440 1314 1474 faciendum
1333 1451 1353 1472 a
1370 1449 1525 1482 persona
1546 1436 1582 1480 4,
1596 1440 1631 1479 2,
1649 1439 1728 1473 129.

231 1487 360 1533 agendi
387 1486 436 1519 in.
463 1488 657 1520 secundum
692 1486 790 1520 vires
824 1487 996 1531 cujusque
1031 1487 1241 1520 sumendum
1274 1491 1327 1518 est
1367 1487 1436 1527 12,
1470 1485 1514 1525 6,
1556 1486 1588 1516 1.
1621 1482 1679 1517 in.
1705 1494 1728 1519 α

230 1538 440 1576 tempestate
464 1539 664 1566 sumserunt
692 1534 725 1574 8,
756 1533 791 1574 6,
818 1535 863 1567 50
885 1545 919 1566 v.
945 1533 1121 1574 Finio.;
1145 1534 1169 1565 i.
1198 1545 1218 1575 q
1255 1533 1419 1564 1hema:
1451 1528 1620 1573 quodjn.
1649 1529 1728 1573 ejus

233 1578 429 1621 (formae
453 1579 566 1622 Itur)
594 1578 785 1613 invenias?
818 1582 851 1620 1,
877 1578 913 1621 4,
939 1580 986 1613 28
1018 1579 1089 1621 N.;
1119 1585 1264 1611 nostrum
1291 1579 1661 1617 Veranlassung:
1685 1578 1728 1613 ut

233 1625 294 1658 alii
321 1621 444 1658 αἰτίαν
477 1637 496 1659 c
511 1636 659 1658 ausam
684 1624 882 1667 judicii,
913 1625 1035 1658 αἴτιον
1059 1629 1176 1658 autem
1200 1622 1316 1656 facti
1339 1627 1473 1656 vocent
1496 1638 1551 1654 —.
1577 1619 1728 1662 Latino-3.

230 1683 311 1706 rum
336 1671 478 1715 quidam
502 1672 592 1705 haec
615 1670 800 1704 initium
837 1676 873 1704 et
906 1670 1136 1704 rationem
1174 1673 1408 1704 vocaverunt.
1440 1669 1481 1710 3,
1512 1669 1576 1709 11,
1602 1667 1635 1701 5.
1685 1670 1712 1712 β

232 1721 350 1751 Plus-..-
383 1723 418 1751 et
442 1717 586 1751 initia
620 1723 655 1751 et
691 1718 814 1761 quod
844 1716 1060 1760 sequitur
1088 1718 1144 1757 10,
1172 1717 1206 1757 3,
1232 1715 1287 1748 15.
1317 1714 1417 1756 cujus
1443 1711 1665 1757 (schematis)
1691 1723 1712 1747 e

233 1763 381 1798 initia
409 1764 502 1798 inter
525 1775 563 1797 se
591 1769 627 1797 et
653 1763 783 1797 fines
814 1762 923 1796 iidem
950 1767 1032 1796 sunt
1054 1762 1095 1803 9,
1120 1763 1164 1804 3,
1191 1762 1247 1794 31.
1285 1771 1333 1793 ex
1362 1758 1522 1793 initiis
1553 1759 1728 1793 summe

233 1809 414 1855 colligitur
438 1816 473 1844 et
498 1815 623 1843 contra
650 1811 683 1852 5,
712 1811 767 1850 10,
789 1811 845 1843 71.
878 1819 946 1841 nec
978 1809 1023 1841 ad
1047 1807 1153 1840 ullius
1179 1806 1232 1840 rei
1258 1817 1496 1848 summam,
1527 1802 1597 1838 nisi
1622 1815 1728 1848 prae-

234 1856 445 1890 cedentibus
472 1855 655 1898 initiis,
688 1855 880 1898 pervenire
912 1855 969 1887 Pr.
999 1853 1031 1888 5.
1067 1852 1208 1896 omnia,
1244 1863 1334 1896 quae
1366 1863 1423 1885 ars
1447 1861 1728 1895 consumma-

231 1902 387 1945 verit,
424 1914 445 1935 a
468 1908 592 1935 natura
620 1900 774 1934 initia
805 1899 999 1933 duxisse
1028 1902 1063 1942 2,
1089 1902 1146 1941 17,
1169 1899 1205 1934 9.
1234 1897 1403 1937 Breviter
1425 1908 1491 1942 pro
1520 1894 1627 1931 caeo.
1652 1895 1728 1932 Cio.

232 1948 393 1990 initia,
424 1959 602 1989 causas,
630 1947 829 1989 effecta,
856 1944 1217 1986 antecedentia,
1243 1942 1599 1988 consequentia
1625 1952 1728 1987 com-s¹

231 1996 362 2039 plexus
391 2000 446 2028 est
467 1997 502 2036 7,
527 1996 561 2036 3,
587 1994 643 2028 29.
682 1992 743 2025 ubi
767 1994 810 2025 ab
842 1992 997 2025 initiis
1030 1991 1291 2035 incipiendum,
1323 1989 1385 2025 ubi
1407 1999 1508 2023 more
1531 1986 1728 2031 Homericq

233 2052 255 2075 e
278 2039 460 2074 mediis
484 2041 546 2075 vel
583 2038 767 2072 ultimis
795 2042 837 2082 7,
866 2041 930 2080 10,
958 2041 1013 2072 11.
1051 2043 1146 2072 certa
1172 2037 1222 2071 in.
1248 2036 1424 2070 destinare
1448 2035 1706 2079 (declamationi

231 2090 269 2130 2,
298 2089 354 2129 11,
380 2086 411 2121 5.
438 2086 486 2120 in.
514 2088 696 2119 Romanae
719 2085 817 2118 urbis
853 2084 938 2128 (Sp.
962 2096 998 2117 u.
1024 2082 1181 2124 Romae)
1213 2087 1354 2118 enarrat
1389 2084 1428 2123 1,
1459 2081 1500 2123 6,
1535 2083 1580 2114 12
1602 2084 1644 2114 Ζ.

235 2144 324 2177 quas
345 2132 497 2168 virtutes
520 2132 626 2165 nobis
652 2131 799 2164 initia
833 2131 1008 2175 quaedam
1034 2142 1075 2164 ac
1100 2128 1281 2163 semina
1305 2133 1386 2162 sunt
1408 2136 1581 2160 concessa
1603 2131 1728 2160 natur!

234 2182 270 2222 2,
299 2181 356 2220 20,
380 2180 414 2213 6.
450 2178 658 2212 facilitatem
693 2178 977 2221 extemporalem
1013 2189 1033 2210 a
1055 2175 1177 2220 parvis
1205 2175 1262 2208 in.
1286 2173 1453 2218 paulatim
1489 2173 1728 2216 perducemus

236 2227 281 2258 ad
307 2237 521 2258 summam
553 2227 616 2266 10,
650 2227 694 2267 7,
721 2225 775 2258 18.
814 2223 928 2257 omnis
962 2222 1170 2266 disciplinae
1206 2219 1305 2253 initia
1337 2220 1382 2252 ad
1411 2218 1635 2262 propositum
1660 2216 1728 2253 sibi

235 2271 494 2315 praescriptum
518 2269 667 2304 formari
701 2272 757 2312 10,
782 2272 818 2313 2,
842 2273 876 2302 2.
916 2268 1017 2302 initia
1050 2268 1227 2301 literarum
1253 2267 1327 2299 sola
1357 2263 1527 2303 memoria
1567 2267 1728 2299 constant

237 2320 271 2359 1,
299 2320 331 2359 1,
361 2319 415 2352 19.
442 2316 639 2350 studiorum
665 2315 805 2349 initia
838 2321 873 2348 et
898 2327 918 2348 a
949 2313 1208 2358 perfectissimo
1234 2322 1376 2355 quoque
1409 2310 1542 2355 optime
1572 2308 1728 2353 tractari,

237 2369 274 2397 et
297 2363 477 2406 pertinere
503 2364 547 2396 ad
577 2373 790 2396 summam
815 2364 848 2403 1,
875 2364 908 2404 1,
934 2363 1000 2403 23;
1032 2362 1055 2392 ἰ.
1083 2372 1114 2404 q.
1141 2360 1434 2401 incipientes:
1474 2357 1567 2394 hanc
1593 2365 1728 2390 moram

235 2409 400 2443 initiis
431 2409 571 2453 impero
596 2411 651 2450 10,
678 2410 713 2450 3,
739 2409 772 2443 9.

327 2465 378 2508 11)
407 2468 439 2498 in
475 2477 642 2499 sermone.-
714 2462 749 2505 α)
780 2461 968 2496 initium
1000 2461 1239 2505 quodcunque
1277 2460 1382 2494 debet
1404 2459 1538 2494 habere
1575 2457 1728 2502 aliquam

235 2511 479 2553 prooemii
517 2510 673 2555 speciem
699 2512 738 2551 3,
767 2511 810 2550 8,
839 2510 874 2543 6.
910 2513 991 2553 post
1018 2519 1097 2541 eam
1127 2505 1371 2550 (sententiam)
1401 2506 1524 2550 utique
1549 2503 1645 2537 aliud
1675 2507 1728 2537 est

237 2556 375 2589 initium
402 2559 436 2600 8,
465 2560 498 2599 5,
526 2560 583 2591 27.
610 2561 650 2589 ut
672 2555 772 2589 initia
801 2554 864 2597 (sc.
894 2552 1143 2594 sententiarum5
1175 2553 1330 2587 scribant
1358 2554 1412 2592 10,
1437 2555 1472 2593 7,
1497 2552 1554 2584 30.
1577 2549 1647 2582 int
1660 2559 1728 2583 er-

239 2603 437 2644 punctis
469 2603 679 2643 quibusdam
719 2608 755 2635 et
786 2601 898 2635 tribus
931 2599 1032 2644 quasi
1061 2598 1221 2633 initiis
1255 2599 1299 2641 9,
1330 2596 1372 2639 4,
1403 2598 1482 2631 108.
1520 2593 1728 2639 (paeonem)

239 2652 360 2689 aptum
383 2647 492 2681 initiis
517 2652 560 2681 ib.
590 2649 648 2684 96.
686 2647 730 2688 cf.
764 2648 842 2682 106.
878 2659 911 2680 v.
938 2645 1176 2680 clausula.
1232 2642 1279 2689 β)
1310 2643 1447 2676 initium
1470 2640 1670 2675 hexametri
1693 2641 1728 2683 9,

241 2691 275 2732 4,
298 2694 355 2726 78.
385 2692 480 2725 circa
504 2693 603 2727 initia
630 2694 745 2728 statim
771 2692 875 2738 primi
902 2692 983 2727 libri
1012 2694 1045 2732 1,
1065 2693 1099 2734 5,
1121 2689 1179 2724 44.
1204 2689 1367 2724 ultima
1393 2699 1564 2723 versuum
1586 2685 1728 2731 initio

240 2737 461 2773 conveniunt
484 2739 677 2783 orationis,
701 2741 764 2774 sed
805 2738 954 2774 initia
987 2736 1155 2772 initiis
1185 2746 1258 2770 non
1285 2734 1504 2770 conveniunt
1526 2733 1568 2777 9,
1599 2730 1644 2776 4,
1673 2730 1728 2767 74.
