1728 3002
603 239 792 282 Sicarius
819 261 873 271 -
906 238 1024 281 Sicut
1502 240 1582 280 835

61 345 264 388 Sicorim.
309 366 382 401 per*
409 354 616 391 abusionem
647 353 796 390 sicarios
827 351 930 388 etiam
965 362 1090 388 omnes
1125 363 1316 397 vocamus,
1351 349 1410 398 qui
1435 351 1580 388 caedem

104 405 178 437 telo
206 408 418 449 quocunque
440 400 682 437 commiserint
704 402 760 444 10,
788 403 821 444 1,
846 403 903 435 12.

58 447 253 490 8ἷθῦῑῐὸδο
282 458 449 494 vitandos
471 460 566 494 soles
588 465 651 493 etc.
675 469 717 492 ac
743 456 918 492 siccitates
947 458 1003 498 11,
1028 458 1064 499 3,
1087 458 1132 490 27
1166 467 1198 490 v.
1217 455 1441 490 Nubilum.

56 513 197 559 Siout)-
220 558 221 561 ,
240 537 287 560 an
309 526 436 561 siccari
464 527 565 569 palus
586 525 772 569 Pomptina
795 523 906 570 possit
930 525 952 558 3
967 550 978 565 ,
1002 525 1048 567 8,
1073 524 1127 558 16.
1158 522 1300 558 sudario
1323 524 1480 558 frontem
1505 523 1577 558 sic-

102 571 176 606 cari
200 574 257 616 11,
280 574 316 616 3,
344 572 428 615 148;
455 583 524 606 nec
548 571 637 616 jocis
661 572 822 606 lacrimas
847 570 1056 606 siccabimus
1082 572 1138 614 11,
1164 573 1196 613 1,
1220 571 1256 604 6.

55 627 218 670 Siccus.
263 638 308 684 1)
329 642 482 685 propn'e:
510 638 614 674 siccis
640 639 775 674 aventis
799 638 913 673 oculis
937 637 1099 672 lacrimas
1122 636 1244 671 dabit?
1268 636 1312 679 6,
1335 638 1379 679 2,
1402 638 1460 671 27.
1485 635 1576 671 sic-

100 695 198 720 cum
226 690 263 720 et
290 685 397 720 sine
421 686 604 720 humore
631 669 732 719 uilo
756 686 869 720 solum
893 688 934 726 2,
957 683 1001 727 4,
1026 685 1071 722 83
1101 685 1223 718 Neutr.
1249 687 1357 726 plur-..-
1394 689 1433 716 ut
1455 693 1575 735 aqna

125 730 274 774 'acilius²
296 731 425 766 sicca
446 731 596 766 terrenis
619 739 681 766 ete.
707 731 875 766 convenit
902 734 957 773 12,
983 733 1039 772 11,
1065 731 1119 763 13.
1164 727 1223 772 11)
1246 732 1382 762 mmL:
1408 729 1448 762 ln
1471 740 1576 772 Juve-

98 741 203 819 gibus
234 776 340 811 etiam
371 777 592 812 uberiora
617 778 723 822 paulo
749 783 785 811 et
808 787 921 821 paene
944 774 1282 819 periclitantia
1304 775 1477 808 seruntur.
1525 774 1575 809 At

97 818 246 857 ina-d.
279 822 452 857 siccum
484 829 519 857 et
542 823 786 858 solicitum
811 829 845 857 et
872 827 1161 857 contractum
1191 820 1332 855 dicendi
1355 819 1573 865 propositum

95 868 304 912 plerunque
326 867 551 904 affectatione
570 869 648 914 ipsa
670 868 946 906 severitatis
968 867 1123 903 invisum
1147 872 1202 901 est
1219 870 1276 911 11,
1296 870 1330 910 1,
1355 868 1413 901 32.
1442 867 1574 901 πηδο-

95 924 254 948 veru&

52 955 216 999 Sieilffi·
260 967 376 1004 sicubi
395 969 508 1014 majus
530 971 668 1005 lucrum
690 976 765 1014 est,
798 982 917 1018 pugna
936 970 1031 1005 inter
1054 969 1211 1005 victore·
1234 969 1270 1012 8,
1294 969 1330 1011 3,
1353 968 1411 1004 69.

53 1025 186 1077 Sim
217 1035 371 1071 {inuti
393 1037 430 1079 9,
448 1036 483 1079 4,
507 1039 564 1073 89.
590 1041 645 1080 11,
665 1039 700 1080 3,
720 1037 798 1072 148.
846 1039 888 1078 ο)
912 1039 1102 1081 simpliciter
1123 1038 1156 1070 ἰη
1182 1038 1448 1080 compar-mione:
1476 1038 1572 1083 qdod

98 1081 212 1127 (sicut
234 1081 381 1128 omnia)
405 1083 445 1116 in
474 1082 649 1117 Cicerone
683 1083 911 1127 praecipuum
936 1083 975 1125 5,
998 1085 1064 1126 13,
1089 1083 1145 1117 52.
1181 1081 1226 1122 cs.
1257 1084 1320 1125 11,
1346 1085 1387 1124 2,
1414 1085 1447 1117 1.
1479 1095 1571 1128 quae

95 1132 216 1176 stapel!
238 1127 373 1171 omnia,
398 1127 490 1163 sicut
507 1128 545 1162 in
560 1128 706 1169 ceteris,
734 1129 915 1163 confirmat
937 1128 1095 1172 aequitas
1118 1131 1153 1171 7,
1174 1128 1210 1170 3,
1233 1128 1291 1162 25.
1324 1126 1368 1168 ‹J-
1394 1128 1428 1167 9,
1453 1131 1486 1168 2.
1510 1129 1569 1164 44.

97 1173 267 1217 ‹ruptices›
288 1174 388 1220 leges
425 1173 517 1208 sicut
553 1175 643 1209 duae
676 1174 891 1209 colliduntur
914 1176 959 1218 7,
987 1176 1032 1216 7,
1062 1175 1117 1208 10.
1152 1171 1383 1217 praecipuum
1412 1185 1502 1209 vero
1531 1175 1570 1209 in

97 1219 256 1262 actione,
277 1219 343 1254 sic.
365 1219 404 1254 in
427 1230 596 1265 corpore,
622 1226 727 1264 caput
749 1226 803 1254 est
828 1224 892 1263 11,
917 1221 960 1260 3,
982 1219 1040 1255 68.
1065 1219 1108 1260 cs.
1123 1218 1180 1254 43.
1205 1218 1282 1253 144.
1330 1219 1482 1254 Ennium
1506 1221 1571 1256 sic.

92 1274 218 1301 ”cros
242 1269 419 1301 vetustate
440 1267 543 1300 lucos
572 1267 760 1300 adoremus
786 1269 848 1309 10,
874 1269 911 1308 1,
935 1267 992 1300 88.
1020 1266 1154 1308 verba,
1185 1276 1349 1309 quae—,
1373 1276 1442 1300 nec
1465 1266 1570 1302 sicuti

79 1310 339 1347 *nanduiano-ne
366 1311 515 1355 produci
547 1317 606 1345 aut
637 1311 767 1356 corripi
796 1311 933 1356 possint
955 1312 998 1354 9,
1022 1310 1067 1354 4,
1090 1312 1137 1346 89
1161 1312 1206 1345 Ν.
1241 1310 1371 1345 infelix
1394 1313 1568 1356 supellex,

92 1358 208 1400 quan,
231 1356 296 1390 sic.
323 1358 414 1400 apud
437 1368 609 1402 pauperes
634 1357 854 1401 ambitiosos,
878 1357 1037 1401 pluribus
1061 1362 1097 1391 et
1120 1356 1272 1391 diversis
1291 1357 1419 1391 officiis
1443 1364 1570 1393 conte-

90 1402 191 1436 mur
209 1405 245 1444 2,
266 1401 303 1444 4,
327 1403 383 1438 29.
411 1403 580 1438 lasciv-ior
598 1403 762 1445 Ovidius,
790 1403 852 1438 sic.
876 1403 999 1437 durior
1019 1403 1141 1436 Gallus
1168 1404 1225 1445 10,
1251 1406 1284 1445 1,
1307 1404 1365 1439 93.
1395 1404 1482 1438 Jure
1506 1415 1571 1439 oc-

93 1447 188 1483 cisus
210 1453 267 1482 est
290 1449 512 1490 Saturninus,
536 1449 601 1483 sic.
627 1449 789 1484 Gracchi.
810 1451 844 1492 5,
863 1452 919 1492 11,
937 1450 972 1484 6.
1003 1448 1180 1483 Reclinari
1206 1447 1309 1482 etiam
1333 1449 1377 1482 ad
1402 1460 1485 1484 suos
1505 1458 1568 1484 etc.

94 1493 295 1532 delicatum.
319 1493 381 1528 εἰσ.
406 1496 520 1539 palam
542 1496 680 1529 moneri
702 1495 900 1530 excidentis
922 1500 983 1528 aut
1002 1496 1122 1541 legere
1147 1497 1205 1535 11,
1230 1496 1266 1536 3,
1291 1495 1367 1528 132.
1403 1494 1448 1535 cs.
1473 1496 1508 1535 8,
1534 1498 1570 1538 3,

94 1539 152 1573 50.
175 1538 244 1574 sic.
258 1539 296 1572 in
317 1540 385 1582 his,
409 1551 500 1583 quae
518 1541 735 1584 homonyma
750 1541 982 1583 vocantur.8‚
997 1543 1035 1582 2,
1054 1542 1116 1580 13,
1141 1541 1204 1572 εἰσ.
1224 1538 1262 1572 ἰιι
1280 1540 1376 1572 cultu
1399 1540 1568 1585 victuque

90 1583 242 1622 accessit
266 1584 392 1628 aliquis
418 1585 507 1619 citra
533 1586 847 1629 reprehensionem
873 1585 969 1618 nitor
990 1586 1034 1628 8,
1060 1587 1102 1627 5,
1128 1584 1185 1618 34.
1217 1585 1281 1622 sic.
1307 1588 1435 1627 poema
1461 1596 1567 1621 nemo

92 1627 306 1663 dubitaverit
321 1630 440 1663 fusum
459 1631 495 1671 9,
512 1630 548 1670 4,
567 1629 645 1663 114.
672 1629 716 1671 cs.
734 1633 770 1673 5,
787 1632 822 1672 6,
845 1630 881 1665 6.
906 1629 937 1663 εἰ
952 1647 995 1653 -
1014 1630 1163 1673 possint,
1186 1629 1249 1663 εἰσ.
1266 1639 1373 1673 posse
1390 1630 1567 1665 interdum

93 1673 302 1708 conceditur
323 1677 390 1717 12,
415 1678 455 1716 1,
475 1675 533 1709 42.
555 1675 644 1709 nihil
671 1681 726 1709 est
747 1675 822 1717 his,
859 1685 949 1719 quae
977 1674 1040 1709 sic.
1066 1676 1157 1709 salsa
1180 1674 1367 1718 dicuntur,
1398 1676 1567 1711 insulsius

92 1720 137 1762 6,
161 1722 202 1763 3,
225 1720 282 1754 26.
328 1718 377 1763 β)
405 1722 439 1753 in
463 1723 706 1764 complectenda
729 1724 900 1755 oratione:
930 1720 1033 1755 sicuti
1057 1722 1200 1766 dignum
1224 1726 1298 1754 erat
1322 1724 1361 1754 11
1378 1746 1389 1763 ,
1414 1724 1459 1764 3,
1487 1722 1566 1757 148.

89 1764 188 1800 sicut
216 1765 395 1809 plerisque
430 1766 538 1800 moris
569 1771 623 1800 est
648 1770 689 1809 1,
716 1770 731 1800 1
746 1793 758 1810 ,
786 1769 839 1800 13.
876 1766 939 1800 sic.
964 1766 1146 1809 superiore
1168 1766 1260 1800 libro
1283 1767 1486 1800 continetur
1511 1771 1567 1811 11,

94 1812 130 1852 1,
158 1812 190 1845 1.
218 1809 264 1849 ‹J-
290 1814 347 1852 12,
370 1813 404 1853 2,
432 1813 485 1846 15.
513 1812 576 1846 εἰσ.
609 1811 739 1846 Cicero
765 1811 851 1845 dicit
874 1814 910 1854 9,
932 1814 967 1853 3,
989 1814 1047 1846 83.
1074 1812 1137 1845 εἰσ.
1161 1811 1198 1845 ἰιι
1221 1811 1459 1856 geminatione
1480 1825 1567 1848 ver-

95 1856 223 1893 borum
242 1854 395 1889 diximus
419 1858 462 1891 ib.
479 1855 536 1892 45.
561 1857 624 1891 sic.
646 1868 768 1892 omnes
788 1857 991 1892 meminisse
1008 1862 1155 1901 possunt
1172 1859 1207 1899 3,
1227 1858 1262 1900 6,
1283 1857 1342 1891 68.
1360 1858 1423 1892 εἰσ.
1445 1864 1569 1894 osten-

96 1900 212 1935 dimus
241 1903 296 1943 11,
321 1903 354 1944 3,
379 1901 456 1936 174.
491 1915 523 1936 v.
545 1903 758 1938 Ostendo-
790 1903 862 1941 sic,
882 1903 1027 1947 nomine
1050 1903 1128 1947 ipso
1150 1908 1246 1947 patet
1270 1903 1305 1943 9,
1332 1905 1364 1945 1,
1388 1902 1421 1937 4.
1468 1904 1508 1949 y)
1534 1907 1567 1938 in

18 1975 24 1979 .
95 1948 332 1982 connectendo.-
379 1947 504 1981 Sicut
528 1955 575 1982 et
598 1959 637 1982 se
659 1949 736 1993 ipse
759 1949 918 1995 sequitur
945 1949 1117 1990 (creticus)
1140 1950 1174 1990 9,
1191 1947 1233 1990 Α,
1258 1949 1335 1982 107.
1360 1948 1406 1989 cs.
1429 1950 1487 1983 Pr.
1508 1953 1569 1984 27.

97 1992 180 2029 sic.
203 1991 346 2025 etiam
486 1994 704 2037 palaestritas
727 2006 806 2029 esse
832 1996 1021 2036 volumus,
1052 2000 1168 2028 tamen
1195 2005 1274 2027 esse
1297 1995 1460 2028 nolumus
1489 2006 1566 2039 eos,

97 2038 159 2083 qui
182 2036 351 2071 dicuntur
366 2033 585 2072 απάλαιστοι
609 2041 652 2081 9,
678 2039 724 2083 4,
747 2041 803 2075 56.
838 2040 916 2074 sic.
941 2039 979 2073 in
1001 2039 1186 2074 tormentis
1208 2042 1392 2083 quoque
1414 2040 1448 2081 5,
1473 2038 1508 2082 4,
1533 2044 1566 2075 1.

98 2083 145 2126 ef.
168 2081 213 2124 4,
235 2085 278 2124 2,
303 2083 379 2116 106.
426 2083 518 2118 Sic.
540 2084 579 2118 in
601 2091 723 2128 tropos
747 2096 932 2130 quoque
957 2096 1080 2119 omnes
1104 2087 1232 2118 cadunt
1259 2085 1299 2123 6.
1326 2085 1368 2126 3,
1391 2085 1449 2120 67.
1481 2085 1565 2120 εἰσ.

95 2128 255 2167 vestibus
290 2138 373 2172 quo(
396 2138 436 2163 le
462 2139 538 2164 non
573 2140 728 2174 purpura
751 2139 813 2164 etc.
846 2131 1063 2177 fulgentibus
1092 2130 1154 2164 illa
1176 2135 1270 2163 aetas
1294 2129 1378 2164 satis
1401 2136 1481 2174 apta
1506 2131 1569 2165 sit
1605 2136 1609 2141 ¹

99 2177 166 2215 11,
191 2176 232 2214 1,
262 2175 319 2207 31.
401 2173 414 2214 )
445 2176 478 2207 in
503 2179 657 2219 exemplis
681 2178 877 2219 afferendis.-
904 2177 1034 2210 sicut
1055 2176 1094 2210 in
1116 2176 1178 2209 illa
1205 2175 1449 2210 controversia
1472 2179 1507 2218 7,
1531 2179 1568 2219 2,

96 2223 165 2261 17„
180 2217 226 2260 cf·
252 2219 296 2259 8,
318 2220 361 2261 3,
385 2219 440 2253 51.
463 2220 606 2264 proprie
627 2221 738 2256 libros
761 2221 845 2256 huic
867 2221 966 2266 operi
994 2221 1269 2262 dedicaverunt,
1295 2220 1356 2255 sic.
1382 2220 1569 2263 Caecilius,

93 2263 292 2308 Dionysius
314 2271 375 2297 etc.
406 2266 448 2306 9,
471 2266 513 2307 3,
536 2267 592 2301 89.
629 2266 673 2307 cs.
701 2269 758 2303 91.
781 2269 823 2309 3,
850 2270 892 2309 7,
918 2268 961 2302 19
980 2271 1023 2301 Ζ.
1049 2269 1156 2309 5,·7,
1179 2268 1214 2302 6.
1257 2265 1328 2300 sic.
1352 2266 1449 2300 illud,
1466 2287 1511 2293 —-
1538 2267 1570 2301 si

95 2312 220 2356 jungas
242 2311 283 2351 9,
305 2309 350 2351 4,
376 2311 454 2344 108.
486 2311 549 2345 εἰσ.
574 2310 673 2345 Dion
694 2330 737 2338 —
760 2323 833 2346 non
860 2317 913 2346 est
942 2313 1003 2346 tali
1037 2323 1120 2346 casu
1144 2311 1331 2346 deterritus
1360 2315 1399 2354 1,
1426 2314 1486 2354 10,
1508 2312 1569 2349 48.

97 2355 162 2390 εἰσ.
185 2354 287 2389 initio
310 2354 471 2388 Eunuchi
493 2357 682 2390 Terentius
705 2375 750 2383 —
772 2357 885 2402 inquit
908 2358 943 2399 9,
965 2359 1000 2400 ὃ,
1027 2358 1080 2391 16.
1115 2356 1160 2398 cs.
1184 2360 1219 2400 2,
1242 2356 1278 2399 4,
1306 2357 1360 2392 19.
1393 2358 1428 2399 9,
1451 2360 1488 2400 2,
1510 2358 1568 2392 62.

98 2400 134 2444 ε)
156 2413 186 2433 c.
213 2403 436 2434 Gor-relativo:
470 2401 594 2435 sicut
615 2402 789 2437 firmiores
810 2403 848 2437 in
872 2403 983 2442 literis
1005 2403 1185 2446 profectus
1209 2402 1269 2436 alit
1292 2402 1498 2446 aemulatio,
1520 2403 1570 2437 ita

98 2443 347 2490 incipientibus
364 2453 425 2479 eut.
451 2447 773 2490 condiscipulorum
791 2448 1041 2492 —jucundior
1062 2448 1211 2482 imitatio
1237 2453 1291 2482 est
1315 2451 1348 2490 1,
1371 2450 1405 2489 2,
1430 2448 1487 2483 26.
1521 2448 1568 2490 qs.

99 2493 135 2531 3,
160 2495 195 2534 1,
216 2493 273 2524 20.
299 2492 334 2533 8,
358 2491 416 2524 Pr.
438 2493 494 2526 29.
521 2491 571 2536 [8‚
599 2495 634 2534 3,
665 2491 738 2537 18.]
762 2495 798 2535 9,
825 2496 857 2535 1,
883 2495 917 2528 8.
943 2495 997 2528 18.
1021 2494 1055 2528 9.
1082 2495 1118 2536 3,
1145 2495 1222 2527 100.
1257 2503 1343 2526 nec
1370 2493 1499 2528 sicut
1525 2494 1570 2529 de

31 2543 33 2545 ’
97 2531 280 2571 intellectu
302 2535 408 2570 animi
429 2542 526 2571 recte
556 2537 730 2580 dixerim,
752 2540 898 2576 video,
932 2538 999 2572 ita
1029 2539 1073 2572 de
1102 2538 1183 2573 visu
1209 2539 1417 2581 oculorum,
1447 2541 1570 2573 intel-

98 2585 208 2624 ligo.-
236 2593 326 2616 nec
351 2588 399 2615 ut
421 2593 544 2616 mucro
566 2583 720 2629 gladium
743 2580 796 2617 sic
818 2594 1022 2618 mucronem
1045 2583 1181 2631 gladius
1204 2583 1358 2618 ostendit
1372 2586 1433 2627 ’10,
1456 2587 1490 2627 1,
1513 2585 1569 2619 14.

27 2631 30 2634 ’
98 2629 190 2662 haec
212 2627 402 2672 eloquendi
427 2634 637 2672 praecepta,
662 2629 781 2663 sicut
808 2629 1014 2676 cogitationi
1039 2635 1119 2663 sunt
1145 2629 1364 2668 necessaria.
1390 2629 1455 2664 ita
1483 2640 1570 2664 non

99 2673 184 2708 ontis
204 2673 252 2707 ad
273 2673 348 2708 vim
374 2672 515 2707 dicendi
541 2675 664 2708 valent
688 2677 732 2708 ib.
754 2678 794 2716 13
834 2676 983 2709 fortasse
1013 2674 1137 2709 sicut
1170 2675 1387 2719 scribebant,
1422 2675 1569 2710 etiam

101 2719 194 2763 (Sp.
218 2719 268 2753 ita
290 2717 417 2760 etim)
442 2720 679 2763 loquebantur
703 2723 743 2763 1,
767 2724 814 2762 7,
842 2723 885 2755 13
902 2724 945 2754 Z.
976 2719 1114 2755 etiam
1136 2719 1175 2754 in
1199 2720 1285 2755 furti
1306 2731 1390 2762 reo,
1423 2720 1507 2754 sic.
1533 2721 1571 2754 in

98 2764 452 2852 Rediis,3quaer-itur
473 2765 518 2800 de
540 2765 637 2800 facto
662 2769 699 2810 7,
721 2768 765 2810 2,
791 2766 848 2801 51.
883 2765 969 2800 εἰσ.
995 2765 1033 2800 in
1056 2766 1154 2810 vita,
1184 2766 1223 2801 in
1246 2765 1360 2801 causis
1382 2775 1570 2810 quoque

91 2835 96 2843 ι
201 2833 216 2852 ,
234 2812 254 2844 ¹
281 2831 294 2845 Ο

1173 2876 1259 2914 53*
