1728 3002
128 250 151 289 5
162 248 174 284 l
185 246 209 282 2
827 242 987 288 Manus
997 270 1000 276 =

163 358 366 404 fadjuvant,
398 358 485 403 liae,
516 355 631 404 prope
653 364 711 394 est
731 363 770 394 ut
793 358 936 406 dicam,
967 360 1068 406 ipsae
1089 362 1288 408 loquuntur
1324 365 1384 407 11,
1416 365 1454 409 3,
1488 365 1548 400 85.
1595 365 1679 400 Non

174 406 384 441 concitant?
422 405 616 441 inhibent?
648 406 874 451 supplicant?
915 408 1095 453 probant?
1135 409 1381 446 admirantur?
1424 412 1679 448 verecundan-

173 453 260 487 tur?
291 454 374 487 Non
396 452 436 486 in
461 453 748 488 demonstrandis
770 453 863 488 locis
887 465 929 489 ac
956 455 1122 499 personis
1145 457 1399 492 adverbiorum
1431 463 1503 503 atq.
1538 468 1678 502 prono-

172 499 310 534 minum
333 499 495 533 obtinent
517 499 660 535 vicem?
697 501 745 534 Ut
768 517 817 526 --
844 500 905 535 hio
937 501 1025 535 mihi
1059 502 1219 536 omnium
1255 503 1446 539 hominum
1479 504 1678 539 communis
1702 520 1705 523 ·

173 556 293 580 sermo
315 545 482 581 videatur
511 548 554 583 ib.
581 547 640 581 87.
687 548 825 591 optime
844 557 893 581 m.
921 558 942 581 a
976 547 1119 584 sinistra
1148 555 1250 593 parte
1285 550 1435 595 incipit,
1479 550 1518 584 in
1549 552 1678 586 dextra

172 591 386 636 deponitur:
412 594 476 627 sed
503 598 545 627 ut
566 592 674 637 poni,
709 603 785 627 non
810 599 851 627 ut
876 593 988 629 ferire
1013 594 1202 630 videatur:
1237 606 1439 641 quanquam
1473 602 1510 631 et
1541 596 1579 630 in
1605 598 1678 631 fine

170 638 317 673 interim
341 639 456 682 cadit,
487 645 527 673 ut
551 640 624 674 cito
646 645 766 674 tamen
788 641 932 674 redeat:
968 646 1004 675 et
1028 652 1286 687 nonnunquam
1317 643 1432 678 resilit
1455 645 1500 676 ib.
1526 643 1603 678 106.
1630 654 1678 678 ne

171 701 219 710 —-
240 696 367 719 manus
390 705 437 711 —
460 685 637 720 actionem
669 686 843 721 continuo
865 692 967 721 motii
998 688 1205 731 concideret
1237 691 1280 722 ib.
1313 692 1393 724 107.
1441 696 1482 724 ut
1513 701 1562 723 m.
1597 700 1679 724 cum

173 743 283 766 sensu
311 738 348 766 et
375 731 552 776 inciperet
579 738 615 766 et
640 734 883 777 deponeretur
910 736 955 768 ib.
984 736 1063 770 106.
1112 736 1295 779 quomodo
1320 747 1447 770 casura
1479 747 1528 770 m.
1554 741 1609 770 est
1631 738 1678 772 ib.

173 780 253 814 109.
279 790 328 812 m.
357 789 432 813 non
461 790 687 824 consequens
710 780 931 814 celeritatem
955 780 1182 827 cogitationis
1215 784 1272 828 10,
1306 783 1350 825 3,
1387 783 1443 817 19.
1491 792 1564 816 non
1592 793 1679 816 ma-

170 835 256 859 nus
285 826 403 859 solum
427 827 490 859 sed
514 831 660 860 nutus
688 826 796 861 etiam
821 827 1003 861 declarant
1026 833 1186 861 nostram
1210 829 1435 863 voluntatem
1472 830 1529 870 11,
1557 830 1593 871 3,
1619 829 1678 863 66.

170 883 219 905 m.
245 871 283 906 in
317 871 510 906 scribendo
539 873 697 907 decurrit
721 871 785 916 10,
809 875 853 916 7,
882 875 937 907 11.
985 884 1034 908 m.
1060 875 1105 907 ad
1135 884 1247 908 sonos
1279 875 1396 908 fertur
1432 876 1465 915 5,
1499 876 1556 917 10,
1596 874 1677 909 125.

169 929 219 952 m.
247 920 397 953 multum
424 920 471 953 ad
499 925 637 953 motum
673 919 875 953 animorum
904 920 1030 954 valent
1061 921 1096 961 9,
1122 922 1156 964 1,
1193 923 1262 964 213
1309 923 1344 954 in
1375 922 1573 954 scribendos.
1604 931 1676 964 quo

168 965 278 1002 modo
306 972 342 1001 et
364 966 480 1012 ipsum
511 971 547 1000 et
569 966 763 1013 Virgilium
788 976 933 1011 quoque
957 965 1165 1011 scripsisse,
1197 978 1359 1002 manus
1395 977 1520 1001 eorum
1543 967 1676 1000 docent

170 1016 205 1055 1,
235 1018 270 1058 7,
295 1017 342 1049 20
366 1015 414 1049 Ν.
441 1013 486 1056 cf.
512 1019 697 1058 totamque
718 1013 767 1046 ita
800 1012 965 1047 contexit
1001 1014 1226 1055 orationem,
1270 1018 1312 1048 ut
1342 1012 1375 1048 ei
1412 1012 1502 1047 nihil
1534 1018 1677 1058 praeter

167 1070 349 1095 manuni
376 1063 425 1104 (i.
453 1074 483 1096 e.
509 1059 689 1104 stilum)
722 1057 814 1094 desit
839 1062 895 1103 10,
932 1060 968 1103 6,
999 1063 1021 1094 2
1055 1062 1103 1095 Ν.
1149 1059 1191 1107 γ)
1225 1062 1334 1096 Genii.
1367 1067 1398 1094 et
1430 1063 1537 1095 Dat..-
1573 1058 1676 1104 (ma-

167 1106 258 1151 nus)
282 1107 424 1141 habitus
450 1109 507 1150 11,
534 1108 567 1149 3,
594 1104 674 1140 142.
722 1117 771 1140 m.
807 1105 956 1150 injectio
987 1109 1030 1149 7,
1075 1110 1121 1150 7,
1159 1108 1195 1143 9.
1241 1106 1435 1152 jactatione
1466 1116 1514 1141 m.
1550 1109 1608 1149 10,
1638 1109 1676 1150 7,

166 1154 238 1196 263
273 1153 421 1198 (caput)
448 1153 581 1187 manib.
607 1154 826 1197 obsequatur
848 1155 905 1196 11,
932 1154 966 1196 3,
991 1154 1049 1188 69.
1077 1150 1115 1196 ὃ)
1138 1157 1264 1194 Accus-
1290 1153 1327 1196 a)
1351 1154 1396 1187 ad
1421 1154 1511 1188 haec
1536 1162 1677 1187 accom-

165 1201 346 1233 modanda
368 1212 417 1234 m.
444 1206 499 1234 est
523 1202 579 1239 11,
606 1201 641 1241 3,
668 1201 746 1234 110.
796 1198 866 1232 nisi
893 1198 1124 1243 disponendis
1150 1200 1202 1234 eis
1226 1200 1402 1234 artificum
1430 1211 1479 1234 ni.
1504 1198 1676 1233 adhibea-

164 1251 225 1279 tur
249 1249 285 1289 7,
310 1247 368 1280 Pr.
399 1249 430 1279 1.
458 1247 612 1281 allevata
635 1256 678 1279 ac
706 1251 890 1289 spectante
913 1246 1102 1280 humerum
1125 1258 1173 1281 m.
1199 1249 1257 1290 11,
1283 1248 1318 1291 3,
1343 1246 1401 1282 94.
1446 1245 1604 1281 invicem
1624 1256 1675 1279 m.

162 1291 398 1336 apprehensis
433 1292 479 1335 9,
502 1290 547 1334 4,
574 1292 654 1327 129.
707 1292 929 1335 ponderibus
963 1292 1140 1335 plumbeis
1174 1302 1301 1327 manus
1334 1291 1576 1327 assuefaciunt
1615 1294 1674 1335 11,

163 1341 202 1381 2,
225 1336 285 1372 42.
333 1337 411 1373 sive
438 1337 710 1379 summittimus,
746 1337 825 1371 sive
848 1337 1040 1371 attollimus
1064 1349 1188 1372 manus
1215 1341 1272 1382 11,
1305 1340 1340 1381 3,
1375 1340 1454 1373 115.
1501 1332 1675 1372 collidere

164 1395 294 1418 manus
317 1386 353 1425 2,
376 1386 435 1423 12,
463 1385 519 1417 10.
567 1395 617 1417 m.
643 1382 826 1429 colligitur
846 1382 884 1416 in
908 1393 976 1417 nos
1014 1386 1071 1426 11,
1106 1386 1142 1427 3,
1174 1385 1220 1419 97
1252 1396 1286 1418 v.
1319 1384 1525 1430 Colligo.
1573 1393 1676 1417 com-

165 1431 317 1475 plodere
340 1441 468 1464 manus
499 1431 556 1473 11,
582 1431 617 1472 3,
643 1431 724 1463 123.
771 1434 923 1473 utraque
945 1440 994 1462 m.
1034 1430 1078 1462 ad
1112 1430 1259 1463 modum
1292 1429 1427 1474 aliquid
1456 1428 1674 1473 portantium

166 1476 367 1521 composita
385 1479 429 1510 ib.
456 1478 536 1510 120.
583 1485 729 1508 manum
751 1474 847 1508 intra
878 1474 1024 1518 pallium
1062 1474 1290 1510 continentes
1322 1479 1379 1519 12,
1418 1477 1474 1518 10,
1503 1478 1562 1510 21.
1610 1475 1673 1520 qui

165 1523 347 1558 contrahit
369 1524 508 1556 alterno
532 1521 714 1566 celerique
740 1527 842 1555 motu
865 1526 902 1555 et
929 1519 1090 1564 explicat
1111 1532 1269 1555 manian*
1293 1523 1350 1565 11,
1381 1523 1416 1565 3,
1452 1523 1531 1556 102.
1564 1523 1673 1556 rede-

163 1575 251 1605 unte
274 1571 374 1605 flexu
397 1569 503 1603 simul
527 1568 732 1613 explicatur
755 1574 827 1613 atq.
855 1567 1079 1603 convertitur
1101 1579 1149 1601 m.
1177 1570 1220 1602 ib.
1245 1570 1314 1602 100
1336 1569 1385 1602 Ν.
1410 1566 1549 1602 demitti
1575 1567 1672 1602 infra

162 1624 291 1663 pectus
314 1627 459 1651 manum
482 1619 528 1651 ib.
554 1619 634 1650 112.
661 1615 700 1649 in
724 1617 816 1649 latus
848 1621 1035 1659 utramque
1065 1613 1300 1648 distendimus
1333 1616 1376 1648 ib.
1413 1613 1491 1648 114.
1525 1624 1671 1648 manum

163 1666 226 1699 det
249 1666 400 1709 parvulo·
425 1666 460 1707 2,
494 1665 531 1707 3,
565 1666 601 1697 7.
648 1667 758 1706 supra
793 1661 935 1696 humeri
973 1660 1196 1694 altitudinem
1231 1662 1323 1694 elata
1353 1671 1401 1694 m.
1433 1663 1476 1694 ib.
1513 1663 1592 1694 103.
1626 1661 1671 1694 ad

163 1717 298 1746 tectum
326 1711 440 1758 erigat
463 1719 616 1743 manuni.
636 1711 680 1743 ib.
705 1709 784 1742 118.
809 1719 858 1742 m.
881 1708 1017 1741 infesto
1039 1707 1170 1751 pollice
1199 1706 1366 1741 extendit
1395 1708 1441 1741 ib.
1482 1708 1561 1741 119.
1595 1717 1669 1750 quo

163 1770 212 1792 m.
240 1758 378 1791 feratur
402 1759 444 1790 ib.
470 1757 528 1792 92.
576 1766 651 1789 non
682 1755 726 1788 ad
750 1762 863 1787 unum
885 1755 1032 1788 modum
1058 1754 1236 1788 formatae
1262 1765 1311 1788 m.
1336 1756 1374 1798 2,
1398 1754 1456 1796 13,
1476 1754 1512 1788 9.
1538 1751 1584 1794 cf.
1611 1755 1670 1797 11,

163 1807 199 1847 3,
224 1805 282 1840 97.
330 1815 378 1838 m.
404 1813 478 1837 non
504 1802 694 1847 impleatur
717 1801 858 1834 annulis
884 1803 940 1843 11,
966 1802 1001 1843 3,
1031 1799 1109 1834 142.
1159 1798 1259 1844 quasi
1292 1809 1467 1835 summam
1496 1799 1671 1842 eloquen-

162 1850 235 1884 tiae
257 1862 306 1884 m.
331 1850 518 1894 imponere
548 1850 607 1883 Pr.
640 1847 674 1882 4.
714 1858 860 1881 manum
889 1845 1022 1881 intueri
1053 1849 1110 1889 11,
1145 1848 1190 1890 3,
1223 1846 1303 1881 158.
1349 1845 1388 1879 in
1419 1856 1502 1879 eum
1528 1855 1674 1878 manum

162 1897 353 1931 intendere
384 1899 427 1930 ib.
453 1896 511 1931 89.
559 1906 685 1929 manus
717 1895 852 1938 jactare
886 1896 931 1927 ib.
966 1893 1047 1928 179.
1095 1894 1216 1927 levata
1246 1903 1355 1926 manu
1391 1893 1432 1934 2,
1465 1894 1533 1935 12,
1570 1891 1594 1926 9
1621 1890 1670 1925 N.

164 1954 256 1988 quae
281 1940 541 1987 (membranae)
567 1943 693 1975 crebra
717 1940 908 1974 relictione
930 1957 976 1963 —
999 1944 1184 1973 morantur
1215 1949 1362 1972 manum
1396 1940 1453 1980 10,
1486 1939 1522 1981 3,
1554 1938 1597 1971 31
1624 1940 1670 1971 Ζ.

162 2001 308 2024 manum
337 1990 503 2034 proferre
528 1991 585 2030 11,
610 1990 645 2031 3,
671 1987 749 2021 125.
777 1986 822 2028 cf.
847 1985 905 2021 84.
935 1985 974 2019 in
997 1985 1181 2019 sinistrum
1197 1985 1291 2019 intra
1312 1986 1500 2018 humerum
1523 1993 1674 2028 promo-

162 2043 272 2072 vetur
298 2047 345 2070 m.
371 2038 413 2070 ib.
443 2036 522 2069 113.
569 2034 609 2068 in
635 2036 777 2068 laevam
801 2038 938 2077 partem
959 2033 1062 2067 velut
1084 2033 1326 2076 propellemus
1348 2040 1493 2064 manum
1518 2031 1563 2063 ib.
1586 2039 1674 2073 pro·

163 2083 343 2117 tendimus
369 2083 536 2124 (manus)
560 2083 605 2114 ib.
635 2082 715 2115 115.
742 2081 822 2113 118.
871 2080 916 2112 ad
941 2089 981 2112 se
1007 2089 1151 2112 manum
1187 2078 1327 2112 referre
1359 2078 1403 2109 ib.
1442 2076 1498 2110 89.
1535 2073 1580 2116 cs.
1611 2075 1669 2111 96.

162 2140 308 2163 manum
334 2140 434 2163 suam
460 2139 571 2162 manu
594 2137 702 2171 super
725 2125 891 2170 imposita
912 2124 1070 2172 regentis
1093 2125 1128 2168 6,
1168 2127 1201 2167 1,
1233 2122 1291 2157 42.
1347 2121 1462 2155 fusius
1489 2122 1596 2165 paulo
1633 2120 1673 2155 in

164 2175 350 2211 diversum
378 2174 575 2210 resolvitur
601 2184 648 2207 111.
676 2175 732 2215 11,
754 2174 789 2215 3,
804 2173 861 2207 97.
908 2177 1044 2205 temere
1072 2181 1194 2214 sparsa
1215 2169 1253 2203 in
1280 2168 1467 2212 proximos
1490 2178 1600 2201 manu
1625 2169 1670 2201 ib.

166 2223 247 2257 118.
296 2222 437 2255 sublata
459 2232 569 2255 manu
592 2222 637 2254 ib.
663 2220 743 2254 119.
772 2230 820 2252 m.
846 2216 988 2252 modice
1011 2217 1174 2261 supinata
1196 2217 1242 2249 ib.
1269 2217 1348 2248 100.
1395 2213 1509 2248 tendit
1531 2214 1578 2247 ad
1605 2222 1671 2264 ge-

164 2278 237 2302 nua
259 2274 381 2303 vestra
405 2267 583 2311 supplices
605 2276 733 2300 manus
756 2265 790 2306 6,
817 2266 850 2307 1,
876 2262 934 2298 42.
982 2263 1020 2304 b)
1046 2269 1122 2307 post
1146 2263 1326 2305 Praeposs.
1340 2274 1352 2295 .·
1384 2259 1499 2307 veluti
1521 2260 1593 2294 tela
1615 2259 1668 2292 ad

165 2325 339 2348 manum
363 2313 667 2348 sumministrabat
691 2313 723 2355 5,
754 2314 789 2353 7,
823 2311 860 2345 8.
908 2320 1005 2343 arma
1037 2309 1172 2342 habere
1204 2308 1251 2341 ad
1282 2318 1331 2341 m.
1368 2309 1433 2349 12,
1472 2306 1514 2348 5,
1548 2308 1581 2339 1.
1627 2310 1669 2339 ut
1718 2347 1721 2353 Ι

162 2361 260 2394 forte
286 2362 331 2394 ad
353 2373 401 2394 in.
425 2371 563 2395 venere
589 2362 625 2402 2,
647 2361 704 2400 11,
725 2358 758 2392 6.
774 2356 906 2390 librum
929 2355 968 2389 in
994 2365 1121 2388 manus
1141 2358 1388 2388 resumserunt
1406 2354 1463 2395 10,
1480 2350 1516 2393 4,
1540 2353 1574 2385 3.
1592 2351 1669 2385 ele-

164 2406 259 2452 giam
279 2407 318 2440 in
336 2418 462 2440 manus
483 2417 626 2440 sumere
650 2407 705 2444 10,
731 2406 764 2446 1,
784 2403 842 2437 58.
865 2401 910 2440 cs.
925 2404 982 2435 22.
1007 2407 1047 2434 ut
1069 2401 1107 2434 in
1131 2412 1179 2434 m.
1205 2399 1391 2433 hominum
1415 2407 1670 2451 quam-emen-

166 2452 338 2486 datissimi
365 2454 515 2488 veniant
540 2449 662 2496 (libri)
689 2450 756 2493 Ep.
781 2449 827 2482 ad
851 2448 992 2491 Trypli.
1019 2449 1052 2481 3.
1080 2445 1126 2487 cs.
1156 2448 1213 2489 12,
1239 2448 1296 2489 10,
1325 2446 1382 2480 50.
1418 2455 1510 2489 quae
1530 2454 1570 2477 in
1591 2454 1670 2477 ma-

164 2509 253 2531 num
278 2509 352 2532 non
375 2498 587 2534 convenerit
611 2497 680 2541 (de
702 2491 863 2537 muliere)
887 2494 922 2536 5,
953 2495 1008 2535 10,
1033 2493 1090 2527 62.
1114 2492 1153 2526 in
1175 2498 1364 2536 utramque
1387 2496 1525 2535 partem
1545 2495 1671 2541 tenera

166 2545 361 2588 quaedam,
398 2546 464 2579 sed
482 2545 601 2578 intra
626 2552 786 2577 manus
810 2546 949 2582 tamen,
985 2545 1020 2572 et
1046 2538 1123 2572 sine
1147 2544 1248 2572 motu
1279 2540 1454 2580 laterum,
1485 2536 1670 2569 translatio

167 2592 226 2632 11,
250 2591 284 2632 3,
311 2591 376 2624 165
401 2592 448 2624 Ν.
496 2602 578 2635 per
600 2602 668 2624 ma
684 2599 764 2622 nus
787 2586 941 2631 reptatio
970 2588 1004 2628 1,
1031 2587 1089 2628 12,
1121 2587 1176 2618 10.
1224 2584 1417 2628 (exempla)
1445 2581 1669 2633 sermonibus

166 2637 269 2670 velut
291 2647 375 2679 per
398 2647 556 2671 manus
578 2636 710 2671 tradita
735 2637 791 2678 12,
815 2633 851 2676 4,
885 2637 930 2676 13
969 2631 1007 2664 in
1039 2630 1166 2675 quibus
1203 2629 1323 2665 omnia
1350 2634 1433 2663 sunt
1466 2627 1668 2662 homicidae

167 2686 310 2726 praeter
333 2692 476 2715 manum
505 2683 558 2726 (i.
585 2696 614 2716 e.
638 2686 742 2724 vim‚·
775 2683 842 2724 Sp.
865 2676 1026 2721 malum)
1050 2680 1093 2720 7,
1119 2679 1160 2720 3,
1195 2677 1242 2711 34
1275 2678 1312 2710 S.
1367 2673 1396 2717 s)
1418 2675 1556 2725 A⁶¹⁰²·:‘
1601 2683 1667 2717 ap-

166 2725 344 2772 prehendi
367 2738 496 2761 manu
519 2729 554 2772 5,
580 2730 636 2771 10,
662 2728 741 2763 116.
776 2727 870 2763 vites
893 2728 1104 2759 coercemus
1127 2733 1236 2756 manu
1257 2722 1294 2764 9,
1316 2718 1352 2763 4,
1376 2721 1411 2754 5.
1458 2729 1579 2753 omnia
1602 2729 1667 2752 sua

168 2785 218 2807 m.
243 2772 379 2806 fecerat
407 2775 475 2815 12,
503 2776 569 2816 11,
595 2777 654 2808 21.
679 2786 714 2808 v.
742 2772 895 2807 Facio.
931 2771 1033 2814 cujus
1058 2780 1167 2802 manu
1204 2772 1259 2802 est
1286 2766 1498 2818 interfectus
1528 2765 1570 2807 5,
1607 2766 1665 2816 11,
1700 2791 1704 2796 ,

170 2822 228 2854 10.
276 2829 339 2852 sua
360 2829 413 2852 m.
433 2818 583 2862 periisse
607 2823 643 2862 7,
667 2823 704 2863 2,
727 2821 786 2853 23.
832 2828 941 2852 manu
966 2817 1144 2861 repellere
1178 2816 1234 2857 11,
1265 2814 1301 2855 3,
1322 2814 1380 2847 70.
1420 2811 1580 2864 libellos,
1604 2821 1666 2853 qiu

169 2864 234 2903 vel
256 2875 363 2899 manu
389 2869 579 2899 teneantur
603 2868 659 2907 10,
683 2869 719 2909 7,
744 2867 808 2909 313
849 2864 915 2909 qui
938 2861 1075 2898 fuerint
1095 2871 1231 2896 manu
1253 2863 1431 2904 promti
1458 2860 1515 2900 12,
1539 2859 1572 2899 1,
1595 2857 1664 2898 23;
1700 2879 1707 2905 ¹,
