<?xml version="1.0" encoding="UTF-8"?>
<!DOCTYPE html PUBLIC "-//W3C//DTD XHTML 1.0 Transitional//EN"
    "http://www.w3.org/TR/xhtml1/DTD/xhtml1-transitional.dtd">
<html xmlns="http://www.w3.org/1999/xhtml" xml:lang="en" lang="en">
 <head>
  <title>
</title>
<meta http-equiv="Content-Type" content="text/html;charset=utf-8" />
  <meta name='ocr-system' content='tesseract 3.04.00' />
  <meta name='ocr-capabilities' content='ocr_page ocr_carea ocr_par ocr_line ocrx_word'/>
</head>
<body>
  <div class='ocr_page' id='page_1' title='image "./lexiconquintilia06bonnuoft_0645.png"; bbox 0 0 1728 3002; ppageno 0'>
   <div class='ocr_carea' id='block_1_1' title="bbox 565 99 1542 156">
    <p class='ocr_par' dir='ltr' id='par_1_1' title="bbox 565 99 1542 156">
     <span class='ocr_line' id='line_1_1' title="bbox 565 99 1542 156; baseline -0.006 0"><span class='ocrx_word' id='word_1_1' title='bbox 565 111 817 156; x_wconf 77' lang='lat' dir='ltr'>Nauarehus</span> <span class='ocrx_word' id='word_1_2' title='bbox 846 136 902 144; x_wconf 92' lang='lat'>—-</span> <span class='ocrx_word' id='word_1_3' title='bbox 932 108 998 152; x_wconf 75' lang='lat' dir='ltr'>Ne&#39;</span> <span class='ocrx_word' id='word_1_4' title='bbox 1158 99 1161 101; x_wconf 64' lang='lat'>,</span> <span class='ocrx_word' id='word_1_5' title='bbox 1460 109 1542 150; x_wconf 80' lang='lat'>553</span> 
     </span>
    </p>
   </div>
   <div class='ocr_carea' id='block_1_2' title="bbox 0 223 1543 323">
    <p class='ocr_par' dir='ltr' id='par_1_2' title="bbox 0 223 1543 323">
     <span class='ocr_line' id='line_1_2' title="bbox 0 223 1543 323; baseline -0.007 -55"><span class='ocrx_word' id='word_1_6' title='bbox 0 236 5 243; x_wconf 90' lang='grc'><em>“</em></span> <span class='ocrx_word' id='word_1_7' title='bbox 58 237 188 323; x_wconf 48' lang='lat' dir='ltr'>{ruam</span> <span class='ocrx_word' id='word_1_8' title='bbox 210 231 244 270; x_wconf 84' lang='lat'>5.</span> <span class='ocrx_word' id='word_1_9' title='bbox 271 233 326 274; x_wconf 90' lang='grc'>10,</span> <span class='ocrx_word' id='word_1_10' title='bbox 347 227 406 265; x_wconf 80' lang='lat'>74·</span> <span class='ocrx_word' id='word_1_11' title='bbox 431 237 512 269; x_wconf 80' lang='lat' dir='ltr'>cum</span> <span class='ocrx_word' id='word_1_12' title='bbox 533 226 620 271; x_wconf 82' lang='lat' dir='ltr'>ipsis</span> <span class='ocrx_word' id='word_1_13' title='bbox 642 225 794 262; x_wconf 79' lang='lat' dir='ltr'>vocibus</span> <span class='ocrx_word' id='word_1_14' title='bbox 818 236 853 260; x_wconf 84' lang='lat' dir='ltr'>n.</span> <span class='ocrx_word' id='word_1_15' title='bbox 887 229 1023 259; x_wconf 81' lang='lat' dir='ltr'>exeunt</span> <span class='ocrx_word' id='word_1_16' title='bbox 1057 228 1177 271; x_wconf 82' lang='lat' dir='ltr'>gestus</span> <span class='ocrx_word' id='word_1_17' title='bbox 1215 225 1269 262; x_wconf 84' lang='lat'>11,</span> <span class='ocrx_word' id='word_1_18' title='bbox 1304 225 1338 266; x_wconf 82' lang='lat'>3,</span> <span class='ocrx_word' id='word_1_19' title='bbox 1372 223 1430 258; x_wconf 75' lang='grc'>88.</span> <span class='ocrx_word' id='word_1_20' title='bbox 1462 223 1543 258; x_wconf 86' lang='lat' dir='ltr'>veri</span> 
     </span>
    </p>
   </div>
   <div class='ocr_carea' id='block_1_3' title="bbox 57 269 1548 506">
    <p class='ocr_par' dir='ltr' id='par_1_3' title="bbox 57 269 1548 506">
     <span class='ocr_line' id='line_1_3' title="bbox 89 269 1545 322; baseline -0.007 -9"><span class='ocrx_word' id='word_1_21' title='bbox 89 276 255 322; x_wconf 66' lang='lat' dir='ltr'>affeefias)</span> <span class='ocrx_word' id='word_1_22' title='bbox 278 288 318 311; x_wconf 81' lang='lat' dir='ltr'>n.</span> <span class='ocrx_word' id='word_1_23' title='bbox 345 278 532 318; x_wconf 75' lang='lat' dir='ltr'>enunpunt</span> <span class='ocrx_word' id='word_1_24' title='bbox 553 274 596 309; x_wconf 66' lang='lat' dir='ltr'>ila.</span> <span class='ocrx_word' id='word_1_25' title='bbox 622 272 866 316; x_wconf 68' lang='lat' dir='ltr'>61.&#39;expectat</span> <span class='ocrx_word' id='word_1_26' title='bbox 890 282 924 304; x_wconf 89' lang='lat' dir='ltr'>n.</span> <span class='ocrx_word' id='word_1_27' title='bbox 955 271 1090 315; x_wconf 80' lang='lat' dir='ltr'>judex,</span> <span class='ocrx_word' id='word_1_28' title='bbox 1128 269 1212 314; x_wconf 85' lang='lat' dir='ltr'>quid</span> <span class='ocrx_word' id='word_1_29' title='bbox 1247 275 1411 304; x_wconf 82' lang='lat' dir='ltr'><strong>narretur</strong></span> <span class='ocrx_word' id='word_1_30' title='bbox 1432 281 1453 304; x_wconf 81' lang='lat' dir='ltr'>a</span> <span class='ocrx_word' id='word_1_31' title='bbox 1476 280 1545 303; x_wconf 86' lang='lat' dir='ltr'>no-</span> 
     </span>
     <span class='ocr_line' id='line_1_4' title="bbox 58 315 1545 367; baseline -0.007 -8"><span class='ocrx_word' id='word_1_32' title='bbox 58 324 114 359; x_wconf 78' lang='lat' dir='ltr'>bis</span> <span class='ocrx_word' id='word_1_33' title='bbox 136 322 172 364; x_wconf 80' lang='lat'>4¹,</span> <span class='ocrx_word' id='word_1_34' title='bbox 194 326 231 367; x_wconf 86' lang='lat'>2,</span> <span class='ocrx_word' id='word_1_35' title='bbox 256 323 314 358; x_wconf 84' lang='lat'>76.</span> <span class='ocrx_word' id='word_1_36' title='bbox 338 333 375 355; x_wconf 86' lang='lat' dir='ltr'>n.</span> <span class='ocrx_word' id='word_1_37' title='bbox 401 321 528 354; x_wconf 82' lang='lat' dir='ltr'>fallunt</span> <span class='ocrx_word' id='word_1_38' title='bbox 551 317 733 362; x_wconf 81' lang='lat' dir='ltr'>imperitos</span> <span class='ocrx_word' id='word_1_39' title='bbox 756 321 791 360; x_wconf 85' lang='lat'>2,</span> <span class='ocrx_word' id='word_1_40' title='bbox 818 320 874 359; x_wconf 92' lang='grc'>12,</span> <span class='ocrx_word' id='word_1_41' title='bbox 899 319 934 350; x_wconf 83' lang='grc'>3.</span> <span class='ocrx_word' id='word_1_42' title='bbox 958 328 993 350; x_wconf 89' lang='lat' dir='ltr'>n.</span> <span class='ocrx_word' id='word_1_43' title='bbox 1021 316 1211 360; x_wconf 83' lang='lat' dir='ltr'>impeditur</span> <span class='ocrx_word' id='word_1_44' title='bbox 1237 318 1291 357; x_wconf 88' lang='lat'>11,</span> <span class='ocrx_word' id='word_1_45' title='bbox 1329 317 1364 357; x_wconf 87' lang='lat'>3,</span> <span class='ocrx_word' id='word_1_46' title='bbox 1397 317 1453 350; x_wconf 91' lang='grc'>28.</span> <span class='ocrx_word' id='word_1_47' title='bbox 1479 315 1545 348; x_wconf 83' lang='lat' dir='ltr'>ali-</span> 
     </span>
     <span class='ocr_line' id='line_1_5' title="bbox 60 362 1547 415; baseline -0.006 -12"><span class='ocrx_word' id='word_1_48' title='bbox 60 381 131 415; x_wconf 76' lang='lat' dir='ltr'>qua</span> <span class='ocrx_word' id='word_1_49' title='bbox 153 381 188 404; x_wconf 86' lang='lat' dir='ltr'>n.</span> <span class='ocrx_word' id='word_1_50' title='bbox 213 371 408 413; x_wconf 82' lang='lat' dir='ltr'>sequuntur</span> <span class='ocrx_word' id='word_1_51' title='bbox 430 371 466 400; x_wconf 87' lang='lat' dir='ltr'>et</span> <span class='ocrx_word' id='word_1_52' title='bbox 493 365 684 399; x_wconf 75' lang='lat' dir='ltr'>cohaerent</span> <span class='ocrx_word' id='word_1_53' title='bbox 707 363 742 405; x_wconf 83' lang='lat'>4,</span> <span class='ocrx_word' id='word_1_54' title='bbox 771 366 804 403; x_wconf 84' lang='lat'>2,</span> <span class='ocrx_word' id='word_1_55' title='bbox 833 364 890 397; x_wconf 82' lang='lat'>53.</span> <span class='ocrx_word' id='word_1_56' title='bbox 916 362 1038 396; x_wconf 84' lang='lat' dir='ltr'>nescio</span> <span class='ocrx_word' id='word_1_57' title='bbox 1066 374 1110 396; x_wconf 80' lang='lat' dir='ltr'>an</span> <span class='ocrx_word' id='word_1_58' title='bbox 1135 362 1241 396; x_wconf 82' lang='lat' dir='ltr'>etiam</span> <span class='ocrx_word' id='word_1_59' title='bbox 1263 373 1300 394; x_wconf 87' lang='lat' dir='ltr'>n.</span> <span class='ocrx_word' id='word_1_60' title='bbox 1337 363 1429 405; x_wconf 70' lang='lat' dir='ltr'>apud</span> <span class='ocrx_word' id='word_1_61' title='bbox 1464 363 1547 405; x_wconf 80' lang='lat' dir='ltr'>plu-</span> 
     </span>
     <span class='ocr_line' id='line_1_6' title="bbox 58 407 1548 459; baseline -0.006 -9"><span class='ocrx_word' id='word_1_62' title='bbox 58 413 170 450; x_wconf 77' lang='lat' dir='ltr'>rimos</span> <span class='ocrx_word' id='word_1_63' title='bbox 191 416 272 459; x_wconf 69' lang='lat' dir='ltr'>plus</span> <span class='ocrx_word' id='word_1_64' title='bbox 293 411 413 447; x_wconf 74' lang='lat' dir='ltr'>valeat</span> <span class='ocrx_word' id='word_1_65' title='bbox 437 411 610 446; x_wconf 79' lang='lat' dir='ltr'>malorum</span> <span class='ocrx_word' id='word_1_66' title='bbox 631 409 739 445; x_wconf 82' lang='lat' dir='ltr'>timor</span> <span class='ocrx_word' id='word_1_67' title='bbox 762 411 796 452; x_wconf 73' lang='grc'>3,</span> <span class='ocrx_word' id='word_1_68' title='bbox 820 410 855 451; x_wconf 92' lang='grc'>8,</span> <span class='ocrx_word' id='word_1_69' title='bbox 885 407 951 453; x_wconf 77' lang='lat'>403</span> <span class='ocrx_word' id='word_1_70' title='bbox 985 414 1039 442; x_wconf 87' lang='lat' dir='ltr'>est</span> <span class='ocrx_word' id='word_1_71' title='bbox 1062 408 1196 453; x_wconf 83' lang='lat' dir='ltr'>aliquid</span> <span class='ocrx_word' id='word_1_72' title='bbox 1218 408 1257 441; x_wconf 86' lang='lat' dir='ltr'>in</span> <span class='ocrx_word' id='word_1_73' title='bbox 1281 407 1378 442; x_wconf 89' lang='lat' dir='ltr'>omni</span> <span class='ocrx_word' id='word_1_74' title='bbox 1399 407 1548 442; x_wconf 82' lang='lat' dir='ltr'>materia</span> 
     </span>
     <span class='ocr_line' id='line_1_7' title="bbox 57 458 396 506; baseline -0.015 -11"><span class='ocrx_word' id='word_1_75' title='bbox 57 472 95 495; x_wconf 80' lang='lat' dir='ltr'>n.</span> <span class='ocrx_word' id='word_1_76' title='bbox 117 461 270 506; x_wconf 86' lang='lat' dir='ltr'>primum</span> <span class='ocrx_word' id='word_1_77' title='bbox 295 461 336 493; x_wconf 80' lang='lat' dir='ltr'>ib.</span> <span class='ocrx_word' id='word_1_78' title='bbox 361 458 396 494; x_wconf 84' lang='grc'>6.</span> 
     </span>
    </p>
   </div>
   <div class='ocr_carea' id='block_1_4' title="bbox 14 501 1548 944">
    <p class='ocr_par' dir='ltr' id='par_1_4' title="bbox 14 501 1333 559">
     <span class='ocr_line' id='line_1_8' title="bbox 14 501 1333 559; baseline -0.001 -13"><span class='ocrx_word' id='word_1_79' title='bbox 14 501 284 546; x_wconf 77' lang='lat' dir='ltr'>Naum-chus.</span> <span class='ocrx_word' id='word_1_80' title='bbox 325 516 380 550; x_wconf 88' lang='lat' dir='ltr'>M.</span> <span class='ocrx_word' id='word_1_81' title='bbox 406 524 546 559; x_wconf 80' lang='lat' dir='ltr'>quoque</span> <span class='ocrx_word' id='word_1_82' title='bbox 570 507 717 552; x_wconf 52' lang='lat' dir='ltr'>Tullius,</span> <span class='ocrx_word' id='word_1_83' title='bbox 733 510 827 545; x_wconf 83' lang='lat' dir='ltr'>circa</span> <span class='ocrx_word' id='word_1_84' title='bbox 849 511 1050 546; x_wconf 75' lang='lat' dir='ltr'>nauarchos</span> <span class='ocrx_word' id='word_1_85' title='bbox 1074 509 1109 553; x_wconf 85' lang='lat'>4,</span> <span class='ocrx_word' id='word_1_86' title='bbox 1134 512 1169 552; x_wconf 84' lang='lat'>2,</span> <span class='ocrx_word' id='word_1_87' title='bbox 1196 512 1263 544; x_wconf 84' lang='lat'>106</span> <span class='ocrx_word' id='word_1_88' title='bbox 1288 511 1333 546; x_wconf 87' lang='grc' dir='ltr'>Ν.</span> 
     </span>
    </p>

    <p class='ocr_par' dir='ltr' id='par_1_5' title="bbox 15 558 1314 617">
     <span class='ocr_line' id='line_1_9' title="bbox 15 558 1314 617; baseline -0.001 -15"><span class='ocrx_word' id='word_1_89' title='bbox 15 558 311 617; x_wconf 78' lang='lat' dir='ltr'>Naufragium.</span> <span class='ocrx_word' id='word_1_90' title='bbox 348 583 386 605; x_wconf 87' lang='lat' dir='ltr'>n.</span> <span class='ocrx_word' id='word_1_91' title='bbox 407 569 495 604; x_wconf 80' lang='lat' dir='ltr'>fecit</span> <span class='ocrx_word' id='word_1_92' title='bbox 518 571 552 611; x_wconf 85' lang='grc'>5,</span> <span class='ocrx_word' id='word_1_93' title='bbox 578 571 634 612; x_wconf 86' lang='grc'>10,</span> <span class='ocrx_word' id='word_1_94' title='bbox 659 568 716 603; x_wconf 83' lang='grc'>48.</span> <span class='ocrx_word' id='word_1_95' title='bbox 743 568 931 614; x_wconf 78' lang='lat' dir='ltr'>naufragio</span> <span class='ocrx_word' id='word_1_96' title='bbox 963 566 1110 612; x_wconf 83' lang='lat' dir='ltr'>perierit</span> <span class='ocrx_word' id='word_1_97' title='bbox 1136 570 1172 610; x_wconf 91' lang='lat'>7,</span> <span class='ocrx_word' id='word_1_98' title='bbox 1196 567 1232 611; x_wconf 84' lang='lat'>3,</span> <span class='ocrx_word' id='word_1_99' title='bbox 1257 568 1314 602; x_wconf 82' lang='lat'>33.</span> 
     </span>
    </p>

    <p class='ocr_par' dir='ltr' id='par_1_6' title="bbox 15 613 1141 676">
     <span class='ocr_line' id='line_1_10' title="bbox 15 613 1141 676; baseline 0 -19"><span class='ocrx_word' id='word_1_100' title='bbox 15 614 274 674; x_wconf 79' lang='lat' dir='ltr'>Naufragus.</span> <span class='ocrx_word' id='word_1_101' title='bbox 321 613 456 676; x_wconf 77' lang='lat' dir='ltr'>agimus</span> <span class='ocrx_word' id='word_1_102' title='bbox 478 626 685 673; x_wconf 78' lang='lat' dir='ltr'>naufragum</span> <span class='ocrx_word' id='word_1_103' title='bbox 709 624 770 669; x_wconf 80' lang='lat' dir='ltr'>(in</span> <span class='ocrx_word' id='word_1_104' title='bbox 793 623 935 668; x_wconf 75' lang='lat' dir='ltr'>scholis)</span> <span class='ocrx_word' id='word_1_105' title='bbox 957 624 994 667; x_wconf 83' lang='lat'>6,</span> <span class='ocrx_word' id='word_1_106' title='bbox 1021 627 1057 668; x_wconf 87' lang='lat'>2,</span> <span class='ocrx_word' id='word_1_107' title='bbox 1083 624 1141 658; x_wconf 89' lang='grc'>36.</span> 
     </span>
    </p>

    <p class='ocr_par' dir='ltr' id='par_1_7' title="bbox 15 670 1223 729">
     <span class='ocr_line' id='line_1_11' title="bbox 15 670 1223 729; baseline 0.003 -16"><span class='ocrx_word' id='word_1_108' title='bbox 15 670 209 715; x_wconf 76' lang='lat' dir='ltr'>Navalis.</span> <span class='ocrx_word' id='word_1_109' title='bbox 255 696 294 724; x_wconf 75' lang='lat' dir='ltr'>n,</span> <span class='ocrx_word' id='word_1_110' title='bbox 317 684 462 729; x_wconf 86' lang='lat' dir='ltr'>proeliis</span> <span class='ocrx_word' id='word_1_111' title='bbox 485 686 520 727; x_wconf 83' lang='lat'>2,</span> <span class='ocrx_word' id='word_1_112' title='bbox 546 686 602 726; x_wconf 89' lang='grc'>17,</span> <span class='ocrx_word' id='word_1_113' title='bbox 625 681 682 717; x_wconf 80' lang='lat'>34.</span> <span class='ocrx_word' id='word_1_114' title='bbox 706 681 888 718; x_wconf 75' lang='lat' dir='ltr'>navalium</span> <span class='ocrx_word' id='word_1_115' title='bbox 916 692 1001 716; x_wconf 85' lang='lat' dir='ltr'>cura</span> <span class='ocrx_word' id='word_1_116' title='bbox 1024 682 1059 725; x_wconf 88' lang='grc'>5,</span> <span class='ocrx_word' id='word_1_117' title='bbox 1084 683 1140 725; x_wconf 83' lang='grc'>10,</span> <span class='ocrx_word' id='word_1_118' title='bbox 1164 681 1223 717; x_wconf 85' lang='grc'>89.</span> 
     </span>
    </p>

    <p class='ocr_par' dir='ltr' id='par_1_8' title="bbox 14 726 715 786">
     <span class='ocr_line' id='line_1_12' title="bbox 14 726 715 786; baseline 0.006 -16"><span class='ocrx_word' id='word_1_119' title='bbox 14 726 297 786; x_wconf 76' lang='lat' dir='ltr'>NavigahiliS·</span> <span class='ocrx_word' id='word_1_120' title='bbox 333 754 370 776; x_wconf 84' lang='lat' dir='ltr'>n.</span> <span class='ocrx_word' id='word_1_121' title='bbox 398 742 518 775; x_wconf 80' lang='lat' dir='ltr'>fontes</span> <span class='ocrx_word' id='word_1_122' title='bbox 540 741 574 783; x_wconf 88' lang='grc'>8,</span> <span class='ocrx_word' id='word_1_123' title='bbox 598 741 633 781; x_wconf 84' lang='grc'>3,</span> <span class='ocrx_word' id='word_1_124' title='bbox 659 739 715 774; x_wconf 87' lang='grc'>76.</span> 
     </span>
    </p>

    <p class='ocr_par' dir='ltr' id='par_1_9' title="bbox 14 781 1548 891">
     <span class='ocr_line' id='line_1_13' title="bbox 14 781 1545 846; baseline 0.002 -20"><span class='ocrx_word' id='word_1_125' title='bbox 14 781 257 844; x_wconf 60' lang='lat' dir='ltr'>Ngvigatio·</span> <span class='ocrx_word' id='word_1_126' title='bbox 303 797 540 844; x_wconf 73' lang='lat' dir='ltr'>navigationis</span> <span class='ocrx_word' id='word_1_127' title='bbox 568 795 698 830; x_wconf 83' lang='lat' dir='ltr'>ambitu</span> <span class='ocrx_word' id='word_1_128' title='bbox 720 799 754 838; x_wconf 94' lang='lat'>1,</span> <span class='ocrx_word' id='word_1_129' title='bbox 770 798 825 838; x_wconf 86' lang='lat'>10,</span> <span class='ocrx_word' id='word_1_130' title='bbox 855 794 912 830; x_wconf 84' lang='lat'>40.</span> <span class='ocrx_word' id='word_1_131' title='bbox 932 794 1071 842; x_wconf 87' lang='lat' dir='ltr'>signum</span> <span class='ocrx_word' id='word_1_132' title='bbox 1091 792 1328 846; x_wconf 76' lang='lat' dir='ltr'>navigationis</span> <span class='ocrx_word' id='word_1_133' title='bbox 1347 797 1545 838; x_wconf 68' lang='lat' dir='ltr'>ancoram,</span> 
     </span>
     <span class='ocr_line' id='line_1_14' title="bbox 60 840 1548 891; baseline 0 -15"><span class='ocrx_word' id='word_1_134' title='bbox 60 845 96 885; x_wconf 95' lang='grc'>2,</span> <span class='ocrx_word' id='word_1_135' title='bbox 109 846 175 887; x_wconf 80' lang='lat'>193</span> <span class='ocrx_word' id='word_1_136' title='bbox 199 845 326 891; x_wconf 77' lang='lat' dir='ltr'>fugere</span> <span class='ocrx_word' id='word_1_137' title='bbox 340 855 482 878; x_wconf 89' lang='lat' dir='ltr'>omnem</span> <span class='ocrx_word' id='word_1_138' title='bbox 502 842 724 887; x_wconf 83' lang='lat' dir='ltr'>disciplinam</span> <span class='ocrx_word' id='word_1_139' title='bbox 743 842 973 889; x_wconf 75' lang='lat' dir='ltr'>navigatione</span> <span class='ocrx_word' id='word_1_140' title='bbox 995 852 1100 886; x_wconf 81' lang='lat' dir='ltr'>quam</span> <span class='ocrx_word' id='word_1_141' title='bbox 1121 840 1347 876; x_wconf 80' lang='lat' dir='ltr'>velocissima</span> <span class='ocrx_word' id='word_1_142' title='bbox 1371 844 1426 884; x_wconf 84' lang='lat'>12,</span> <span class='ocrx_word' id='word_1_143' title='bbox 1442 844 1476 884; x_wconf 90' lang='grc'>2,</span> <span class='ocrx_word' id='word_1_144' title='bbox 1489 841 1548 876; x_wconf 83' lang='grc'>24.</span> 
     </span>
    </p>

    <p class='ocr_par' dir='ltr' id='par_1_10' title="bbox 15 884 512 944">
     <span class='ocr_line' id='line_1_15' title="bbox 15 884 512 944; baseline 0.012 -17"><span class='ocrx_word' id='word_1_145' title='bbox 15 884 264 943; x_wconf 73' lang='lat' dir='ltr'>Navigator.</span> <span class='ocrx_word' id='word_1_146' title='bbox 310 901 344 944; x_wconf 82' lang='lat'>5,</span> <span class='ocrx_word' id='word_1_147' title='bbox 370 902 427 944; x_wconf 88' lang='lat'>10,</span> <span class='ocrx_word' id='word_1_148' title='bbox 454 903 512 935; x_wconf 84' lang='lat'>27.</span> 
     </span>
    </p>
   </div>
   <div class='ocr_carea' id='block_1_5' title="bbox 17 942 1591 1709">
    <p class='ocr_par' dir='ltr' id='par_1_11' title="bbox 17 942 1543 1045">
     <span class='ocr_line' id='line_1_16' title="bbox 17 942 1543 1001; baseline 0.005 -17"><span class='ocrx_word' id='word_1_149' title='bbox 17 942 262 1000; x_wconf 57' lang='lat' dir='ltr'>Remigium·</span> <span class='ocrx_word' id='word_1_150' title='bbox 310 963 428 994; x_wconf 79' lang='lat' dir='ltr'>utrum</span> <span class='ocrx_word' id='word_1_151' title='bbox 460 962 567 991; x_wconf 82' lang='lat' dir='ltr'>rate</span> <span class='ocrx_word' id='word_1_152' title='bbox 611 966 656 990; x_wconf 87' lang='lat' dir='ltr'>an</span> <span class='ocrx_word' id='word_1_153' title='bbox 683 953 959 1001; x_wconf 85' lang='lat' dir='ltr'>piscatorio</span> <span class='ocrx_word' id='word_1_154' title='bbox 991 952 1197 1000; x_wconf 80' lang='lat' dir='ltr'>navigio</span> <span class='ocrx_word' id='word_1_155' title='bbox 1220 953 1399 989; x_wconf 77' lang='lat' dir='ltr'>transierit</span> <span class='ocrx_word' id='word_1_156' title='bbox 1425 958 1543 992; x_wconf 78' lang='lat' dir='ltr'>Coel.</span> 
     </span>
     <span class='ocr_line' id='line_1_17' title="bbox 63 1001 1501 1045; baseline 0 -10"><span class='ocrx_word' id='word_1_157' title='bbox 63 1001 99 1042; x_wconf 88' lang='grc'>6,</span> <span class='ocrx_word' id='word_1_158' title='bbox 134 1005 179 1045; x_wconf 77' lang='grc'>3,</span> <span class='ocrx_word' id='word_1_159' title='bbox 211 1002 267 1037; x_wconf 82' lang='grc'>41.</span> <span class='ocrx_word' id='word_1_160' title='bbox 929 1007 932 1009; x_wconf 73' lang='grc'><strong>’</strong></span> <span class='ocrx_word' id='word_1_161' title='bbox 964 1012 972 1014; x_wconf 59' lang='grc'><strong><em>’</em></strong></span> <span class='ocrx_word' id='word_1_162' title='bbox 1499 1007 1501 1009; x_wconf 86' lang='grc'><strong>’</strong></span> 
     </span>
    </p>

    <p class='ocr_par' dir='ltr' id='par_1_12' title="bbox 18 1042 1591 1288">
     <span class='ocr_line' id='line_1_18' title="bbox 18 1042 1548 1105; baseline 0.004 -20"><span class='ocrx_word' id='word_1_163' title='bbox 18 1042 202 1102; x_wconf 58' lang='grc' dir='ltr'>Νᾶῡίἕθ·</span> <span class='ocrx_word' id='word_1_164' title='bbox 237 1059 273 1093; x_wconf 87' lang='lat' dir='ltr'>in</span> <span class='ocrx_word' id='word_1_165' title='bbox 299 1059 421 1094; x_wconf 77' lang='lat' dir='ltr'>Asiam</span> <span class='ocrx_word' id='word_1_166' title='bbox 445 1057 630 1105; x_wconf 78' lang='lat' dir='ltr'>navigavit</span> <span class='ocrx_word' id='word_1_167' title='bbox 662 1059 719 1100; x_wconf 81' lang='grc'>12,</span> <span class='ocrx_word' id='word_1_168' title='bbox 749 1057 785 1100; x_wconf 88' lang='grc'>6,</span> <span class='ocrx_word' id='word_1_169' title='bbox 814 1059 849 1091; x_wconf 87' lang='grc'>7.</span> <span class='ocrx_word' id='word_1_170' title='bbox 899 1056 1018 1101; x_wconf 85' lang='lat' dir='ltr'><strong>Quare</strong></span> <span class='ocrx_word' id='word_1_171' title='bbox 1051 1056 1095 1089; x_wconf 86' lang='lat' dir='ltr'>ad</span> <span class='ocrx_word' id='word_1_172' title='bbox 1124 1056 1272 1100; x_wconf 77' lang='lat' dir='ltr'>Troiam</span> <span class='ocrx_word' id='word_1_173' title='bbox 1294 1051 1548 1104; x_wconf 75' lang='lat' dir='ltr'>quinquaginta</span> 
     </span>
     <span class='ocr_line' id='line_1_19' title="bbox 63 1101 1591 1152; baseline 0 -15"><span class='ocrx_word' id='word_1_174' title='bbox 63 1115 168 1150; x_wconf 85' lang='lat' dir='ltr'>reges</span> <span class='ocrx_word' id='word_1_175' title='bbox 183 1106 441 1151; x_wconf 75' lang='lat' dir='ltr'>¹navigaverint</span> <span class='ocrx_word' id='word_1_176' title='bbox 465 1108 500 1146; x_wconf 89' lang='lat'>7,</span> <span class='ocrx_word' id='word_1_177' title='bbox 525 1109 556 1143; x_wconf 80' lang='grc'>2,</span> <span class='ocrx_word' id='word_1_178' title='bbox 585 1107 619 1138; x_wconf 85' lang='grc'>3.</span> <span class='ocrx_word' id='word_1_179' title='bbox 649 1102 693 1144; x_wconf 84' lang='lat' dir='ltr'>cs.</span> <span class='ocrx_word' id='word_1_180' title='bbox 721 1106 753 1146; x_wconf 85' lang='lat'>1,</span> <span class='ocrx_word' id='word_1_181' title='bbox 784 1105 840 1144; x_wconf 90' lang='grc'>12,</span> <span class='ocrx_word' id='word_1_182' title='bbox 869 1103 924 1136; x_wconf 90' lang='grc'>15.</span> <span class='ocrx_word' id='word_1_183' title='bbox 950 1101 987 1135; x_wconf 90' lang='lat' dir='ltr'>in</span> <span class='ocrx_word' id='word_1_184' title='bbox 1013 1113 1081 1146; x_wconf 83' lang='lat' dir='ltr'>qua</span> <span class='ocrx_word' id='word_1_185' title='bbox 1121 1101 1256 1146; x_wconf 85' lang='lat' dir='ltr'>(nave)</span> <span class='ocrx_word' id='word_1_186' title='bbox 1294 1103 1371 1147; x_wconf 88' lang='lat' dir='ltr'>ipse</span> <span class='ocrx_word' id='word_1_187' title='bbox 1402 1105 1548 1152; x_wconf 87' lang='lat' dir='ltr'>naviget</span> <span class='ocrx_word' id='word_1_188' title='bbox 1579 1111 1591 1115; x_wconf 87' lang='grc'><em>“</em></span> 
     </span>
     <span class='ocr_line' id='line_1_20' title="bbox 63 1147 1547 1195; baseline 0 -13"><span class='ocrx_word' id='word_1_189' title='bbox 63 1150 98 1191; x_wconf 88' lang='lat'>8,</span> <span class='ocrx_word' id='word_1_190' title='bbox 127 1150 162 1192; x_wconf 85' lang='grc'>6,</span> <span class='ocrx_word' id='word_1_191' title='bbox 186 1151 243 1186; x_wconf 84' lang='grc'>47,</span> <span class='ocrx_word' id='word_1_192' title='bbox 294 1151 428 1184; x_wconf 84' lang='lat' dir='ltr'>ratibus</span> <span class='ocrx_word' id='word_1_193' title='bbox 450 1152 565 1184; x_wconf 80' lang='lat' dir='ltr'>adhuc</span> <span class='ocrx_word' id='word_1_194' title='bbox 589 1149 816 1195; x_wconf 75' lang='lat' dir='ltr'>navigaretur</span> <span class='ocrx_word' id='word_1_195' title='bbox 840 1147 897 1191; x_wconf 81' lang='lat' dir='ltr'>(a.</span> <span class='ocrx_word' id='word_1_196' title='bbox 926 1151 948 1182; x_wconf 88' lang='lat'>1.</span> <span class='ocrx_word' id='word_1_197' title='bbox 975 1147 1247 1193; x_wconf 81' lang='lat' dir='ltr'>navigaremus)</span> <span class='ocrx_word' id='word_1_198' title='bbox 1282 1151 1337 1191; x_wconf 89' lang='lat'>10,</span> <span class='ocrx_word' id='word_1_199' title='bbox 1361 1151 1395 1192; x_wconf 88' lang='grc'>2,</span> <span class='ocrx_word' id='word_1_200' title='bbox 1420 1154 1442 1185; x_wconf 91' lang='grc'>7</span> <span class='ocrx_word' id='word_1_201' title='bbox 1456 1164 1465 1193; x_wconf 83' lang='grc'><strong>;</strong></span> <span class='ocrx_word' id='word_1_202' title='bbox 1492 1157 1547 1185; x_wconf 79' lang='lat' dir='ltr'>est</span> 
     </span>
     <span class='ocr_line' id='line_1_21' title="bbox 65 1192 1548 1240; baseline 0.001 -12"><span class='ocrx_word' id='word_1_203' title='bbox 65 1194 169 1228; x_wconf 82' lang='lat' dir='ltr'>etiam</span> <span class='ocrx_word' id='word_1_204' title='bbox 198 1197 338 1240; x_wconf 84' lang='lat' dir='ltr'>quidam</span> <span class='ocrx_word' id='word_1_205' title='bbox 363 1196 488 1231; x_wconf 84' lang='lat' dir='ltr'>tertius</span> <span class='ocrx_word' id='word_1_206' title='bbox 514 1197 652 1238; x_wconf 82' lang='lat' dir='ltr'>modus,</span> <span class='ocrx_word' id='word_1_207' title='bbox 676 1200 717 1230; x_wconf 89' lang='lat' dir='ltr'>ut</span> <span class='ocrx_word' id='word_1_208' title='bbox 739 1195 850 1228; x_wconf 85' lang='lat' dir='ltr'>urbs</span> <span class='ocrx_word' id='word_1_209' title='bbox 874 1192 1143 1228; x_wconf 80' lang='lat' dir='ltr'>habitatur:</span> <span class='ocrx_word' id='word_1_210' title='bbox 1174 1195 1270 1228; x_wconf 83' lang='lat' dir='ltr'>unde</span> <span class='ocrx_word' id='word_1_211' title='bbox 1293 1200 1329 1228; x_wconf 86' lang='lat' dir='ltr'>et</span> <span class='ocrx_word' id='word_1_212' title='bbox 1351 1215 1397 1221; x_wconf 97' lang='lat'>—</span> <span class='ocrx_word' id='word_1_213' title='bbox 1421 1208 1548 1233; x_wconf 84' lang='lat' dir='ltr'>mare</span> 
     </span>
     <span class='ocr_line' id='line_1_22' title="bbox 65 1241 546 1288; baseline 0.004 -15"><span class='ocrx_word' id='word_1_214' title='bbox 65 1241 325 1288; x_wconf 78' lang='lat' dir='ltr'>navigatur</span> <span class='ocrx_word' id='word_1_215' title='bbox 345 1246 378 1285; x_wconf 92' lang='lat'>1,</span> <span class='ocrx_word' id='word_1_216' title='bbox 401 1241 436 1285; x_wconf 90' lang='lat'>4,</span> <span class='ocrx_word' id='word_1_217' title='bbox 461 1243 507 1283; x_wconf 87' lang='grc'>28</span> <span class='ocrx_word' id='word_1_218' title='bbox 532 1252 546 1275; x_wconf 64' lang='lat' dir='ltr'><em>A</em></span> 
     </span>
    </p>

    <p class='ocr_par' dir='ltr' id='par_1_13' title="bbox 18 1282 1550 1709">
     <span class='ocr_line' id='line_1_23' title="bbox 18 1282 1544 1343; baseline 0.006 -19"><span class='ocrx_word' id='word_1_219' title='bbox 18 1282 170 1327; x_wconf 78' lang='lat' dir='ltr'>Navis.</span> <span class='ocrx_word' id='word_1_220' title='bbox 214 1298 402 1343; x_wconf 81' lang='lat' dir='ltr'><strong>puppim</strong></span> <span class='ocrx_word' id='word_1_221' title='bbox 427 1308 492 1343; x_wconf 92' lang='lat' dir='ltr'>pro</span> <span class='ocrx_word' id='word_1_222' title='bbox 518 1309 541 1331; x_wconf 89' lang='lat' dir='ltr'>n</span> <span class='ocrx_word' id='word_1_223' title='bbox 578 1296 623 1331; x_wconf 85' lang='lat' dir='ltr'>vi</span> <span class='ocrx_word' id='word_1_224' title='bbox 646 1298 681 1338; x_wconf 85' lang='grc'>8,</span> <span class='ocrx_word' id='word_1_225' title='bbox 705 1296 739 1339; x_wconf 89' lang='lat'>6,</span> <span class='ocrx_word' id='word_1_226' title='bbox 765 1297 811 1329; x_wconf 85' lang='grc'>20</span> <span class='ocrx_word' id='word_1_227' title='bbox 860 1306 1024 1330; x_wconf 81' lang='lat' dir='ltr'>navem</span> <span class='ocrx_word' id='word_1_228' title='bbox 1058 1306 1125 1340; x_wconf 87' lang='lat' dir='ltr'>pro</span> <span class='ocrx_word' id='word_1_229' title='bbox 1157 1307 1248 1340; x_wconf 86' lang='lat' dir='ltr'>rep.</span> <span class='ocrx_word' id='word_1_230' title='bbox 1285 1296 1467 1342; x_wconf 73' lang='lat' dir='ltr'>(Horat.)</span> <span class='ocrx_word' id='word_1_231' title='bbox 1499 1302 1544 1335; x_wconf 76' lang='lat' dir='ltr'>ib.</span> 
     </span>
     <span class='ocr_line' id='line_1_24' title="bbox 66 1341 1546 1390; baseline 0 -14"><span class='ocrx_word' id='word_1_232' title='bbox 66 1341 125 1377; x_wconf 78' lang='grc'>44.</span> <span class='ocrx_word' id='word_1_233' title='bbox 148 1354 399 1387; x_wconf 83' lang='lat' dir='ltr'>ancoram,</span> <span class='ocrx_word' id='word_1_234' title='bbox 441 1344 470 1377; x_wconf 87' lang='lat' dir='ltr'>si</span> <span class='ocrx_word' id='word_1_235' title='bbox 495 1345 539 1377; x_wconf 91' lang='lat' dir='ltr'>de</span> <span class='ocrx_word' id='word_1_236' title='bbox 569 1353 689 1376; x_wconf 81' lang='lat' dir='ltr'>nave</span> <span class='ocrx_word' id='word_1_237' title='bbox 721 1342 909 1375; x_wconf 86' lang='lat' dir='ltr'>dicendum</span> <span class='ocrx_word' id='word_1_238' title='bbox 936 1346 1030 1375; x_wconf 87' lang='lat' dir='ltr'>esset</span> <span class='ocrx_word' id='word_1_239' title='bbox 1057 1345 1112 1381; x_wconf 55' lang='lat' dir='ltr'>(in</span> <span class='ocrx_word' id='word_1_240' title='bbox 1147 1350 1221 1376; x_wconf 67' lang='lat' dir='ltr'>arte</span> <span class='ocrx_word' id='word_1_241' title='bbox 1254 1344 1454 1388; x_wconf 81' lang='lat' dir='ltr'>memoriae)</span> <span class='ocrx_word' id='word_1_242' title='bbox 1490 1349 1546 1390; x_wconf 72' lang='grc'>11,</span> 
     </span>
     <span class='ocr_line' id='line_1_25' title="bbox 61 1387 1548 1434; baseline 0.003 -13"><span class='ocrx_word' id='word_1_243' title='bbox 61 1390 98 1428; x_wconf 88' lang='grc'>2,</span> <span class='ocrx_word' id='word_1_244' title='bbox 121 1390 177 1424; x_wconf 88' lang='grc'>29.</span> <span class='ocrx_word' id='word_1_245' title='bbox 199 1401 235 1423; x_wconf 89' lang='lat' dir='ltr'>n.</span> <span class='ocrx_word' id='word_1_246' title='bbox 262 1390 408 1434; x_wconf 82' lang='lat' dir='ltr'>piratica</span> <span class='ocrx_word' id='word_1_247' title='bbox 436 1393 470 1430; x_wconf 86' lang='grc'>2,</span> <span class='ocrx_word' id='word_1_248' title='bbox 497 1389 552 1431; x_wconf 84' lang='lat'>14,</span> <span class='ocrx_word' id='word_1_249' title='bbox 580 1391 634 1422; x_wconf 80' lang='lat'>13.</span> <span class='ocrx_word' id='word_1_250' title='bbox 663 1400 697 1421; x_wconf 92' lang='lat' dir='ltr'>n.</span> <span class='ocrx_word' id='word_1_251' title='bbox 723 1387 887 1421; x_wconf 73' lang='lat' dir='ltr'>Sacc-aria</span> <span class='ocrx_word' id='word_1_252' title='bbox 912 1388 945 1428; x_wconf 71' lang='lat'>8,</span> <span class='ocrx_word' id='word_1_253' title='bbox 972 1390 1004 1429; x_wconf 78' lang='grc'>2,</span> <span class='ocrx_word' id='word_1_254' title='bbox 1032 1389 1075 1421; x_wconf 87' lang='grc'>13</span> <span class='ocrx_word' id='word_1_255' title='bbox 1099 1389 1145 1425; x_wconf 89' lang='grc' dir='ltr'>Ν,</span> <span class='ocrx_word' id='word_1_256' title='bbox 1181 1394 1221 1429; x_wconf 79' lang='lat' dir='ltr'>nt</span> <span class='ocrx_word' id='word_1_257' title='bbox 1244 1387 1377 1423; x_wconf 85' lang='lat' dir='ltr'>intrare</span> <span class='ocrx_word' id='word_1_258' title='bbox 1405 1397 1548 1432; x_wconf 83' lang='lat' dir='ltr'>portum</span> 
     </span>
     <span class='ocr_line' id='line_1_26' title="bbox 63 1432 1548 1478; baseline 0 -11"><span class='ocrx_word' id='word_1_259' title='bbox 63 1434 180 1476; x_wconf 78' lang='lat' dir='ltr'>navis,</span> <span class='ocrx_word' id='word_1_260' title='bbox 195 1436 263 1478; x_wconf 76' lang='lat' dir='ltr'>nisi</span> <span class='ocrx_word' id='word_1_261' title='bbox 276 1436 414 1470; x_wconf 81' lang='lat' dir='ltr'>lenibus</span> <span class='ocrx_word' id='word_1_262' title='bbox 429 1435 547 1471; x_wconf 81' lang='lat' dir='ltr'>ventis</span> <span class='ocrx_word' id='word_1_263' title='bbox 569 1440 687 1477; x_wconf 77' lang='lat' dir='ltr'>vecta,</span> <span class='ocrx_word' id='word_1_264' title='bbox 711 1443 786 1467; x_wconf 87' lang='lat' dir='ltr'>non</span> <span class='ocrx_word' id='word_1_265' title='bbox 802 1432 914 1476; x_wconf 86' lang='lat' dir='ltr'>possit</span> <span class='ocrx_word' id='word_1_266' title='bbox 931 1435 986 1475; x_wconf 92' lang='lat'>10,</span> <span class='ocrx_word' id='word_1_267' title='bbox 1012 1436 1047 1475; x_wconf 93' lang='lat'>7,</span> <span class='ocrx_word' id='word_1_268' title='bbox 1077 1437 1093 1466; x_wconf 95' lang='lat'>1</span> <span class='ocrx_word' id='word_1_269' title='bbox 1116 1437 1158 1467; x_wconf 89' lang='lat' dir='ltr'>Z.</span> <span class='ocrx_word' id='word_1_270' title='bbox 1177 1447 1209 1468; x_wconf 88' lang='lat' dir='ltr'>v.</span> <span class='ocrx_word' id='word_1_271' title='bbox 1228 1435 1302 1468; x_wconf 84' lang='lat' dir='ltr'>Int</span> <span class='ocrx_word' id='word_1_272' title='bbox 1314 1446 1374 1470; x_wconf 89' lang='lat' dir='ltr'>ro.</span> <span class='ocrx_word' id='word_1_273' title='bbox 1401 1435 1548 1471; x_wconf 71' lang='lat' dir='ltr'>Cascel-</span> 
     </span>
     <span class='ocr_line' id='line_1_27' title="bbox 63 1479 1545 1527; baseline 0.003 -15"><span class='ocrx_word' id='word_1_274' title='bbox 63 1479 136 1521; x_wconf 85' lang='lat' dir='ltr'>lio,</span> <span class='ocrx_word' id='word_1_275' title='bbox 170 1481 231 1526; x_wconf 79' lang='lat' dir='ltr'>qui</span> <span class='ocrx_word' id='word_1_276' title='bbox 256 1483 484 1516; x_wconf 68' lang='lat' dir='ltr'><strong>consultatori</strong></span> <span class='ocrx_word' id='word_1_277' title='bbox 509 1480 669 1526; x_wconf 14' lang='lat' dir='ltr'>dicenti-,7-</span> <span class='ocrx_word' id='word_1_278' title='bbox 710 1481 844 1513; x_wconf 79' lang='lat' dir='ltr'>Navem</span> <span class='ocrx_word' id='word_1_279' title='bbox 878 1479 1040 1512; x_wconf 82' lang='lat' dir='ltr'>dividere</span> <span class='ocrx_word' id='word_1_280' title='bbox 1074 1481 1184 1522; x_wconf 82' lang='lat' dir='ltr'>volo,</span> <span class='ocrx_word' id='word_1_281' title='bbox 1221 1481 1374 1521; x_wconf 84' lang='lat' dir='ltr'>Perdes,</span> <span class='ocrx_word' id='word_1_282' title='bbox 1416 1482 1545 1527; x_wconf 84' lang='lat' dir='ltr'>inquit,</span> 
     </span>
     <span class='ocr_line' id='line_1_28' title="bbox 61 1525 1546 1574; baseline 0.002 -14"><span class='ocrx_word' id='word_1_283' title='bbox 61 1525 97 1567; x_wconf 82' lang='grc'>6,</span> <span class='ocrx_word' id='word_1_284' title='bbox 122 1528 157 1568; x_wconf 82' lang='lat'>3,</span> <span class='ocrx_word' id='word_1_285' title='bbox 181 1528 241 1562; x_wconf 54' lang='lat'>87&lt;</span> <span class='ocrx_word' id='word_1_286' title='bbox 282 1529 521 1574; x_wconf 84' lang='lat' dir='ltr'>gubernator,</span> <span class='ocrx_word' id='word_1_287' title='bbox 561 1526 621 1570; x_wconf 73' lang='lat' dir='ltr'>qui</span> <span class='ocrx_word' id='word_1_288' title='bbox 646 1537 794 1567; x_wconf 82' lang='lat' dir='ltr'>navem,</span> <span class='ocrx_word' id='word_1_289' title='bbox 829 1526 911 1557; x_wconf 86' lang='lat' dir='ltr'>dum</span> <span class='ocrx_word' id='word_1_290' title='bbox 939 1530 1079 1568; x_wconf 81' lang='lat' dir='ltr'>portum</span> <span class='ocrx_word' id='word_1_291' title='bbox 1104 1526 1303 1570; x_wconf 72' lang='lat' dir='ltr'>egreditur,</span> <span class='ocrx_word' id='word_1_292' title='bbox 1341 1527 1488 1574; x_wconf 79' lang='lat' dir='ltr'><strong>impegit</strong></span> <span class='ocrx_word' id='word_1_293' title='bbox 1510 1529 1546 1573; x_wconf 84' lang='lat'>4,</span> 
     </span>
     <span class='ocr_line' id='line_1_29' title="bbox 66 1570 1547 1618; baseline 0.003 -14"><span class='ocrx_word' id='word_1_294' title='bbox 66 1574 100 1615; x_wconf 79' lang='lat'>1,</span> <span class='ocrx_word' id='word_1_295' title='bbox 124 1573 181 1607; x_wconf 86' lang='lat'>61.</span> <span class='ocrx_word' id='word_1_296' title='bbox 205 1578 244 1606; x_wconf 91' lang='lat' dir='ltr'>ut</span> <span class='ocrx_word' id='word_1_297' title='bbox 267 1574 371 1607; x_wconf 82' lang='lat' dir='ltr'>etiam</span> <span class='ocrx_word' id='word_1_298' title='bbox 395 1584 527 1607; x_wconf 88' lang='lat' dir='ltr'>navem</span> <span class='ocrx_word' id='word_1_299' title='bbox 549 1573 728 1616; x_wconf 86' lang='lat' dir='ltr'>perforet,</span> <span class='ocrx_word' id='word_1_300' title='bbox 761 1571 798 1604; x_wconf 91' lang='lat' dir='ltr'>in</span> <span class='ocrx_word' id='word_1_301' title='bbox 825 1582 894 1615; x_wconf 86' lang='lat' dir='ltr'>qna</span> <span class='ocrx_word' id='word_1_302' title='bbox 916 1570 993 1614; x_wconf 84' lang='lat' dir='ltr'>ipse</span> <span class='ocrx_word' id='word_1_303' title='bbox 1020 1571 1164 1618; x_wconf 78' lang='lat' dir='ltr'>naviget</span> <span class='ocrx_word' id='word_1_304' title='bbox 1197 1573 1231 1612; x_wconf 88' lang='grc'>8,</span> <span class='ocrx_word' id='word_1_305' title='bbox 1258 1573 1292 1615; x_wconf 89' lang='grc'>6,</span> <span class='ocrx_word' id='word_1_306' title='bbox 1324 1571 1382 1607; x_wconf 78' lang='grc'>47.</span> <span class='ocrx_word' id='word_1_307' title='bbox 1416 1585 1547 1610; x_wconf 82' lang='lat' dir='ltr'>navem</span> 
     </span>
     <span class='ocr_line' id='line_1_30' title="bbox 66 1615 1546 1663; baseline 0.003 -13"><span class='ocrx_word' id='word_1_308' title='bbox 66 1617 161 1661; x_wconf 83' lang='lat' dir='ltr'>(Sp.</span> <span class='ocrx_word' id='word_1_309' title='bbox 188 1619 332 1662; x_wconf 84' lang='lat' dir='ltr'>navim)</span> <span class='ocrx_word' id='word_1_310' title='bbox 357 1618 526 1662; x_wconf 77' lang='lat' dir='ltr'>prospexi</span> <span class='ocrx_word' id='word_1_311' title='bbox 555 1617 591 1660; x_wconf 91' lang='lat'>4,</span> <span class='ocrx_word' id='word_1_312' title='bbox 623 1620 659 1660; x_wconf 89' lang='grc'>2,</span> <span class='ocrx_word' id='word_1_313' title='bbox 693 1615 737 1649; x_wconf 83' lang='grc'>41</span> <span class='ocrx_word' id='word_1_314' title='bbox 774 1620 814 1650; x_wconf 91' lang='grc' dir='ltr'>Ζ.</span> <span class='ocrx_word' id='word_1_315' title='bbox 863 1616 1025 1661; x_wconf 71' lang='lat' dir='ltr'>quamvis</span> <span class='ocrx_word' id='word_1_316' title='bbox 1060 1622 1158 1650; x_wconf 83' lang='lat' dir='ltr'>tanta</span> <span class='ocrx_word' id='word_1_317' title='bbox 1187 1623 1256 1663; x_wconf 83' lang='lat' dir='ltr'>atq.</span> <span class='ocrx_word' id='word_1_318' title='bbox 1292 1618 1339 1651; x_wconf 87' lang='lat' dir='ltr'>ita</span> <span class='ocrx_word' id='word_1_319' title='bbox 1373 1619 1546 1655; x_wconf 81' lang='lat' dir='ltr'>instructa</span> 
     </span>
     <span class='ocr_line' id='line_1_31' title="bbox 64 1661 1550 1709; baseline 0.003 -14"><span class='ocrx_word' id='word_1_320' title='bbox 64 1673 158 1698; x_wconf 81' lang='lat' dir='ltr'>nave</span> <span class='ocrx_word' id='word_1_321' title='bbox 181 1665 251 1698; x_wconf 92' lang='lat' dir='ltr'>hoc</span> <span class='ocrx_word' id='word_1_322' title='bbox 272 1676 367 1698; x_wconf 86' lang='lat' dir='ltr'>mare</span> <span class='ocrx_word' id='word_1_323' title='bbox 396 1665 576 1698; x_wconf 67' lang='lat' dir='ltr'>incressns</span> <span class='ocrx_word' id='word_1_324' title='bbox 602 1665 656 1705; x_wconf 85' lang='lat'>12,</span> <span class='ocrx_word' id='word_1_325' title='bbox 679 1663 736 1695; x_wconf 85' lang='lat' dir='ltr'>Pr.</span> <span class='ocrx_word' id='word_1_326' title='bbox 763 1661 797 1695; x_wconf 84' lang='lat'>4.</span> <span class='ocrx_word' id='word_1_327' title='bbox 825 1661 863 1695; x_wconf 90' lang='lat' dir='ltr'>in</span> <span class='ocrx_word' id='word_1_328' title='bbox 896 1668 1035 1704; x_wconf 77' lang='lat' dir='ltr'>portum</span> <span class='ocrx_word' id='word_1_329' title='bbox 1068 1662 1207 1709; x_wconf 83' lang='lat' dir='ltr'>integra</span> <span class='ocrx_word' id='word_1_330' title='bbox 1239 1675 1333 1699; x_wconf 78' lang='lat' dir='ltr'>nave</span> <span class='ocrx_word' id='word_1_331' title='bbox 1363 1666 1550 1709; x_wconf 75' lang='lat' dir='ltr'>perveniet</span> 
     </span>
    </p>
   </div>
   <div class='ocr_carea' id='block_1_6' title="bbox 65 1694 1164 1757">
    <p class='ocr_par' dir='ltr' id='par_1_14' title="bbox 65 1694 1164 1757">
     <span class='ocr_line' id='line_1_32' title="bbox 65 1694 1164 1757; baseline -0.002 -15"><span class='ocrx_word' id='word_1_332' title='bbox 65 1710 122 1751; x_wconf 88' lang='grc'>12,</span> <span class='ocrx_word' id='word_1_333' title='bbox 141 1712 206 1757; x_wconf 16' lang='grc'>711,</span> <span class='ocrx_word' id='word_1_334' title='bbox 230 1709 265 1743; x_wconf 83' lang='lat'>4.</span> <span class='ocrx_word' id='word_1_335' title='bbox 287 1712 387 1744; x_wconf 78' lang='lat' dir='ltr'>salva</span> <span class='ocrx_word' id='word_1_336' title='bbox 410 1694 504 1744; x_wconf 49' lang='lat' dir='ltr'>nave</span> <span class='ocrx_word' id='word_1_337' title='bbox 525 1709 563 1742; x_wconf 90' lang='lat' dir='ltr'>in</span> <span class='ocrx_word' id='word_1_338' title='bbox 592 1713 732 1752; x_wconf 80' lang='lat' dir='ltr'>portum</span> <span class='ocrx_word' id='word_1_339' title='bbox 755 1707 944 1751; x_wconf 74' lang='lat' dir='ltr'>pervenire</span> <span class='ocrx_word' id='word_1_340' title='bbox 968 1710 1002 1750; x_wconf 91' lang='grc'>2,</span> <span class='ocrx_word' id='word_1_341' title='bbox 1028 1709 1083 1750; x_wconf 92' lang='grc'>17,</span> <span class='ocrx_word' id='word_1_342' title='bbox 1107 1708 1164 1741; x_wconf 82' lang='grc'>24.</span> 
     </span>
    </p>
   </div>
   <div class='ocr_carea' id='block_1_7' title="bbox 20 1759 1551 2136">
    <p class='ocr_par' dir='ltr' id='par_1_15' title="bbox 20 1759 1551 2136">
     <span class='ocr_line' id='line_1_33' title="bbox 20 1759 1548 1821; baseline 0.006 -18"><span class='ocrx_word' id='word_1_343' title='bbox 20 1759 100 1804; x_wconf 60' lang='lat' dir='ltr'>Nc·</span> <span class='ocrx_word' id='word_1_344' title='bbox 140 1786 193 1809; x_wconf 85' lang='lat' dir='ltr'>ne</span> <span class='ocrx_word' id='word_1_345' title='bbox 223 1787 264 1809; x_wconf 82' lang='lat' dir='ltr'>ac</span> <span class='ocrx_word' id='word_1_346' title='bbox 299 1786 388 1810; x_wconf 87' lang='lat' dir='ltr'>non</span> <span class='ocrx_word' id='word_1_347' title='bbox 419 1767 610 1811; x_wconf 75' lang='lat' dir='ltr'>adve&#39;rbia:</span> <span class='ocrx_word' id='word_1_348' title='bbox 654 1774 715 1818; x_wconf 82' lang='lat' dir='ltr'>qni</span> <span class='ocrx_word' id='word_1_349' title='bbox 749 1780 867 1808; x_wconf 87' lang='lat' dir='ltr'>tamen</span> <span class='ocrx_word' id='word_1_350' title='bbox 906 1773 999 1808; x_wconf 86' lang='lat' dir='ltr'>dicat</span> <span class='ocrx_word' id='word_1_351' title='bbox 1031 1785 1097 1818; x_wconf 90' lang='lat' dir='ltr'>pro</span> <span class='ocrx_word' id='word_1_352' title='bbox 1126 1775 1212 1818; x_wconf 91' lang='lat' dir='ltr'>illo,</span> <span class='ocrx_word' id='word_1_353' title='bbox 1245 1775 1309 1808; x_wconf 88' lang='lat' dir='ltr'>Ne</span> <span class='ocrx_word' id='word_1_354' title='bbox 1339 1775 1548 1821; x_wconf 84' lang='lat' dir='ltr'>feceris,</span> 
     </span>
     <span class='ocr_line' id='line_1_34' title="bbox 68 1819 1547 1867; baseline 0.001 -13"><span class='ocrx_word' id='word_1_355' title='bbox 68 1820 165 1854; x_wconf 84' lang='lat' dir='ltr'>Non</span> <span class='ocrx_word' id='word_1_356' title='bbox 189 1821 394 1863; x_wconf 71' lang='lat' dir='ltr'>feceris,</span> <span class='ocrx_word' id='word_1_357' title='bbox 425 1822 462 1855; x_wconf 91' lang='lat' dir='ltr'>in</span> <span class='ocrx_word' id='word_1_358' title='bbox 487 1823 581 1854; x_wconf 87' lang='lat' dir='ltr'>idem</span> <span class='ocrx_word' id='word_1_359' title='bbox 602 1820 736 1854; x_wconf 83' lang='lat' dir='ltr'>incidat</span> <span class='ocrx_word' id='word_1_360' title='bbox 765 1820 891 1855; x_wconf 80' lang='lat' dir='ltr'>vitium</span> <span class='ocrx_word' id='word_1_361' title='bbox 929 1819 979 1860; x_wconf 85' lang='lat' dir='ltr'>(i.</span> <span class='ocrx_word' id='word_1_362' title='bbox 1012 1833 1039 1853; x_wconf 83' lang='lat' dir='ltr'>e.</span> <span class='ocrx_word' id='word_1_363' title='bbox 1071 1823 1428 1864; x_wconf 80' lang='lat' dir='ltr'>soloecismum),</span> <span class='ocrx_word' id='word_1_364' title='bbox 1463 1825 1547 1867; x_wconf 86' lang='lat' dir='ltr'>quia</span> 
     </span>
     <span class='ocr_line' id='line_1_35' title="bbox 67 1865 1550 1910; baseline 0.003 -11"><span class='ocrx_word' id='word_1_365' title='bbox 67 1870 216 1899; x_wconf 68' lang='lat' dir='ltr'>atterum</span> <span class='ocrx_word' id='word_1_366' title='bbox 238 1867 389 1910; x_wconf 83' lang='lat' dir='ltr'>negandi</span> <span class='ocrx_word' id='word_1_367' title='bbox 417 1874 494 1907; x_wconf 87' lang='lat' dir='ltr'>est,</span> <span class='ocrx_word' id='word_1_368' title='bbox 528 1868 675 1900; x_wconf 83' lang='lat' dir='ltr'>alterum</span> <span class='ocrx_word' id='word_1_369' title='bbox 698 1866 843 1900; x_wconf 78' lang='lat' dir='ltr'>vetandi</span> <span class='ocrx_word' id='word_1_370' title='bbox 868 1869 902 1907; x_wconf 87' lang='lat'>1,</span> <span class='ocrx_word' id='word_1_371' title='bbox 924 1867 956 1907; x_wconf 87' lang='lat'>5,</span> <span class='ocrx_word' id='word_1_372' title='bbox 985 1866 1041 1900; x_wconf 85' lang='lat'>50.</span> <span class='ocrx_word' id='word_1_373' title='bbox 1089 1878 1112 1898; x_wconf 88' lang='grc' dir='ltr'><strong>α</strong></span> <span class='ocrx_word' id='word_1_374' title='bbox 1156 1877 1203 1900; x_wconf 88' lang='lat' dir='ltr'>ne</span> <span class='ocrx_word' id='word_1_375' title='bbox 1227 1865 1356 1899; x_wconf 77' lang='lat' dir='ltr'>diutius</span> <span class='ocrx_word' id='word_1_376' title='bbox 1380 1868 1550 1903; x_wconf 81' lang='lat' dir='ltr'>disseram</span> 
     </span>
     <span class='ocr_line' id='line_1_36' title="bbox 67 1911 1549 1957; baseline 0.001 -12"><span class='ocrx_word' id='word_1_377' title='bbox 67 1914 103 1954; x_wconf 77' lang='lat'>2,</span> <span class='ocrx_word' id='word_1_378' title='bbox 133 1914 166 1954; x_wconf 88' lang='lat'>1,</span> <span class='ocrx_word' id='word_1_379' title='bbox 193 1914 227 1945; x_wconf 90' lang='lat'>7.</span> <span class='ocrx_word' id='word_1_380' title='bbox 272 1921 322 1944; x_wconf 81' lang='lat' dir='ltr'>ex</span> <span class='ocrx_word' id='word_1_381' title='bbox 347 1913 451 1944; x_wconf 86' lang='lat' dir='ltr'>domo</span> <span class='ocrx_word' id='word_1_382' title='bbox 478 1911 515 1944; x_wconf 88' lang='lat' dir='ltr'>in</span> <span class='ocrx_word' id='word_1_383' title='bbox 542 1912 597 1953; x_wconf 85' lang='lat' dir='ltr'>jus</span> <span class='ocrx_word' id='word_1_384' title='bbox 625 1913 776 1944; x_wconf 78' lang='lat' dir='ltr'>educere</span> <span class='ocrx_word' id='word_1_385' title='bbox 801 1922 855 1944; x_wconf 89' lang='lat' dir='ltr'>ne</span> <span class='ocrx_word' id='word_1_386' title='bbox 878 1911 982 1943; x_wconf 83' lang='lat' dir='ltr'>liceat</span> <span class='ocrx_word' id='word_1_387' title='bbox 1015 1914 1049 1951; x_wconf 91' lang='lat'>7,</span> <span class='ocrx_word' id='word_1_388' title='bbox 1080 1912 1115 1953; x_wconf 89' lang='grc'>8,</span> <span class='ocrx_word' id='word_1_389' title='bbox 1149 1912 1183 1945; x_wconf 91' lang='grc'>6.</span> <span class='ocrx_word' id='word_1_390' title='bbox 1230 1923 1284 1945; x_wconf 85' lang='lat' dir='ltr'>ne</span> <span class='ocrx_word' id='word_1_391' title='bbox 1309 1914 1549 1957; x_wconf 78' lang='lat' dir='ltr'>qnisquam</span> 
     </span>
     <span class='ocr_line' id='line_1_37' title="bbox 69 1956 1551 2002; baseline 0.001 -13"><span class='ocrx_word' id='word_1_392' title='bbox 69 1963 236 2000; x_wconf 77' lang='lat' dir='ltr'>queratur</span> <span class='ocrx_word' id='word_1_393' title='bbox 259 1958 312 1998; x_wconf 89' lang='grc'>10,</span> <span class='ocrx_word' id='word_1_394' title='bbox 339 1959 372 1999; x_wconf 90' lang='grc'>1,</span> <span class='ocrx_word' id='word_1_395' title='bbox 395 1956 452 1998; x_wconf 84' lang='lat'>45,</span> <span class='ocrx_word' id='word_1_396' title='bbox 499 1957 553 1989; x_wconf 89' lang='lat' dir='ltr'>Ne</span> <span class='ocrx_word' id='word_1_397' title='bbox 582 1958 627 1998; x_wconf 82' lang='lat' dir='ltr'>(a.</span> <span class='ocrx_word' id='word_1_398' title='bbox 645 1960 666 1989; x_wconf 83' lang='lat' dir='ltr'>l.</span> <span class='ocrx_word' id='word_1_399' title='bbox 687 1956 797 1998; x_wconf 87' lang='lat' dir='ltr'>Nec),</span> <span class='ocrx_word' id='word_1_400' title='bbox 837 1957 894 1989; x_wconf 90' lang='lat' dir='ltr'>cui</span> <span class='ocrx_word' id='word_1_401' title='bbox 910 1962 1016 1989; x_wconf 71' lang='lat' dir='ltr'>tenue</span> <span class='ocrx_word' id='word_1_402' title='bbox 1043 1957 1224 2002; x_wconf 81' lang='lat' dir='ltr'>ingenium</span> <span class='ocrx_word' id='word_1_403' title='bbox 1235 1957 1311 1993; x_wconf 80' lang='lat' dir='ltr'>erit.</span> <span class='ocrx_word' id='word_1_404' title='bbox 1344 1959 1421 1991; x_wconf 74' lang='lat' dir='ltr'>sola</span> <span class='ocrx_word' id='word_1_405' title='bbox 1462 1961 1551 1995; x_wconf 80' lang='lat' dir='ltr'>velit</span> 
     </span>
     <span class='ocr_line' id='line_1_38' title="bbox 67 2000 1548 2047; baseline 0.001 -11"><span class='ocrx_word' id='word_1_406' title='bbox 67 2003 176 2036; x_wconf 76' lang='lat' dir='ltr'>fortia</span> <span class='ocrx_word' id='word_1_407' title='bbox 211 2004 265 2039; x_wconf 84' lang='lat'>10.</span> <span class='ocrx_word' id='word_1_408' title='bbox 299 2005 333 2042; x_wconf 75' lang='lat'>2,</span> <span class='ocrx_word' id='word_1_409' title='bbox 377 2003 430 2036; x_wconf 87' lang='lat'>19.</span> <span class='ocrx_word' id='word_1_410' title='bbox 487 2001 523 2034; x_wconf 86' lang='lat' dir='ltr'>in</span> <span class='ocrx_word' id='word_1_411' title='bbox 556 2001 679 2044; x_wconf 83' lang='lat' dir='ltr'>primis</span> <span class='ocrx_word' id='word_1_412' title='bbox 711 2012 755 2033; x_wconf 88' lang='lat' dir='ltr'>ne</span> <span class='ocrx_word' id='word_1_413' title='bbox 789 2000 858 2033; x_wconf 79' lang='lat' dir='ltr'>sint</span> <span class='ocrx_word' id='word_1_414' title='bbox 894 2002 1102 2034; x_wconf 75' lang='lat' dir='ltr'>manifestae</span> <span class='ocrx_word' id='word_1_415' title='bbox 1138 2002 1320 2044; x_wconf 76' lang='lat' dir='ltr'>(figurae)</span> <span class='ocrx_word' id='word_1_416' title='bbox 1351 2005 1388 2045; x_wconf 70' lang='lat'>9,</span> <span class='ocrx_word' id='word_1_417' title='bbox 1422 2007 1456 2047; x_wconf 89' lang='grc'>2,</span> <span class='ocrx_word' id='word_1_418' title='bbox 1489 2007 1548 2042; x_wconf 78' lang='grc'>69,</span> 
     </span>
     <span class='ocr_line' id='line_1_39' title="bbox 70 2044 1550 2094; baseline -0.001 -13"><span class='ocrx_word' id='word_1_419' title='bbox 70 2059 218 2092; x_wconf 81' lang='lat' dir='ltr'>qnorum</span> <span class='ocrx_word' id='word_1_420' title='bbox 246 2058 290 2080; x_wconf 85' lang='lat' dir='ltr'>ne</span> <span class='ocrx_word' id='word_1_421' title='bbox 316 2046 434 2089; x_wconf 80' lang='lat' dir='ltr'>jejuna</span> <span class='ocrx_word' id='word_1_422' title='bbox 456 2046 597 2079; x_wconf 79' lang='lat' dir='ltr'>traditio</span> <span class='ocrx_word' id='word_1_423' title='bbox 626 2051 803 2079; x_wconf 80' lang='lat' dir='ltr'>averteret</span> <span class='ocrx_word' id='word_1_424' title='bbox 830 2044 965 2079; x_wconf 87' lang='lat' dir='ltr'>animos</span> <span class='ocrx_word' id='word_1_425' title='bbox 989 2049 1023 2088; x_wconf 80' lang='lat'>3,</span> <span class='ocrx_word' id='word_1_426' title='bbox 1054 2050 1087 2088; x_wconf 88' lang='lat'>1,</span> <span class='ocrx_word' id='word_1_427' title='bbox 1122 2049 1154 2080; x_wconf 84' lang='lat'>3.</span> <span class='ocrx_word' id='word_1_428' title='bbox 1200 2058 1252 2080; x_wconf 90' lang='lat' dir='ltr'>ne</span> <span class='ocrx_word' id='word_1_429' title='bbox 1278 2053 1428 2082; x_wconf 87' lang='lat' dir='ltr'>tamen</span> <span class='ocrx_word' id='word_1_430' title='bbox 1455 2051 1550 2094; x_wconf 80' lang='lat' dir='ltr'>judi..</span> 
     </span>
     <span class='ocr_line' id='line_1_40' title="bbox 69 2090 1550 2136; baseline 0.001 -9"><span class='ocrx_word' id='word_1_431' title='bbox 69 2094 163 2128; x_wconf 88' lang='lat' dir='ltr'>cium</span> <span class='ocrx_word' id='word_1_432' title='bbox 187 2092 298 2126; x_wconf 84' lang='lat' dir='ltr'>Marsi</span> <span class='ocrx_word' id='word_1_433' title='bbox 323 2092 523 2127; x_wconf 70' lang='lat' dir='ltr'>subtraham</span> <span class='ocrx_word' id='word_1_434' title='bbox 547 2092 580 2133; x_wconf 83' lang='lat'>6,</span> <span class='ocrx_word' id='word_1_435' title='bbox 612 2093 646 2133; x_wconf 91' lang='grc'>3,</span> <span class='ocrx_word' id='word_1_436' title='bbox 671 2092 749 2124; x_wconf 89' lang='grc'>108.</span> <span class='ocrx_word' id='word_1_437' title='bbox 774 2102 796 2123; x_wconf 87' lang='lat' dir='ltr'>n</span> <span class='ocrx_word' id='word_1_438' title='bbox 811 2102 831 2124; x_wconf 91' lang='lat' dir='ltr'>e</span> <span class='ocrx_word' id='word_1_439' title='bbox 852 2090 958 2134; x_wconf 85' lang='lat' dir='ltr'>quis</span> <span class='ocrx_word' id='word_1_440' title='bbox 991 2097 1140 2125; x_wconf 80' lang='lat' dir='ltr'>autem</span> <span class='ocrx_word' id='word_1_441' title='bbox 1169 2092 1254 2125; x_wconf 81' lang='lat' dir='ltr'>mihi</span> <span class='ocrx_word' id='word_1_442' title='bbox 1287 2099 1386 2136; x_wconf 85' lang='lat' dir='ltr'>putet</span> <span class='ocrx_word' id='word_1_443' title='bbox 1416 2100 1550 2132; x_wconf 79' lang='lat' dir='ltr'>temere</span> 
     </span>
    </p>
   </div>
   <div class='ocr_carea' id='block_1_8' title="bbox 15 2135 1551 2181">
    <p class='ocr_par' dir='ltr' id='par_1_16' title="bbox 15 2135 1551 2181">
     <span class='ocr_line' id='line_1_41' title="bbox 15 2135 1551 2181; baseline -0.001 -8"><span class='ocrx_word' id='word_1_444' title='bbox 15 2145 21 2150; x_wconf 90' lang='grc'><em>“</em></span> <span class='ocrx_word' id='word_1_445' title='bbox 70 2140 260 2178; x_wconf 82' lang='lat' dir='ltr'>excidisse,</span> <span class='ocrx_word' id='word_1_446' title='bbox 291 2139 384 2181; x_wconf 87' lang='lat' dir='ltr'>quod</span> <span class='ocrx_word' id='word_1_447' title='bbox 408 2139 616 2180; x_wconf 82' lang='lat' dir='ltr'>plerumque</span> <span class='ocrx_word' id='word_1_448' title='bbox 654 2137 803 2169; x_wconf 87' lang='lat' dir='ltr'>duorum</span> <span class='ocrx_word' id='word_1_449' title='bbox 836 2135 970 2169; x_wconf 83' lang='lat' dir='ltr'>crimen</span> <span class='ocrx_word' id='word_1_450' title='bbox 1000 2147 1080 2170; x_wconf 90' lang='lat' dir='ltr'>esse</span> <span class='ocrx_word' id='word_1_451' title='bbox 1110 2137 1330 2181; x_wconf 67' lang='lat' dir='ltr'>adulterium,</span> <span class='ocrx_word' id='word_1_452' title='bbox 1355 2150 1426 2173; x_wconf 85' lang='lat' dir='ltr'>non</span> <span class='ocrx_word' id='word_1_453' title='bbox 1455 2153 1551 2176; x_wconf 86' lang='lat' dir='ltr'>sem-</span> 
     </span>
    </p>
   </div>
   <div class='ocr_carea' id='block_1_9' title="bbox 36 2181 1552 2734">
    <p class='ocr_par' dir='ltr' id='par_1_17' title="bbox 36 2181 1552 2734">
     <span class='ocr_line' id='line_1_42' title="bbox 68 2181 1550 2230; baseline -0.002 -13"><span class='ocrx_word' id='word_1_454' title='bbox 68 2196 145 2230; x_wconf 83' lang='lat' dir='ltr'>per,</span> <span class='ocrx_word' id='word_1_455' title='bbox 171 2182 343 2217; x_wconf 83' lang='lat' dir='ltr'>dixerim:</span> <span class='ocrx_word' id='word_1_456' title='bbox 371 2188 483 2226; x_wconf 81' lang='lat' dir='ltr'>potest</span> <span class='ocrx_word' id='word_1_457' title='bbox 508 2181 665 2216; x_wconf 87' lang='lat' dir='ltr'>accusari</span> <span class='ocrx_word' id='word_1_458' title='bbox 690 2183 763 2214; x_wconf 86' lang='lat' dir='ltr'>sola</span> <span class='ocrx_word' id='word_1_459' title='bbox 787 2181 913 2215; x_wconf 87' lang='lat' dir='ltr'>mulier</span> <span class='ocrx_word' id='word_1_460' title='bbox 935 2181 1063 2216; x_wconf 84' lang='lat' dir='ltr'>incerti</span> <span class='ocrx_word' id='word_1_461' title='bbox 1088 2183 1251 2216; x_wconf 85' lang='lat' dir='ltr'>adulterii</span> <span class='ocrx_word' id='word_1_462' title='bbox 1273 2187 1307 2225; x_wconf 95' lang='lat'>7,</span> <span class='ocrx_word' id='word_1_463' title='bbox 1332 2188 1365 2226; x_wconf 82' lang='lat'>2,</span> <span class='ocrx_word' id='word_1_464' title='bbox 1391 2187 1466 2220; x_wconf 51' lang='grc' dir='ltr'>52.ν</span> <span class='ocrx_word' id='word_1_465' title='bbox 1503 2200 1550 2223; x_wconf 69' lang='lat' dir='ltr'>„e</span> 
     </span>
     <span class='ocr_line' id='line_1_43' title="bbox 70 2227 1552 2269; baseline -0.003 -6"><span class='ocrx_word' id='word_1_466' title='bbox 70 2230 194 2265; x_wconf 82' lang='lat' dir='ltr'>nihil</span> <span class='ocrx_word' id='word_1_467' title='bbox 218 2229 421 2262; x_wconf 83' lang='lat' dir='ltr'>detrahatur</span> <span class='ocrx_word' id='word_1_468' title='bbox 445 2231 500 2262; x_wconf 88' lang='grc'>12.</span> <span class='ocrx_word' id='word_1_469' title='bbox 528 2230 582 2269; x_wconf 91' lang='grc'>10,</span> <span class='ocrx_word' id='word_1_470' title='bbox 607 2230 640 2261; x_wconf 94' lang='lat'>7.</span> <span class='ocrx_word' id='word_1_471' title='bbox 668 2237 741 2260; x_wconf 89' lang='lat' dir='ltr'>non</span> <span class='ocrx_word' id='word_1_472' title='bbox 765 2229 892 2268; x_wconf 78' lang='lat' dir='ltr'>solum,</span> <span class='ocrx_word' id='word_1_473' title='bbox 919 2237 973 2260; x_wconf 89' lang='lat' dir='ltr'>ne</span> <span class='ocrx_word' id='word_1_474' title='bbox 1002 2227 1159 2260; x_wconf 85' lang='lat' dir='ltr'>dicamus</span> <span class='ocrx_word' id='word_1_475' title='bbox 1182 2229 1300 2262; x_wconf 85' lang='lat' dir='ltr'>omnia</span> <span class='ocrx_word' id='word_1_476' title='bbox 1327 2227 1552 2266; x_wconf 52' lang='lat' dir='ltr'>clamose*-</span> 
     </span>
     <span class='ocr_line' id='line_1_44' title="bbox 69 2272 1550 2323; baseline 0.003 -14"><span class='ocrx_word' id='word_1_477' title='bbox 69 2277 134 2312; x_wconf 81' lang='lat' dir='ltr'>sed</span> <span class='ocrx_word' id='word_1_478' title='bbox 158 2280 206 2308; x_wconf 87' lang='lat' dir='ltr'>ut</span> <span class='ocrx_word' id='word_1_479' title='bbox 231 2282 291 2307; x_wconf 72' lang='lat' dir='ltr'>etc.</span> <span class='ocrx_word' id='word_1_480' title='bbox 320 2276 373 2316; x_wconf 86' lang='lat'>11,</span> <span class='ocrx_word' id='word_1_481' title='bbox 401 2276 432 2313; x_wconf 80' lang='lat'>3,</span> <span class='ocrx_word' id='word_1_482' title='bbox 456 2272 524 2314; x_wconf 77' lang='lat'>453</span> <span class='ocrx_word' id='word_1_483' title='bbox 559 2274 788 2315; x_wconf 81' lang='lat' dir='ltr'>ponendo.-</span> <span class='ocrx_word' id='word_1_484' title='bbox 825 2273 878 2306; x_wconf 81' lang='lat' dir='ltr'>Ne</span> <span class='ocrx_word' id='word_1_485' title='bbox 904 2273 962 2315; x_wconf 82' lang='lat' dir='ltr'>qui</span> <span class='ocrx_word' id='word_1_486' title='bbox 989 2273 1083 2315; x_wconf 80' lang='lat' dir='ltr'>(Sp.</span> <span class='ocrx_word' id='word_1_487' title='bbox 1115 2274 1300 2317; x_wconf 80' lang='lat' dir='ltr'>Nequeas)</span> <span class='ocrx_word' id='word_1_488' title='bbox 1334 2277 1418 2310; x_wconf 83' lang='lat' dir='ltr'>satis</span> <span class='ocrx_word' id='word_1_489' title='bbox 1441 2278 1550 2323; x_wconf 84' lang='lat' dir='ltr'>forte,</span> 
     </span>
     <span class='ocr_line' id='line_1_45' title="bbox 69 2317 1552 2366; baseline 0.002 -11"><span class='ocrx_word' id='word_1_490' title='bbox 69 2319 153 2366; x_wconf 86' lang='lat' dir='ltr'>quid</span> <span class='ocrx_word' id='word_1_491' title='bbox 177 2330 340 2354; x_wconf 83' lang='lat' dir='ltr'>severum</span> <span class='ocrx_word' id='word_1_492' title='bbox 365 2326 425 2352; x_wconf 81' lang='lat' dir='ltr'>eto.</span> <span class='ocrx_word' id='word_1_493' title='bbox 452 2319 507 2359; x_wconf 88' lang='lat' dir='ltr'>sit,</span> <span class='ocrx_word' id='word_1_494' title='bbox 530 2317 728 2364; x_wconf 72' lang='lat' dir='ltr'>intelligant</span> <span class='ocrx_word' id='word_1_495' title='bbox 751 2319 872 2359; x_wconf 77' lang='lat' dir='ltr'>(Codcl.</span> <span class='ocrx_word' id='word_1_496' title='bbox 895 2317 1129 2363; x_wconf 63' lang='lat' dir='ltr'>intelligam:</span> <span class='ocrx_word' id='word_1_497' title='bbox 1157 2319 1292 2353; x_wconf 61' lang='lat' dir='ltr'>facient</span> <span class='ocrx_word' id='word_1_498' title='bbox 1315 2319 1354 2363; x_wconf 80' lang='lat' dir='ltr'>(S</span> <span class='ocrx_word' id='word_1_499' title='bbox 1365 2335 1398 2364; x_wconf 89' lang='lat' dir='ltr'>p.</span> <span class='ocrx_word' id='word_1_500' title='bbox 1423 2323 1552 2366; x_wconf 80' lang='lat' dir='ltr'>facias)</span> 
     </span>
     <span class='ocr_line' id='line_1_46' title="bbox 71 2364 1551 2411; baseline 0.002 -12"><span class='ocrx_word' id='word_1_501' title='bbox 71 2367 213 2411; x_wconf 83' lang='lat' dir='ltr'>quidem</span> <span class='ocrx_word' id='word_1_502' title='bbox 238 2371 362 2398; x_wconf 77' lang='lat' dir='ltr'>natura</span> <span class='ocrx_word' id='word_1_503' title='bbox 385 2366 474 2398; x_wconf 88' lang='lat' dir='ltr'>duce</span> <span class='ocrx_word' id='word_1_504' title='bbox 498 2365 622 2397; x_wconf 84' lang='lat' dir='ltr'>melius</span> <span class='ocrx_word' id='word_1_505' title='bbox 651 2375 754 2407; x_wconf 77' lang='lat' dir='ltr'>quam</span> <span class='ocrx_word' id='word_1_506' title='bbox 777 2369 868 2405; x_wconf 69' lang='lat' dir='ltr'>arte,</span> <span class='ocrx_word' id='word_1_507' title='bbox 906 2365 968 2396; x_wconf 87' lang='lat' dir='ltr'>sed</span> <span class='ocrx_word' id='word_1_508' title='bbox 993 2370 1140 2398; x_wconf 83' lang='lat' dir='ltr'>naturae</span> <span class='ocrx_word' id='word_1_509' title='bbox 1163 2364 1231 2407; x_wconf 81' lang='lat' dir='ltr'>ipsi</span> <span class='ocrx_word' id='word_1_510' title='bbox 1270 2377 1326 2399; x_wconf 88' lang='lat' dir='ltr'>ars</span> <span class='ocrx_word' id='word_1_511' title='bbox 1359 2367 1466 2403; x_wconf 82' lang='lat' dir='ltr'>inerit</span> <span class='ocrx_word' id='word_1_512' title='bbox 1493 2374 1551 2410; x_wconf 74' lang='lat' dir='ltr'>(sic</span> 
     </span>
     <span class='ocr_line' id='line_1_47' title="bbox 72 2408 1548 2455; baseline 0.003 -10"><span class='ocrx_word' id='word_1_513' title='bbox 72 2414 137 2445; x_wconf 73' lang='lat' dir='ltr'>levi</span> <span class='ocrx_word' id='word_1_514' title='bbox 161 2413 339 2443; x_wconf 65' lang='lat' dir='ltr'>mutatione</span> <span class='ocrx_word' id='word_1_515' title='bbox 365 2414 407 2444; x_wconf 88' lang='lat' dir='ltr'>Z.</span> <span class='ocrx_word' id='word_1_516' title='bbox 432 2422 474 2442; x_wconf 83' lang='lat' dir='ltr'>ex</span> <span class='ocrx_word' id='word_1_517' title='bbox 498 2412 608 2442; x_wconf 82' lang='lat' dir='ltr'>Amb.</span> <span class='ocrx_word' id='word_1_518' title='bbox 638 2413 690 2445; x_wconf 79' lang='lat'>1.)</span> <span class='ocrx_word' id='word_1_519' title='bbox 715 2410 749 2451; x_wconf 88' lang='lat'>9,</span> <span class='ocrx_word' id='word_1_520' title='bbox 779 2408 814 2447; x_wconf 83' lang='grc'>4,</span> <span class='ocrx_word' id='word_1_521' title='bbox 843 2411 911 2442; x_wconf 80' lang='lat'>120</span> <span class='ocrx_word' id='word_1_522' title='bbox 935 2410 979 2442; x_wconf 87' lang='lat' dir='ltr'>N.</span> <span class='ocrx_word' id='word_1_523' title='bbox 1015 2421 1060 2442; x_wconf 86' lang='lat' dir='ltr'>cr.</span> <span class='ocrx_word' id='word_1_524' title='bbox 1095 2417 1125 2443; x_wconf 77' lang='lat' dir='ltr'>ei</span> <span class='ocrx_word' id='word_1_525' title='bbox 1161 2412 1197 2446; x_wconf 81' lang='lat' dir='ltr'>S.</span> <span class='ocrx_word' id='word_1_526' title='bbox 1244 2411 1280 2454; x_wconf 81' lang='grc' dir='ltr'>β)</span> <span class='ocrx_word' id='word_1_527' title='bbox 1304 2421 1377 2455; x_wconf 75' lang='lat' dir='ltr'>posi</span> <span class='ocrx_word' id='word_1_528' title='bbox 1413 2417 1548 2451; x_wconf 81' lang='lat' dir='ltr'>Verba.-</span> 
     </span>
     <span class='ocr_line' id='line_1_48' title="bbox 69 2453 1550 2504; baseline 0.001 -13"><span class='ocrx_word' id='word_1_529' title='bbox 69 2459 186 2503; x_wconf 79' lang='lat' dir='ltr'>legem</span> <span class='ocrx_word' id='word_1_530' title='bbox 210 2455 312 2495; x_wconf 86' lang='lat' dir='ltr'>dedi,</span> <span class='ocrx_word' id='word_1_531' title='bbox 338 2467 393 2489; x_wconf 92' lang='lat' dir='ltr'>ne</span> <span class='ocrx_word' id='word_1_532' title='bbox 416 2454 475 2488; x_wconf 85' lang='lat' dir='ltr'>alii</span> <span class='ocrx_word' id='word_1_533' title='bbox 499 2460 617 2488; x_wconf 75' lang='lat' dir='ltr'>essent</span> <span class='ocrx_word' id='word_1_534' title='bbox 641 2456 676 2496; x_wconf 89' lang='lat'>9,</span> <span class='ocrx_word' id='word_1_535' title='bbox 702 2453 736 2496; x_wconf 84' lang='lat'>4,</span> <span class='ocrx_word' id='word_1_536' title='bbox 762 2455 844 2489; x_wconf 86' lang='lat'>109.</span> <span class='ocrx_word' id='word_1_537' title='bbox 888 2465 942 2487; x_wconf 88' lang='lat' dir='ltr'>ne</span> <span class='ocrx_word' id='word_1_538' title='bbox 968 2454 1098 2489; x_wconf 80' lang='lat' dir='ltr'>vitiosa</span> <span class='ocrx_word' id='word_1_539' title='bbox 1126 2462 1265 2499; x_wconf 83' lang='lat' dir='ltr'>esseut,</span> <span class='ocrx_word' id='word_1_540' title='bbox 1304 2461 1550 2504; x_wconf 75' lang='lat' dir='ltr'>praecepimus</span> 
     </span>
     <span class='ocr_line' id='line_1_49' title="bbox 36 2499 1550 2551; baseline 0.005 -17"><span class='ocrx_word' id='word_1_541' title='bbox 36 2531 42 2543; x_wconf 69' lang='grc'>,</span> <span class='ocrx_word' id='word_1_542' title='bbox 71 2504 106 2544; x_wconf 84' lang='grc'>8,</span> <span class='ocrx_word' id='word_1_543' title='bbox 134 2504 166 2544; x_wconf 85' lang='grc'>1,</span> <span class='ocrx_word' id='word_1_544' title='bbox 194 2504 228 2534; x_wconf 92' lang='grc'>2.</span> <span class='ocrx_word' id='word_1_545' title='bbox 253 2499 298 2542; x_wconf 74' lang='lat' dir='ltr'>cs.</span> <span class='ocrx_word' id='word_1_546' title='bbox 330 2500 366 2544; x_wconf 90' lang='lat'>4,</span> <span class='ocrx_word' id='word_1_547' title='bbox 397 2503 432 2542; x_wconf 85' lang='grc'>2,</span> <span class='ocrx_word' id='word_1_548' title='bbox 465 2502 523 2535; x_wconf 73' lang='grc' dir='ltr'>6οι</span> <span class='ocrx_word' id='word_1_549' title='bbox 572 2499 780 2535; x_wconf 80' lang='lat' dir='ltr'>brevitatem</span> <span class='ocrx_word' id='word_1_550' title='bbox 813 2501 851 2534; x_wconf 91' lang='lat' dir='ltr'>in</span> <span class='ocrx_word' id='word_1_551' title='bbox 882 2501 953 2533; x_wconf 89' lang='lat' dir='ltr'>hoc</span> <span class='ocrx_word' id='word_1_552' title='bbox 984 2501 1167 2545; x_wconf 82' lang='lat' dir='ltr'>ponimns,</span> <span class='ocrx_word' id='word_1_553' title='bbox 1211 2513 1256 2535; x_wconf 84' lang='lat' dir='ltr'>ne</span> <span class='ocrx_word' id='word_1_554' title='bbox 1289 2506 1368 2546; x_wconf 74' lang='lat' dir='ltr'>plus</span> <span class='ocrx_word' id='word_1_555' title='bbox 1402 2507 1550 2551; x_wconf 81' lang='lat' dir='ltr'>dicatur,</span> 
     </span>
     <span class='ocr_line' id='line_1_50' title="bbox 72 2546 1551 2592; baseline 0.005 -12"><span class='ocrx_word' id='word_1_556' title='bbox 72 2554 179 2592; x_wconf 82' lang='lat' dir='ltr'>q&#39;uam</span> <span class='ocrx_word' id='word_1_557' title='bbox 202 2554 262 2580; x_wconf 77' lang='lat' dir='ltr'>eto.</span> <span class='ocrx_word' id='word_1_558' title='bbox 286 2546 321 2589; x_wconf 88' lang='grc'>4,</span> <span class='ocrx_word' id='word_1_559' title='bbox 345 2550 380 2589; x_wconf 88' lang='grc'>2,</span> <span class='ocrx_word' id='word_1_560' title='bbox 405 2546 470 2587; x_wconf 83' lang='lat'>43;</span> <span class='ocrx_word' id='word_1_561' title='bbox 507 2547 579 2580; x_wconf 90' lang='lat' dir='ltr'>hoc</span> <span class='ocrx_word' id='word_1_562' title='bbox 602 2546 775 2590; x_wconf 76' lang='lat' dir='ltr'>agendum</span> <span class='ocrx_word' id='word_1_563' title='bbox 805 2551 964 2587; x_wconf 75' lang='lat' dir='ltr'>est‚—ne</span> <span class='ocrx_word' id='word_1_564' title='bbox 989 2562 1033 2570; x_wconf 92' lang='lat'>—</span> <span class='ocrx_word' id='word_1_565' title='bbox 1054 2546 1240 2580; x_wconf 72' lang='lat' dir='ltr'>videamur</span> <span class='ocrx_word' id='word_1_566' title='bbox 1263 2551 1318 2591; x_wconf 84' lang='lat'>11,</span> <span class='ocrx_word' id='word_1_567' title='bbox 1347 2553 1378 2592; x_wconf 88' lang='lat'>1,</span> <span class='ocrx_word' id='word_1_568' title='bbox 1413 2554 1468 2586; x_wconf 81' lang='lat'>57.</span> <span class='ocrx_word' id='word_1_569' title='bbox 1492 2554 1551 2587; x_wconf 86' lang='lat' dir='ltr'>vi-</span> 
     </span>
     <span class='ocr_line' id='line_1_51' title="bbox 71 2589 1551 2641; baseline 0.003 -14"><span class='ocrx_word' id='word_1_570' title='bbox 71 2594 216 2627; x_wconf 72' lang='lat' dir='ltr'>tandum</span> <span class='ocrx_word' id='word_1_571' title='bbox 239 2591 364 2635; x_wconf 83' lang='lat' dir='ltr'>etiam,</span> <span class='ocrx_word' id='word_1_572' title='bbox 398 2603 448 2626; x_wconf 87' lang='lat' dir='ltr'>ne</span> <span class='ocrx_word' id='word_1_573' title='bbox 472 2608 517 2613; x_wconf 91' lang='lat'>—</span> <span class='ocrx_word' id='word_1_574' title='bbox 538 2591 724 2627; x_wconf 81' lang='lat' dir='ltr'>videamur</span> <span class='ocrx_word' id='word_1_575' title='bbox 742 2590 779 2634; x_wconf 85' lang='lat'>4,</span> <span class='ocrx_word' id='word_1_576' title='bbox 806 2594 839 2629; x_wconf 84' lang='grc'>1,</span> <span class='ocrx_word' id='word_1_577' title='bbox 865 2592 919 2624; x_wconf 92' lang='grc'>10.</span> <span class='ocrx_word' id='word_1_578' title='bbox 946 2603 977 2624; x_wconf 84' lang='grc' dir='ltr'>υ.</span> <span class='ocrx_word' id='word_1_579' title='bbox 1002 2589 1240 2629; x_wconf 85' lang='lat' dir='ltr'>Custodio.</span> <span class='ocrx_word' id='word_1_580' title='bbox 1288 2597 1454 2641; x_wconf 75' lang='lat' dir='ltr'>quodque</span> <span class='ocrx_word' id='word_1_581' title='bbox 1479 2600 1551 2632; x_wconf 84' lang='lat' dir='ltr'>dit·-</span> 
     </span>
     <span class='ocr_line' id='line_1_52' title="bbox 70 2636 1551 2681; baseline 0.003 -10"><span class='ocrx_word' id='word_1_582' title='bbox 70 2638 263 2672; x_wconf 82' lang='lat' dir='ltr'>ficinimum</span> <span class='ocrx_word' id='word_1_583' title='bbox 289 2643 361 2681; x_wconf 83' lang='lat' dir='ltr'>est,</span> <span class='ocrx_word' id='word_1_584' title='bbox 398 2643 551 2681; x_wconf 79' lang='lat' dir='ltr'>praestat</span> <span class='ocrx_word' id='word_1_585' title='bbox 577 2636 593 2674; x_wconf 91' lang='lat'><em>(</em></span> <span class='ocrx_word' id='word_1_586' title='bbox 605 2639 776 2669; x_wconf 68' lang='lat' dir='ltr'>translatio</span> <span class='ocrx_word' id='word_1_587' title='bbox 792 2642 813 2679; x_wconf 67' lang='lat'>³,</span> <span class='ocrx_word' id='word_1_588' title='bbox 838 2647 893 2669; x_wconf 88' lang='lat' dir='ltr'>ne</span> <span class='ocrx_word' id='word_1_589' title='bbox 918 2636 981 2669; x_wconf 83' lang='lat' dir='ltr'>ulli</span> <span class='ocrx_word' id='word_1_590' title='bbox 1004 2637 1057 2670; x_wconf 87' lang='lat' dir='ltr'>rei</span> <span class='ocrx_word' id='word_1_591' title='bbox 1081 2648 1209 2672; x_wconf 87' lang='lat' dir='ltr'>nomen</span> <span class='ocrx_word' id='word_1_592' title='bbox 1240 2640 1364 2675; x_wconf 85' lang='lat' dir='ltr'>deesse</span> <span class='ocrx_word' id='word_1_593' title='bbox 1387 2643 1551 2678; x_wconf 79' lang='lat' dir='ltr'>videatur</span> 
     </span>
     <span class='ocr_line' id='line_1_53' title="bbox 68 2682 1546 2734; baseline 0 -16"><span class='ocrx_word' id='word_1_594' title='bbox 68 2686 104 2726; x_wconf 84' lang='grc'>8,</span> <span class='ocrx_word' id='word_1_595' title='bbox 126 2684 162 2726; x_wconf 89' lang='grc'>6,</span> <span class='ocrx_word' id='word_1_596' title='bbox 187 2685 220 2718; x_wconf 89' lang='grc'>5.</span> <span class='ocrx_word' id='word_1_597' title='bbox 246 2682 291 2724; x_wconf 78' lang='lat' dir='ltr'>cf.</span> <span class='ocrx_word' id='word_1_598' title='bbox 316 2685 349 2725; x_wconf 87' lang='lat'>5,</span> <span class='ocrx_word' id='word_1_599' title='bbox 374 2686 431 2726; x_wconf 91' lang='grc'>10,</span> <span class='ocrx_word' id='word_1_600' title='bbox 457 2686 511 2718; x_wconf 78' lang='grc'>82.</span> <span class='ocrx_word' id='word_1_601' title='bbox 537 2682 597 2728; x_wconf 84' lang='lat' dir='ltr'>qui</span> <span class='ocrx_word' id='word_1_602' title='bbox 617 2683 752 2724; x_wconf 83' lang='lat' dir='ltr'>suadet,</span> <span class='ocrx_word' id='word_1_603' title='bbox 776 2692 830 2715; x_wconf 92' lang='lat' dir='ltr'>ne</span> <span class='ocrx_word' id='word_1_604' title='bbox 854 2682 1104 2726; x_wconf 84' lang='lat' dir='ltr'>praecipitetur</span> <span class='ocrx_word' id='word_1_605' title='bbox 1125 2683 1234 2730; x_wconf 77' lang='lat' dir='ltr'>editio</span> <span class='ocrx_word' id='word_1_606' title='bbox 1257 2686 1319 2731; x_wconf 87' lang='lat' dir='ltr'>Ep.</span> <span class='ocrx_word' id='word_1_607' title='bbox 1341 2689 1384 2721; x_wconf 84' lang='lat' dir='ltr'>ad</span> <span class='ocrx_word' id='word_1_608' title='bbox 1409 2690 1546 2734; x_wconf 77' lang='lat' dir='ltr'>Tryph‚</span> 
     </span>
    </p>
   </div>
  </div>
 </body>
</html>
