1728 3002
88 107 173 147 472
561 102 870 160 Jusjurandum
899 130 959 158 —q
985 104 1164 149 Juvenis

141 223 246 253 antur
269 221 327 263 12,
353 222 388 263 2,
417 219 472 254 15.
520 218 584 262 ΙΙΙ)
613 221 694 265 1'·.‘l·
717 220 965 262 judicium.-
997 231 1045 255 ex
1069 223 1176 256 domo
1207 222 1254 257 in
1289 224 1368 265 iubs
1400 225 1555 260 educere
1576 236 1634 263 ine
1695 235 1699 239 ’

145 265 250 299 liceat
272 267 308 310 7,
335 266 371 309 8,
399 266 435 301 6.
464 263 526 310 [in
548 267 573 310 j.
598 266 795 310 productus
820 266 856 309 6,
888 266 1005 314 1,,41.
1032 279 1065 302 υ.
1085 268 1348 315 Produco.]

97 309 421 366 Jusjurandum·
488 322 577 356 illud
619 323 703 367 jusj.
743 334 809 368 per
853 333 978 358 caesos
1031 323 1070 358 in
1112 325 1326 361 Marathone
1367 330 1432 371 12,
1462 330 1527 371 10,
1574 327 1634 362 24.

141 369 225 412 jusj.
261 368 458 415 litigatores
494 375 555 403 aut
584 370 740 403 offerunt
772 380 898 413 suum,
939 375 1000 404 aut
1032 381 1107 405 non
1137 371 1317 416 recipiunt
1349 373 1524 416 oblatum3
1576 380 1636 408 aut
1693 371 1699 397 ἷ-

142 415 186 449 ab
201 415 406 450 adversario
428 414 598 462 exigunt,
629 421 688 449 aut
702 421 887 458 recusant,
911 427 992 450 cum
1020 418 1064 450 ab
1090 417 1175 462 ipsis
1199 418 1363 465 exigitur.
1390 421 1424 461 5,
1449 420 1486 462 6,
1511 424 1542 455 1.
1575 421 1635 465 qni

143 461 260 495 defert
284 461 395 505 (jusj.)
413 460 502 500 ib.4‚
526 473 547 495 a
569 462 688 496 multis
707 462 884 496 contemni
899 462 1052 505 jurisjur.
1076 469 1209 498 metum
1231 467 1272 499 ib.
1291 467 1326 499 3.
1357 465 1495 510 jurijur.
1517 466 1636 500 alieno

143 517 246 540 suum
274 508 409 541 donare
437 508 476 551 5,
507 511 554 550 2,
589 507 623 542 4.
650 508 711 553 qui
736 508 853 542 alieno
876 508 1020 552 jurejur.
1046 509 1130 544 stari
1157 522 1262 555 quam
1287 521 1354 546 suo
1376 513 1511 547 mavult
1533 514 1577 557 5,
1601 513 1636 556 6,
1656 527 1659 530 ·

141 552 178 587 4.
210 553 356 597 jurejur.
397 554 512 588 adacti
546 557 581 597 7,
606 557 642 598 2,
668 557 702 590 3.
748 555 807 589 De
830 555 1060 599 jurejurando
1084 556 1117 600 5,
1143 556 1232 601 Cap.
1259 558 1294 592 6.

98 593 237 640 Juste·
291 611 396 659 lege
416 631 463 636 ——
491 612 622 655 juste
645 611 778 646 fecisse
805 613 847 656 3,
880 613 924 656 6,
958 611 1016 648 45.
1049 625 1084 647 v.
1116 614 1264 652 Facio.
1299 620 1406 659 caput
1438 614 1582 657 alterius
1613 616 1638 660 j.
1697 636 1702 641 2

143 655 193 701 (a.
219 661 240 690 l.
266 656 330 700 inj.
355 670 389 691 a.
422 657 556 699 invise)
582 662 707 702 petere
739 661 774 701 6,
803 660 849 702 3,
877 659 923 692 28
947 660 994 693 Ν.
1025 672 1071 693 cr.
1100 659 1227 705 justius
1260 660 1360 705 (Sp.
1401 661 1518 705 juste)
1555 667 1640 716 tunc
1700 696 1703 699 ,

142 708 267 746 petere
296 712 338 738 ea
361 703 514 748 quisque
538 703 685 739 videtur
707 715 728 738 a
761 704 882 748 judice
907 705 941 743 6,
968 708 1002 748 1,
1029 708 1076 740 22
1098 710 1142 741 Ζ.
1167 708 1264 752 quod
1300 707 1571 752 (testimonium)
1601 718 1641 742 m

142 750 238 783 hunc
262 749 449 784 transferri
479 750 671 794 justissime
693 751 808 796 possit
838 753 894 794 10,
922 754 954 794 1,
980 753 1039 786 82.

95 791 284 836 JUStitia·
347 807 482 850 (virtus)
514 811 549 851 2,
573 811 633 852 21,
657 810 692 844 3.
725 809 760 852 5,
787 811 844 853 10,
869 809 927 844 57.
962 807 1115 853 (species
1137 810 1293 853 virtutis)
1323 811 1358 854 3,
1381 814 1418 854 7,
1446 811 1500 847 15.
1533 812 1642 858 (pars

143 851 330 897 civilitatis)
353 855 388 896 2,
413 855 470 897 15,
497 855 554 890 25.
581 855 612 889 si
635 860 689 889 est
710 855 846 889 bonum
873 855 979 898 just„
1012 861 1111 890 recte
1134 855 1364 900 judicandum
1400 858 1447 901 5,
1479 859 1543 902 10,
1583 857 1642 894 74.

141 904 260 933 motos
283 899 438 934 lacrimis
462 900 599 944 judices
628 902 672 935 ad
699 902 782 945 just.
807 902 981 939 reducere
1004 902 1040 945 6,
1077 905 1117 945 1,
1144 901 1212 944 46;
1250 902 1405 947 justitiae
1427 903 1573 951 ignarus
1603 907 1640 948 2,

142 946 200 987 20,
225 946 259 980 8.
288 946 369 990 just.
395 946 546 981 scientia
569 950 615 989 2,
649 947 717 991 15,
742 948 800 984 29.
833 947 963 982 fiducia
986 947 1141 992 justitiae
1172 947 1248 992 ejus
1286 951 1349 991 11,
1385 951 1427 991 1,
1462 953 1521 985 75.
1555 950 1641 985 hino

140 990 370 1035 justitiae
403 993 588 1037 proposita
609 993 785 1040 imagine,
821 994 905 1028 inde
930 993 1134 1038 pietatis
1160 997 1222 1038 12,
1251 996 1291 1039 3,
1316 993 1375 1032 40.
1401 1007 1448 1030 an
1470 995 1641 1041 justitiam

142 1037 271 1072 melius
294 1037 356 1073 alii
379 1040 581 1083 docebunt,
606 1051 709 1084 quam
739 1039 895 1075 Fabricii
919 1048 980 1074 etc.
1008 1043 1066 1084 12,
1095 1043 1129 1081 2,
1153 1042 1210 1076 30.

96 1078 260 1125 JUStUS·
282 1093 318 1139 α)
335 1098 526 1141 simpliciter
538 1112 549 1132 .·
576 1095 608 1140 a)
626 1098 759 1142 justum
777 1108 882 1132 omne
901 1097 1106 1132 continetur
1121 1103 1245 1132 natura
1264 1098 1327 1132 vel
1340 1097 1596 1135 constitutione
1604 1103 1641 1144 7,

141 1138 178 1183 4,
204 1141 236 1176 5.
258 1154 291 1176 v.
311 1142 512 1187 Aequus.
537 1145 635 1178 Par.
661 1154 729 1178 nos
754 1144 931 1188 justum
956 1145 1162 1178 honesto
1186 1144 1455 1189 complectimur
1472 1148 1507 1189 2,
1525 1144 1561 1190 4,
1581 1147 1642 1182 38.

140 1198 173 1221 υ.
202 1187 454 1223 Honestus.
484 1201 530 1224 ne
553 1191 684 1234 justum
714 1191 793 1234 (sic.
821 1198 913 1235 oppt.
944 1192 1075 1234 Cod‹l.;
1114 1192 1181 1234 Sp.
1205 1190 1261 1235 jus
1285 1192 1464 1234 nostrum)
1499 1191 1642 1234 oderint

140 1232 301 1277 (judices)
326 1233 359 1275 4,
384 1237 419 1279 3,
450 1237 494 1270 10
520 1238 556 1270 S.
585 1236 670 1281 justi
685 1245 686 1248 ’
704 1236 844 1281 species
878 1247 954 1270 non
991 1235 1199 1280 simpliciter
1229 1236 1353 1271 excuti
1385 1238 1503 1271 solent
1527 1240 1572 1272 ib.
1596 1242 1640 1274 Ζ.
1665 1263 1674 1274 χ

142 1279 189 1313 de
213 1279 307 1323 justo
332 1281 510 1317 disserere
538 1286 583 1326 2,
612 1286 678 1326 21,
713 1286 768 1317 12.
801 1282 862 1328 qui
898 1289 1065 1327 tanquam
1093 1282 1186 1326 justo
1213 1293 1289 1318 non
1313 1282 1519 1318 movebitur
1545 1283 1581 1327 4,
1605 1287 1641 1328 5,
1691 1300 1693 1302 ·

143 1323 200 1359 14.
224 1327 327 1369 plura
361 1327 488 1371 justo
514 1331 548 1371 2,
571 1328 607 1373 4,
634 1328 669 1362 4.
699 1328 743 1370 qs.
769 1330 804 1371 9,
827 1328 863 1371 4,
890 1330 981 1371 1253
1016 1333 1147 1372 quanta
1170 1338 1289 1372 poena
1315 1328 1410 1362 affici
1434 1328 1479 1363 sit
1509 1330 1642 1373 justum

141 1371 177 1414 3,
203 1371 239 1414 6,
262 1370 320 1406 42.
369 1372 405 1416 b)
431 1377 548 1408 Plan:
582 1386 674 1418 quae
700 1375 827 1418 justa
852 1385 895 1408 sc
927 1385 1046 1408 vera
1080 1379 1164 1406 sunt
1188 1374 1222 1415 5,
1248 1372 1305 1415 14,
1332 1375 1390 1409 29.
1416 1375 1461 1408 de
1494 1375 1642 1419 justis

143 1422 181 1451 et
205 1417 405 1460 injustis
441 1422 487 1462 2,
519 1419 585 1462 15,
612 1421 668 1454 18.
693 1421 868 1464 quaedam
897 1419 1023 1462 justa
1055 1421 1180 1452 natur}
1212 1430 1245 1452 v.
1274 1418 1492 1455 Inutilis.
1527 1423 1585 1464 12,
1610 1424 1644 1462 1,

141 1461 200 1497 41.
225 1463 288 1497 illa
313 1464 482 1508 utrinque
505 1465 529 1508 j.
559 1469 596 1508 7,
621 1465 654 1506 4,
684 1465 707 1500 6
730 1467 777 1499 Ν.
801 1465 975 1508 justornm
1000 1464 1161 1510 quaestio
1185 1467 1220 1507 3,
1244 1462 1278 1506 4,
1307 1465 1362 1499 16.
1397 1466 1491 1509 justa
1521 1465 1643 1501 dicere
1685 1461 1723 1503 ,f

143 1509 179 1551 6,
203 1512 238 1552 2,
266 1511 318 1545 18.
367 1510 474 1545 Dixit
497 1510 627 1545 Cicero
650 1521 717 1555 pro
747 1511 900 1545 Gabinio
925 1516 962 1545 et
985 1511 1024 1544 P.
1051 1510 1223 1554 Vatinio,
1259 1509 1514 1545 inimicissimis
1537 1517 1643 1547 antea
1697 1520 1710 1546 Ἀ.

143 1554 211 1589 sibi
233 1555 457 1600 hominibus,
495 1563 532 1591 et
554 1556 591 1590 in
616 1568 708 1601 quos
731 1557 914 1591 orationes
950 1556 1057 1591 etiam
1086 1557 1299 1601 scripserat:
1338 1567 1466 1592 venun
1490 1563 1526 1592 et
1551 1557 1646 1602 justa
1694 1588 1710 1605 .‚

140 1600 193 1635 sic
219 1601 388 1637 faciendo
415 1604 480 1647 (sic
505 1616 547 1636 ex
578 1605 711 1648 Codd.;
750 1605 817 1647 Sp.
854 1605 897 1636 de
931 1603 1016 1646 conj.
1043 1605 1143 1645 Regii
1178 1614 1216 1638 v.
1245 1613 1353 1637 causa
1388 1603 1482 1647 justa
1514 1603 1555 1638 fit
1587 1605 1645 1639 fa—
1707 1606 1716 1620 ¹

143 1647 290 1691 tendo),
314 1659 390 1682 non
415 1661 454 1683 se
478 1650 523 1684 de
546 1648 690 1696 ingenii¹
705 1650 801 1683 fama
824 1650 888 1683 sed
913 1650 958 1683 de
982 1649 1054 1683 fide
1080 1660 1159 1683 esse
1182 1648 1363 1683 solicitum
1387 1651 1442 1695 11,
1470 1651 1504 1693 1,
1531 1651 1577 1686 73
1593 1652 1642 1690 N.

145 1706 193 1727 cr.
219 1701 251 1727 et
282 1697 439 1730 Gernh.
463 1695 494 1729 si
518 1695 622 1730 aliter
650 1696 743 1741 justa
769 1695 926 1730 obtineri
961 1704 1036 1729 non
1060 1694 1199 1739 possint
1224 1695 1260 1737 6,
1289 1697 1324 1738 1,
1349 1697 1386 1729 7.
1442 1693 1486 1740 β)
1513 1709 1543 1729 ο.
1566 1697 1644 1730 No-

144 1741 304 1775 minibus.-
329 1741 422 1786 justa
451 1753 499 1775 ex
526 1753 635 1776 causa
663 1744 728 1785 11,
767 1746 811 1785 1,
841 1742 896 1777 57.
932 1742 956 1786 j.
991 1752 1120 1776 causae
1149 1744 1193 1783 2,
1235 1743 1298 1784 17,
1332 1743 1390 1776 32.
1423 1752 1456 1775 v.
1477 1740 1643 1777 Causa.
1699 1748 1702 1752 '

141 1786 262 1833 legem
285 1787 308 1830 j.
335 1790 371 1830 7,
398 1793 430 1830 1,
455 1786 511 1823 47.
547 1788 572 1832 j.
598 1787 690 1822 odiis
717 1788 751 1832 5,
782 1790 839 1831 13,
867 1789 925 1822 38.
948 1787 974 1831 j.
997 1786 1137 1822 ratione
1162 1788 1299 1822 factum
1327 1788 1370 1830 3,
1403 1787 1451 1830 6,
1483 1790 1542 1823 27.
1581 1788 1644 1834 qui

141 1842 221 1866 rem
248 1833 272 1877 j.
297 1832 432 1868 faciant
461 1835 496 1878 5,
525 1837 581 1876 10,
609 1835 667 1869 85.
690 1834 714 1878 i.
745 1839 997 1869 testamentum
1021 1834 1055 1877 5,
1083 1833 1140 1877 14,
1175 1834 1238 1877 16;
1272 1832 1400 1878 justius
1428 1834 1644 1869 desiderium

143 1881 179 1922 7,
206 1881 239 1921 1,
263 1879 322 1914 62.
345 1880 494 1924 justiora
516 1880 650 1925 judicia
673 1882 707 1924 3,
733 1883 768 1924 7,
793 1881 849 1916 18.
887 1890 980 1925 quae
1004 1878 1134 1924 justior
1166 1878 1376 1925 acquirendi
1422 1879 1538 1915 ratio?
1585 1883 1642 1924 12,
1709 1879 1725 1908 ἒ

142 1928 178 1968 7,
207 1927 274 1967 103
317 1926 408 1961 ratio
431 1926 564 1970 justiss.
603 1930 659 1970 12,
685 1927 720 1970 9,
749 1930 783 1961 7.

97 1976 327 2023 Juvenilis·
366 2014 412 2021 -—
436 1994 652 2029 abundantia
680 1997 736 2039 12,
774 1998 815 2038 1,
848 1997 905 2028 20.
944 2011 990 2020 —-
1022 1995 1120 2029 calor
1143 1997 1178 2038 2,
1207 1994 1266 2038 15,
1290 1995 1348 2030 28.
1380 2014 1426 2021 -
1451 1993 1673 2040 cupiditate,
1707 2035 1712 2042 ι

145 2039 283 2083 gloriae
310 2043 346 2083 7,
368 2044 404 2085 2,
429 2040 487 2075 24.

99 2083 371 2129 Juveniliter.
397 2116 442 2124 ..
464 2098 558 2133 dicta
583 2102 640 2142 12,
667 2099 703 2141 6,
727 2100 762 2132 3.

99 2141 295 2186 JuveniS.
343 2154 378 2199 α)
407 2169 437 2189 c.
460 2158 609 2190 Aurib.:
644 2156 819 2199 juvenum
842 2153 1095 2189 bellicosorum
1117 2154 1159 2195 5,
1186 2154 1254 2194 12,
1277 2152 1336 2186 21.
1373 2151 1459 2187 boni
1492 2153 1645 2196 iuvenes
1687 2180 1710 2192 ,Α

147 2203 206 2235 Pr.
230 2205 266 2236 7.
290 2204 325 2245 3,
350 2202 385 2245 6,
403 2202 459 2236 64.
481 2203 517 2244 6,
541 2204 600 2236 Pr.
627 2205 660 2235 1.
695 2214 729 2236 v.
749 2200 852 2242 infra.
873 2199 959 2234 clari
982 2201 1007 2244 j.
1035 2202 1092 2242 12,
1117 2200 1153 2240 7,
1170 2199 1205 2232 3.
1221 2197 1373 2232 idoneus
1396 2201 1421 2242 j.
1447 2201 1505 2242 10,
1523 2198 1559 2244 5,
1584 2202 1644 2234 21.
1686 2214 1689 2217 ⁴

148 2247 172 2291 j.
191 2247 260 2282 sibi
279 2247 478 2282 ludentium
496 2249 531 2291 6,
547 2250 583 2290 3,
604 2248 660 2283 16.
683 2248 705 2287 i.
731 2246 850 2282 severi
870 2258 912 2280 ac
924 2244 1212 2287 luxuriosil1,3,
1221 2242 1279 2278 74.
1291 2246 1334 2278 ib.
1344 2245 1402 2280 79.
1415 2245 1554 2280 robusti
1565 2245 1644 2280 fere
1688 2274 1691 2276 .

145 2293 171 2336 j.
200 2297 236 2337 2,
265 2295 300 2338 5,
321 2298 356 2328 2.
383 2294 407 2337 j.
433 2294 629 2328 studiosum
655 2296 710 2336 10,
734 2295 769 2335 3,
795 2294 851 2327 32.
880 2295 940 2334 12,
967 2294 1030 2335 11,
1063 2293 1122 2326 31.
1151 2289 1178 2333 i.
1213 2290 1403 2325 Tarentini
1430 2291 1476 2335 6,
1510 2292 1554 2335 3,
1589 2293 1647 2326 10.

145 2339 317 2382 juvenum
343 2341 387 2374 ad
412 2340 546 2384 optima
568 2338 792 2374 tendentium
817 2341 874 2380 10,
899 2341 935 2380 1,
961 2340 1039 2371 122.
1076 2337 1118 2388 ᾗ..
1132 2336 1300 2390 ιιοικῘιιῐῐιο
1315 2337 1477 2390 scholam
1509 2336 1647 2384 egressi

148 2386 182 2426 5,
211 2389 267 2429 10,
291 2386 350 2422 96.
375 2387 527 2431 juvenes
549 2387 668 2420 bonae
690 2383 819 2419 mentis
842 2387 886 2426 2,
915 2387 984 2427 12,
1017 2385 1072 2417 12.
1109 2392 1207 2426 juv„
1241 2393 1303 2428 qm
1334 2388 1511 2418 rationem
1543 2384 1648 2419 inve-

147 2431 270 2465 niendi
305 2433 569 2477 eloquendique
604 2443 625 2466 a
655 2430 949 2476 praeceptoribus
985 2427 1163 2480 acceperit
1196 2430 1262 2472 10,
1295 2428 1331 2472 5,
1365 2431 1422 2470 19,
1457 2430 1555 2474 juv„
1573 2428 1648 2474 qui

149 2477 347 2512 convivere
372 2479 536 2513 solebant
561 2481 606 2518 7,
634 2479 678 2521 3,
702 2479 774 2519 313
807 2476 891 2520 Adj.
938 2475 1002 2509 Est
1027 2474 1115 2508 mihi
1149 2473 1297 2509 filius
1326 2475 1519 2519 juvenis
1552 2475 1589 2518 4,
1612 2477 1649 2517 2,

147 2520 205 2555 42.
251 2522 295 2567 β)
317 2537 379 2566 per
405 2528 519 2559 varios
549 2526 678 2559 Casus:
705 2533 780 2557 non
804 2521 932 2567 aliquis
955 2519 1154 2566 juvenis
1177 2526 1250 2555 aut.
1277 2532 1369 2573 unus
1393 2533 1414 2556 e
1437 2522 1561 2567 vulgo,
1584 2521 1650 2574 sed

151 2579 292 2602 senes
317 2575 352 2603 et
378 2569 645 2614 prudentissimi
669 2570 705 2613 8,
733 2567 769 2603 4.
792 2570 852 2603 21.
890 2573 926 2602 et
948 2566 1080 2602 nobilis
1107 2572 1143 2600 et
1168 2567 1310 2611 juvems
1339 2570 1402 2610 11,
1429 2570 1470 2620 ¹2
1493 2568 1553 2603 68.
1584 2577 1650 2611 Ju-

152 2624 310 2649 venes
334 2615 422 2649 faeti
446 2630 525 2661 opp.
553 2615 663 2650 adulti
692 2614 836 2660 pueri
866 2616 902 2658 2,
924 2616 959 2657 2,
984 2615 1018 2650 3.
1051 2612 1243 2657 patientior
1267 2618 1322 2647 est
1347 2614 1481 2648 laboris
1501 2617 1650 2666 ‘natura

154 2659 326 2704 pueris
353 2672 456 2704 quam
483 2662 744 2707 juvenibus
779 2665 813 2704 1,
839 2663 896 2704 12,
921 2663 976 2695 10.
997 2660 1151 2704 juvenes
1179 2658 1317 2694 laudari
1349 2659 1384 2693 in
1425 2659 1530 2693 boms
1561 2669 1652 2705 gau-

157 2707 241 2741 dent
267 2705 301 2748 5,
327 2708 384 2749 12,
409 2710 468 2742 22.
499 2709 779 2753 frequentabunt
805 2708 880 2752 ejus
906 2704 1043 2749 (veteris
1073 2707 1230 2751 oratoris)
1260 2706 1402 2741 domum
1426 2703 1552 2751 optimi
1574 2705 1650 2750 juv.

1702 2736 1728 2754 ft
1698 2678 1728 2727 'Rc‘
1727 2662 1728 2665 „
1700 2444 1728 2642 ..a-,mesia
1713 2418 1722 2435 ν
1719 2399 1728 2405 .»
