<?xml version="1.0" encoding="UTF-8"?>
<!DOCTYPE html PUBLIC "-//W3C//DTD XHTML 1.0 Transitional//EN"
    "http://www.w3.org/TR/xhtml1/DTD/xhtml1-transitional.dtd">
<html xmlns="http://www.w3.org/1999/xhtml" xml:lang="en" lang="en">
 <head>
  <title>
</title>
<meta http-equiv="Content-Type" content="text/html;charset=utf-8" />
  <meta name='ocr-system' content='tesseract 3.04.00' />
  <meta name='ocr-capabilities' content='ocr_page ocr_carea ocr_par ocr_line ocrx_word'/>
</head>
<body>
  <div class='ocr_page' id='page_1' title='image "./lexiconquintilia06bonnuoft/lexiconquintilia06bonnuoft_0818.png"; bbox 0 0 1728 3002; ppageno 0'>
   <div class='ocr_carea' id='block_1_1' title="bbox 183 179 1262 235">
    <p class='ocr_par' dir='ltr' id='par_1_1' title="bbox 183 179 1262 235">
     <span class='ocr_line' id='line_1_1' title="bbox 183 179 1262 235; baseline -0.002 -10"><span class='ocrx_word' id='word_1_1' title='bbox 183 180 264 226; x_wconf 78' lang='grc'>726</span> <span class='ocrx_word' id='word_1_2' title='bbox 625 179 981 235; x_wconf 77' lang='lat' dir='ltr'><strong>‹Quadripertitus</strong></span> <span class='ocrx_word' id='word_1_3' title='bbox 1008 204 1064 215; x_wconf 83' lang='lat'><strong>-—</strong></span> <span class='ocrx_word' id='word_1_4' title='bbox 1092 179 1262 230; x_wconf 78' lang='lat' dir='ltr'><strong>Quaero</strong></span> 
     </span>
    </p>
   </div>
   <div class='ocr_carea' id='block_1_2' title="bbox 188 284 1721 580">
    <p class='ocr_par' dir='ltr' id='par_1_2' title="bbox 189 284 1719 385">
     <span class='ocr_line' id='line_1_2' title="bbox 189 284 1719 341; baseline 0.003 -14"><span class='ocrx_word' id='word_1_5' title='bbox 189 284 539 341; x_wconf 77' lang='lat' dir='ltr'><strong>Quadripertitus·</strong></span> <span class='ocrx_word' id='word_1_6' title='bbox 593 293 751 338; x_wconf 87' lang='lat' dir='ltr'><strong>quadrip.</strong></span> <span class='ocrx_word' id='word_1_7' title='bbox 774 294 948 329; x_wconf 88' lang='lat' dir='ltr'><strong>rationem</strong></span> <span class='ocrx_word' id='word_1_8' title='bbox 973 298 1012 338; x_wconf 90' lang='lat'><strong>1,</strong></span> <span class='ocrx_word' id='word_1_9' title='bbox 1046 295 1091 338; x_wconf 89' lang='lat'><strong>5,</strong></span> <span class='ocrx_word' id='word_1_10' title='bbox 1124 295 1182 330; x_wconf 85' lang='lat'><strong>38.</strong></span> <span class='ocrx_word' id='word_1_11' title='bbox 1215 295 1268 340; x_wconf 85' lang='lat' dir='ltr'><strong>(a.</strong></span> <span class='ocrx_word' id='word_1_12' title='bbox 1293 300 1317 331; x_wconf 84' lang='lat'><strong>1.</strong></span> <span class='ocrx_word' id='word_1_13' title='bbox 1340 294 1571 341; x_wconf 62' lang='lat' dir='ltr'><strong>quadrimi-t.)</strong></span> <span class='ocrx_word' id='word_1_14' title='bbox 1603 299 1651 340; x_wconf 87' lang='lat'><strong>3,</strong></span> <span class='ocrx_word' id='word_1_15' title='bbox 1682 298 1719 340; x_wconf 85' lang='lat'><strong>6,</strong></span> 
     </span>
     <span class='ocr_line' id='line_1_3' title="bbox 233 339 1618 385; baseline -0.002 -7"><span class='ocrx_word' id='word_1_16' title='bbox 233 344 278 378; x_wconf 85' lang='lat'><strong>83</strong></span> <span class='ocrx_word' id='word_1_17' title='bbox 303 344 347 376; x_wconf 86' lang='lat' dir='ltr'><strong>N.</strong></span> <span class='ocrx_word' id='word_1_18' title='bbox 373 355 421 376; x_wconf 85' lang='lat' dir='ltr'><strong>cr.</strong></span> <span class='ocrx_word' id='word_1_19' title='bbox 446 341 570 385; x_wconf 88' lang='lat' dir='ltr'><strong>quadr.</strong></span> <span class='ocrx_word' id='word_1_20' title='bbox 595 339 902 375; x_wconf 78' lang='lat' dir='ltr'><strong>ratiocinationem</strong></span> <span class='ocrx_word' id='word_1_21' title='bbox 929 341 968 385; x_wconf 91' lang='lat'><strong>5,</strong></span> <span class='ocrx_word' id='word_1_22' title='bbox 995 340 1056 384; x_wconf 88' lang='grc'><strong>14,</strong></span> <span class='ocrx_word' id='word_1_23' title='bbox 1081 341 1112 376; x_wconf 83' lang='grc'>5.</span> <span class='ocrx_word' id='word_1_24' title='bbox 1583 366 1618 384; x_wconf 24' lang='lat' dir='ltr'><strong>*a</strong></span> 
     </span>
    </p>

    <p class='ocr_par' dir='ltr' id='par_1_3' title="bbox 188 387 1721 580">
     <span class='ocr_line' id='line_1_4' title="bbox 188 387 1717 442; baseline 0.004 -12"><span class='ocrx_word' id='word_1_25' title='bbox 188 387 376 439; x_wconf 79' lang='lat' dir='ltr'><strong>Quadro.</strong></span> <span class='ocrx_word' id='word_1_26' title='bbox 422 397 452 441; x_wconf 92' lang='grc' dir='ltr'><strong>Ι)</strong></span> <span class='ocrx_word' id='word_1_27' title='bbox 484 398 580 442; x_wconf 90' lang='lat' dir='ltr'><strong>quod</strong></span> <span class='ocrx_word' id='word_1_28' title='bbox 612 407 755 442; x_wconf 87' lang='lat' dir='ltr'><strong>quoque</strong></span> <span class='ocrx_word' id='word_1_29' title='bbox 787 399 869 433; x_wconf 73' lang='lat' dir='ltr'><strong>loco</strong></span> <span class='ocrx_word' id='word_1_30' title='bbox 903 399 1097 434; x_wconf 82' lang='lat' dir='ltr'><strong>verborum</strong></span> <span class='ocrx_word' id='word_1_31' title='bbox 1132 397 1285 432; x_wconf 81' lang='lat' dir='ltr'><strong>maxime</strong></span> <span class='ocrx_word' id='word_1_32' title='bbox 1317 399 1466 442; x_wconf 77' lang='lat' dir='ltr'><strong>quadret</strong></span> <span class='ocrx_word' id='word_1_33' title='bbox 1499 399 1547 442; x_wconf 84' lang='lat'><strong>9,</strong></span> <span class='ocrx_word' id='word_1_34' title='bbox 1579 397 1624 442; x_wconf 79' lang='lat'><strong>4,</strong></span> <span class='ocrx_word' id='word_1_35' title='bbox 1659 400 1717 436; x_wconf 84' lang='grc'><strong>60.</strong></span> 
     </span>
     <span class='ocr_line' id='line_1_5' title="bbox 233 443 1719 490; baseline -0.001 -11"><span class='ocrx_word' id='word_1_36' title='bbox 233 446 284 489; x_wconf 93' lang='lat'><strong>11)</strong></span> <span class='ocrx_word' id='word_1_37' title='bbox 308 447 434 481; x_wconf 77' lang='lat' dir='ltr'><strong>Par-tic.</strong></span> <span class='ocrx_word' id='word_1_38' title='bbox 482 443 525 488; x_wconf 83' lang='grc' dir='ltr'><strong>α)</strong></span> <span class='ocrx_word' id='word_1_39' title='bbox 551 445 741 488; x_wconf 87' lang='lat' dir='ltr'><strong>quadratos</strong></span> <span class='ocrx_word' id='word_1_40' title='bbox 763 445 874 488; x_wconf 87' lang='lat' dir='ltr'><strong>pedes</strong></span> <span class='ocrx_word' id='word_1_41' title='bbox 906 447 923 478; x_wconf 91' lang='lat'>1</span> <span class='ocrx_word' id='word_1_42' title='bbox 939 470 950 488; x_wconf 92' lang='lat'><strong>‚</strong></span> <span class='ocrx_word' id='word_1_43' title='bbox 984 447 1051 487; x_wconf 91' lang='lat'><strong>10,</strong></span> <span class='ocrx_word' id='word_1_44' title='bbox 1075 444 1134 479; x_wconf 81' lang='lat'><strong>44.</strong></span> <span class='ocrx_word' id='word_1_45' title='bbox 1181 444 1223 490; x_wconf 77' lang='grc' dir='ltr'><strong>β)</strong></span> <span class='ocrx_word' id='word_1_46' title='bbox 1245 448 1381 480; x_wconf 75' lang='lat' dir='ltr'><strong>transL:</strong></span> <span class='ocrx_word' id='word_1_47' title='bbox 1419 445 1542 489; x_wconf 83' lang='lat' dir='ltr'><strong>quadr.</strong></span> <span class='ocrx_word' id='word_1_48' title='bbox 1554 454 1719 489; x_wconf 45' lang='lat' dir='ltr'><strong>woompo-</strong></span> 
     </span>
     <span class='ocr_line' id='line_1_6' title="bbox 234 490 1721 536; baseline -0.001 -10"><span class='ocrx_word' id='word_1_49' title='bbox 234 492 316 526; x_wconf 87' lang='lat' dir='ltr'><strong>sitio</strong></span> <span class='ocrx_word' id='word_1_50' title='bbox 347 495 389 534; x_wconf 85' lang='lat'><strong>2,</strong></span> <span class='ocrx_word' id='word_1_51' title='bbox 421 491 464 533; x_wconf 87' lang='lat'><strong>5,</strong></span> <span class='ocrx_word' id='word_1_52' title='bbox 490 491 514 526; x_wconf 85' lang='lat'>9</span> <span class='ocrx_word' id='word_1_53' title='bbox 539 492 587 524; x_wconf 91' lang='grc' dir='ltr'><strong>Ν.</strong></span> <span class='ocrx_word' id='word_1_54' title='bbox 633 490 670 523; x_wconf 88' lang='lat' dir='ltr'><strong>id</strong></span> <span class='ocrx_word' id='word_1_55' title='bbox 697 491 794 534; x_wconf 88' lang='lat' dir='ltr'><strong>quod</strong></span> <span class='ocrx_word' id='word_1_56' title='bbox 818 502 864 524; x_wconf 81' lang='lat' dir='ltr'><strong>ex</strong></span> <span class='ocrx_word' id='word_1_57' title='bbox 887 490 958 525; x_wconf 81' lang='lat' dir='ltr'><strong>illis</strong></span> <span class='ocrx_word' id='word_1_58' title='bbox 981 490 1168 525; x_wconf 85' lang='lat' dir='ltr'><strong>conficitur</strong></span> <span class='ocrx_word' id='word_1_59' title='bbox 1190 490 1419 535; x_wconf 76' lang='lat' dir='ltr'><strong>(particulis),</strong></span> <span class='ocrx_word' id='word_1_60' title='bbox 1444 496 1504 524; x_wconf 86' lang='lat' dir='ltr'><strong>aut</strong></span> <span class='ocrx_word' id='word_1_61' title='bbox 1528 492 1721 536; x_wconf 82' lang='lat' dir='ltr'><strong>quadra-</strong></span> 
     </span>
     <span class='ocr_line' id='line_1_7' title="bbox 234 536 947 580; baseline 0 -8"><span class='ocrx_word' id='word_1_62' title='bbox 234 544 326 572; x_wconf 88' lang='lat' dir='ltr'><strong>tum</strong></span> <span class='ocrx_word' id='word_1_63' title='bbox 348 544 408 571; x_wconf 87' lang='lat' dir='ltr'><strong>aut</strong></span> <span class='ocrx_word' id='word_1_64' title='bbox 433 537 638 571; x_wconf 86' lang='lat' dir='ltr'><strong>solutum</strong></span> <span class='ocrx_word' id='word_1_65' title='bbox 662 537 730 570; x_wconf 86' lang='lat' dir='ltr'><strong>erit</strong></span> <span class='ocrx_word' id='word_1_66' title='bbox 752 538 794 579; x_wconf 88' lang='grc'><strong>9,</strong></span> <span class='ocrx_word' id='word_1_67' title='bbox 822 536 866 580; x_wconf 83' lang='grc'><strong>4,</strong></span> <span class='ocrx_word' id='word_1_68' title='bbox 889 538 947 572; x_wconf 83' lang='grc'><strong>69.</strong></span> 
     </span>
    </p>
   </div>
   <div class='ocr_carea' id='block_1_3' title="bbox 189 588 1724 745">
    <p class='ocr_par' dir='ltr' id='par_1_4' title="bbox 189 588 1724 745">
     <span class='ocr_line' id='line_1_8' title="bbox 189 588 1724 650; baseline -0.001 -11"><span class='ocrx_word' id='word_1_69' title='bbox 189 593 456 649; x_wconf 70' lang='lat' dir='ltr'><strong>Quadrupes·</strong></span> <span class='ocrx_word' id='word_1_70' title='bbox 515 605 644 650; x_wconf 77' lang='lat' dir='ltr'><strong>bipes</strong></span> <span class='ocrx_word' id='word_1_71' title='bbox 680 605 797 640; x_wconf 86' lang='lat' dir='ltr'><strong>differt</strong></span> <span class='ocrx_word' id='word_1_72' title='bbox 828 616 848 639; x_wconf 90' lang='lat' dir='ltr'><strong>a</strong></span> <span class='ocrx_word' id='word_1_73' title='bbox 888 605 1186 650; x_wconf 81' lang='lat' dir='ltr'><strong>quadrupede</strong></span> <span class='ocrx_word' id='word_1_74' title='bbox 1222 604 1265 647; x_wconf 88' lang='lat'><strong>5,</strong></span> <span class='ocrx_word' id='word_1_75' title='bbox 1303 589 1366 648; x_wconf 88' lang='lat'><strong>10,</strong></span> <span class='ocrx_word' id='word_1_76' title='bbox 1398 604 1457 639; x_wconf 87' lang='grc'><strong>61.</strong></span> <span class='ocrx_word' id='word_1_77' title='bbox 1503 612 1569 649; x_wconf 86' lang='lat' dir='ltr'><strong>pro</strong></span> <span class='ocrx_word' id='word_1_78' title='bbox 1603 588 1724 648; x_wconf 79' lang='lat' dir='ltr'><strong>equo</strong></span> 
     </span>
     <span class='ocr_line' id='line_1_9' title="bbox 234 649 1723 697; baseline -0.001 -12"><span class='ocrx_word' id='word_1_79' title='bbox 234 653 581 697; x_wconf 68' lang='lat' dir='ltr'><strong>quadrupedem</strong></span> <span class='ocrx_word' id='word_1_80' title='bbox 604 653 650 696; x_wconf 91' lang='grc'><strong>8,</strong></span> <span class='ocrx_word' id='word_1_81' title='bbox 675 652 719 693; x_wconf 81' lang='grc'><strong>6,</strong></span> <span class='ocrx_word' id='word_1_82' title='bbox 744 653 810 693; x_wconf 90' lang='grc' dir='ltr'><strong>2Ο;</strong></span> <span class='ocrx_word' id='word_1_83' title='bbox 841 652 1085 696; x_wconf 84' lang='lat' dir='ltr'><strong>quadrupedes</strong></span> <span class='ocrx_word' id='word_1_84' title='bbox 1099 677 1110 694; x_wconf 89' lang='lat'><strong>‚</strong></span> <span class='ocrx_word' id='word_1_85' title='bbox 1139 662 1220 685; x_wconf 90' lang='lat' dir='ltr'><strong>cum</strong></span> <span class='ocrx_word' id='word_1_86' title='bbox 1243 649 1358 686; x_wconf 84' lang='lat' dir='ltr'><strong>viridi·</strong></span> <span class='ocrx_word' id='word_1_87' title='bbox 1379 651 1510 695; x_wconf 80' lang='lat' dir='ltr'><strong>pabulo</strong></span> <span class='ocrx_word' id='word_1_88' title='bbox 1534 649 1723 692; x_wconf 72' lang='lat' dir='ltr'><strong>distentae</strong></span> 
     </span>
     <span class='ocr_line' id='line_1_10' title="bbox 234 697 1203 745; baseline 0.001 -14"><span class='ocrx_word' id='word_1_89' title='bbox 234 703 338 742; x_wconf 89' lang='lat' dir='ltr'><strong>sunt,</strong></span> <span class='ocrx_word' id='word_1_90' title='bbox 366 698 547 745; x_wconf 87' lang='lat' dir='ltr'><strong>sanguinis</strong></span> <span class='ocrx_word' id='word_1_91' title='bbox 571 699 790 733; x_wconf 87' lang='lat' dir='ltr'><strong>detractione</strong></span> <span class='ocrx_word' id='word_1_92' title='bbox 815 703 981 732; x_wconf 85' lang='lat' dir='ltr'><strong>curantur</strong></span> <span class='ocrx_word' id='word_1_93' title='bbox 1004 701 1048 741; x_wconf 85' lang='lat'><strong>2,</strong></span> <span class='ocrx_word' id='word_1_94' title='bbox 1075 700 1142 741; x_wconf 90' lang='lat'><strong>10,</strong></span> <span class='ocrx_word' id='word_1_95' title='bbox 1166 697 1203 732; x_wconf 87' lang='lat'><strong>6.</strong></span> 
     </span>
    </p>
   </div>
   <div class='ocr_carea' id='block_1_4' title="bbox 190 753 1724 858">
    <p class='ocr_par' dir='ltr' id='par_1_5' title="bbox 190 753 1724 858">
     <span class='ocr_line' id='line_1_11' title="bbox 190 753 1724 812; baseline -0.001 -11"><span class='ocrx_word' id='word_1_96' title='bbox 190 753 484 811; x_wconf 72' lang='lat' dir='ltr'><strong>Quadruplex·</strong></span> <span class='ocrx_word' id='word_1_97' title='bbox 532 767 584 801; x_wconf 89' lang='lat' dir='ltr'><strong>rei</strong></span> <span class='ocrx_word' id='word_1_98' title='bbox 607 779 643 812; x_wconf 88' lang='lat' dir='ltr'><strong>q.</strong></span> <span class='ocrx_word' id='word_1_99' title='bbox 668 766 872 802; x_wconf 77' lang='lat' dir='ltr'><strong>observatio</strong></span> <span class='ocrx_word' id='word_1_100' title='bbox 907 769 972 806; x_wconf 90' lang='lat'><strong>11,</strong></span> <span class='ocrx_word' id='word_1_101' title='bbox 1007 768 1048 808; x_wconf 85' lang='lat'><strong>3,</strong></span> <span class='ocrx_word' id='word_1_102' title='bbox 1080 767 1160 800; x_wconf 89' lang='lat'>151.</span> <span class='ocrx_word' id='word_1_103' title='bbox 1207 763 1375 799; x_wconf 74' lang='lat' dir='ltr'><strong>similium</strong></span> <span class='ocrx_word' id='word_1_104' title='bbox 1401 765 1480 799; x_wconf 81' lang='lat' dir='ltr'><strong>fere</strong></span> <span class='ocrx_word' id='word_1_105' title='bbox 1507 775 1540 808; x_wconf 86' lang='lat' dir='ltr'><strong>q.</strong></span> <span class='ocrx_word' id='word_1_106' title='bbox 1565 762 1658 798; x_wconf 85' lang='lat' dir='ltr'><strong>ratio</strong></span> <span class='ocrx_word' id='word_1_107' title='bbox 1687 763 1724 806; x_wconf 88' lang='lat'><strong>9,</strong></span> 
     </span>
     <span class='ocr_line' id='line_1_12' title="bbox 234 810 1596 858; baseline -0.002 -11"><span class='ocrx_word' id='word_1_108' title='bbox 234 814 275 855; x_wconf 83' lang='lat'><strong>3,</strong></span> <span class='ocrx_word' id='word_1_109' title='bbox 299 814 359 848; x_wconf 87' lang='lat'><strong>75.</strong></span> <span class='ocrx_word' id='word_1_110' title='bbox 384 812 428 855; x_wconf 83' lang='lat' dir='ltr'><strong>cs.</strong></span> <span class='ocrx_word' id='word_1_111' title='bbox 451 814 494 857; x_wconf 90' lang='lat'><strong>5,</strong></span> <span class='ocrx_word' id='word_1_112' title='bbox 517 815 563 857; x_wconf 88' lang='grc'><strong>8,</strong></span> <span class='ocrx_word' id='word_1_113' title='bbox 587 817 620 848; x_wconf 94' lang='lat'><strong>7.</strong></span> <span class='ocrx_word' id='word_1_114' title='bbox 667 814 773 858; x_wconf 84' lang='lat' dir='ltr'><strong>hujus</strong></span> <span class='ocrx_word' id='word_1_115' title='bbox 799 813 856 848; x_wconf 82' lang='lat' dir='ltr'><strong>vis</strong></span> <span class='ocrx_word' id='word_1_116' title='bbox 881 812 997 847; x_wconf 82' lang='lat' dir='ltr'><strong>omnis</strong></span> <span class='ocrx_word' id='word_1_117' title='bbox 1026 824 1062 857; x_wconf 92' lang='lat' dir='ltr'><strong>q.</strong></span> <span class='ocrx_word' id='word_1_118' title='bbox 1086 810 1244 846; x_wconf 83' lang='lat' dir='ltr'><strong>maxime</strong></span> <span class='ocrx_word' id='word_1_119' title='bbox 1263 810 1408 846; x_wconf 82' lang='lat' dir='ltr'><strong>videtur</strong></span> <span class='ocrx_word' id='word_1_120' title='bbox 1429 812 1472 854; x_wconf 87' lang='grc'><strong>8,</strong></span> <span class='ocrx_word' id='word_1_121' title='bbox 1495 811 1540 853; x_wconf 79' lang='lat' dir='ltr'><strong>fi,</strong></span> <span class='ocrx_word' id='word_1_122' title='bbox 1561 811 1596 845; x_wconf 87' lang='lat'><strong>9.</strong></span> 
     </span>
    </p>
   </div>
   <div class='ocr_carea' id='block_1_5' title="bbox 191 868 1656 935">
    <p class='ocr_par' dir='ltr' id='par_1_6' title="bbox 191 868 1656 935">
     <span class='ocr_line' id='line_1_13' title="bbox 191 868 1656 935; baseline -0.003 -19"><span class='ocrx_word' id='word_1_123' title='bbox 191 868 479 926; x_wconf 63' lang='lat' dir='ltr'><strong>quadruplus·</strong></span> <span class='ocrx_word' id='word_1_124' title='bbox 525 882 585 916; x_wconf 85' lang='lat' dir='ltr'><strong>fur</strong></span> <span class='ocrx_word' id='word_1_125' title='bbox 609 881 843 935; x_wconf 86' lang='lat' dir='ltr'><strong>quadruplum</strong></span> <span class='ocrx_word' id='word_1_126' title='bbox 865 882 982 916; x_wconf 80' lang='lat' dir='ltr'><strong>solvat</strong></span> <span class='ocrx_word' id='word_1_127' title='bbox 1005 884 1041 924; x_wconf 91' lang='lat'><strong>7,</strong></span> <span class='ocrx_word' id='word_1_128' title='bbox 1066 881 1111 924; x_wconf 88' lang='grc'><strong>6,</strong></span> <span class='ocrx_word' id='word_1_129' title='bbox 1134 882 1169 921; x_wconf 75' lang='grc'><strong>2.</strong></span> <span class='ocrx_word' id='word_1_130' title='bbox 1191 877 1238 921; x_wconf 76' lang='lat' dir='ltr'><strong>cf.</strong></span> <span class='ocrx_word' id='word_1_131' title='bbox 1260 882 1296 922; x_wconf 91' lang='lat'><strong>7,</strong></span> <span class='ocrx_word' id='word_1_132' title='bbox 1321 877 1364 922; x_wconf 73' lang='lat'><strong>4,</strong></span> <span class='ocrx_word' id='word_1_133' title='bbox 1391 876 1450 913; x_wconf 86' lang='lat'><strong>44.</strong></span> <span class='ocrx_word' id='word_1_134' title='bbox 1476 890 1510 912; x_wconf 84' lang='lat' dir='ltr'><strong>v.</strong></span> <span class='ocrx_word' id='word_1_135' title='bbox 1556 878 1656 923; x_wconf 78' lang='lat' dir='ltr'><strong>Fur.</strong></span> 
     </span>
    </p>
   </div>
   <div class='ocr_carea' id='block_1_6' title="bbox 192 937 1728 2831">
    <p class='ocr_par' dir='ltr' id='par_1_7' title="bbox 192 937 1728 2831">
     <span class='ocr_line' id='line_1_14' title="bbox 192 937 1724 995; baseline -0.003 -10"><span class='ocrx_word' id='word_1_136' title='bbox 192 937 379 989; x_wconf 73' lang='lat' dir='ltr'><strong>Quaero·</strong></span> <span class='ocrx_word' id='word_1_137' title='bbox 425 949 464 993; x_wconf 86' lang='grc' dir='ltr'><strong>α)</strong></span> <span class='ocrx_word' id='word_1_138' title='bbox 481 953 588 995; x_wconf 84' lang='lat' dir='ltr'><strong>simpl.</strong></span> <span class='ocrx_word' id='word_1_139' title='bbox 600 966 610 984; x_wconf 89' lang='grc'>.-</span> <span class='ocrx_word' id='word_1_140' title='bbox 640 950 876 995; x_wconf 67' lang='lat' dir='ltr'><strong>cogitantibus</strong></span> <span class='ocrx_word' id='word_1_141' title='bbox 892 955 927 984; x_wconf 89' lang='lat' dir='ltr'><strong>et</strong></span> <span class='ocrx_word' id='word_1_142' title='bbox 944 948 1182 983; x_wconf 76' lang='lat' dir='ltr'><strong>dubitantibus</strong></span> <span class='ocrx_word' id='word_1_143' title='bbox 1201 946 1335 987; x_wconf 76' lang='lat' dir='ltr'><strong>similes</strong></span> <span class='ocrx_word' id='word_1_144' title='bbox 1352 946 1605 991; x_wconf 77' lang='lat' dir='ltr'><strong>quaerere,</strong></span> <span class='ocrx_word' id='word_1_145' title='bbox 1632 957 1724 990; x_wconf 80' lang='lat' dir='ltr'><strong>quae</strong></span> 
     </span>
     <span class='ocr_line' id='line_1_15' title="bbox 236 992 1722 1040; baseline -0.002 -11"><span class='ocrx_word' id='word_1_146' title='bbox 236 996 493 1031; x_wconf 77' lang='lat' dir='ltr'><strong>attulimus</strong></span> <span class='ocrx_word' id='word_1_147' title='bbox 518 1000 575 1040; x_wconf 88' lang='lat'><strong>11,</strong></span> <span class='ocrx_word' id='word_1_148' title='bbox 603 1000 638 1039; x_wconf 85' lang='lat'><strong>2,</strong></span> <span class='ocrx_word' id='word_1_149' title='bbox 662 996 721 1032; x_wconf 81' lang='lat'><strong>47.</strong></span> <span class='ocrx_word' id='word_1_150' title='bbox 754 1007 820 1031; x_wconf 86' lang='lat' dir='ltr'><strong>nos</strong></span> <span class='ocrx_word' id='word_1_151' title='bbox 852 997 896 1030; x_wconf 90' lang='lat' dir='ltr'><strong>ad</strong></span> <span class='ocrx_word' id='word_1_152' title='bbox 929 996 1172 1040; x_wconf 82' lang='lat' dir='ltr'><strong>quaerendum</strong></span> <span class='ocrx_word' id='word_1_153' title='bbox 1205 1003 1280 1028; x_wconf 87' lang='lat' dir='ltr'><strong>non</strong></span> <span class='ocrx_word' id='word_1_154' title='bbox 1311 1003 1356 1038; x_wconf 88' lang='lat' dir='ltr'><strong>eo</strong></span> <span class='ocrx_word' id='word_1_155' title='bbox 1383 992 1463 1037; x_wconf 85' lang='lat' dir='ltr'><strong>ipso</strong></span> <span class='ocrx_word' id='word_1_156' title='bbox 1487 992 1722 1035; x_wconf 78' lang='lat' dir='ltr'><strong>concitemur,</strong></span> 
     </span>
     <span class='ocr_line' id='line_1_16' title="bbox 236 1038 1723 1087; baseline -0.003 -12"><span class='ocrx_word' id='word_1_157' title='bbox 236 1043 394 1087; x_wconf 74' lang='lat' dir='ltr'><strong>quod-‘—</strong></span> <span class='ocrx_word' id='word_1_158' title='bbox 409 1042 566 1077; x_wconf 76' lang='lat' dir='ltr'><strong>scimus?</strong></span> <span class='ocrx_word' id='word_1_159' title='bbox 602 1046 659 1087; x_wconf 91' lang='lat'><strong>10,</strong></span> <span class='ocrx_word' id='word_1_160' title='bbox 683 1046 718 1086; x_wconf 84' lang='grc'><strong>2,</strong></span> <span class='ocrx_word' id='word_1_161' title='bbox 745 1044 778 1078; x_wconf 86' lang='grc'>5.</span> <span class='ocrx_word' id='word_1_162' title='bbox 811 1042 857 1084; x_wconf 88' lang='lat' dir='ltr'><strong>cs.</strong></span> <span class='ocrx_word' id='word_1_163' title='bbox 881 1043 916 1085; x_wconf 87' lang='lat'><strong>5,</strong></span> <span class='ocrx_word' id='word_1_164' title='bbox 943 1045 999 1084; x_wconf 88' lang='lat'><strong>12,</strong></span> <span class='ocrx_word' id='word_1_165' title='bbox 1026 1048 1057 1076; x_wconf 91' lang='lat'><strong>1.</strong></span> <span class='ocrx_word' id='word_1_166' title='bbox 1105 1047 1144 1075; x_wconf 87' lang='lat' dir='ltr'><strong>ut</strong></span> <span class='ocrx_word' id='word_1_167' title='bbox 1168 1041 1211 1074; x_wconf 83' lang='lat' dir='ltr'><strong>ab</strong></span> <span class='ocrx_word' id='word_1_168' title='bbox 1235 1039 1358 1074; x_wconf 76' lang='lat' dir='ltr'><strong>ultima</strong></span> <span class='ocrx_word' id='word_1_169' title='bbox 1383 1038 1503 1084; x_wconf 84' lang='lat' dir='ltr'><strong>specie</strong></span> <span class='ocrx_word' id='word_1_170' title='bbox 1529 1044 1723 1075; x_wconf 77' lang='lat' dir='ltr'><strong>retrorsum</strong></span> 
     </span>
     <span class='ocr_line' id='line_1_17' title="bbox 235 1085 1725 1136; baseline -0.002 -15"><span class='ocrx_word' id='word_1_171' title='bbox 235 1099 444 1133; x_wconf 81' lang='lat' dir='ltr'><strong>quaererem</strong></span> <span class='ocrx_word' id='word_1_172' title='bbox 465 1101 577 1134; x_wconf 88' lang='lat' dir='ltr'><strong>usq-ue</strong></span> <span class='ocrx_word' id='word_1_173' title='bbox 597 1089 817 1135; x_wconf 18' lang='lat' dir='ltr'><strong>adn-primam</strong></span> <span class='ocrx_word' id='word_1_174' title='bbox 839 1090 1042 1136; x_wconf 82' lang='lat' dir='ltr'><strong>generalem</strong></span> <span class='ocrx_word' id='word_1_175' title='bbox 1069 1086 1312 1132; x_wconf 82' lang='lat' dir='ltr'><strong>quaestionem</strong></span> <span class='ocrx_word' id='word_1_176' title='bbox 1345 1088 1389 1128; x_wconf 90' lang='lat'><strong>7,</strong></span> <span class='ocrx_word' id='word_1_177' title='bbox 1422 1087 1464 1128; x_wconf 91' lang='lat'><strong>1,</strong></span> <span class='ocrx_word' id='word_1_178' title='bbox 1494 1087 1540 1119; x_wconf 87' lang='lat'><strong>23</strong></span> <span class='ocrx_word' id='word_1_179' title='bbox 1565 1097 1599 1121; x_wconf 78' lang='lat' dir='ltr'><strong>u.</strong></span> <span class='ocrx_word' id='word_1_180' title='bbox 1641 1085 1725 1118; x_wconf 86' lang='lat' dir='ltr'><strong>Re-</strong></span> 
     </span>
     <span class='ocr_line' id='line_1_18' title="bbox 238 1129 1724 1179; baseline -0.003 -11"><span class='ocrx_word' id='word_1_181' title='bbox 238 1141 462 1169; x_wconf 88' lang='lat' dir='ltr'><strong>trorsum.</strong></span> <span class='ocrx_word' id='word_1_182' title='bbox 486 1135 733 1172; x_wconf 84' lang='lat' dir='ltr'><strong>invenisse</strong></span> <span class='ocrx_word' id='word_1_183' title='bbox 754 1146 842 1178; x_wconf 84' lang='lat' dir='ltr'><strong>eos,</strong></span> <span class='ocrx_word' id='word_1_184' title='bbox 864 1134 927 1179; x_wconf 82' lang='lat' dir='ltr'><strong>qui</strong></span> <span class='ocrx_word' id='word_1_185' title='bbox 951 1133 1266 1179; x_wconf 78' lang='lat' dir='ltr'><strong>quaesierunt</strong></span> <span class='ocrx_word' id='word_1_186' title='bbox 1289 1134 1347 1175; x_wconf 88' lang='lat'><strong>10,</strong></span> <span class='ocrx_word' id='word_1_187' title='bbox 1369 1134 1406 1174; x_wconf 86' lang='lat'><strong>2,</strong></span> <span class='ocrx_word' id='word_1_188' title='bbox 1441 1131 1476 1167; x_wconf 83' lang='lat'><strong>6.</strong></span> <span class='ocrx_word' id='word_1_189' title='bbox 1518 1130 1584 1175; x_wconf 76' lang='lat' dir='ltr'><strong>qui</strong></span> <span class='ocrx_word' id='word_1_190' title='bbox 1611 1129 1724 1165; x_wconf 82' lang='lat' dir='ltr'><strong>subti-</strong></span> 
     </span>
     <span class='ocr_line' id='line_1_19' title="bbox 236 1177 1724 1226; baseline -0.001 -12"><span class='ocrx_word' id='word_1_191' title='bbox 236 1181 392 1224; x_wconf 60' lang='lat' dir='ltr'><strong>liter‚(S</strong></span> <span class='ocrx_word' id='word_1_192' title='bbox 399 1195 432 1224; x_wconf 85' lang='lat' dir='ltr'><strong>p.</strong></span> <span class='ocrx_word' id='word_1_193' title='bbox 457 1185 556 1216; x_wconf 84' lang='lat' dir='ltr'><strong>inser.</strong></span> <span class='ocrx_word' id='word_1_194' title='bbox 579 1181 634 1225; x_wconf 91' lang='lat' dir='ltr'><strong>id)</strong></span> <span class='ocrx_word' id='word_1_195' title='bbox 659 1186 871 1226; x_wconf 84' lang='lat' dir='ltr'><strong>quaeret,</strong></span> <span class='ocrx_word' id='word_1_196' title='bbox 898 1181 1032 1225; x_wconf 89' lang='lat' dir='ltr'><strong>aliquid</strong></span> <span class='ocrx_word' id='word_1_197' title='bbox 1057 1181 1148 1214; x_wconf 88' lang='lat' dir='ltr'><strong>ultra</strong></span> <span class='ocrx_word' id='word_1_198' title='bbox 1175 1177 1353 1222; x_wconf 59' lang='lat' dir='ltr'><strong>spectabit</strong></span> <span class='ocrx_word' id='word_1_199' title='bbox 1373 1181 1410 1220; x_wconf 90' lang='lat'><strong>7,</strong></span> <span class='ocrx_word' id='word_1_200' title='bbox 1435 1180 1479 1220; x_wconf 86' lang='lat'><strong>1,</strong></span> <span class='ocrx_word' id='word_1_201' title='bbox 1498 1177 1549 1212; x_wconf 76' lang='lat'><strong>59</strong></span> <span class='ocrx_word' id='word_1_202' title='bbox 1571 1180 1616 1213; x_wconf 85' lang='grc' dir='ltr'>Ζ.</span> <span class='ocrx_word' id='word_1_203' title='bbox 1643 1177 1724 1214; x_wconf 67' lang='lat' dir='ltr'><strong>,In-</strong></span> 
     </span>
     <span class='ocr_line' id='line_1_20' title="bbox 237 1222 1724 1272; baseline -0.003 -12"><span class='ocrx_word' id='word_1_204' title='bbox 237 1227 422 1261; x_wconf 84' lang='lat' dir='ltr'><strong>tendamus</strong></span> <span class='ocrx_word' id='word_1_205' title='bbox 450 1230 544 1262; x_wconf 75' lang='lat' dir='ltr'><strong>ultro</strong></span> <span class='ocrx_word' id='word_1_206' title='bbox 572 1228 750 1270; x_wconf 83' lang='lat' dir='ltr'><strong>animum,</strong></span> <span class='ocrx_word' id='word_1_207' title='bbox 778 1227 1055 1272; x_wconf 76' lang='lat' dir='ltr'><strong>videamusque,</strong></span> <span class='ocrx_word' id='word_1_208' title='bbox 1089 1238 1135 1260; x_wconf 88' lang='lat' dir='ltr'><strong>an</strong></span> <span class='ocrx_word' id='word_1_209' title='bbox 1157 1222 1519 1269; x_wconf 15' lang='lat' dir='ltr'><strong>aliquidvinveniri</strong></span> <span class='ocrx_word' id='word_1_210' title='bbox 1541 1227 1724 1267; x_wconf 77' lang='lat' dir='ltr'><strong>praeterea</strong></span> 
     </span>
     <span class='ocr_line' id='line_1_21' title="bbox 236 1273 1723 1318; baseline -0.003 -12"><span class='ocrx_word' id='word_1_211' title='bbox 236 1273 363 1317; x_wconf 88' lang='lat' dir='ltr'><strong>possit.</strong></span> <span class='ocrx_word' id='word_1_212' title='bbox 412 1273 493 1318; x_wconf 85' lang='lat' dir='ltr'><strong>Quo</strong></span> <span class='ocrx_word' id='word_1_213' title='bbox 516 1274 553 1306; x_wconf 89' lang='lat' dir='ltr'><strong>id</strong></span> <span class='ocrx_word' id='word_1_214' title='bbox 580 1275 688 1308; x_wconf 89' lang='lat' dir='ltr'><strong>modo</strong></span> <span class='ocrx_word' id='word_1_215' title='bbox 711 1274 797 1308; x_wconf 80' lang='lat' dir='ltr'><strong>fiet?</strong></span> <span class='ocrx_word' id='word_1_216' title='bbox 838 1274 972 1307; x_wconf 88' lang='lat' dir='ltr'><strong>Sedulo</strong></span> <span class='ocrx_word' id='word_1_217' title='bbox 1005 1273 1125 1306; x_wconf 87' lang='lat' dir='ltr'><strong>imitor</strong></span> <span class='ocrx_word' id='word_1_218' title='bbox 1144 1276 1478 1316; x_wconf 76' lang='lat' dir='ltr'><strong>quaerentem,</strong></span> <span class='ocrx_word' id='word_1_219' title='bbox 1511 1274 1551 1303; x_wconf 85' lang='lat' dir='ltr'><strong>ut</strong></span> <span class='ocrx_word' id='word_1_220' title='bbox 1584 1278 1723 1313; x_wconf 80' lang='lat' dir='ltr'><strong>quae-</strong></span> 
     </span>
     <span class='ocr_line' id='line_1_22' title="bbox 240 1313 1724 1366; baseline -0.003 -14"><span class='ocrx_word' id='word_1_221' title='bbox 240 1329 343 1352; x_wconf 85' lang='lat' dir='ltr'><strong>rere</strong></span> <span class='ocrx_word' id='word_1_222' title='bbox 369 1319 518 1353; x_wconf 90' lang='lat' dir='ltr'><strong>doceam</strong></span> <span class='ocrx_word' id='word_1_223' title='bbox 544 1322 578 1359; x_wconf 93' lang='lat'><strong>7,</strong></span> <span class='ocrx_word' id='word_1_224' title='bbox 605 1323 636 1361; x_wconf 88' lang='lat'><strong>1,</strong></span> <span class='ocrx_word' id='word_1_225' title='bbox 662 1318 718 1354; x_wconf 83' lang='lat'><strong>54.</strong></span> <span class='ocrx_word' id='word_1_226' title='bbox 751 1331 828 1353; x_wconf 90' lang='lat' dir='ltr'><strong>cum</strong></span> <span class='ocrx_word' id='word_1_227' title='bbox 854 1318 1022 1366; x_wconf 87' lang='lat' dir='ltr'><strong>cogitatio</strong></span> <span class='ocrx_word' id='word_1_228' title='bbox 1041 1320 1133 1351; x_wconf 79' lang='lat' dir='ltr'><strong>ultra</strong></span> <span class='ocrx_word' id='word_1_229' title='bbox 1149 1317 1200 1359; x_wconf 89' lang='lat' dir='ltr'><strong>id,</strong></span> <span class='ocrx_word' id='word_1_230' title='bbox 1225 1317 1322 1360; x_wconf 87' lang='lat' dir='ltr'><strong>quod</strong></span> <span class='ocrx_word' id='word_1_231' title='bbox 1338 1321 1402 1358; x_wconf 86' lang='lat' dir='ltr'><strong>est,</strong></span> <span class='ocrx_word' id='word_1_232' title='bbox 1426 1315 1568 1362; x_wconf 71' lang='lat' dir='ltr'><strong>longius</strong></span> <span class='ocrx_word' id='word_1_233' title='bbox 1588 1313 1724 1360; x_wconf 59' lang='lat' dir='ltr'><strong>Quaerit</strong></span> 
     </span>
     <span class='ocr_line' id='line_1_23' title="bbox 240 1361 1725 1411; baseline -0.004 -13"><span class='ocrx_word' id='word_1_234' title='bbox 240 1366 295 1407; x_wconf 87' lang='lat'><strong>11,</strong></span> <span class='ocrx_word' id='word_1_235' title='bbox 319 1367 354 1406; x_wconf 89' lang='grc'><strong>2,</strong></span> <span class='ocrx_word' id='word_1_236' title='bbox 378 1366 412 1398; x_wconf 86' lang='lat'><strong>3.</strong></span> <span class='ocrx_word' id='word_1_237' title='bbox 458 1363 670 1399; x_wconf 87' lang='lat' dir='ltr'><strong>Aristoteles</strong></span> <span class='ocrx_word' id='word_1_238' title='bbox 693 1364 886 1409; x_wconf 83' lang='lat' dir='ltr'><strong>quaerendi</strong></span> <span class='ocrx_word' id='word_1_239' title='bbox 909 1364 1020 1411; x_wconf 84' lang='lat' dir='ltr'><strong>gratia</strong></span> <span class='ocrx_word' id='word_1_240' title='bbox 1044 1364 1170 1407; x_wconf 88' lang='lat' dir='ltr'><strong>quaed.</strong></span> <span class='ocrx_word' id='word_1_241' title='bbox 1187 1361 1388 1396; x_wconf 78' lang='lat' dir='ltr'><strong>subtilitatis</strong></span> <span class='ocrx_word' id='word_1_242' title='bbox 1411 1363 1496 1395; x_wconf 79' lang='lat' dir='ltr'><strong>suae</strong></span> <span class='ocrx_word' id='word_1_243' title='bbox 1518 1362 1725 1407; x_wconf 77' lang='lat' dir='ltr'><strong>argumenta</strong></span> 
     </span>
     <span class='ocr_line' id='line_1_24' title="bbox 239 1404 1724 1456; baseline -0.004 -12"><span class='ocrx_word' id='word_1_244' title='bbox 239 1409 457 1456; x_wconf 80' lang='lat' dir='ltr'><strong>excogitavit</strong></span> <span class='ocrx_word' id='word_1_245' title='bbox 480 1413 525 1453; x_wconf 88' lang='grc'><strong>2,</strong></span> <span class='ocrx_word' id='word_1_246' title='bbox 554 1414 612 1453; x_wconf 88' lang='grc'><strong>17,</strong></span> <span class='ocrx_word' id='word_1_247' title='bbox 638 1413 693 1445; x_wconf 82' lang='lat'><strong>13.</strong></span> <span class='ocrx_word' id='word_1_248' title='bbox 739 1410 805 1444; x_wconf 87' lang='lat' dir='ltr'><strong>ista</strong></span> <span class='ocrx_word' id='word_1_249' title='bbox 830 1408 1109 1454; x_wconf 90' lang='lat' dir='ltr'><strong>quaerendi,</strong></span> <span class='ocrx_word' id='word_1_250' title='bbox 1131 1406 1398 1452; x_wconf 81' lang='lat' dir='ltr'><strong>judicandi,</strong></span> <span class='ocrx_word' id='word_1_251' title='bbox 1423 1404 1724 1450; x_wconf 88' lang='lat' dir='ltr'><strong>comparandi</strong></span> 
     </span>
     <span class='ocr_line' id='line_1_25' title="bbox 238 1451 1725 1501; baseline -0.004 -11"><span class='ocrx_word' id='word_1_252' title='bbox 238 1456 398 1490; x_wconf 80' lang='lat' dir='ltr'><strong>anxietas</strong></span> <span class='ocrx_word' id='word_1_253' title='bbox 422 1457 465 1500; x_wconf 79' lang='lat'><strong>8,</strong></span> <span class='ocrx_word' id='word_1_254' title='bbox 498 1458 555 1490; x_wconf 89' lang='lat' dir='ltr'><strong>Pr.</strong></span> <span class='ocrx_word' id='word_1_255' title='bbox 581 1457 645 1498; x_wconf 85' lang='lat'><strong>29;</strong></span> <span class='ocrx_word' id='word_1_256' title='bbox 686 1455 854 1501; x_wconf 89' lang='lat' dir='ltr'><strong>Alioqui,</strong></span> <span class='ocrx_word' id='word_1_257' title='bbox 886 1455 978 1490; x_wconf 90' lang='lat' dir='ltr'><strong>sicut</strong></span> <span class='ocrx_word' id='word_1_258' title='bbox 1013 1454 1073 1500; x_wconf 86' lang='lat' dir='ltr'><strong>qni</strong></span> <span class='ocrx_word' id='word_1_259' title='bbox 1099 1451 1349 1498; x_wconf 87' lang='lat' dir='ltr'><strong>patrimonium</strong></span> <span class='ocrx_word' id='word_1_260' title='bbox 1378 1461 1454 1486; x_wconf 83' lang='lat' dir='ltr'><strong>non</strong></span> <span class='ocrx_word' id='word_1_261' title='bbox 1486 1457 1725 1496; x_wconf 85' lang='lat' dir='ltr'><strong>pararunt,</strong></span> 
     </span>
     <span class='ocr_line' id='line_1_26' title="bbox 238 1497 1728 1547; baseline -0.005 -11"><span class='ocrx_word' id='word_1_262' title='bbox 238 1503 303 1536; x_wconf 83' lang='lat' dir='ltr'><strong>sub</strong></span> <span class='ocrx_word' id='word_1_263' title='bbox 328 1502 421 1536; x_wconf 87' lang='lat' dir='ltr'><strong>diem</strong></span> <span class='ocrx_word' id='word_1_264' title='bbox 444 1502 527 1546; x_wconf 87' lang='lat' dir='ltr'><strong>(Sp.</strong></span> <span class='ocrx_word' id='word_1_265' title='bbox 553 1502 714 1547; x_wconf 89' lang='lat' dir='ltr'><strong>subinde)</strong></span> <span class='ocrx_word' id='word_1_266' title='bbox 740 1507 998 1547; x_wconf 65' lang='lat' dir='ltr'><strong>quaerunt:</strong></span> <span class='ocrx_word' id='word_1_267' title='bbox 1035 1501 1084 1534; x_wconf 90' lang='lat' dir='ltr'><strong>ita</strong></span> <span class='ocrx_word' id='word_1_268' title='bbox 1102 1500 1141 1533; x_wconf 92' lang='lat' dir='ltr'><strong>in</strong></span> <span class='ocrx_word' id='word_1_269' title='bbox 1164 1498 1348 1542; x_wconf 87' lang='lat' dir='ltr'><strong>oratione,</strong></span> <span class='ocrx_word' id='word_1_270' title='bbox 1423 1497 1437 1532; x_wconf 87' lang='lat' dir='ltr'><strong>i</strong></span> <span class='ocrx_word' id='word_1_271' title='bbox 1460 1509 1535 1532; x_wconf 91' lang='lat' dir='ltr'><strong>non</strong></span> <span class='ocrx_word' id='word_1_272' title='bbox 1563 1497 1646 1531; x_wconf 84' lang='lat' dir='ltr'><strong>satis</strong></span> <span class='ocrx_word' id='word_1_273' title='bbox 1670 1498 1728 1530; x_wconf 84' lang='lat' dir='ltr'><strong>la-</strong></span> 
     </span>
     <span class='ocr_line' id='line_1_27' title="bbox 234 1543 1727 1593; baseline -0.003 -11"><span class='ocrx_word' id='word_1_274' title='bbox 234 1550 406 1582; x_wconf 89' lang='lat' dir='ltr'><strong>borarunt</strong></span> <span class='ocrx_word' id='word_1_275' title='bbox 429 1551 471 1582; x_wconf 84' lang='lat' dir='ltr'><strong>ib.</strong></span> <span class='ocrx_word' id='word_1_276' title='bbox 497 1553 539 1582; x_wconf 91' lang='lat' dir='ltr'><strong>Z.</strong></span> <span class='ocrx_word' id='word_1_277' title='bbox 566 1550 612 1582; x_wconf 85' lang='lat' dir='ltr'><strong>N.</strong></span> <span class='ocrx_word' id='word_1_278' title='bbox 660 1547 698 1593; x_wconf 83' lang='grc' dir='ltr'><strong>β)</strong></span> <span class='ocrx_word' id='word_1_279' title='bbox 725 1562 754 1582; x_wconf 87' lang='lat' dir='ltr'><strong>c.</strong></span> <span class='ocrx_word' id='word_1_280' title='bbox 785 1549 883 1593; x_wconf 85' lang='lat' dir='ltr'><strong>Obj..·</strong></span> <span class='ocrx_word' id='word_1_281' title='bbox 908 1547 968 1582; x_wconf 89' lang='lat' dir='ltr'><strong>ille</strong></span> <span class='ocrx_word' id='word_1_282' title='bbox 997 1548 1136 1580; x_wconf 88' lang='lat' dir='ltr'><strong>demum</strong></span> <span class='ocrx_word' id='word_1_283' title='bbox 1158 1545 1197 1579; x_wconf 91' lang='lat' dir='ltr'><strong>in</strong></span> <span class='ocrx_word' id='word_1_284' title='bbox 1223 1544 1274 1588; x_wconf 87' lang='lat' dir='ltr'><strong>id,</strong></span> <span class='ocrx_word' id='word_1_285' title='bbox 1300 1554 1371 1588; x_wconf 87' lang='lat' dir='ltr'><strong>quo</strong></span> <span class='ocrx_word' id='word_1_286' title='bbox 1423 1543 1635 1588; x_wconf 85' lang='lat' dir='ltr'><strong>quaerimus,</strong></span> <span class='ocrx_word' id='word_1_287' title='bbox 1658 1554 1727 1588; x_wconf 87' lang='lat' dir='ltr'><strong>po-</strong></span> 
     </span>
     <span class='ocr_line' id='line_1_28' title="bbox 237 1590 1726 1638; baseline -0.004 -10"><span class='ocrx_word' id='word_1_288' title='bbox 237 1595 321 1629; x_wconf 88' lang='lat' dir='ltr'><strong>terit</strong></span> <span class='ocrx_word' id='word_1_289' title='bbox 346 1595 498 1630; x_wconf 84' lang='lat' dir='ltr'><strong>evadere</strong></span> <span class='ocrx_word' id='word_1_290' title='bbox 524 1598 558 1637; x_wconf 84' lang='lat'><strong>2,</strong></span> <span class='ocrx_word' id='word_1_291' title='bbox 584 1593 619 1637; x_wconf 91' lang='lat'><strong>4,</strong></span> <span class='ocrx_word' id='word_1_292' title='bbox 645 1597 699 1629; x_wconf 90' lang='lat'><strong>17.</strong></span> <span class='ocrx_word' id='word_1_293' title='bbox 746 1605 813 1628; x_wconf 85' lang='lat' dir='ltr'><strong>nos</strong></span> <span class='ocrx_word' id='word_1_294' title='bbox 838 1593 1103 1638; x_wconf 87' lang='lat' dir='ltr'><strong>quaerimus</strong></span> <span class='ocrx_word' id='word_1_295' title='bbox 1126 1591 1207 1634; x_wconf 90' lang='lat' dir='ltr'><strong>illa,</strong></span> <span class='ocrx_word' id='word_1_296' title='bbox 1230 1596 1399 1634; x_wconf 75' lang='lat' dir='ltr'><strong>tanquam</strong></span> <span class='ocrx_word' id='word_1_297' title='bbox 1421 1590 1607 1624; x_wconf 87' lang='lat' dir='ltr'><strong>lateant</strong></span> <span class='ocrx_word' id='word_1_298' title='bbox 1630 1599 1726 1624; x_wconf 85' lang='lat' dir='ltr'><strong>sem-</strong></span> 
     </span>
     <span class='ocr_line' id='line_1_29' title="bbox 235 1634 1728 1685; baseline -0.005 -10"><span class='ocrx_word' id='word_1_299' title='bbox 235 1652 302 1685; x_wconf 88' lang='lat' dir='ltr'><strong>per</strong></span> <span class='ocrx_word' id='word_1_300' title='bbox 324 1652 449 1685; x_wconf 87' lang='lat' dir='ltr'><strong>seque</strong></span> <span class='ocrx_word' id='word_1_301' title='bbox 470 1641 550 1674; x_wconf 88' lang='lat' dir='ltr'><strong>sub</strong></span> <span class='ocrx_word' id='word_1_302' title='bbox 564 1642 732 1675; x_wconf 89' lang='lat' dir='ltr'><strong>ducant</strong></span> <span class='ocrx_word' id='word_1_303' title='bbox 758 1642 803 1684; x_wconf 82' lang='lat'><strong>8,</strong></span> <span class='ocrx_word' id='word_1_304' title='bbox 826 1642 883 1674; x_wconf 89' lang='lat' dir='ltr'><strong>Pr.</strong></span> <span class='ocrx_word' id='word_1_305' title='bbox 911 1643 968 1673; x_wconf 87' lang='lat'><strong>21.</strong></span> <span class='ocrx_word' id='word_1_306' title='bbox 1016 1639 1102 1682; x_wconf 80' lang='lat' dir='ltr'><strong>quid</strong></span> <span class='ocrx_word' id='word_1_307' title='bbox 1124 1647 1266 1682; x_wconf 86' lang='lat' dir='ltr'><strong>quoque</strong></span> <span class='ocrx_word' id='word_1_308' title='bbox 1288 1638 1373 1670; x_wconf 83' lang='lat' dir='ltr'><strong>loco</strong></span> <span class='ocrx_word' id='word_1_309' title='bbox 1393 1640 1588 1680; x_wconf 75' lang='lat' dir='ltr'><strong>quaerant,</strong></span> <span class='ocrx_word' id='word_1_310' title='bbox 1603 1634 1728 1669; x_wconf 72' lang='lat' dir='ltr'><strong>scient</strong></span> 
     </span>
     <span class='ocr_line' id='line_1_30' title="bbox 238 1680 1727 1730; baseline -0.005 -9"><span class='ocrx_word' id='word_1_311' title='bbox 238 1690 295 1730; x_wconf 92' lang='lat'><strong>10,</strong></span> <span class='ocrx_word' id='word_1_312' title='bbox 318 1691 353 1727; x_wconf 88' lang='lat'><strong>7,</strong></span> <span class='ocrx_word' id='word_1_313' title='bbox 379 1688 412 1720; x_wconf 87' lang='grc'><strong>6.</strong></span> <span class='ocrx_word' id='word_1_314' title='bbox 459 1688 542 1720; x_wconf 85' lang='lat' dir='ltr'><strong>dum</strong></span> <span class='ocrx_word' id='word_1_315' title='bbox 567 1687 685 1720; x_wconf 84' lang='lat' dir='ltr'><strong>onmia</strong></span> <span class='ocrx_word' id='word_1_316' title='bbox 710 1687 922 1730; x_wconf 88' lang='lat' dir='ltr'><strong>quaerimus,</strong></span> <span class='ocrx_word' id='word_1_317' title='bbox 946 1685 1137 1729; x_wconf 89' lang='lat' dir='ltr'><strong>aliquando</strong></span> <span class='ocrx_word' id='word_1_318' title='bbox 1161 1685 1206 1718; x_wconf 87' lang='lat' dir='ltr'><strong>ad</strong></span> <span class='ocrx_word' id='word_1_319' title='bbox 1230 1694 1381 1725; x_wconf 78' lang='lat' dir='ltr'><strong>verum,</strong></span> <span class='ocrx_word' id='word_1_320' title='bbox 1403 1681 1471 1716; x_wconf 87' lang='lat' dir='ltr'><strong>uhi·</strong></span> <span class='ocrx_word' id='word_1_321' title='bbox 1486 1680 1633 1716; x_wconf 84' lang='lat' dir='ltr'><strong>minime</strong></span> <span class='ocrx_word' id='word_1_322' title='bbox 1660 1691 1727 1714; x_wconf 85' lang='lat' dir='ltr'><strong>ex—</strong></span> 
     </span>
     <span class='ocr_line' id='line_1_31' title="bbox 236 1727 1727 1778; baseline -0.005 -11"><span class='ocrx_word' id='word_1_323' title='bbox 236 1733 476 1778; x_wconf 80' lang='lat' dir='ltr'><strong>pectavimus,</strong></span> <span class='ocrx_word' id='word_1_324' title='bbox 506 1733 734 1777; x_wconf 81' lang='lat' dir='ltr'><strong>pervenimus</strong></span> <span class='ocrx_word' id='word_1_325' title='bbox 759 1735 824 1775; x_wconf 83' lang='lat'><strong>12,</strong></span> <span class='ocrx_word' id='word_1_326' title='bbox 849 1734 893 1775; x_wconf 78' lang='lat'><strong>8,</strong></span> <span class='ocrx_word' id='word_1_327' title='bbox 927 1734 982 1766; x_wconf 85' lang='lat'><strong>11.</strong></span> <span class='ocrx_word' id='word_1_328' title='bbox 1030 1742 1110 1764; x_wconf 87' lang='lat' dir='ltr'><strong>cum</strong></span> <span class='ocrx_word' id='word_1_329' title='bbox 1135 1736 1170 1764; x_wconf 91' lang='lat' dir='ltr'><strong>et</strong></span> <span class='ocrx_word' id='word_1_330' title='bbox 1193 1729 1323 1773; x_wconf 86' lang='lat' dir='ltr'><strong>scripta</strong></span> <span class='ocrx_word' id='word_1_331' title='bbox 1348 1727 1563 1772; x_wconf 82' lang='lat' dir='ltr'><strong>perdidit</strong></span> <span class='ocrx_word' id='word_1_332' title='bbox 1591 1732 1628 1760; x_wconf 87' lang='lat' dir='ltr'><strong>et</strong></span> <span class='ocrx_word' id='word_1_333' title='bbox 1650 1735 1727 1760; x_wconf 89' lang='lat' dir='ltr'><strong>non</strong></span> 
     </span>
     <span class='ocr_line' id='line_1_32' title="bbox 239 1771 1728 1823; baseline -0.005 -11"><span class='ocrx_word' id='word_1_334' title='bbox 239 1779 426 1823; x_wconf 89' lang='lat' dir='ltr'><strong>quaerit</strong></span> <span class='ocrx_word' id='word_1_335' title='bbox 463 1790 558 1814; x_wconf 83' lang='lat' dir='ltr'><strong>nova</strong></span> <span class='ocrx_word' id='word_1_336' title='bbox 593 1781 656 1820; x_wconf 89' lang='lat'><strong>10,</strong></span> <span class='ocrx_word' id='word_1_337' title='bbox 694 1782 740 1821; x_wconf 88' lang='lat'><strong>7,</strong></span> <span class='ocrx_word' id='word_1_338' title='bbox 768 1781 825 1813; x_wconf 88' lang='lat'><strong>33.</strong></span> <span class='ocrx_word' id='word_1_339' title='bbox 875 1788 1083 1822; x_wconf 85' lang='lat' dir='ltr'><strong>quaeramus</strong></span> <span class='ocrx_word' id='word_1_340' title='bbox 1117 1776 1249 1819; x_wconf 86' lang='lat' dir='ltr'><strong>optima</strong></span> <span class='ocrx_word' id='word_1_341' title='bbox 1280 1777 1347 1816; x_wconf 90' lang='lat'><strong>10,</strong></span> <span class='ocrx_word' id='word_1_342' title='bbox 1380 1773 1421 1816; x_wconf 85' lang='lat'><strong>4,</strong></span> <span class='ocrx_word' id='word_1_343' title='bbox 1462 1773 1495 1809; x_wconf 86' lang='lat'><strong>5.</strong></span> <span class='ocrx_word' id='word_1_344' title='bbox 1542 1782 1614 1817; x_wconf 89' lang='lat' dir='ltr'><strong>quo</strong></span> <span class='ocrx_word' id='word_1_345' title='bbox 1637 1771 1728 1805; x_wconf 86' lang='lat' dir='ltr'><strong>nihil</strong></span> 
     </span>
     <span class='ocr_line' id='line_1_33' title="bbox 239 1819 1725 1869; baseline -0.004 -12"><span class='ocrx_word' id='word_1_346' title='bbox 239 1837 388 1869; x_wconf 84' lang='lat' dir='ltr'><strong>quaeras</strong></span> <span class='ocrx_word' id='word_1_347' title='bbox 410 1825 602 1869; x_wconf 73' lang='lat' dir='ltr'><strong>perfectius</strong></span> <span class='ocrx_word' id='word_1_348' title='bbox 641 1827 701 1864; x_wconf 84' lang='lat'><strong>10,</strong></span> <span class='ocrx_word' id='word_1_349' title='bbox 740 1827 775 1867; x_wconf 90' lang='lat'><strong>1,</strong></span> <span class='ocrx_word' id='word_1_350' title='bbox 809 1825 866 1859; x_wconf 84' lang='grc'>78.</span> <span class='ocrx_word' id='word_1_351' title='bbox 915 1829 1104 1869; x_wconf 86' lang='lat' dir='ltr'><strong>quaeratur</strong></span> <span class='ocrx_word' id='word_1_352' title='bbox 1133 1821 1280 1856; x_wconf 87' lang='lat' dir='ltr'><strong>similius</strong></span> <span class='ocrx_word' id='word_1_353' title='bbox 1310 1819 1443 1864; x_wconf 86' lang='lat' dir='ltr'><strong>aliquid</strong></span> <span class='ocrx_word' id='word_1_354' title='bbox 1479 1822 1543 1862; x_wconf 87' lang='lat'><strong>12,</strong></span> <span class='ocrx_word' id='word_1_355' title='bbox 1578 1820 1641 1861; x_wconf 90' lang='lat'><strong>10,</strong></span> <span class='ocrx_word' id='word_1_356' title='bbox 1666 1820 1725 1852; x_wconf 86' lang='grc'><strong>22.</strong></span> 
     </span>
     <span class='ocr_line' id='line_1_34' title="bbox 239 1864 1726 1916; baseline -0.007 -9"><span class='ocrx_word' id='word_1_357' title='bbox 239 1871 444 1908; x_wconf 77' lang='lat' dir='ltr'><strong>verisimilia</strong></span> <span class='ocrx_word' id='word_1_358' title='bbox 467 1876 682 1916; x_wconf 81' lang='lat' dir='ltr'><strong>quaerentur</strong></span> <span class='ocrx_word' id='word_1_359' title='bbox 708 1873 750 1913; x_wconf 90' lang='grc'><strong>2,</strong></span> <span class='ocrx_word' id='word_1_360' title='bbox 778 1874 832 1913; x_wconf 88' lang='grc'><strong>17,</strong></span> <span class='ocrx_word' id='word_1_361' title='bbox 858 1869 915 1903; x_wconf 89' lang='lat'><strong>34.</strong></span> <span class='ocrx_word' id='word_1_362' title='bbox 950 1870 1052 1913; x_wconf 86' lang='lat' dir='ltr'><strong>plura</strong></span> <span class='ocrx_word' id='word_1_363' title='bbox 1075 1867 1286 1913; x_wconf 86' lang='lat' dir='ltr'><strong>quaesituris</strong></span> <span class='ocrx_word' id='word_1_364' title='bbox 1309 1868 1350 1908; x_wconf 93' lang='lat'><strong>5,</strong></span> <span class='ocrx_word' id='word_1_365' title='bbox 1375 1867 1440 1908; x_wconf 83' lang='lat'><strong>10,</strong></span> <span class='ocrx_word' id='word_1_366' title='bbox 1463 1867 1520 1902; x_wconf 83' lang='lat'><strong>31.</strong></span> <span class='ocrx_word' id='word_1_367' title='bbox 1554 1875 1605 1907; x_wconf 85' lang='lat' dir='ltr'><strong>se,</strong></span> <span class='ocrx_word' id='word_1_368' title='bbox 1630 1864 1726 1908; x_wconf 89' lang='lat' dir='ltr'><strong>quod</strong></span> 
     </span>
     <span class='ocr_line' id='line_1_35' title="bbox 237 1910 1727 1961; baseline -0.006 -10"><span class='ocrx_word' id='word_1_369' title='bbox 237 1928 467 1951; x_wconf 85' lang='lat' dir='ltr'><strong>numerosum</strong></span> <span class='ocrx_word' id='word_1_370' title='bbox 489 1917 554 1961; x_wconf 89' lang='lat' dir='ltr'><strong>sit,</strong></span> <span class='ocrx_word' id='word_1_371' title='bbox 590 1927 760 1961; x_wconf 82' lang='lat' dir='ltr'><strong>quaerere</strong></span> <span class='ocrx_word' id='word_1_372' title='bbox 790 1918 833 1958; x_wconf 87' lang='lat'><strong>9,</strong></span> <span class='ocrx_word' id='word_1_373' title='bbox 863 1915 906 1957; x_wconf 89' lang='lat'><strong>4,</strong></span> <span class='ocrx_word' id='word_1_374' title='bbox 942 1916 1006 1957; x_wconf 76' lang='lat'><strong>563</strong></span> <span class='ocrx_word' id='word_1_375' title='bbox 1045 1925 1195 1959; x_wconf 89' lang='lat' dir='ltr'><strong>quorum</strong></span> <span class='ocrx_word' id='word_1_376' title='bbox 1226 1912 1390 1955; x_wconf 85' lang='lat' dir='ltr'><strong>exempla</strong></span> <span class='ocrx_word' id='word_1_377' title='bbox 1414 1910 1478 1944; x_wconf 92' lang='lat' dir='ltr'><strong>illo</strong></span> <span class='ocrx_word' id='word_1_378' title='bbox 1507 1911 1590 1944; x_wconf 90' lang='lat' dir='ltr'><strong>loco</strong></span> <span class='ocrx_word' id='word_1_379' title='bbox 1615 1920 1727 1953; x_wconf 87' lang='lat' dir='ltr'><strong>quae-</strong></span> 
     </span>
     <span class='ocr_line' id='line_1_36' title="bbox 220 1954 1726 2008; baseline -0.005 -13"><span class='ocrx_word' id='word_1_380' title='bbox 220 1965 350 1998; x_wconf 39' lang='lat' dir='ltr'><strong>srenda</strong></span> <span class='ocrx_word' id='word_1_381' title='bbox 386 1964 478 2008; x_wconf 84' lang='lat' dir='ltr'><strong>(Sp.</strong></span> <span class='ocrx_word' id='word_1_382' title='bbox 510 1962 681 2005; x_wconf 83' lang='lat' dir='ltr'><strong>reddam)</strong></span> <span class='ocrx_word' id='word_1_383' title='bbox 719 1964 763 2005; x_wconf 86' lang='grc'><strong>8,</strong></span> <span class='ocrx_word' id='word_1_384' title='bbox 795 1963 839 2004; x_wconf 83' lang='grc'><strong>3,</strong></span> <span class='ocrx_word' id='word_1_385' title='bbox 874 1963 915 1995; x_wconf 91' lang='lat'><strong>51</strong></span> <span class='ocrx_word' id='word_1_386' title='bbox 941 1965 985 1995; x_wconf 84' lang='lat' dir='ltr'><strong>Z.</strong></span> <span class='ocrx_word' id='word_1_387' title='bbox 1034 1971 1204 2005; x_wconf 86' lang='lat' dir='ltr'><strong>quaerere</strong></span> <span class='ocrx_word' id='word_1_388' title='bbox 1227 1957 1388 1993; x_wconf 85' lang='lat' dir='ltr'><strong>habitum</strong></span> <span class='ocrx_word' id='word_1_389' title='bbox 1414 1962 1621 2003; x_wconf 79' lang='lat' dir='ltr'><strong>gestumque</strong></span> <span class='ocrx_word' id='word_1_390' title='bbox 1648 1954 1726 1989; x_wconf 75' lang='lat' dir='ltr'><strong>sine</strong></span> 
     </span>
     <span class='ocr_line' id='line_1_37' title="bbox 237 2001 1728 2054; baseline -0.007 -10"><span class='ocrx_word' id='word_1_391' title='bbox 237 2021 391 2054; x_wconf 83' lang='lat' dir='ltr'><strong>corpore</strong></span> <span class='ocrx_word' id='word_1_392' title='bbox 416 2011 463 2052; x_wconf 85' lang='lat'><strong>9,</strong></span> <span class='ocrx_word' id='word_1_393' title='bbox 487 2012 529 2053; x_wconf 84' lang='lat'><strong>3,</strong></span> <span class='ocrx_word' id='word_1_394' title='bbox 556 2013 633 2044; x_wconf 77' lang='grc'>100.</span> <span class='ocrx_word' id='word_1_395' title='bbox 664 2008 852 2043; x_wconf 81' lang='lat' dir='ltr'><strong>-invidiam</strong></span> <span class='ocrx_word' id='word_1_396' title='bbox 877 2006 943 2042; x_wconf 90' lang='lat' dir='ltr'><strong>sibi</strong></span> <span class='ocrx_word' id='word_1_397' title='bbox 962 2008 1090 2051; x_wconf 84' lang='lat' dir='ltr'><strong>quaeri</strong></span> <span class='ocrx_word' id='word_1_398' title='bbox 1113 2007 1156 2039; x_wconf 83' lang='lat' dir='ltr'><strong>ab</strong></span> <span class='ocrx_word' id='word_1_399' title='bbox 1184 2003 1390 2041; x_wconf 81' lang='lat' dir='ltr'><strong>adversario</strong></span> <span class='ocrx_word' id='word_1_400' title='bbox 1418 2003 1458 2046; x_wconf 85' lang='lat'><strong>5,</strong></span> <span class='ocrx_word' id='word_1_401' title='bbox 1490 2003 1536 2045; x_wconf 86' lang='grc'><strong>6,</strong></span> <span class='ocrx_word' id='word_1_402' title='bbox 1567 2002 1602 2037; x_wconf 78' lang='lat'><strong>5.</strong></span> <span class='ocrx_word' id='word_1_403' title='bbox 1648 2001 1728 2045; x_wconf 83' lang='lat' dir='ltr'><strong>jura</strong></span> 
     </span>
     <span class='ocr_line' id='line_1_38' title="bbox 239 2049 1725 2102; baseline -0.008 -11"><span class='ocrx_word' id='word_1_404' title='bbox 239 2056 583 2102; x_wconf 83' lang='lat' dir='ltr'><strong>quaerentibus</strong></span> <span class='ocrx_word' id='word_1_405' title='bbox 606 2057 773 2089; x_wconf 89' lang='lat' dir='ltr'><strong>reddet</strong></span> <span class='ocrx_word' id='word_1_406' title='bbox 797 2055 883 2098; x_wconf 86' lang='lat' dir='ltr'><strong>(Sp.</strong></span> <span class='ocrx_word' id='word_1_407' title='bbox 909 2054 1042 2096; x_wconf 83' lang='lat' dir='ltr'><strong>tradet)</strong></span> <span class='ocrx_word' id='word_1_408' title='bbox 1067 2055 1131 2095; x_wconf 88' lang='grc'><strong>12,</strong></span> <span class='ocrx_word' id='word_1_409' title='bbox 1165 2054 1232 2095; x_wconf 86' lang='lat'><strong>11,</strong></span> <span class='ocrx_word' id='word_1_410' title='bbox 1259 2049 1295 2084; x_wconf 86' lang='grc'>4.</span> <span class='ocrx_word' id='word_1_411' title='bbox 1342 2059 1460 2084; x_wconf 81' lang='lat' dir='ltr'><strong>moras</strong></span> <span class='ocrx_word' id='word_1_412' title='bbox 1485 2053 1522 2082; x_wconf 83' lang='lat' dir='ltr'><strong>et</strong></span> <span class='ocrx_word' id='word_1_413' title='bbox 1546 2057 1725 2099; x_wconf 70' lang='lat' dir='ltr'><strong>secessum</strong></span> 
     </span>
     <span class='ocr_line' id='line_1_39' title="bbox 238 2092 1726 2147; baseline -0.007 -10"><span class='ocrx_word' id='word_1_414' title='bbox 238 2109 273 2137; x_wconf 90' lang='lat' dir='ltr'><strong>et</strong></span> <span class='ocrx_word' id='word_1_415' title='bbox 295 2103 475 2137; x_wconf 84' lang='lat' dir='ltr'><strong>silentium</strong></span> <span class='ocrx_word' id='word_1_416' title='bbox 499 2108 646 2147; x_wconf 86' lang='lat' dir='ltr'><strong>quaeret</strong></span> <span class='ocrx_word' id='word_1_417' title='bbox 672 2104 735 2144; x_wconf 90' lang='lat'><strong>10,</strong></span> <span class='ocrx_word' id='word_1_418' title='bbox 765 2105 799 2144; x_wconf 87' lang='lat'><strong>7,</strong></span> <span class='ocrx_word' id='word_1_419' title='bbox 825 2103 860 2135; x_wconf 83' lang='lat'><strong>2.</strong></span> <span class='ocrx_word' id='word_1_420' title='bbox 903 2110 979 2134; x_wconf 87' lang='lat' dir='ltr'><strong>non</strong></span> <span class='ocrx_word' id='word_1_421' title='bbox 1002 2104 1219 2133; x_wconf 88' lang='lat' dir='ltr'><strong>ornamenta·</strong></span> <span class='ocrx_word' id='word_1_422' title='bbox 1234 2095 1436 2141; x_wconf 80' lang='lat' dir='ltr'><strong>quaerimus</strong></span> <span class='ocrx_word' id='word_1_423' title='bbox 1459 2095 1523 2130; x_wconf 83' lang='lat' dir='ltr'><strong>sed</strong></span> <span class='ocrx_word' id='word_1_424' title='bbox 1547 2092 1726 2127; x_wconf 80' lang='lat' dir='ltr'><strong>lenocinia</strong></span> 
     </span>
     <span class='ocr_line' id='line_1_40' title="bbox 238 2139 1728 2192; baseline -0.008 -8"><span class='ocrx_word' id='word_1_425' title='bbox 238 2150 261 2184; x_wconf 89' lang='grc'>8</span> <span class='ocrx_word' id='word_1_426' title='bbox 275 2175 285 2192; x_wconf 92' lang='grc'><strong>,</strong></span> <span class='ocrx_word' id='word_1_427' title='bbox 308 2151 366 2183; x_wconf 89' lang='lat' dir='ltr'><strong>Pr.</strong></span> <span class='ocrx_word' id='word_1_428' title='bbox 389 2150 447 2183; x_wconf 82' lang='lat'><strong>26.</strong></span> <span class='ocrx_word' id='word_1_429' title='bbox 493 2160 565 2182; x_wconf 89' lang='lat' dir='ltr'><strong>non</strong></span> <span class='ocrx_word' id='word_1_430' title='bbox 590 2148 746 2192; x_wconf 88' lang='lat' dir='ltr'><strong>speciem</strong></span> <span class='ocrx_word' id='word_1_431' title='bbox 769 2144 1004 2191; x_wconf 82' lang='lat' dir='ltr'><strong>expositionis</strong></span> <span class='ocrx_word' id='word_1_432' title='bbox 1028 2146 1092 2179; x_wconf 85' lang='lat' dir='ltr'><strong>sed</strong></span> <span class='ocrx_word' id='word_1_433' title='bbox 1112 2145 1218 2178; x_wconf 83' lang='lat' dir='ltr'><strong>fidem</strong></span> <span class='ocrx_word' id='word_1_434' title='bbox 1242 2141 1379 2187; x_wconf 86' lang='lat' dir='ltr'><strong>quaerit</strong></span> <span class='ocrx_word' id='word_1_435' title='bbox 1402 2143 1458 2182; x_wconf 73' lang='lat'><strong>10,</strong></span> <span class='ocrx_word' id='word_1_436' title='bbox 1486 2142 1521 2183; x_wconf 90' lang='lat'><strong>1,</strong></span> <span class='ocrx_word' id='word_1_437' title='bbox 1544 2139 1600 2174; x_wconf 80' lang='lat'><strong>32.</strong></span> <span class='ocrx_word' id='word_1_438' title='bbox 1635 2149 1728 2190; x_wconf 74' lang='lat' dir='ltr'><strong>quo-</strong></span> 
     </span>
     <span class='ocr_line' id='line_1_41' title="bbox 237 2187 1728 2237; baseline -0.007 -9"><span class='ocrx_word' id='word_1_439' title='bbox 237 2195 330 2230; x_wconf 87' lang='lat' dir='ltr'><strong>tiens</strong></span> <span class='ocrx_word' id='word_1_440' title='bbox 354 2196 502 2230; x_wconf 86' lang='lat' dir='ltr'><strong>verbum</strong></span> <span class='ocrx_word' id='word_1_441' title='bbox 525 2195 638 2231; x_wconf 83' lang='lat' dir='ltr'><strong>verbo</strong></span> <span class='ocrx_word' id='word_1_442' title='bbox 663 2193 758 2237; x_wconf 87' lang='lat' dir='ltr'><strong>(Sp.</strong></span> <span class='ocrx_word' id='word_1_443' title='bbox 785 2193 856 2237; x_wconf 77' lang='lat' dir='ltr'><strong>adj.</strong></span> <span class='ocrx_word' id='word_1_444' title='bbox 881 2190 1017 2233; x_wconf 85' lang='lat' dir='ltr'><strong>simile)</strong></span> <span class='ocrx_word' id='word_1_445' title='bbox 1043 2196 1101 2225; x_wconf 89' lang='lat' dir='ltr'><strong>aut</strong></span> <span class='ocrx_word' id='word_1_446' title='bbox 1125 2200 1200 2224; x_wconf 90' lang='lat' dir='ltr'><strong>non</strong></span> <span class='ocrx_word' id='word_1_447' title='bbox 1224 2187 1393 2223; x_wconf 86' lang='lat' dir='ltr'><strong>dissimile</strong></span> <span class='ocrx_word' id='word_1_448' title='bbox 1416 2187 1523 2227; x_wconf 81' lang='lat' dir='ltr'><strong>valde</strong></span> <span class='ocrx_word' id='word_1_449' title='bbox 1549 2190 1728 2234; x_wconf 58' lang='lat' dir='ltr'><strong>quaeritur</strong></span> 
     </span>
     <span class='ocr_line' id='line_1_42' title="bbox 224 2230 1728 2284; baseline -0.009 -7"><span class='ocrx_word' id='word_1_450' title='bbox 224 2241 284 2284; x_wconf 37' lang='grc'><strong>«9,</strong></span> <span class='ocrx_word' id='word_1_451' title='bbox 311 2243 354 2284; x_wconf 86' lang='grc'><strong>3,</strong></span> <span class='ocrx_word' id='word_1_452' title='bbox 378 2242 424 2276; x_wconf 88' lang='lat'><strong>75</strong></span> <span class='ocrx_word' id='word_1_453' title='bbox 447 2244 515 2283; x_wconf 90' lang='lat' dir='ltr'><strong>Z.;</strong></span> <span class='ocrx_word' id='word_1_454' title='bbox 548 2240 579 2274; x_wconf 90' lang='lat' dir='ltr'><strong>si</strong></span> <span class='ocrx_word' id='word_1_455' title='bbox 616 2239 693 2284; x_wconf 83' lang='lat' dir='ltr'><strong>quis</strong></span> <span class='ocrx_word' id='word_1_456' title='bbox 720 2251 827 2273; x_wconf 88' lang='lat' dir='ltr'><strong>unam</strong></span> <span class='ocrx_word' id='word_1_457' title='bbox 851 2236 1109 2281; x_wconf 80' lang='lat' dir='ltr'><strong>maximamque</strong></span> <span class='ocrx_word' id='word_1_458' title='bbox 1133 2247 1154 2270; x_wconf 89' lang='lat' dir='ltr'><strong>a</strong></span> <span class='ocrx_word' id='word_1_459' title='bbox 1177 2246 1235 2269; x_wconf 90' lang='lat' dir='ltr'><strong>me</strong></span> <span class='ocrx_word' id='word_1_460' title='bbox 1265 2239 1377 2268; x_wconf 86' lang='lat' dir='ltr'><strong>artem</strong></span> <span class='ocrx_word' id='word_1_461' title='bbox 1400 2230 1728 2277; x_wconf 26' lang='lat' dir='ltr'><strong>memoriae-‘’quae-</strong></span> 
     </span>
     <span class='ocr_line' id='line_1_43' title="bbox 238 2275 1728 2330; baseline -0.008 -9"><span class='ocrx_word' id='word_1_462' title='bbox 238 2293 315 2330; x_wconf 83' lang='lat' dir='ltr'><strong>rat,</strong></span> <span class='ocrx_word' id='word_1_463' title='bbox 351 2286 560 2320; x_wconf 87' lang='lat' dir='ltr'><strong>exercitatio</strong></span> <span class='ocrx_word' id='word_1_464' title='bbox 594 2292 647 2320; x_wconf 87' lang='lat' dir='ltr'><strong>est</strong></span> <span class='ocrx_word' id='word_1_465' title='bbox 683 2291 718 2320; x_wconf 88' lang='lat' dir='ltr'><strong>et</strong></span> <span class='ocrx_word' id='word_1_466' title='bbox 753 2286 854 2318; x_wconf 86' lang='lat' dir='ltr'><strong>labor</strong></span> <span class='ocrx_word' id='word_1_467' title='bbox 888 2287 951 2327; x_wconf 85' lang='lat'><strong>11,</strong></span> <span class='ocrx_word' id='word_1_468' title='bbox 985 2286 1027 2326; x_wconf 91' lang='grc'><strong>2,</strong></span> <span class='ocrx_word' id='word_1_469' title='bbox 1061 2281 1126 2326; x_wconf 85' lang='grc' dir='ltr'><strong>4Ο;</strong></span> <span class='ocrx_word' id='word_1_470' title='bbox 1163 2280 1283 2316; x_wconf 90' lang='lat' dir='ltr'><strong>omnia</strong></span> <span class='ocrx_word' id='word_1_471' title='bbox 1315 2280 1447 2314; x_wconf 86' lang='lat' dir='ltr'><strong>debent</strong></span> <span class='ocrx_word' id='word_1_472' title='bbox 1481 2286 1575 2321; x_wconf 75' lang='lat' dir='ltr'><strong>esse¹</strong></span> <span class='ocrx_word' id='word_1_473' title='bbox 1595 2275 1728 2322; x_wconf 75' lang='lat' dir='ltr'><strong>oratori</strong></span> 
     </span>
     <span class='ocr_line' id='line_1_44' title="bbox 239 2322 1728 2379; baseline -0.008 -12"><span class='ocrx_word' id='word_1_474' title='bbox 239 2332 461 2376; x_wconf 83' lang='lat' dir='ltr'><strong>quaesita</strong></span> <span class='ocrx_word' id='word_1_475' title='bbox 487 2335 533 2376; x_wconf 82' lang='lat'><strong>2,</strong></span> <span class='ocrx_word' id='word_1_476' title='bbox 556 2335 622 2375; x_wconf 81' lang='lat'><strong>21,</strong></span> <span class='ocrx_word' id='word_1_477' title='bbox 645 2332 680 2366; x_wconf 84' lang='lat'><strong>6.</strong></span> <span class='ocrx_word' id='word_1_478' title='bbox 728 2331 861 2379; x_wconf 84' lang='lat' dir='ltr'><strong>figurae</strong></span> <span class='ocrx_word' id='word_1_479' title='bbox 883 2331 954 2374; x_wconf 90' lang='lat' dir='ltr'><strong>jam</strong></span> <span class='ocrx_word' id='word_1_480' title='bbox 979 2340 1052 2363; x_wconf 91' lang='lat' dir='ltr'><strong>non</strong></span> <span class='ocrx_word' id='word_1_481' title='bbox 1078 2327 1314 2372; x_wconf 90' lang='lat' dir='ltr'><strong>quaesitae</strong></span> <span class='ocrx_word' id='word_1_482' title='bbox 1341 2328 1386 2368; x_wconf 90' lang='grc'><strong>2,</strong></span> <span class='ocrx_word' id='word_1_483' title='bbox 1408 2327 1449 2367; x_wconf 90' lang='grc'><strong>7,</strong></span> <span class='ocrx_word' id='word_1_484' title='bbox 1471 2322 1514 2366; x_wconf 84' lang='grc'><strong>4;</strong></span> <span class='ocrx_word' id='word_1_485' title='bbox 1551 2326 1576 2356; x_wconf 73' lang='grc' dir='ltr'><strong>ἱ.</strong></span> <span class='ocrx_word' id='word_1_486' title='bbox 1602 2337 1633 2367; x_wconf 85' lang='lat' dir='ltr'><strong>q.</strong></span> <span class='ocrx_word' id='word_1_487' title='bbox 1657 2323 1728 2355; x_wconf 73' lang='lat' dir='ltr'><strong>&#39;tle-</strong></span> 
     </span>
     <span class='ocr_line' id='line_1_45' title="bbox 238 2366 1728 2425; baseline -0.007 -14"><span class='ocrx_word' id='word_1_488' title='bbox 238 2381 406 2412; x_wconf 83' lang='lat' dir='ltr'><strong>sidero:</strong></span> <span class='ocrx_word' id='word_1_489' title='bbox 436 2379 475 2412; x_wconf 89' lang='lat' dir='ltr'><strong>in</strong></span> <span class='ocrx_word' id='word_1_490' title='bbox 498 2380 572 2420; x_wconf 58' lang='lat' dir='ltr'><strong>hacv</strong></span> <span class='ocrx_word' id='word_1_491' title='bbox 591 2377 763 2421; x_wconf 66' lang='lat' dir='ltr'><strong>(materia)</strong></span> <span class='ocrx_word' id='word_1_492' title='bbox 787 2382 1006 2425; x_wconf 61' lang='lat' dir='ltr'><strong>⁸quaerentur</strong></span> <span class='ocrx_word' id='word_1_493' title='bbox 1020 2374 1215 2409; x_wconf 85' lang='lat' dir='ltr'><strong>sententiae</strong></span> <span class='ocrx_word' id='word_1_494' title='bbox 1235 2371 1446 2417; x_wconf 84' lang='lat' dir='ltr'><strong>praecipites</strong></span> <span class='ocrx_word' id='word_1_495' title='bbox 1466 2377 1527 2404; x_wconf 74' lang='lat' dir='ltr'><strong>etc.</strong></span> <span class='ocrx_word' id='word_1_496' title='bbox 1555 2372 1590 2412; x_wconf 93' lang='lat'><strong>7,</strong></span> <span class='ocrx_word' id='word_1_497' title='bbox 1614 2370 1649 2411; x_wconf 82' lang='lat'><strong>1,</strong></span> <span class='ocrx_word' id='word_1_498' title='bbox 1671 2366 1728 2401; x_wconf 80' lang='lat'><strong>44.</strong></span> 
     </span>
     <span class='ocr_line' id='line_1_46' title="bbox 239 2413 1728 2469; baseline -0.007 -12"><span class='ocrx_word' id='word_1_499' title='bbox 239 2424 276 2457; x_wconf 90' lang='lat' dir='ltr'><strong>in</strong></span> <span class='ocrx_word' id='word_1_500' title='bbox 302 2424 476 2458; x_wconf 83' lang='lat' dir='ltr'><strong>evitandis</strong></span> <span class='ocrx_word' id='word_1_501' title='bbox 502 2424 674 2469; x_wconf 85' lang='lat' dir='ltr'><strong>ejusmodi</strong></span> <span class='ocrx_word' id='word_1_502' title='bbox 702 2423 823 2458; x_wconf 85' lang='lat' dir='ltr'><strong>verbis</strong></span> <span class='ocrx_word' id='word_1_503' title='bbox 847 2433 919 2456; x_wconf 92' lang='lat' dir='ltr'><strong>non</strong></span> <span class='ocrx_word' id='word_1_504' title='bbox 945 2423 1112 2456; x_wconf 86' lang='lat' dir='ltr'><strong>decorem</strong></span> <span class='ocrx_word' id='word_1_505' title='bbox 1135 2417 1405 2464; x_wconf 84' lang='lat' dir='ltr'><strong>compositionis</strong></span> <span class='ocrx_word' id='word_1_506' title='bbox 1429 2415 1641 2466; x_wconf 85' lang='lat' dir='ltr'><strong>quaerimus,</strong></span> <span class='ocrx_word' id='word_1_507' title='bbox 1660 2413 1728 2446; x_wconf 80' lang='lat' dir='ltr'><strong>‘sed</strong></span> 
     </span>
     <span class='ocr_line' id='line_1_47' title="bbox 241 2460 1728 2515; baseline -0.006 -12"><span class='ocrx_word' id='word_1_508' title='bbox 241 2469 444 2503; x_wconf 74' lang='lat' dir='ltr'><strong>facilitatem</strong></span> <span class='ocrx_word' id='word_1_509' title='bbox 469 2473 509 2513; x_wconf 84' lang='lat'><strong>9,</strong></span> <span class='ocrx_word' id='word_1_510' title='bbox 545 2470 587 2513; x_wconf 89' lang='lat'><strong>4,</strong></span> <span class='ocrx_word' id='word_1_511' title='bbox 625 2468 703 2504; x_wconf 79' lang='lat'><strong>145.</strong></span> <span class='ocrx_word' id='word_1_512' title='bbox 752 2469 789 2502; x_wconf 89' lang='lat' dir='ltr'><strong>in</strong></span> <span class='ocrx_word' id='word_1_513' title='bbox 812 2469 990 2502; x_wconf 89' lang='lat' dir='ltr'><strong>narrando</strong></span> <span class='ocrx_word' id='word_1_514' title='bbox 1015 2466 1163 2515; x_wconf 85' lang='lat' dir='ltr'><strong>gratiam</strong></span> <span class='ocrx_word' id='word_1_515' title='bbox 1185 2466 1280 2499; x_wconf 88' lang='lat' dir='ltr'><strong>illam</strong></span> <span class='ocrx_word' id='word_1_516' title='bbox 1306 2460 1575 2506; x_wconf 82' lang='lat' dir='ltr'><strong>compositionis</strong></span> <span class='ocrx_word' id='word_1_517' title='bbox 1590 2487 1601 2506; x_wconf 88' lang='lat'><strong>,</strong></span> <span class='ocrx_word' id='word_1_518' title='bbox 1627 2463 1728 2503; x_wconf 70' lang='lat' dir='ltr'><strong>quae</strong></span> 
     </span>
     <span class='ocr_line' id='line_1_48' title="bbox 240 2503 1726 2559; baseline -0.007 -11"><span class='ocrx_word' id='word_1_519' title='bbox 240 2515 491 2559; x_wconf 80' lang='lat' dir='ltr'><strong>continget</strong></span> <span class='ocrx_word' id='word_1_520' title='bbox 529 2527 577 2550; x_wconf 81' lang='lat' dir='ltr'><strong>ex</strong></span> <span class='ocrx_word' id='word_1_521' title='bbox 611 2526 778 2549; x_wconf 89' lang='lat' dir='ltr'><strong>sermone</strong></span> <span class='ocrx_word' id='word_1_522' title='bbox 807 2525 897 2558; x_wconf 86' lang='lat' dir='ltr'><strong>puro</strong></span> <span class='ocrx_word' id='word_1_523' title='bbox 932 2520 1002 2558; x_wconf 87' lang='lat' dir='ltr'><strong>atq.</strong></span> <span class='ocrx_word' id='word_1_524' title='bbox 1041 2511 1218 2555; x_wconf 88' lang='lat' dir='ltr'><strong>dilucido,</strong></span> <span class='ocrx_word' id='word_1_525' title='bbox 1254 2514 1449 2555; x_wconf 84' lang='lat' dir='ltr'><strong>quaeret</strong></span> <span class='ocrx_word' id='word_1_526' title='bbox 1485 2510 1559 2550; x_wconf 63' lang='lat'><strong>11-,1</strong></span> <span class='ocrx_word' id='word_1_527' title='bbox 1588 2503 1726 2546; x_wconf 66' lang='grc' dir='ltr'>1,ῐὸἕῦ-</span> 
     </span>
     <span class='ocr_line' id='line_1_49' title="bbox 239 2547 1728 2605; baseline -0.002 -12"><span class='ocrx_word' id='word_1_528' title='bbox 239 2562 334 2603; x_wconf 86' lang='lat' dir='ltr'><strong>quod</strong></span> <span class='ocrx_word' id='word_1_529' title='bbox 359 2559 534 2594; x_wconf 87' lang='lat' dir='ltr'><strong>neminem</strong></span> <span class='ocrx_word' id='word_1_530' title='bbox 559 2567 700 2605; x_wconf 82' lang='lat' dir='ltr'><strong>praeter</strong></span> <span class='ocrx_word' id='word_1_531' title='bbox 722 2573 796 2603; x_wconf 86' lang='lat' dir='ltr'><strong>eos,</strong></span> <span class='ocrx_word' id='word_1_532' title='bbox 826 2561 886 2604; x_wconf 92' lang='lat' dir='ltr'><strong>qui</strong></span> <span class='ocrx_word' id='word_1_533' title='bbox 904 2560 1041 2604; x_wconf 89' lang='lat' dir='ltr'><strong>possint</strong></span> <span class='ocrx_word' id='word_1_534' title='bbox 1059 2559 1163 2600; x_wconf 80' lang='lat' dir='ltr'><strong>scire,</strong></span> <span class='ocrx_word' id='word_1_535' title='bbox 1190 2555 1378 2601; x_wconf 85' lang='lat' dir='ltr'><strong>quaesierit</strong></span> <span class='ocrx_word' id='word_1_536' title='bbox 1401 2550 1602 2597; x_wconf 49' lang='lat' dir='ltr'><strong>(orande.</strong></span> <span class='ocrx_word' id='word_1_537' title='bbox 1618 2553 1652 2601; x_wconf 78' lang='lat'><strong>7!</strong></span> <span class='ocrx_word' id='word_1_538' title='bbox 1667 2547 1728 2582; x_wconf 78' lang='lat'><strong>24·</strong></span> 
     </span>
     <span class='ocr_line' id='line_1_50' title="bbox 241 2596 1727 2651; baseline -0.001 -14"><span class='ocrx_word' id='word_1_539' title='bbox 241 2611 278 2637; x_wconf 92' lang='lat' dir='ltr'><strong>ut</strong></span> <span class='ocrx_word' id='word_1_540' title='bbox 295 2611 433 2639; x_wconf 83' lang='lat' dir='ltr'><strong>assueta</strong></span> <span class='ocrx_word' id='word_1_541' title='bbox 451 2607 641 2651; x_wconf 83' lang='lat' dir='ltr'><strong>gymnasiis</strong></span> <span class='ocrx_word' id='word_1_542' title='bbox 666 2613 698 2641; x_wconf 89' lang='lat' dir='ltr'><strong>et</strong></span> <span class='ocrx_word' id='word_1_543' title='bbox 723 2608 805 2641; x_wconf 89' lang='lat' dir='ltr'><strong>oleo</strong></span> <span class='ocrx_word' id='word_1_544' title='bbox 824 2604 1072 2650; x_wconf 86' lang='lat' dir='ltr'><strong>corpora—si</strong></span> <span class='ocrx_word' id='word_1_545' title='bbox 1094 2603 1244 2639; x_wconf 88' lang='lat' dir='ltr'><strong>militare</strong></span> <span class='ocrx_word' id='word_1_546' title='bbox 1266 2603 1335 2636; x_wconf 87' lang='lat' dir='ltr'><strong>iter</strong></span> <span class='ocrx_word' id='word_1_547' title='bbox 1361 2596 1727 2651; x_wconf 16' lang='lat' dir='ltr'><strong>imperenrqefifflam,</strong></span> 
     </span>
     <span class='ocr_line' id='line_1_51' title="bbox 240 2646 1725 2696; baseline 0.001 -13"><span class='ocrx_word' id='word_1_548' title='bbox 240 2655 275 2683; x_wconf 80' lang='lat' dir='ltr'><strong>et</strong></span> <span class='ocrx_word' id='word_1_549' title='bbox 301 2658 469 2695; x_wconf 86' lang='lat' dir='ltr'><strong>quaerant</strong></span> <span class='ocrx_word' id='word_1_550' title='bbox 497 2659 662 2686; x_wconf 86' lang='lat' dir='ltr'><strong>unctores</strong></span> <span class='ocrx_word' id='word_1_551' title='bbox 687 2664 770 2686; x_wconf 89' lang='lat' dir='ltr'><strong>suos</strong></span> <span class='ocrx_word' id='word_1_552' title='bbox 795 2653 996 2696; x_wconf 87' lang='lat' dir='ltr'><strong>nudumque</strong></span> <span class='ocrx_word' id='word_1_553' title='bbox 1021 2651 1186 2685; x_wconf 87' lang='lat' dir='ltr'><strong>sudorem</strong></span> <span class='ocrx_word' id='word_1_554' title='bbox 1215 2651 1278 2690; x_wconf 89' lang='lat'><strong>11,</strong></span> <span class='ocrx_word' id='word_1_555' title='bbox 1304 2650 1346 2690; x_wconf 88' lang='grc'><strong>3,</strong></span> <span class='ocrx_word' id='word_1_556' title='bbox 1371 2646 1426 2680; x_wconf 87' lang='grc'>26.</span> <span class='ocrx_word' id='word_1_557' title='bbox 1462 2655 1492 2677; x_wconf 80' lang='lat' dir='ltr'><strong>is</strong></span> <span class='ocrx_word' id='word_1_558' title='bbox 1515 2646 1601 2687; x_wconf 34' lang='lat' dir='ltr'><strong>erlis(</strong></span> <span class='ocrx_word' id='word_1_559' title='bbox 1620 2651 1725 2684; x_wconf 62' lang='lat' dir='ltr'><strong>‘luem</strong></span> 
     </span>
     <span class='ocr_line' id='line_1_52' title="bbox 243 2688 1725 2742; baseline -0.006 -15"><span class='ocrx_word' id='word_1_560' title='bbox 243 2695 455 2740; x_wconf 86' lang='lat' dir='ltr'><strong>quaerimus,</strong></span> <span class='ocrx_word' id='word_1_561' title='bbox 484 2699 661 2739; x_wconf 76' lang='lat' dir='ltr'><strong>perfectus</strong></span> <span class='ocrx_word' id='word_1_562' title='bbox 690 2704 813 2731; x_wconf 87' lang='lat' dir='ltr'><strong>orator</strong></span> <span class='ocrx_word' id='word_1_563' title='bbox 843 2701 901 2742; x_wconf 66' lang='lat'><strong>10,</strong></span> <span class='ocrx_word' id='word_1_564' title='bbox 930 2701 966 2741; x_wconf 87' lang='grc'><strong>2,</strong></span> <span class='ocrx_word' id='word_1_565' title='bbox 995 2698 1051 2732; x_wconf 83' lang='grc'><strong>28.</strong></span> <span class='ocrx_word' id='word_1_566' title='bbox 1097 2697 1151 2729; x_wconf 89' lang='grc' dir='ltr'>Μ.</span> <span class='ocrx_word' id='word_1_567' title='bbox 1175 2694 1316 2728; x_wconf 85' lang='lat' dir='ltr'><strong>Tullius</strong></span> <span class='ocrx_word' id='word_1_568' title='bbox 1343 2689 1479 2734; x_wconf 87' lang='lat' dir='ltr'><strong>quaerit</strong></span> <span class='ocrx_word' id='word_1_569' title='bbox 1505 2688 1619 2721; x_wconf 82' lang='lat' dir='ltr'><strong>adhuc</strong></span> <span class='ocrx_word' id='word_1_570' title='bbox 1644 2697 1725 2720; x_wconf 84' lang='lat' dir='ltr'><strong>eum</strong></span> 
     </span>
     <span class='ocr_line' id='line_1_53' title="bbox 240 2732 1725 2786; baseline -0.015 0"><span class='ocrx_word' id='word_1_571' title='bbox 240 2741 470 2785; x_wconf 75' lang='lat' dir='ltr'><strong>(eloquentem)</strong></span> <span class='ocrx_word' id='word_1_572' title='bbox 497 2745 558 2784; x_wconf 81' lang='lat'><strong>12,</strong></span> <span class='ocrx_word' id='word_1_573' title='bbox 589 2746 627 2784; x_wconf 84' lang='grc'><strong>1,</strong></span> <span class='ocrx_word' id='word_1_574' title='bbox 653 2746 710 2776; x_wconf 86' lang='grc'><strong>21.</strong></span> <span class='ocrx_word' id='word_1_575' title='bbox 736 2742 780 2784; x_wconf 82' lang='lat' dir='ltr'><strong>cf.</strong></span> <span class='ocrx_word' id='word_1_576' title='bbox 809 2745 873 2785; x_wconf 80' lang='lat'><strong>193</strong></span> <span class='ocrx_word' id='word_1_577' title='bbox 907 2754 951 2776; x_wconf 88' lang='lat' dir='ltr'><strong>ne</strong></span> <span class='ocrx_word' id='word_1_578' title='bbox 977 2743 1083 2786; x_wconf 71' lang='lat' dir='ltr'><strong>(vetus</strong></span> <span class='ocrx_word' id='word_1_579' title='bbox 1108 2741 1236 2782; x_wconf 72' lang='lat' dir='ltr'><strong>orator)</strong></span> <span class='ocrx_word' id='word_1_580' title='bbox 1272 2748 1322 2771; x_wconf 81' lang='lat' dir='ltr'><strong>se</strong></span> <span class='ocrx_word' id='word_1_581' title='bbox 1352 2738 1496 2779; x_wconf 82' lang='lat' dir='ltr'><strong>quaerat</strong></span> <span class='ocrx_word' id='word_1_582' title='bbox 1522 2732 1725 2776; x_wconf 85' lang='lat' dir='ltr'><strong>priorem</strong></span> 
     </span>
     <span class='ocr_line' id='line_1_54' title="bbox 240 2779 1723 2831; baseline -0.006 -11"><span class='ocrx_word' id='word_1_583' title='bbox 240 2789 291 2828; x_wconf 84' lang='lat' dir='ltr'><strong>(a.</strong></span> <span class='ocrx_word' id='word_1_584' title='bbox 318 2792 339 2820; x_wconf 90' lang='lat' dir='ltr'><strong>l.</strong></span> <span class='ocrx_word' id='word_1_585' title='bbox 369 2792 536 2830; x_wconf 85' lang='lat' dir='ltr'><strong>queratur</strong></span> <span class='ocrx_word' id='word_1_586' title='bbox 557 2788 687 2830; x_wconf 80' lang='lat' dir='ltr'><strong>perire}</strong></span> <span class='ocrx_word' id='word_1_587' title='bbox 716 2792 770 2830; x_wconf 73' lang='grc'><strong>12,</strong></span> <span class='ocrx_word' id='word_1_588' title='bbox 799 2791 852 2831; x_wconf 85' lang='grc'><strong>11,</strong></span> <span class='ocrx_word' id='word_1_589' title='bbox 879 2791 901 2821; x_wconf 91' lang='grc'><strong>2</strong></span> <span class='ocrx_word' id='word_1_590' title='bbox 929 2789 998 2830; x_wconf 86' lang='grc' dir='ltr'><strong>Ν.;</strong></span> <span class='ocrx_word' id='word_1_591' title='bbox 1033 2786 1103 2829; x_wconf 75' lang='lat' dir='ltr'><strong>aas.</strong></span> <span class='ocrx_word' id='word_1_592' title='bbox 1129 2788 1264 2818; x_wconf 62' lang='lat' dir='ltr'><strong>Aluan.-</strong></span> <span class='ocrx_word' id='word_1_593' title='bbox 1293 2779 1580 2826; x_wconf 86' lang='lat' dir='ltr'><strong>prouuntiatione</strong></span> <span class='ocrx_word' id='word_1_594' title='bbox 1596 2780 1723 2813; x_wconf 75' lang='lat' dir='ltr'><strong>famam</strong></span> 
     </span>
    </p>
   </div>
  </div>
 </body>
</html>
