1728 3002
101 223 183 262 260
659 212 797 256 Dolor
828 236 885 246 —
911 212 1078 256 Domus

150 333 286 376 dicam,
311 341 386 366 non
411 327 618 367 dolentem?
654 327 711 373 (a.
737 331 759 363 1.
789 325 976 371 dolenter)
1002 328 1039 371 6,
1071 330 1109 371 2,
1136 329 1196 362 27.
1235 321 1523 369 dolentium,
1554 324 1644 361 ir·-

149 377 397 420 scentium,
425 376 776 422 indignantium
801 373 972 418 (affectus)
997 377 1054 418 11,
1079 376 1115 416 3,
1139 374 1199 408 61.
1371 375 1375 379 ”

103 424 256 470 Dolor.
304 433 346 478 α)
373 440 413 468 ut
439 445 497 468 me
522 444 597 468 non
631 433 873 468 lacrimae
900 433 1035 474 solum,
1073 431 1137 464 sed
1169 429 1328 475 pallor
1358 434 1396 465 et
1415 429 1498 465 veri
1517 428 1646 474 similis

151 484 289 518 dolor
312 481 623 526 deprehenderent
648 481 683 523 6,
711 482 746 521 2,
772 479 830 514 36.
855 498 900 504 -
923 477 1130 512 insanabilis
1153 477 1199 520 6,
1222 477 1280 511 Pr.
1305 478 1340 512 5.
1376 486 1452 510 11011
1474 483 1644 520 poeaoeens

150 535 287 565 tantum
313 529 453 562 dolor
477 528 541 561 sed
564 526 672 561 etiam
707 524 989 569 desperatio
1023 524 1061 557 in
1084 529 1268 568 posterum
1291 525 1348 567 10,
1372 523 1408 566 3,
1434 520 1492 556 14.
1517 522 1646 566 dexe-

152 587 237 612 cens
261 575 296 616 6,
317 577 351 617 2,
377 575 435 609 26.
464 584 575 609 veros
597 574 795 606 dolores
819 572 854 614 6,
871 574 904 614 1,
924 572 982 606 28.
1010 572 1044 605 d.
1065 569 1190 614 capitis
1214 572 1250 613 2,
1269 571 1327 612 17,
1353 569 1411 608 39.
1444 569 1486 614 β)
1512 569 1645 604 Gaia-2

152 626 371 658 contemtum
401 619 588 655 doloris
618 630 660 652 ac
688 617 860 652 mortis
886 620 943 661 12,
967 620 1002 659 2,
1030 618 1087 651 30.
1114 622 1167 650 tot
1190 621 1306 651 metus
1332 613 1545 663 laboris&
1569 614 1649 647 (104-

151 671 309 704 lorum
343 665 403 710 (a.
431 671 452 700 l.
480 664 650 708 doloris),
684 670 865 709 postremo
899 663 1069 698 mortis
1104 662 1215 707 ipsius
1241 664 1297 706 12,
1323 664 1356 706 1,
1371 662 1430 697 28.
1458 659 1507 705 cs.
1526 662 1587 703 12,
1610 662 1648 702 2,

151 719 188 751 3.
215 725 282 759 per
305 714 387 747 illos
404 724 541 755 manes,
566 711 711 746 numina
734 710 805 745 mei
832 711 903 744 dol.
928 711 963 752 6,
986 711 1043 744 Pr.
1070 711 1125 744 10.
1151 708 1341 744 tolerantia
1363 708 1434 743 dol.
1461 709 1498 751 2,
1517 708 1576 749 20,
1592 707 1648 740 10.

153 760 193 808 y)
216 764 400 795 Accusat:
430 765 555 793 contra
582 759 725 792 dolores
747 758 859 791 robur
881 757 916 799 6,
942 757 998 791 Pr.
1027 758 1090 798 11;
1131 755 1247 790 attulit
1270 754 1400 790 marito
1423 754 1588 788 dolorem
1614 751 1650 795 6,

151 810 210 842 Pr.
236 809 270 842 5.
295 817 511 840 assumamus
538 815 730 849 parumper
752 803 854 838 illum
876 804 1038 837 dolorem
1061 803 1096 845 6,
1121 805 1156 844 2,
1179 800 1237 837 34.
1290 800 1345 835 illi
1368 799 1506 843 dolori,
1544 809 1653 844 quem.

154 864 213 889 ex
236 859 350 886 matre
375 863 612 896 conceperam
634 851 671 894 6,
693 852 749 884 Pr.
772 851 806 885 8.
832 850 870 883 in
896 850 1023 883 dolore
1045 849 1197 883 ferendo
1213 851 1249 892 7,
1273 849 1309 892 3,
1334 847 1391 882 34.
1417 846 1473 880 1111
1487 845 1653 880 dolorem

155 898 280 944 capitis
307 900 434 933 habeat
454 901 493 942 -2,
519 900 576 940 17,
601 897 659 933 39.
686 902 726 930 ut
748 897 859 941 judex
881 895 1058 942 intelligat
1081 894 1200 939 potius
1223 894 1387 928 dolorem
1407 892 1521 935 illum,
1545 901 1654 936 quam

155 945 275 981 audiat
300 948 356 990 11,
376 948 409 988 1,
427 943 485 980 84.
508 945 671 978 dolorem
692 942 940 986 intermittere,
969 943 1152 986 deponere
1178 943 1235 984 11,
1255 943 1290 982 1,
1311 940 1368 975 56.
1393 939 1556 986 dolorem
1579 936 1655 982 pati

155 993 191 1036 5,
215 994 273 1035 10,
288 994 346 1026 70.
370 1002 477 1036 quem
504 989 695 1034 (dolorem),
719 989 750 1023 si
774 1000 921 1034 usquam
950 987 1140 1030 remiserit,
1163 986 1203 1021 in
1225 985 1382 1020 animum
1405 995 1480 1020 non
1503 985 1655 1021 reducet

157 1041 216 1082 11,
234 1040 268 1081 1,
288 1036 344 1073 54.
381 1039 544 1071 dolorem
561 1048 664 1071 suum
690 1035 726 1070 in
752 1035 936 1070 audientes
959 1035 1209 1068 transfundere
1234 1035 1291 1075 11,
1304 1034 1338 1076 1,
1359 1030 1416 1067 54.
1464 1027 1499 1074 ὃ)
1514 1030 1654 1065 sibam..-

156 1085 196 1119 in
220 1083 358 1118 recenti
382 1085 507 1118 dolore
531 1083 567 1127 6,
592 1086 627 1126 2,
651 1083 710 1117 26.
733 1093 824 1125 vox,
854 1081 967 1126 qualis
991 1081 1116 1115 dolore
1140 1078 1354 1124 exprimitur
1376 1079 1434 1121 11,
1457 1079 1492 1121 3,
1514 1078 1573 1114 90.
1594 1076 1659 1110 illa

157 1148 203 1157 —
229 1132 331 1165 velut
359 1129 557 1163 deficientis
588 1130 756 1163 dolore
789 1134 825 1162 et
856 1127 1164 1174 fatigatione
1196 1125 1379 1161 confessio
1403 1126 1449 1159 ib.
1477 1126 1558 1160 173.
1580 1125 1658 1158 non

154 1176 289 1219 injusto
314 1177 440 1210 dolore
462 1180 615 1210 venerat
638 1176 682 1207 ad
707 1175 945 1208 accusandum
971 1177 1035 1216 11,
1061 1176 1078 1206 1
1095 1199 1104 1216 ,
1131 1174 1190 1207 68.
1346 1178 1352 1181 ’

70 1273 77 1277 ⁶
112 1221 401 1264 Domesncus.
460 1231 498 1265 in
525 1232 719 1273 domest.
747 1230 1061 1274 disceptationibus
1086 1242 1162 1272 opp.
1190 1230 1258 1263 sub
1290 1227 1515 1263 extrario
1548 1237 1658 1261 accu-

159 1285 279 1313 satore
303 1284 340 1313 et
362 1277 501 1325 legibus
526 1283 653 1324 agente
681 1281 717 1320 7,
741 1277 776 1320 4,
801 1279 823 1312 9
848 1278 896 1310 Ν.
930 1275 974 1317 cs.
1012 1278 1067 1310 31.
1105 1275 1159 1308 uti
1183 1276 1334 1310 domest.
1360 1275 1529 1317 exemplo
1561 1274 1596 1316 9,
1619 1274 1657 1316 3,

157 1327 216 1361 73.
243 1326 394 1359 domest.
419 1330 629 1368 praeceptor
655 1325 688 1366 1,
711 1326 746 1366 2,
773 1321 806 1358 4.
832 1322 1058 1367 privatae
1092 1332 1134 1355 ac
1159 1322 1356 1356 domest.
1390 1331 1449 1355 res
1472 1322 1508 1363 2,
1534 1321 1594 1362 21,
1619 1317 1656 1352 4.

156 1382 233 1406 11011
257 1371 370 1417 magis
397 1370 435 1404 in
459 1371 597 1413 causis,
621 1381 727 1414 quam
754 1369 793 1403 in
815 1369 922 1403 rebus
947 1367 1211 1403 cotidianis
1235 1367 1496 1416 acldomest.
1536 1367 1596 1409 12,
1618 1365 1656 1407 9,

159 1421 216 1452 21.
243 1418 394 1451 domest.
423 1428 508 1450 usus
534 1418 571 1460 4,
594 1418 653 1450 Pr.
682 1419 713 1450 1.

117 1462 318 1505 Domina·
366 1474 583 1509 dominae
608 1473 832 1508 consuetudo
857 1483 939 1506 cum
962 1481 1100 1507 servo
1125 1470 1160 1514 5,
1185 1472 1242 1512 11,
1268 1468 1328 1505 34.
1362 1469 1420 1504 35.

113 1531 377 1574 Dominatio.
432 1540 533 1575 libris
557 1541 743 1586 Sibyllinis
768 1540 1040 1585 aruspicumque
1062 1539 1246 1585 responsis
1274 1537 1470 1573 dominatio
1494 1535 1573 1572 dari
1594 1535 1661 1570 tri-

162 1589 228 1623 bus
253 1587 431 1623 Corneliis
463 1589 645 1622 dicebatur
673 1589 707 1630 5,
733 1590 789 1630 10,
817 1590 874 1622 30.
909 1586 1163 1622 dominationis
1189 1597 1297 1621 causa
1323 1587 1366 1620 ib.
1390 1586 1448 1620 71.
1473 1584 1519 1618 ad
1545 1581 1662 1617 domi-

159 1631 644 1725 ?Stipnggsstgeffvgnigseffi&
673 1637 729 1678 11,
753 1636 788 1669 8.
821 1639 1020 1679 tyrannus,
1054 1632 1115 1678 (sui
1143 1631 1422 1667 dominationem
1448 1631 1662 1674 deposuerat

207 1706 215 1714 .
255 1705 263 1713 .
396 1707 404 1714 .
473 1707 484 1724 ,
534 1707 544 1724 ,
617 1705 627 1714 .

119 1725 342 1768 nominor·
400 1748 475 1771 non
502 1738 587 1771 satis
612 1735 797 1779 efficit,
821 1746 959 1780 neque,
983 1741 1023 1769 ut
1047 1736 1172 1777 debet,
1196 1736 1303 1779 plene
1326 1732 1415 1778 (Sp.
1438 1729 1560 1776 plane)
1585 1731 1661 1783 do-

162 1783 368 1818 minatur
392 1783 520 1826 oratio,
545 1783 576 1817 si
602 1793 716 1826 usque
741 1782 787 1815 ad
811 1793 916 1815 aures
934 1783 1032 1817 valet
1054 1783 1089 1824 8,
1102 1783 1136 1824 3,
1149 1781 1195 1815 62
1214 1784 1257 1814 Ζ.
1286 1778 1488 1814 dominatur
1502 1787 1662 1812 maxlme
1715 1813 1722 1822 .

162 1830 284 1864 vultus
313 1832 369 1872 11,
395 1832 429 1872 3,
461 1832 526 1872 723
560 1835 600 1862 ut
633 1828 838 1861 dominetur
869 1828 917 1861 in
950 1827 1134 1861 affectibus
1173 1825 1330 1871 (or-aior)
1359 1829 1395 1869 2,
1434 1825 1470 1868 5,
1502 1825 1537 1860 8.
1569 1834 1660 1867 quos

163 1874 351 1918 (affectus)
384 1874 540 1908 maxime
572 1875 610 1908 in
632 1874 796 1920 ingressu
829 1884 870 1907 ac
896 1874 967 1908 fine
992 1885 1120 1908 causae
1145 1871 1320 1907 dominari
1342 1873 1378 1915 8,
1400 1872 1519 1905 Ρ1·..7.
1552 1879 1662 1904 unam

161 1921 202 1955 in
242 1921 395 1955 dicendo
441 1921 620 1955 dominari
658 1919 835 1953 actionem
885 1922 948 1963 11,
985 1921 1029 1962 3,
1065 1923 1100 1954 7.
1143 1920 1214 1953 11οο
1247 1925 1325 1962 est,
1369 1917 1467 1962 quod
1500 1915 1663 1950 domina-

162 1972 222 2047 gir
244 1966 281 2046 i4n
306 1966 447 2047 juldiciis
469 1967 505 2010 6,
529 1970 565 2010 2,
588 1967 624 2001 4.
669 1965 708 1999 in
733 1965 903 2010 qualitate
929 1965 1091 2013 generali
1117 1971 1290 2011 perpetua
1318 1963 1522 1999 dominatur
1545 1961 1664 1997 oratio

199 2039 210 2056 2
282 2039 293 2055 1
351 2037 362 2047 ·

120 2056 347 2100 Dommus.
405 2068 644 2103 dominum
670 2079 753 2104 cum
777 2067 962 2102 ancilla
986 2067 1102 2102 coisse
1128 2079 1203 2103 non
1229 2067 1326 2103 idem
1353 2072 1426 2110 est,
1462 2065 1558 2111 quod
1585 2066 1663 2099 do-

163 2115 330 2149 minam
357 2126 439 2149 cum
463 2126 606 2150 servo
630 2117 665 2159 5,
695 2117 753 2158 11,
777 2115 835 2150 35.
861 2113 1005 2148 domine
1031 2115 1067 2158 6,
1091 2117 1125 2158 3,
1153 2117 1220 2149 100
1243 2115 1292 2148 N.

123 2159 300 2202 Domus·
360 2175 393 2215 1,
418 2171 454 2216 4,
477 2175 535 2206 20.
560 2173 629 2206 hac
653 2174 784 2206 domu
811 2171 999 2205 dicendum
1023 2171 1069 2206 si
1092 2183 1137 2205 an
1165 2173 1232 2206 hac
1259 2172 1422 2213 domo,
1455 2174 1491 2204 et
1514 2167 1664 2203 domu-

164 2229 231 2250 um
259 2230 303 2251 an
331 2219 566 2252 domorum
595 2221 628 2262 1,
652 2219 686 2261 6,
713 2220 746 2253 5.
777 2218 808 2258 Ι)
836 2220 946 2251 Subst.
980 2215 1259 2260 a)aed1's1'01‘um.·
1285 2215 1504 2250 domibus
1528 2218 1663 2248 casas

165 2264 292 2297 mutari
317 2265 352 2307 9,
379 2264 415 2307 4,
439 2264 474 2298 4.
502 2265 634 2299 effusae
659 2264 743 2308 (Sp.
771 2269 807 2298 et
831 2263 950 2307 fusae)
975 2275 1060 2308 per
1083 2265 1209 2299 domus
1235 2265 1399 2297 flammae
1433 2262 1469 2305 8,
1493 2263 1529 2304 3,
1553 2261 1601 2295 68
1616 2263 1663 2295 Ζ.

166 2310 210 2342 de
238 2311 346 2344 domo
375 2309 560 2345 Ciceronis
587 2313 644 2354 10,
671 2313 704 2353 1,
731 2312 788 2345 23.
819 2321 864 2344 an
888 2329 932 2334 —
955 2310 1116 2344 Pharsali
1138 2310 1248 2344 fuerit
1273 2310 1364 2343 haec
1391 2309 1518 2342 domus
1550 2308 1663 2349 (Seo-

165 2355 246 2397 pae)
273 2358 328 2398 11,
353 2359 388 2399 2,
420 2356 472 2391 14.
508 2359 652 2391 domum
674 2367 840 2403 magnam
864 2361 900 2390 et
922 2355 960 2389 in
984 2357 1114 2390 multos
1137 2356 1317 2390 diductam
1338 2351 1502 2389 recessus
1526 2355 1569 2387 ib.
1605 2353 1666 2388 18.
1725 2384 1728 2386 .

166 2399 211 2440 cs.
245 2403 308 2451 ,21.
342 2403 467 2437 domus
493 2405 571 2437 solo
597 2409 746 2447 aequata
778 2405 812 2443 3,
838 2406 874 2445 7,
898 2404 955 2435 20.
991 2402 1157 2445 panditur
1183 2402 1321 2436 interea
1345 2402 1471 2436 domus
1499 2397 1666 2443 omnipo-
1714 2423 1728 2436 =.

166 2451 273 2478 tentis
299 2447 442 2491 Olympi
468 2447 602 2492 (poet.)
623 2450 657 2491 9,
676 2448 708 2490 4,
729 2448 787 2483 49.
815 2459 955 2491 semper
977 2448 1123 2480 domum
1148 2454 1246 2482 tuam
1270 2447 1366 2482 colui
1390 2447 1426 2490 6,
1449 2449 1483 2490 3,
1507 2445 1566 2482 94.
1588 2446 1667 2479 fre-
1724 2444 1728 2470 ·'

167 2492 387 2543 fluentabunt
421 2494 497 2535 ejus
532 2496 677 2528 domum
711 2493 837 2538 optimi
867 2494 1018 2537 juvenes
1052 2496 1107 2536 12,
1134 2497 1190 2537 11,
1220 2495 1254 2529 5.
1286 2494 1383 2538 quod
1407 2492 1442 2527 ei
1467 2493 1575 2526 domo
1598 2501 1664 2524 sua

165 2538 411 2571 luterd1xlsset
440 2540 474 2581 6,
499 2542 533 2582 3,
559 2542 616 2575 79.
649 2551 730 2574 cum
755 2551 812 2573 res
835 2538 972 2573 furtiva
1002 2537 1051 2572 in
1084 2541 1191 2575 domo
1222 2541 1445 2585 deprehensa
1468 2537 1514 2572 sit
1546 2537 1582 2579 5,
1606 2537 1664 2571 13.

166 2581 224 2617 49.
253 2593 311 2616 ex
336 2584 443 2617 domo
469 2585 505 2617 in
530 2586 583 2626 ius
608 2588 762 2620 educere
788 2596 835 2620 ne
858 2585 964 2618 liceat
986 2587 1021 2627 7,
1046 2586 1080 2627 8,
1105 2587 1139 2620 6.
1187 2585 1233 2630 β)
1258 2589 1282 2619 ι’.
1309 2599 1340 2630 q.
1358 2584 1571 2626 familia:
1595 2583 1664 2616 do-

167 2627 242 2661 mui
265 2628 414 2672 pudicae
440 2633 472 2672 1,
498 2633 553 2672 10,
579 2633 636 2665 32.
659 2631 864 2665 inimicitias
886 2630 1007 2664 domui
1034 2630 1088 2674 (a.
1115 2635 1137 2666 l.
1164 2631 1278 2674 domi)
1303 2635 1534 2665 contraxeras
1566 2631 1602 2671 7,
1627 2631 1662 2671 1,
1717 2624 1728 2651 ’ὲ

166 2675 211 2708 53
245 2675 292 2707 Ν.
327 2687 372 2708 cr.
410 2685 454 2708 ne
478 2676 683 2710 universam
723 2679 867 2711 domum
896 2677 1057 2719 periculo
1093 2677 1285 2722 subjiceret
1315 2679 1358 2711 ib.
1391 2687 1438 2710 ne
1474 2679 1669 2709 renovaret

168 2720 295 2754 domus
319 2721 495 2763 pudorem
522 2724 577 2763 11,
604 2725 638 2764 1,
662 2724 720 2757 83.
755 2735 835 2757 cum
862 2722 952 2756 alius
975 2721 1154 2768 legitimus
1184 2723 1223 2757 in
1254 2723 1362 2756 domo
1398 2732 1472 2756 non
1505 2725 1602 2755 esset
1627 2722 1664 2763 3,
1708 2747 1722 2762 ,b

165 2766 202 2808 6,
226 2767 283 2801 99.
335 2765 387 2809 II)
413 2768 666 2800 adverbialiter.-
698 2769 822 2802 domi
847 2774 953 2812 atque
977 2766 1105 2802 intra
1128 2769 1352 2813 privatos
1382 2767 1605 2812 parietes
1629 2768 1664 2808 1,

166 2814 201 2853 2,
231 2816 262 2845 1.
288 2811 408 2844 (1οωί
434 2825 509 2856 opp.
535 2812 573 2846 in
607 2813 712 2846 foro
741 2814 774 2857 5,
799 2817 834 2858 7,
861 2817 914 2847 11.
944 2816 999 2853 11,
1025 2816 1058 2856 1,
1082 2813 1140 2849 47.
1168 2818 1224 2858 12,
1248 2815 1284 2856 8,
1309 2816 1366 2848 13.
1399 2814 1445 2848 in
1476 2823 1588 2848 arce
1617 2822 1663 2847 an
1722 2823 1725 2827 ·
