1742 2964
135 142 217 181 968
274 171 277 173 -
722 136 825 180 Vito
854 161 911 170 --
939 137 1053 182 Vivo

182 254 229 288 in
256 252 341 289 vitia
370 252 493 287 directi
516 255 563 294 2,
588 254 632 295 1,
659 254 714 285 11.
750 250 796 292 cs.
826 254 866 293 2,
892 251 936 294 4,
959 255 1005 286 22
1023 253 1070 286 Ν.
1102 253 1193 287 haec
1222 258 1284 297 ut,
1323 264 1403 291 cum
1429 255 1661 289 decorem

182 300 310 342 habet,
332 297 547 343 periphrasis
571 302 647 341 est,
681 297 731 331 ita
756 308 838 331 cum
859 297 898 332 in
921 297 1086 333 vitium
1107 297 1254 341 incidit,
1284 297 1535 346 mommlofla
1555 300 1603 342 8,
1625 301 1662 342 6,

181 347 238 382 61.
285 343 323 388 ζ)
346 347 485 379 Ablat..·
518 344 617 387 cujus
642 342 835 387 (Catonis)
861 349 1135 389 naturam-non
1169 343 1281 389 ipsius
1313 343 1412 389 vitio„
1435 343 1500 380 sed
1519 345 1664 380 Stoicae

182 397 301 426 sectae
324 391 452 424 factam
476 390 655 425 duriorem
684 393 724 423 11
740 415 749 430 ‚
774 393 814 432 1,
839 393 896 425 70.
934 390 980 431 cs.
1005 393 1047 430 2,
1073 393 1136 433 12,
1162 391 1264 434 1..5,
1285 392 1347 434 12,
1375 393 1432 426 17.
1455 393 1519 434 10,
1542 395 1584 432 1,
1606 392 1666 427 35.

183 441 239 480 12,
266 440 299 479 9,
323 435 357 470 4.
385 436 547 471 omnibus
572 436 669 472 vitiis
691 436 843 469 fractum
867 435 1007 470 dicendi
1032 447 1145 482 genus
1170 439 1233 480 10,
1263 438 1297 479 1,
1322 437 1398 471 125.
1427 443 1527 474 mnus
1549 436 1666 472 omni-

184 485 249 518 bus
272 495 310 518 v.
334 483 446 516 libera
472 486 535 524 12,
564 486 600 525 1,
625 483 659 516 4.
686 482 776 516 absit
802 483 844 516 ab
869 482 1002 516 ultimis
1027 494 1064 517 v.
1087 486 1131 524 2,
1155 485 1196 524 2,
1223 482 1278 517 15.
1302 481 1341 516 in
1364 477 1565 527 eloquendo
1587 485 1667 528 ple-
1720 501 1729 510 ν

181 540 292 574 raque
317 530 496 563 abundant
522 528 680 562 dulcibus
703 539 741 563 v.
769 530 831 570 10,
857 531 894 570 1,
921 529 998 563 129.
1023 528 1120 572 prius
1145 528 1190 562 sit
1211 527 1309 564 vitiis
1333 539 1455 564 carere
1471 529 1517 571 8,
1541 524 1582 572 5,
1606 528 1665 563 34.

181 575 360 610 Leonides
389 574 586 609 Alexandri
619 575 846 621 paedagogus
880 574 1043 619 quibusd.
1079 586 1161 609 eum
1185 586 1222 609 v.
1246 574 1372 608 imbuit
1396 577 1442 619 1,
1467 577 1508 618 1,
1530 570 1566 610 9.
1594 574 1665 608 im-

182 621 317 666 proprii
355 621 445 659 vitio
468 621 643 656 laborabit
666 622 710 660 8,
733 623 780 663 2,
804 618 839 654 4.
868 620 920 653 uti
954 621 1056 654 etiam
1090 620 1187 655 vitiis
1215 621 1419 655 rhetoricen
1445 623 1486 660 2,
1512 623 1577 660 17,
1596 621 1664 663 26,

182 668 453 711 conjunctiones
479 667 526 701 in
553 678 599 701 eo
622 678 672 706 v.,
697 667 793 711 quod
817 665 1002 702 vitandum
1024 666 1185 710 dicimus,
1209 672 1468 702 commorantes
1489 668 1531 712 8,
1544 669 1581 711 3,
1599 665 1666 710 463

181 726 214 748 v.
239 714 401 748 Virtus
427 721 457 747 et
479 716 609 756 singula
632 715 744 746 verba.

137 758 257 802 Vito-
305 771 357 812 α)
384 770 448 805 ubi
469 771 563 805 aliud
588 770 701 813 ratio,
734 769 1073 804 aliud-consuetudo
1097 773 1238 814 poscet,
1270 773 1387 805 utrum
1409 769 1529 811 votet,
1554 776 1667 804 sumat

180 815 403 860 compositio,
428 817 676 853 Vitavisse
699 816 761 850 vel
784 814 975 850 vitasse
999 817 1034 858 9,
1059 814 1101 856 4,
1126 816 1182 853 59.
1207 813 1391 850 vitandi
1415 815 1532 859 potius
1561 824 1665 860 quam

180 863 402 898 imitandi
426 863 538 909 gratia
561 865 595 903 9,
620 865 655 905 3,
678 863 734 897 69.
761 860 803 903 cf.
831 863 864 903 3,
889 865 923 904 2,
949 864 983 896 3.
1015 874 1049 895 υ.
1074 858 1294 896 Invenio.
1323 862 1458 906 Peto.
1493 860 1552 895 alii
1577 861 1666 896 nihil

179 909 358 952 vitare,
385 921 474 954 quae
500 910 538 944 in
562 910 686 944 oculos
709 907 907 950 incurrunt,
933 907 1288 952 exquirendum
1314 912 1437 951 putant
1460 910 1494 950 7,
1514 910 1548 951 1,
1565 906 1609 941 41
1626 911 1669 943 Ζ.
1691 925 1696 937 ι

181 970 214 991 v.
237 956 363 989 Puto.
400 955 444 996 cs.
473 957 515 997 9,
541 955 587 999 4,
611 958 666 990 77.
699 956 739 987 11
756 980 767 996 ,
792 955 836 996 3,
862 956 937 988 130.
966 955 1057 988 haec
1082 964 1281 998 quanquam
1306 963 1378 987 non
1408 963 1622 1000 magnopere
1646 967 1668 989 a

179 1003 273 1045 (Sp.
301 1000 390 1044 om.)
415 1002 560 1036 summis
594 1000 796 1035 auctoribus
822 999 933 1035 vitata
957 1001 998 1042 8,
1022 1002 1063 1042 3,
1090 1002 1130 1034 51
1157 1003 1201 1033 Ζ.
1237 1009 1340 1043 quam
1370 998 1525 1035 vitantes
1555 1000 1667 1035 ambi-

180 1048 350 1095 guitatem
379 1050 419 1090 1,
443 1048 486 1090 5,
512 1051 546 1085 2.
572 1047 725 1082 vitantes
754 1051 958 1092 argumenta
984 1047 1084 1081 velut
1106 1045 1250 1079 horrida
1275 1050 1310 1078 et
1337 1045 1549 1092 confragosa
1574 1047 1608 1089 5,
1631 1048 1666 1090 8,

181 1098 214 1129 1.
246 1093 378 1129 vitatur
402 1094 507 1127 etiam
532 1094 713 1127 duriorum
739 1091 1019 1135 (consonantium)
1041 1091 1135 1126 inter
1157 1102 1195 1126 se
1220 1100 1431 1137 congressus
1456 1094 1520 1134 11,
1544 1093 1585 1130 3.
1608 1095 1667 1128 3⁴5.

180 1145 409 1183 conspectum
432 1142 507 1183 ejus
530 1139 656 1175 vitanti
679 1133 722 1180 6,
745 1140 789 1181 3,
814 1140 871 1173 93.
903 1138 1087 1173 vitandum
1111 1142 1173 1172 est.
1199 1137 1368 1182 quidquid
1397 1142 1452 1172 est
1482 1136 1674 1182 εἷ’νρυθμογἸ

179 1188 224 1230 9,
253 1184 295 1227 4,
319 1188 376 1220 77.
403 1186 462 1230 qui
485 1186 619 1233 flagitia
642 1183 830 1218 manifesta
854 1184 893 1218 in
917 1184 1105 1231 deligendo
1137 1183 1201 1217 filii
1228 1188 1460 1227 praeceptore
1482 1194 1556 1218 non
1571 1183 1671 1222 ‘vitet

180 1235 224 1275 2,
251 1235 292 1274 2,
318 1232 373 1266 15.
396 1231 622 1266 incommoda
647 1230 793 1267 vitantis
816 1233 856 1270 7,
880 1228 925 1272 4,
953 1233 1007 1264 10.
1041 1241 1144 1274 quam
1167 1228 1243 1265 vito
1267 1229 1518 1274 loquacitatem
1542 1230 1586 1273 5,
1611 1232 1669 1273 10,

178 1280 237 1314 91.
262 1276 406 1312 vitanda
428 1275 651 1321 μακρολογία
671 1278 706 1317 8,
725 1279 759 1318 3,
775 1277 830 1311 53.
856 1275 901 1316 cs.
924 1274 957 1316 4,
980 1279 1015 1318 2,
1039 1275 1095 1310 43.
1117 1275 1271 1311 vitemus
1285 1275 1395 1318 illam,
1420 1287 1511 1319 quae
1533 1276 1669 1311 Graece

179 1324 375 1367 μονοτονία
398 1329 549 1357 vocatur
575 1326 614 1356 11
629 1349 639 1365 ,
664 1324 710 1364 3,
734 1321 791 1355 45.
823 1321 990 1354 vitandos
1022 1323 1118 1355 soles
1142 1327 1211 1365 atq.
1243 1325 1393 1363 ventos,
1419 1322 1540 1356 nubila
1564 1321 1670 1356 etiam

182 1381 224 1402 ac
250 1367 423 1402 siccitates
459 1370 500 1401 ib.
528 1369 582 1401 27.
620 1367 816 1411 periculum
840 1371 996 1406 tantum,
1023 1377 1106 1401 non.
1123 1367 1227 1399 etiam
1253 1366 1387 1400 offensa
1408 1366 1542 1402 vitatur
1565 1367 1608 1410 9,
1632 1371 1668 1410 2,

180 1417 238 1450 67.
264 1412 308 1454 cf.
334 1416 375 1450 2.
405 1416 468 1456 12,
497 1414 528 1448 5.
555 1412 701 1446 vitanda
724 1412 846 1456 utique
870 1413 1023 1446 maxime
1047 1411 1190 1446 concisa
1214 1411 1359 1449 nimium
1383 1419 1442 1445 etc.
1466 1411 1609 1457 partitio
1630 1412 1667 1456 4,

180 1461 214 1503 5,
238 1458 296 1494 24.
322 1458 415 1492 aliud
441 1465 494 1492 est
517 1459 670 1494 vitare
697 1470 755 1492 eas
780 1459 948 1500 (scholas),
977 1458 1071 1491 aliud
1096 1457 1287 1503 eligere
1311 1460 1346 1500 1,
1365 1460 1398 1500 2,
1419 1458 1474 1492 16.
1500 1458 1668 1494 vitandae

181 1505 418 1541 similitudinis
445 1505 555 1550 gratia
576 1507 621 1547 9,
648 1505 690 1547 ’1,
717 1507 771 1537 11.
807 1505 994 1547 plerasque
1018 1504 1095 1547 ejus
1117 1503 1268 1538 virtutes
1291 1502 1424 1536 oratori
1448 1513 1527 1538 esse
1551 1505 1670 1540 vitan-
1727 1533 1734 1539 ,

181 1554 243 1586 das
269 1554 330 1593 10,
357 1554 395 1592 1,
421 1553 475 1584 31.
535 1551 578 1596 β)
602 1563 668 1594 seq.
691 1562 760 1583 ne.-
794 1549 977 1583 vitandum
1002 1549 1131 1597 etiam,
1155 1560 1209 1582 ne
1233 1548 1499 1593 contumeliosi,
1525 1548 1671 1598 maligni

182 1607 246 1632 etc.
273 1597 457 1632 videamur
483 1595 528 1639 4,
558 1599 576 1629 1
592 1622 601 1639 ,
633 1598 687 1630 10.
730 1594 773 1636 cf.
798 1595 841 1636 6,
868 1597 909 1637 3,
934 1597 990 1629 33.
1022 1597 1045 1629 h
1056 1606 1106 1629 oc
1131 1605 1274 1638 quoque
1299 1595 1482 1629 vitandum
1504 1600 1579 1638 est,
1611 1607 1670 1632 ne

180 1644 334 1687 plurium
358 1643 571 1686 syllabarum
594 1642 650 1675 his
677 1640 798 1675 verbis
824 1647 963 1674 utamur
984 1640 1023 1674 in
1045 1641 1116 1675 fine
1139 1642 1182 1684 9,
1206 1639 1248 1683 4,
1272 1641 1329 1675 66.
1353 1639 1397 1682 cs.
1427 1643 1484 1698 lq,
1505 1644 1541 1686 2,
1565 1642 1623 1677 21.

136 1689 323 1731 Vitrum.
357 1699 461 1733 etiam
483 1699 616 1736 vitrum
642 1701 822 1743 sculptura
847 1697 1093 1742 complectitur
1115 1700 1158 1740 2,
1180 1699 1245 1739 21,
1270 1698 1305 1734 9.

137 1756 326 1800 Vitulus.
361 1768 452 1802 Milo
466 1794 477 1812 ,
503 1779 609 1813 quem
633 1767 783 1803 vitulum
807 1770 1013 1800 assueverat
1035 1766 1153 1808 ferre,
1176 1766 1315 1798 taurum
1338 1765 1475 1800 ferebat
1499 1768 1532 1810 1,
1553 1766 1588 1809 9,
1611 1766 1646 1802 5.

136 1826 419 1881 vituperatio.
466 1836 552 1878 vit.‚
582 1847 673 1880 quae
700 1834 729 1868 si
752 1833 895 1880 gravius
922 1833 1036 1877 posita
1063 1832 1127 1874 sit,
1152 1844 1278 1867 severa
1304 1838 1377 1875 est,
1405 1832 1437 1867 si
1457 1832 1593 1877 levius,
1619 1833 1670 1868 ria

183 1883 300 1916 dicula
323 1883 363 1924 6,
387 1885 427 1923 3,
454 1885 508 1916 37.
540 1882 623 1915 libri
653 1880 949 1924 vituperationem
976 1879 1158 1913 continent
1182 1881 1223 1921 3,
1253 1881 1293 1922 7,
1314 1881 1353 1912 2.
1387 1879 1667 1923 vituperationes

180 1929 424 1963 scribebantur
451 1930 493 1970 3,
517 1928 560 1970 4,
587 1930 619 1963 5.
655 1926 814 1960 laudis
849 1925 1073 1959 simulatione
1106 1925 1314 1968 detrahere,
1348 1929 1384 1959 et
1417 1925 1556 1971 vitup
1569 1926 1668 1960 er‘a-

180 1974 326 2009 tionis
358 1975 501 2008 laudare
533 1976 576 2015 8,
603 1974 647 2016 6,
671 1973 726 2007 55.
765 1984 796 2006 υ.
822 1972 952 2017 Laus.
992 1970 1236 2005 Laudatio.

136 2019 361 2075 vitupero·
402 2031 626 2075 vituperare,
651 2040 740 2074 quae
768 2040 816 2063 ex
840 2029 1008 2062 confesso
1035 2027 1151 2072 turpia
1174 2027 1245 2062 sint
1266 2029 1302 2070 3,
1328 2027 1362 2068 5,
1387 2029 1420 2062 3.
1446 2038 1480 2062 v.
1498 2028 1666 2062 Laudo.

136 2087 371 2130 VivacstaS·
413 2099 506 2132 hanc
539 2098 683 2141 impiam
714 2096 943 2132 vivacitatem
974 2098 1026 2138 (i.
1058 2109 1087 2130 e.
1115 2097 1228 2141 quod
1257 2097 1356 2139 ipse
1387 2095 1529 2139 vivit)
1559 2094 1667 2132 novis

182 2144 328 2188 insuper
352 2144 445 2178 curis
476 2144 623 2191 fatigare
655 2144 698 2186 6,
723 2145 779 2178 Pr.
803 2145 837 2176 3.

138 2189 295 2231 vivax.
322 2200 351 2234 si
381 2200 442 2245 qui
464 2202 570 2245 paulo
594 2206 675 2234 sunt
697 2199 901 2235 vivaciores
925 2198 976 2242 (i.
1007 2211 1037 2232 e.
1064 2199 1345 2239 alacriores)
1367 2198 1400 2238 2,
1423 2195 1458 2240 6,
1483 2198 1505 2231 3
1528 2197 1575 2231 Ν.

138 2257 266 2299 x7iV0·
310 2267 352 2312 α)
374 2271 584 2311 simpliciter.-
613 2268 671 2303 cui
694 2273 813 2302 tamen
838 2267 926 2301 nihil
950 2265 1079 2309 objici,
1113 2265 1181 2300 nisi
1206 2266 1299 2310 quod
1323 2264 1466 2306 Vivam,
1489 2265 1608 2308 potest
1627 2266 1665 2309 6,

179 2315 236 2348 Pr.
261 2313 284 2348 4
311 2317 354 2348 S.
385 2314 554 2350 vivunt
587 2315 706 2348 omnia
737 2319 772 2348 et
802 2318 1057 2347 moventur
1089 2315 1154 2355 10,
1188 2315 1229 2353 1,
1256 2312 1309 2346 16.
1346 2321 1418 2345 non
1451 2309 1568 2346 minor
1599 2311 1667 2346 erit

181 2371 326 2402 eorum,
353 2361 412 2404 qui
436 2360 585 2403 vivunt,
612 2360 722 2407 gloria
746 2362 779 2402 9,
810 2361 844 2399 3,
869 2361 924 2394 89.
952 2359 1068 2402 quoad
1093 2357 1186 2393 vixit
1208 2359 1262 2398 11,
1287 2359 1322 2398 3,
1347 2358 1379 2391 8.
1408 2357 1489 2391 dum
1513 2356 1666 2401 vixit.6‚

182 2407 216 2448 3,
241 2407 295 2441 51.
319 2406 445 2440 incesti
471 2407 633 2441 damnata
657 2412 692 2440 et
714 2405 944 2450 praecipitata
969 2406 1012 2438 de
1041 2415 1145 2444 saxo,
1170 2403 1265 2438 vixit
1286 2406 1320 2445 7,
1344 2405 1386 2444 8,
1410 2405 1443 2436 3.
1468 2402 1666 2442 vivendum

183 2457 236 2485 est
259 2453 336 2494 (per
358 2454 553 2495 emphasim)
577 2454 619 2489 8,
643 2454 688 2493 3,
713 2452 758 2485 86
780 2452 825 2484 Ν.
852 2461 922 2494 quo
946 2461 1003 2483 me
1026 2450 1152 2485 vivere
1176 2449 1300 2494 juvet?
1341 2451 1461 2482 Cass.
1491 2451 1583 2492 Seu.
1610 2451 1664 2492 11,

184 2500 224 2540 1,
255 2500 311 2532 57.
349 2503 509 2532 nostrum
531 2498 624 2531 istud
649 2497 774 2533 vivere
807 2497 907 2530 triste
939 2495 1074 2539 aspexi.
1113 2499 1232 2528 Pers.
1271 2493 1384 2536 (fig.)
1409 2496 1451 2536 9,
1478 2496 1531 2538 13,
1563 2495 1586 2530 9
1614 2495 1661 2528 Ν.

184 2554 215 2575 v.
239 2543 347 2577 Edo.
407 2543 458 2587 β)
483 2557 511 2577 c.
537 2546 681 2577 Aurib..·
719 2542 824 2576 etiam
854 2541 1051 2586 praeteritis
1075 2540 1204 2574 seculis
1230 2539 1366 2575 vixisse
1394 2543 1458 2582 12,
1481 2538 1524 2582 4,
1546 2541 1579 2574 2.
1615 2538 1661 2580 cs.

186 2590 247 2628 12,
273 2591 327 2630 11,
355 2590 546 2629 19.,mater
569 2601 664 2630 mea,
691 2599 782 2632 quae
809 2608 846 2614 -
878 2587 964 2621 mihi
987 2586 1080 2622 vixit
1102 2589 1229 2620 Asin.
1254 2587 1296 2628 9,
1319 2588 1355 2627 2,
1380 2584 1434 2620 34.
1461 2583 1521 2630 [de
1547 2584 1664 2618 omni-

184 2633 250 2665 bus
278 2634 402 2667 aetatis
433 2646 538 2671 suae.
569 2635 777 2678 quibuscum
808 2633 955 2669 vivebat
979 2635 1042 2676 10,
1069 2634 1108 2675 1,
1132 2634 1178 2667 38
1199 2633 1245 2665 Ν.
1272 2645 1317 2665 cr.
1345 2638 1376 2665 et
1400 2629 1455 2674 S.]
1487 2636 1527 2672 ut
1548 2630 1663 2674 vivat,

185 2689 359 2722 quemque
383 2679 488 2714 etiam
512 2681 631 2714 dicere
658 2683 714 2722 11,
739 2682 770 2719 1.
796 2681 842 2713 30
861 2681 906 2714 Ν.
931 2691 960 2713 υ.
985 2677 1242 2722 Praecipio.
1266 2677 1561 2722 quemadmodum
1583 2675 1660 2720 ipse

185 2723 318 2759 vixerit
329 2723 363 2767 4,
377 2728 413 2768 2,
433 2727 488 2761 15.
514 2727 559 2760 ad
577 2727 727 2761 honeste
750 2725 969 2769 turpiterque
992 2724 1188 2761 vivendum
1199 2725 1234 2768 5,
1253 2726 1310 2768 10,
1322 2721 1376 2757 24.
1401 2734 1432 2756 υ.
1449 2722 1663 2758 Honeste·
