1728 3002
597 177 756 223 Noster
784 203 841 211 —
874 179 914 223 N
917 191 987 224 oto
1372 183 1379 186 “
1495 184 1576 225 577

42 291 230 352 Νὓβίθῐχ
259 308 402 350 pertinet
447 305 490 350 ι)
515 307 562 340 ad
596 299 745 350 singulas
777 320 956 352 personas:
999 307 1107 343 etiam
1155 307 1397 343 deficiens
1434 307 1576 354 jamque

77 361 186 401 ¹nou
208 358 383 387 noster
407 352 444 396 6,
465 353 523 387 Pr.
552 354 592 387 11
622 354 670 388 Ν.
717 364 791 388 non
816 355 931 389 solnm
951 354 1155 399 possedisse
1180 365 1268 398 nos,
1293 355 1357 389 sed
1381 353 1487 389 etiam
1511 366 1578 390 no-

87 403 200 432 strum
223 398 426 443 possedisse
447 401 484 442 ‘1;
507 398 542 440 5,
565 401 610 444 33
646 410 752 444 quem
776 399 936 435 habitum
963 411 983 434 a
1013 400 1144 435 nostris
1166 401 1367 445 acceperit,
1401 402 1498 436 hunc
1520 402 1579 446 ju-

90 443 207 479 dicum
242 443 369 478 animis
394 444 490 480 dabit
515 447 573 489 11,
599 447 635 488 3,
658 446 716 481 62.
764 446 802 480 in
827 452 996 483 nostro
1033 446 1184 482 simili
1209 458 1292 482 casu
1314 447 1351 490 6,
1377 450 1413 488 2.
1438 446 1495 482 34.
1522 447 1578 482 di·

89 495 146 524 cta
170 491 335 536 factaque
358 497 521 525 nostra
546 491 601 535 (a.
627 495 650 526 1.
673 492 883 538 nosti-aria)
908 506 985 538 opp.
1011 493 1164 528 aliena
1196 497 1233 537 7,
1260 496 1296 537 2,
1322 495 1368 528 50
1397 495 1443 527 N.
1470 507 1517 528 σν.
1542 507 1575 528 v.

88 535 307 571 Alienus.
354 543 516 572 nostra
536 537 659 583 opinio
686 550 827 583 semper
849 540 940 574 haec
973 536 1063 583 fuit,
1110 546 1150 573 ut
1179 556 1226 563 -
1262 540 1508 574 crederem
1540 542 1577 584 3,

88 581 125 625 6,
152 585 211 631 21.
227 583 276 616 Ν.
300 582 463 627 planiore
485 585 553 617 hac
575 584 788 629 proprieque
813 592 936 620 nostra
957 585 1168 630 probatione
1191 589 1226 627 2,
1248 588 1305 628 20,
1329 586 1361 621 5.
1385 592 1575 620 nostra-

36 664 38 669 ,
87 638 182 673 rum
204 628 488 673 propositionum
515 642 590 673 opp.
616 631 886 667 adversarii
917 631 954 675 4,
995 633 1030 675 5,
1066 635 1097 666 1.
1144 633 1327 666 nullum
1359 637 1575 666 nostrum

86 683 238 718 usquam
261 685 341 709 esse
363 675 600 723 negligentem
634 687 836 712 sermonem
869 680 926 721 10,
957 681 993 721 7,
1021 679 1080 714 28.
1127 679 1173 722 β)
1206 679 1254 711 ad
1286 685 1438 720 gentem.-
1478 679 1576 723 qnod

87 719 202 754 nostri
227 720 467 765 possibile
492 722 675 757 nominant
694 725 728 765 3,
750 725 786 766 8,
810 724 867 759 25.
890 724 936 766 cs.
961 726 996 767 3,
1021 725 1056 767 5,
1082 727 1118 761 7.
1141 724 1177 768 4,
1202 728 1236 767 1,
1261 726 1294 757 1.
1320 725 1355 766 9,
1379 727 1415 767 2,
1434 725 1494 759 65.
1521 727 1577 769 10,

89 767 124 808 1,
153 763 234 800 114.
281 766 467 803 clarissimi
490 775 692 803 nostrorum
715 776 879 805 auctores
903 772 939 814 8,
967 771 1000 813 5,
1025 770 1081 805 35.
1117 783 1195 816 opp.
1229 770 1358 804 Graeci
1387 772 1422 814 5,
1457 773 1512 814 11,
1545 774 1579 804 1.

86 813 146 846 20.
172 812 208 855 8,
233 813 269 856 3,
296 815 354 848 31.
379 811 557 849 ἐπάνοδος
582 815 712 850 dicitur
739 816 935 860 Graece,
959 815 1113 850 nostri
1147 816 1410 869 regressionem
1444 822 1578 852 vocant

85 857 124 901 9,
147 860 183 902 3,
207 859 264 894 35.
288 871 409 894 rerum
435 860 725 895 Graecarum
750 869 1097 907 nostrarumque
1121 862 1355 906 pentissimus
1380 865 1493 906 10,1,
1517 864 1576 898 95.

87 908 203 943 Satira
214 910 291 939 tota
314 911 437 939 nostra
460 912 514 940 est
537 909 580 941 ib.
603 909 659 942 93.
686 907 725 952 y)
749 910 795 941 ad
817 910 959 942 homines
983 911 1015 941 in
1033 911 1244 942 universum.-
1269 919 1316 942 ne
1342 910 1446 951 ultra,
1472 920 1577 953 «suam

87 951 226 988 homini
250 953 368 985 datum
393 958 470 995 est,
498 958 620 986 nostra
646 955 890 997 provehantur
913 955 947 996 6,
971 955 1029 988 Pr.
1054 956 1111 988 10.
1159 953 1196 998 δ)
1223 956 1269 987 ad
1295 958 1473 1000 aequales.-
1500 966 1578 988 ma-

87 999 207 1035 ximus
231 1004 431 1042 temporum
455 1005 660 1032 nostrorum
692 1005 817 1034 auctor
849 1002 884 1042 3,
905 999 1014 1042 '⁴52-
1047 1012 1080 1036 v.
1122 1001 1333 1044 Tempus.
1381 999 1412 1033 si
1447 1000 1577 1034 anti-

52 1080 54 1082 ,
86 1057 222 1092 quum
246 1053 447 1078 sermonem
473 1055 557 1078 nos
572 1050 650 1078 tro
674 1055 920 1090 comparemus
943 1046 980 1089 9,
1005 1047 1039 1089 3,
1064 1047 1098 1079 1.
1133 1047 1166 1087 ε)
1191 1047 1238 1079 ad
1260 1059 1328 1079 rem
1350 1050 1577 1089 propositam:

85 1092 125 1127 in
147 1097 310 1126 nostrum
333 1101 476 1134 quoque
499 1091 713 1138 litigatorem
736 1091 908 1126 convenit
933 1092 971 1133 6,
997 1092 1032 1133 3,
1055 1093 1111 1125 32.
1146 1097 1314 1126 noster
1341 1098 1476 1136 orator,
1501 1104 1579 1126 ars-

87 1149 159 1183 que
186 1149 207 1171 a
230 1135 369 1170 nobis
394 1135 538 1171 finita
560 1140 596 1179 2,
632 1140 691 1180 17,
727 1139 786 1172 23.
833 1149 890 1182 ap.
923 1142 1084 1171 nostrum
1124 1137 1229 1172 etiam
1265 1137 1440 1184 tragicum
1472 1139 1510 1182 9,
1543 1141 1578 1182 3,

85 1186 143 1220 57.
189 1183 323 1217 Noster
342 1193 434 1218 vero
456 1181 505 1225 (i.
532 1195 562 1217 e.
585 1182 770 1226 Cicero)
795 1183 938 1218 habitus
961 1188 1016 1218 est
1038 1182 1168 1217 nimius
1202 1183 1295 1218 risus
1329 1183 1515 1218 affectator
1543 1186 1591 1228 6,=

83 1232 128 1273 3,
165 1231 203 1264 3.

39 1274 170 1320 Nota·
214 1283 304 1330 di,
329 1297 363 1330 q.
386 1286 582 1327 signum.-
610 1281 862 1330 σὸμβολον,
886 1286 982 1330 quod
1009 1292 1064 1320 est
1089 1291 1203 1321 nota
1227 1285 1313 1328 1,6‚
1339 1287 1398 1322 28.
1422 1291 1461 1320 ut
1483 1287 1581 1320 nulla

85 1335 340 1376 notapossent
365 1330 569 1365 discernere
599 1333 656 1373 11,
689 1334 724 1374 2,
757 1333 829 1366 13.
858 1331 1085 1379 imagines
1124 1338 1269 1366 notae
1303 1331 1362 1373 (a.
1403 1336 1425 1366 1.
1458 1332 1582 1376 voces)

86 1382 181 1420 sunt,
204 1376 332 1421 quibus
357 1388 420 1419 ea,
454 1388 546 1421 quae
585 1376 777 1411 ediscenda
811 1384 916 1420 sunt,
962 1384 1175 1412 notamus
1210 1381 1267 1420 11,
1303 1381 1338 1420 2,
1372 1380 1416 1412 21
1451 1379 1500 1412 Ν.
1534 1392 1581 1413 er.

86 1422 165 1468 (ιζῙ.
197 1425 267 1458 cie.
294 1424 360 1457 Or.
390 1422 425 1467 §.
452 1422 507 1456 14.
539 1425 582 1456 de
609 1424 669 1457 Or.
706 1425 753 1466 ΙΙ,
778 1423 808 1465 S.
833 1423 941 1466 174.)
987 1426 1032 1470 β)
1054 1427 1278 1458 scribentium:
1316 1423 1347 1458 si
1371 1425 1407 1459 H
1430 1424 1584 1459 litera

90 1475 166 1512 est,
202 1478 277 1502 non
301 1474 418 1502 nota
445 1471 480 1511 1,
504 1469 538 1512 5,
572 1469 626 1504 19.
676 1467 924 1513 [aspirationis
946 1477 1069 1504 notam
1098 1471 1165 1514 (Z.
1189 1469 1279 1513 om.)
1312 1473 1346 1514 1,
1379 1469 1416 1514 4,
1450 1469 1507 1515 9.]
1543 1471 1582 1504 in

86 1513 331 1561 praenominis
358 1520 444 1548 nota
478 1517 512 1558 1,
547 1518 582 1557 7,
614 1515 671 1550 29.
708 1517 776 1549 hac
810 1522 896 1550 nota
926 1517 1097 1550 monendi
1132 1528 1253 1550 sumus
1284 1518 1326 1551 sb.
1362 1517 1398 1550 3.
1447 1516 1584 1561 aliquas

85 1571 270 1606 apponere
294 1565 398 1595 notas
421 1560 486 1603 iis,
514 1572 606 1606 quae
630 1561 811 1595 difficilius
833 1563 1006 1597 haereant
1030 1566 1087 1606 11,
1112 1566 1148 1605 2,
1174 1564 1233 1597 28.
1267 1561 1312 1603 ήὶ
1343 1564 1388 1596 ib.
1412 1564 1472 1597 29.
1520 1562 1582 1607 qui

86 1606 184 1642 notis
206 1606 366 1641 scribunt
391 1609 435 1640 ib.
456 1609 515 1642 25.
538 1607 656 1651 aliqua
679 1607 775 1641 inter
797 1609 885 1643 duas
906 1610 1053 1642 vocales
1078 1610 1180 1643 velut
1202 1614 1286 1642 nota
1310 1613 1384 1651 est,
1414 1619 1462 1642 ne
1483 1608 1582 1652 ipsae

2 1664 6 1670 ·
36 1681 48 1689 ,
87 1657 220 1688 coeant
243 1653 281 1696 9,
302 1653 339 1695 4,
362 1651 431 1695 403
466 1663 534 1686 nec
555 1653 701 1687 musicis
737 1653 832 1688 notis
871 1654 921 1698 (S
933 1668 968 1697 p.
1004 1654 1149 1698 modis)
1182 1654 1321 1688 cantica
1357 1653 1515 1698 excipiat
1548 1658 1583 1697 1,

26 1694 35 1698 ·
90 1701 148 1742 12,
172 1690 220 1734 14
247 1700 285 1732 s.
333 1697 373 1744 y)
403 1701 626 1742 pingentium.-
673 1699 868 1733 intertexta
896 1700 1057 1743 pluribus
1091 1712 1126 1734 n.
1161 1700 1274 1735 vestis
1303 1701 1339 1742 8,
1373 1701 1407 1742 5,
1439 1701 1498 1734 28.
1546 1696 1583 1743 δ)

89 1746 312 1823 11υηὶωᾶΜὲ
347 1755 383 1778 n.
410 1744 574 1779 censoria
587 1745 623 1788 5,
652 1748 709 1789 11,
734 1748 790 1779 12.
836 1744 871 1790 ε)
897 1748 923 1779 i.
952 1759 984 1791 q.
1007 1759 1168 1788 genus.-
1193 1747 1270 1790 ejus
1292 1750 1402 1779 notae
1430 1751 1485 1779 est
1511 1758 1581 1779 ex-

89 1791 255 1828 animat
311 1814 322 1831 ,
344 1791 380 1832 3,
403 1791 461 1824 32.

89 1831 276 1876 otabilis.
325 1845 367 1885 a)
396 1848 430 1877 in
454 1848 571 1880 sonam
594 1854 741 1890 panem.-
777 1848 870 1882 mud
893 1847 1050 1882 notabsse
1074 1858 1136 1881 ex
1160 1846 1313 1881 diversis
1337 1847 1372 1889 s,
1394 1848 1429 1890 5,
1463 1848 1497 1882 5.
1526 1845 1580 1891 [in

91 1902 134 1926 ea
159 1888 294 1934 (domo)
328 1890 499 1934 quidquid
523 1897 598 1926 not.
623 1894 682 1933 (de
706 1893 792 1936 conj.
819 1896 971 1935 Regii3
1000 1894 1105 1928 codd.
1130 1892 1271 1935 nobile,
1308 1894 1397 1936 quod
1419 1905 1483 1926 non
1509 1901 1582 1926 erat

60 1942 64 1943 ⁷
90 1933 330 1980 respuendum)
359 1941 413 1970 est
437 1939 492 1975 11,
516 1939 552 1978 2,
580 1938 624 1971 18
649 1939 695 1971 Ν.
724 1938 788 1982 cn]
823 1939 972 1972 subinde
995 1939 1114 1982 aliqua
1137 1938 1286 1972 notabili
1308 1939 1420 1984 figura
1445 1938 1584 1973 excita·

91 1989 167 2016 tum
190 1983 225 2024 9,
258 1983 295 2024 3,
319 1981 366 2015 27
377 1994 387 2023 ;
421 1981 464 2014 Id
487 1986 605 2016 tamen
637 1982 677 2022 in
708 1984 1004 2018 declamatoribus
1039 1985 1132 2027 (Sp.
1156 1984 1404 2022 —ationibusl
1429 1990 1584 2019 estxno-

92 2027 314 2068 tabilius,
349 2026 616 2071 laudarique
638 2039 696 2062 me
718 2040 831 2072 puero
857 2030 995 2063 solebat
1021 2030 1057 2071 8,
1082 2032 1117 2071 3,
1150 2032 1195 2062 22
1226 2033 1268 2063 Ζ.
1316 2031 1360 2073 β)
1392 2032 1425 2062 in
1456 2034 1581 2063 malam

92 2088 149 2118 p.:
193 2073 224 2107 si
252 2072 337 2117 quid
359 2072 404 2106 in
428 2073 567 2116 pejus
589 2073 747 2108 notabile
772 2080 827 2108 est
852 2077 885 2116 1,
909 2076 945 2117 3,
970 2077 1002 2107 1.
1032 2074 1076 2107 ad
1106 2074 1421 2117 reprehensionem
1444 2076 1585 2109 notabi-

91 2120 141 2154 lia
164 2120 199 2162 9,
222 2118 259 2161 4,
286 2120 344 2152 33.
391 2119 463 2152 duo
493 2119 644 2162 spondei
678 2130 754 2153 non
790 2120 869 2154 fere
906 2119 1004 2166 jungi
1036 2119 1239 2163 patiuntur:
1278 2131 1370 2164 quae
1402 2120 1442 2154 in
1474 2133 1585 2156 versu

92 2176 237 2210 quoque
259 2163 426 2198 notabilis
450 2165 607 2198 clausula
634 2170 688 2198 est
710 2165 747 2208 9,
771 2164 808 2208 4,
834 2168 912 2199 101.
961 2165 1017 2199 mi
1052 2165 1201 2209 (pedes)
1236 2165 1354 2200 minus
1382 2173 1465 2201 sunt
1494 2173 1584 2209 not.,

93 2211 176 2256 quia
199 2212 270 2244 hoc
292 2220 406 2256 genus
431 2210 588 2244 sermoni
611 2210 817 2254 proximum
846 2217 900 2244 est
922 2213 955 2244 ib
992 2211 1050 2253 76.
1078 2223 1112 2246 v.
1134 2211 1329 2246 Macula.

43 2253 262 2298 Notarius.
309 2266 499 2310 (actiones)
530 2267 748 2315 negligentia
782 2267 1038 2313 excipientium
1070 2267 1108 2301 in
1141 2274 1328 2313 quaestum
1359 2268 1582 2304 notariorum

89 2318 277 2357 corruptae
306 2315 344 2356 7,
366 2315 401 2353 2,
425 2311 483 2347 24.
1583 2310 1593 2318 “

43 2355 235 2399 Notatio.
290 2381 323 2402 v.
347 2369 658 2417 Etymologia.
1151 2408 1153 2411 .

45 2411 231 2456 Nothus·
268 2427 461 2460 nothum
484 2426 573 2470 (Sp.
602 2429 644 2460 de
668 2428 754 2470 conj.
778 2424 924 2470 216³an
947 2426 1100 2471 quinon
1118 2427 1164 2461 sit
1187 2425 1447 2473 legitimus,
1470 2426 1583 2461 Grae-
1609 2440 1612 2445 ·

94 2470 128 2505 ci
151 2477 285 2510 vocant
311 2474 346 2512 3,
370 2473 405 2514 6,
428 2473 474 2507 97
497 2476 540 2506 Ζ.
587 2474 760 2507 nothus
785 2479 867 2507 ante
896 2473 1163 2519 legitimum
1199 2479 1322 2516 natus,
1355 2471 1454 2520 legit.
1486 2472 1582 2507 filius

93 2517 158 2550 sit:
194 2523 277 2561 post
297 2517 492 2564 legitimum
519 2522 646 2561 natus,
683 2525 818 2552 tantum
844 2518 935 2553 civis
959 2521 994 2562 3,
1018 2519 1052 2562 6,
1078 2519 1135 2554 96.
1161 2517 1206 2560 cjl
1227 2522 1265 2562 7,
1288 2522 1325 2563 7,
1350 2521 1407 2554 10.

46 2558 224 2603 Notium
265 2585 495 2609 numerorum
519 2580 596 2609 not.
621 2578 656 2618 1,
680 2578 736 2618 10,
762 2576 819 2611 35.
844 2576 1001 2610 omnium
1033 2586 1286 2619 personarum,
1325 2575 1606 2610 instrumento-'

91 2630 192 2663 rum,
229 2625 452 2665 temporum,
498 2621 659 2655 locorum
688 2622 868 2656 habere
906 2621 1135 2656 notitiam
1165 2635 1242 2666 opp.
1274 2621 1584 2656 familiariter

95 2675 243 2701 nosse
267 2667 303 2710 6,
326 2667 362 2709 4,
386 2668 430 2711 83
459 2666 497 2700 in
519 2666 681 2701 notitiam
712 2667 861 2711 eorum,
910 2667 940 2701 si
960 2667 1024 2712 qni
1061 2668 1157 2702 sorte
1190 2678 1412 2716 cognoscere
1442 2667 1576 2702 voluis-

92 2715 194 2756 sent,
225 2712 417 2756 protulisse
448 2715 505 2756 12,
529 2715 587 2756 11,
609 2713 644 2748 8.

0 2790 3 2796 .
49 2752 178 2798 Noto·
219 2767 255 2813 1)
282 2771 444 2812 signis.-
476 2769 596 2814 alique
620 2768 743 2817 signo,
772 2779 846 2816 quo
868 2774 1091 2814 moueantur,
1118 2775 1244 2805 notant
1263 2773 1320 2814 11,
1347 2773 1382 2813 2,
1408 2771 1463 2806 19.
1491 2770 1562 2805 ima

141 2840 225 2871 Lex.
251 2839 365 2880 Quint.
1124 2839 1169 2872 37
