1728 3002
535 121 589 165 de
619 120 906 170 Grammaticis
935 117 1242 172 Quintilianea.
1491 122 1662 160 LXXX!

126 237 332 288 dinibus
357 241 506 294 hunc
528 235 983 301 corruptissimum
1011 235 1195 282 locum
1212 231 1469 294 restituit,
1505 233 1581 281 ita
1603 248 1668 281 ut

126 317 438 366 simillimum
472 318 542 364 ad
577 314 670 362 hoc
694 330 858 378 genus
891 314 1194 362 referretur.

259 395 506 443 Alterum
537 407 617 441 est
637 405 815 462 'genus
843 391 1191 457 periodorum
1222 391 1570 439 confusarum
1598 392 1671 438 ad

126 477 348 522 modum
368 473 598 540 figurae,
630 489 774 537 quae
792 469 1145 534 Synchysis
1177 468 1400 529 dicitur,
1434 482 1498 516 ut
1524 486 1601 530 11,
1625 486 1668 531 1,

129 557 196 606 48
220 552 499 608 hocgadlmc
521 551 892 616 adjiciendum,
923 549 1206 613 aliquas,
1236 564 1365 612 quae
1382 554 1507 596 sunt
1523 564 1669 611 egre-

128 631 249 695 giae
292 631 499 680 dicendi
535 631 777 689 virtutes,
829 645 925 695 quo
966 628 1134 676 meiius
1174 627 1407 686 deceant,
1460 625 1678 691 effici

134 710 420 759 condictbne
454 727 752 769 causa-rum,
793 724 936 773 quae
969 706 1045 754 ita
1072 706 1294 772 proprie
1326 704 1674 769 *disponenda

134 803 313 839 erant:
345 790 556 855 effici
578 788 866 838 condicione
890 802 1188 845 causarum,
1222 801 1318 850 quo
1348 784 1518 832 minus
1548 784 1674 831 ali-

133 885 290 932 quae
309 872 378 905 —-'-
398 869 621 916 deceant.
643 895 712 903 —-
752 883 769 911 1
782 881 827 925 2,
852 880 898 925 2,
919 879 946 910 2
970 863 1213 912 virtutem
1231 880 1350 911 vero
1363 899 1378 924 ,
1410 880 1436 927 q
1452 881 1529 910 ua
1546 861 1681 910 nihil

135 945 348 1007 bantini,
379 961 474 1012 quo
501 947 574 995 ad
601 947 718 992 deos
746 943 1057 991 immortales
1082 943 1354 1006 propius
1385 944 1675 1002 accederet,

137 1024 318 1073 datum
351 1034 450 1086 est,
486 1025 681 1073 obt-iam
714 1031 767 1072 et
791 1021 1116 1070 illaboratum
1146 1029 1350 1070 tantum
1370 1021 1678 1070 habeamus?

133 1102 229 1150 ubi
252 1106 323 1151 ad
342 1121 585 1152 normam
605 1099 1007 1170 grammaticam
1029 1099 1351 1149 desiderabis
1371 1120 1523 1167 quam
1542 1119 1660 1167 qua.

271 1181 521 1230 Tertium
575 1194 655 1229 est
705 1179 1198 1228 Anacoluthon
1217 1216 1233 1241 ‚
1295 1184 1448 1246 quod
1506 1195 1679 1248 genus

135 1276 357 1327 perraro
392 1255 731 1325 Quintiliano
768 1257 992 1318 excidit,
1022 1273 1087 1306 ut
1119 1252 1202 1320 1²2,
1233 1258 1288 1319 ὅ,
1325 1278 1400 1309 11.
1444 1275 1502 1307 12
1547 1261 1680 1319 Quo-

135 1357 256 1389 rum
308 1339 407 1387 alii
446 1356 499 1387 se
551 1338 624 1386 ad
675 1336 847 1387 album
901 1354 964 1385 ac
1013 1337 1249 1387 rubricas
1297 1338 1686 1388 transtulerunt

80 1448 87 1453 ’
139 1433 241 1467 etc.
275 1446 342 1456 —
362 1435 375 1465 ε
427 1418 527 1466 alii
557 1418 807 1482 pigritiae
844 1418 1247 1479 arrogantiores,
1289 1419 1404 1484 qui
1439 1446 1507 1454 -—
1546 1435 1681 1483 pau-
1702 1478 1706 1482 ῃ

134 1498 248 1546 lwm
280 1497 477 1562 aliquid
507 1498 750 1545 sederunt
783 1497 838 1545 in
872 1495 1054 1544 scholis
1084 1497 1576 1562 philosophantium,
1621 1502 1687 1544 ut

140 1577 399 1624 deinde—
420 1584 693 1640 captarent
707 1576 1070 1625 auctoritatem
1091 1585 1345 1625 contemtu
1366 1584 1653 1625 ceterorum
1661 1592 1686 1633 ;

140 1671 269 1702 nam
300 1654 399 1719 quin
415 1655 677 1721 pervertit
701 1671 767 1703 ac
793 1655 1035 1705 dissolvit
1057 1655 1474 1703 constructionis
1494 1671 1688 1703 conse-

143 1733 438 1798 quentiam.
469 1733 544 1780 Et
578 1749 654 1794 12,
684 1748 760 1796 10,
789 1733 855 1780 53
890 1735 1010 1800 quia
1042 1734 1274 1782 ultima
1308 1734 1561 1798 syllaba
1594 1750 1688 1780 uec

146 1820 302 1861 acuta
342 1829 568 1877 unquam
611 1814 896 1874 excitatur,
942 1831 1035 1862 uec
1065 1816 1220 1876 flexa
1262 1813 1686 1872 circumducitur,

146 1891 235 1938 sed
255 1891 320 1937 in
341 1908 624 1954 grat-em,
648 1892 747 1939 vel
767 1893 926 1940 duas
949 1909 1185 1956 graves
1212 1893 1392 1940 cadit
1418 1908 1688 1956 semper,

147 1968 240 2015 ubi
270 1985 501 2032 sequens
532 1986 657 2033 pars
688 1969 765 2018 ita
802 1970 1020 2032 dicitur,
1052 1970 1201 2036 quasi
1222 1971 1280 2018 in
1301 1969 1481 2035 priore
1511 1969 1690 2018 conti-

149 2057 347 2090 neatur
378 2061 517 2103 vox,
550 2051 700 2108 quod
735 2047 898 2113 igitur
930 2063 1055 2112 post
1084 2050 1174 2096 sed
1206 2048 1541 2096 audiendum
1576 2046 1691 2094 erit.

288 2135 333 2167 2.
399 2121 774 2188 Negligentem
808 2140 873 2171 ac
907 2127 1186 2173 molestam
1217 2142 1378 2190 saepe
1411 2124 1692 2189 repetitio-

151 2216 276 2247 nem
308 2199 599 2247 verborum
633 2214 731 2247 aut
762 2201 998 2267 ejusdem
1034 2202 1250 2270 originis
1287 2217 1383 2250 aut
1413 2204 1573 2250 etiam
1605 2221 1694 2250 eo-

151 2279 381 2325 rundem
405 2276 514 2343 jam
547 2278 886 2347 Spaldingius
916 2280 1160 2345 pluribus
1193 2280 1324 2331 locis
1359 2295 1694 2348 conquestus

91 2378 97 2381 «
157 2369 234 2402 est
255 2390 269 2414 ‚
334 2354 485 2420 cujus
540 2356 903 2424 negligentiae
954 2362 1202 2426 exempla
1259 2361 1556 2428 generatim
1604 2360 1693 2408 hic

156 2449 551 2497 componemus.
642 2436 997 2485 Levissimum
1044 2438 1142 2486 erit
1162 2476 1176 2499 ‚
1235 2457 1406 2505 quum
1455 2439 1693 2504 ejusdem

159 2509 372 2576 originis
406 2512 736 2561 vocabulum
769 2515 1056 2581 repetitur,
1098 2532 1163 2564 ut
1198 2517 1255 2579 6,
1290 2530 1347 2577 4,
1385 2513 1415 2566 5
1452 2518 1558 2566 Nec
1590 2518 1693 2565 im-

157 2588 385 2636 merito
437 2589 642 2653 quidam
658 2627 671 2651 ,
727 2610 1011 2658 quanquam
1054 2596 1109 2643 in
1154 2597 1363 2644 dicendo
1402 2596 1691 2659 mediocres,

158 2666 254 2714 bac
284 2667 574 2716 altercandi
606 2673 932 2734 praestantia
971 2691 1264 2724 mei-uera
1277 2686 1346 2725 nt
1388 2692 1564 2723 noneen.
1598 2692 1692 2739 pa-
