1728 3002
152 176 235 217 604
615 191 624 198 ’
674 174 910 217 poenarias
940 199 997 209 --
1028 175 1161 217 Poeta

202 290 357 327 tardiore
376 294 412 336 7,
434 293 470 335 2,
497 289 553 324 42.
578 288 699 324 mitior
722 299 759 332 p.
783 291 822 335 6,
839 289 876 335 4,
903 289 960 328 16.
1004 289 1048 336 β)
1075 303 1105 325 c.
1130 290 1259 333 Gentti:
1294 301 1328 334 p.
1351 290 1559 327 nocentium
1584 294 1642 335 12,
1665 295 1703 336 7,
1727 283 1728 311 ἶ

203 344 248 382 2;
273 338 456 373 infelicem
483 336 725 371 calumniandi
752 348 792 372 se
814 349 848 381 p.
867 339 924 380 10,
941 339 976 380 3,
997 340 1052 372 11.
1077 346 1115 380 p.
1139 337 1373 372 abdicationis
1396 340 1433 382 9,
1448 342 1484 383 2,
1497 341 1555 374 88.
1580 340 1701 385 legum
1726 332 1728 382 ,W

203 403 248 409 -—
274 386 386 418 walae
409 382 653 418 conscientiae
680 392 819 426 poenas
843 385 900 427 12,
923 387 957 427 1,
983 386 1044 426 133
1077 389 1240 418 servatae
1278 384 1416 426 patriae
1440 394 1475 427 p,
1501 388 1558 429 11,
1584 382 1699 426 1,’18.
1726 392 1728 429 3

203 430 265 465 illa
290 442 363 464 non
395 440 551 472 poena
573 431 636 464 sed
667 439 718 471 pr
731 429 934 464 ohibitio
971 430 1117 464 sceleris
1139 430 1210 465 fuit
1242 432 1324 465 Cic.
1354 432 1390 473 9,
1415 433 1451 472 2,
1477 431 1532 466 18.
1566 431 1613 473 cf.
1641 433 1702 474 12,
1726 432 1728 461 ἒ

206 480 241 519 7,
271 480 302 510 1.
350 485 388 521 γ’)
410 489 470 520 per
493 479 608 510 varios
634 478 752 511 casus.
798 475 832 519 a)
858 478 991 511 Genit..·
1023 476 1062 511 in
1086 475 1232 510 infamia
1265 478 1346 519 plus
1368 486 1509 519 poenae
1534 489 1638 522 quam
1666 476 1728 518 51111

206 528 322 556 morte
349 523 383 565 6,
409 526 445 566 2,
463 524 521 558 23.
548 532 585 564 p-
606 522 816 557 nocentium
842 521 992 565 cupidus
1029 526 1100 569 12,ν
1119 526 1158 567 7,
1194 526 1230 557 2.
1267 532 1302 565 p.
1332 524 1533 566 modus-2,
1566 522 1603 567 4,
1644 525 1706 558 39.

208 568 407 614 quantitas,
451 579 530 602 cum
571 567 617 602 sit
647 574 707 603 aut
747 578 930 611 poenae
971 575 1030 604 aut
1062 568 1288 613 honoris,
1340 580 1388 604 ex
1420 569 1590 614 qualitate
1618 567 1708 603 facti

208 615 436 649 constituitur
457 618 494 658 7,
522 615 558 658 4,
585 615 642 649 16.
676 627 711 649 υ.
747 616 930 650 Honor.
977 616 1019 658 b)
1050 619 1239 650 Accusat„-
1280 615 1341 660 qui
1375 625 1574 658 poenam
1607 616 1728 650 sunm'

207 662 471 696 honoribus
494 661 641 695 summis
669 667 765 696 esset
787 662 1034 696 aestimaturus
1059 665 1117 706 11,
1141 665 1175 707 1,
1200 664 1257 696 10.
1282 673 1373 709 (mae
1395 671 1434 704 p.
1457 661 1544 696 huic
1567 660 1728 697 crimini.

208 709 402 743 constituta
425 710 538 751 esL7,
563 707 601 751 4,
637 706 684 742 42
717 721 750 743 v.
781 707 1044 744 constituo.
1091 709 1155 744 vel
1187 707 1266 742 aliis
1300 708 1539 743 incommodis
1575 727 1621 734 -
1646 707 1728 743 vel³

209 754 430 796 poenitentia
453 754 538 787 satis
563 763 716 796 poenam
729 755 870 790 dedisse
894 758 938 789 ib.
966 757 1021 790 18.
1046 764 1183 797 poenas
1203 761 1375 796 expetere
1395 758 1451 796 12,
1469 757 1504 797 7,
1530 757 1564 788 1.
1588 753 1728 788 mitior÷

209 803 301 835 solet
327 811 360 842 p.
389 800 541 847 irrogari
568 801 822 836 verecundiae
833 802 870 845 6,
895 801 930 844 4,
959 802 1010 835 16.
1059 812 1142 836 cum
1164 800 1201 836 ei
1231 807 1313 836 ante
1344 801 1476 845 injusta
1509 809 1544 842 p.
1577 801 1728 836 luenda.

210 847 278 890 sit,
310 859 416 891 quam
444 848 536 889 iusta
559 849 752 889 repetenda
778 848 812 892 5,
842 846 899 890 14,
925 850 982 883 17.
1007 859 1055 881 an
1083 846 1274 882 commissa
1295 847 1342 881 sit
1363 847 1507 890 poena?
1536 858 1583 881 an
1610 845 1711 894 exigi

209 895 361 928 debeat?
387 897 422 936 7,
440 894 476 935 4,
494 896 553 928 20.
587 900 752 928 servatae
767 894 903 935 patriae
922 902 1075 936 poenam
1091 903 1219 936 passus
1234 895 1300 936 11,’
1313 897 1346 936 1,
1369 895 1423 929 18.
1450 893 1494 927 ab
1514 903 1556 927 ea
1574 893 1712 938 (matre)

210 950 344 981 poenas
368 946 492 982 petere
519 941 554 983 3,
583 942 639 983 11,
666 943 723 974 12.
761 951 854 984 quae
877 951 935 974 res
958 949 1113 982 poenam
1139 938 1307 975 advocati
1322 938 1504 973 >remiserit
1526 942 1562 982 7,
1587 941 1624 982 1,
1649 939 1711 975 60.

208 996 358 1028 poenam
385 986 505 1020 subire
521 989 556 1028 7,
581 989 616 1030 2,
642 985 706 1029 42;
731 988 774 1020 ad
799 986 983 1021 infelicem
1008 986 1248 1021 calumniandi
1273 997 1314 1020 se
1336 995 1491 1027 poenam
1511 985 1712 1032 alligandos

210 1035 265 1070 10,
293 1035 327 1075 3,
360 1035 415 1066 11.
466 1030 671 1076 [superstes
694 1042 824 1075 parens
849 1039 985 1068 tantum
1016 1034 1070 1066 ad
1102 1042 1279 1075 poenas
1311 1034 1443 1075 (Codd.
1473 1044 1540 1066 om.
1572 1033 1641 1074 εὼς
1662 1043 1711 1080 ἰν.

208 1079 406 1116 Amitto.
437 1079 472 1121 6,
501 1080 559 1112 Pr.
590 1081 633 1113 13
659 1080 706 1115 Ν.
738 1078 808 1124 cn]
858 1079 895 1113 in
922 1089 1060 1121 poenas
1084 1090 1106 1113 a
1128 1084 1244 1114 semet
1266 1077 1353 1124 ipsis
1375 1078 1569 1113 induantur
1592 1081 1650 1122 12,
1678 1080 1712 1120 1,

208 1128 242 1161 3.
273 1137 347 1159 non
376 1127 479 1159 durat
502 1126 595 1159 ultra
619 1134 775 1167 poenam
806 1125 1041 1160 abdicationis
1080 1127 1117 1170 9,
1150 1129 1187 1168 2,
1219 1127 1278 1164 88.
1326 1124 1364 1168 c)
1396 1127 1536 1158 Abzat..·
1581 1123 1710 1166 poenis

207 1171 336 1213 eripiat
359 1175 394 1215 2,
422 1173 477 1214 16,
505 1175 540 1205 2.
589 1181 706 1214 poena
728 1172 875 1207 liberari
899 1173 933 1216 5,
961 1171 1016 1215 14,
1039 1171 1075 1206 4.
1102 1181 1137 1214 p.
1168 1171 1244 1207 levi
1275 1170 1424 1218 transigi
1455 1174 1491 1214 7,
1514 1173 1550 1213 2,
1572 1170 1631 1205 42.
1665 1170 1728 1219 lis,

207 1223 261 1251 est
285 1218 402 1251 omnis
427 1224 488 1252 aut
517 1219 561 1251 de
585 1219 813 1262 praemio,
853 1224 915 1253 aut
937 1219 1163 1261 de·poena
1187 1225 1250 1253 etc.
1275 1221 1311 1262 7,
1335 1217 1371 1262 4,
1396 1219 1428 1253 3.

159 1262 411 1305 Poenarius.
460 1285 494 1318 p.
521 1275 682 1310 actiones
706 1275 741 1319 4,
765 1278 801 1321 3,
825 1277 849 1312 9
878 1277 926 1311 Ν.
944 1279 979 1320 7,
1005 1275 1042 1320 4,
1066 1277 1125 1310 20.

159 1330 445 1373 Poenitentia.
493 1342 613 1384 coepti
636 1352 671 1384 p.
697 1346 757 1386 12,
780 1342 814 1385 5,
841 1345 877 1378 3.
924 1342 1028 1388 quasi
1050 1351 1087 1385 p.
1110 1341 1197 1377 dicti
1226 1340 1336 1387 (fig.)
1361 1342 1397 1385 9,
1419 1344 1456 1385 2,
1481 1341 1539 1376 σο.
1566 1339 1651 1376 ficet
1674 1324 1728 1376 ω)

205 1389 267 1422 vel
290 1397 423 1430 poen.
450 1390 511 1423 vel
536 1388 745 1424 ambitus
768 1390 814 1423 ad
839 1391 911 1424 hoc
934 1399 1048 1442 genus
1074 1387 1225 1423 actionis
1253 1386 1444 1422 adduxerit
1471 1390 1507 1430 7,
1532 1389 1567 1430 1,
1592 1389 1648 1422 53.
1675 1400 1728 1430 υ..ς

206 1434 495 1475 Excusati03
528 1434 771 1476 poenitentiae
797 1435 980 1469 confessio
1005 1437 1063 1478 11,
1101 1437 1135 1478 1,
1170 1433 1236 1476 76;
1258 1437 1463 1468 .Accusat..-
1499 1433 1550 1467 ob
1587 1442 1623 1476 p.
1662 1436 1723 1481 1¹1³..ss

205 1481 263 1515 66.
291 1490 324 1522 p.
350 1481 573 1515 ostendimus
601 1479 805 1525 (manibus)
831 1483 888 1524 11,
922 1482 958 1524 3,
989 1481 1048 1515 86.
1082 1489 1118 1522 Ρ.
1154 1484 1279 1514 acturo
1306 1480 1349 1521 9,
1382 1481 1425 1520 3.
1460 1481 1526 1523 12;
1564 1481 1708 1527 summ?

206 1526 392 1560 emendari
413 1536 448 1569 p.
473 1526 510 1569 4,
538 1530 572 1570 1,
596 1526 655 1563 45.
678 1537 715 1570 p.
740 1527 825 1561 satis
850 1536 1048 1569 poenarum
1074 1525 1218 1560 dedisse
1240 1529 1278 1569 7,
1299 1523 1338 1567 4,
1372 1527 1429 1560 18.
1451 1524 1497 1566 cf.
1535 1526 1568 1566 5,
1591 1529 1627 1568 7,
1653 1528 1722 1565 1³„

205 1578 451 1615 compressam
471 1584 617 1607 manum
639 1573 680 1607 in
703 1582 739 1616 p.
764 1572 827 1619 (a.
851 1578 874 1607 1.
905 1572 944 1607 in
971 1573 1113 1620 signum
1139 1570 1402 1616 poenitentiae)
1419 1571 1562 1613 pectori
1585 1573 1704 1606 admo'

205 1630 335 1654 vemus
359 1623 417 1663 11,
442 1619 574 1663 3,.1o4
596 1620 646 1654 Ν.
672 1633 722 1654 cr.
1440 1615 1450 1620 “
1476 1636 1479 1639 ’
1551 1630 1554 1635 ’
1710 1620 1722 1673 ᾗ

161 1676 369 1718 poenitet·
404 1693 443 1722 ut
466 1686 616 1723 meliora
638 1687 901 1731 probantes
924 1686 1091 1731 pejorum
1117 1684 1395 1728 poeniteret
1414 1684 1452 1730 6,
1474 1686 1510 1730 5,
1532 1686 1568 1721 8.
1591 1662 1721 1735 neque*¹

202 1744 262 1768 me
287 1743 321 1777 p.
347 1735 392 1767 ad
418 1734 491 1769 hoc
514 1744 660 1780 quoque
678 1743 771 1778 opus
793 1744 911 1769 meam
932 1733 1120 1776 respicere
1147 1734 1205 1775 11,
1231 1733 1265 1775 1,
1290 1731 1350 1773 55.
1371 1731 1460 1765 illud
1484 1741 1560 1766 non
1581 1730 1717 1779 poeni*

203 1778 293 1814 tebit
319 1791 464 1815 curasse
490 1782 525 1825 1,
552 1783 586 1824 1,
609 1779 670 1816 34.
692 1791 768 1816 non
788 1779 1085 1824 poeniturum
1110 1781 1223 1824 Sastt.
1244 1779 1284 1824 9,
1308 1779 1345 1822 3,
1369 1779 1414 1812 12
1437 1778 1504 1813 Ns
1551 1786 1556 1793 ’
1693 1777 1722 1835 i}

158 1824 323 1867 Pofisis·
370 1850 404 1872 v.
430 1837 741 1883 Eloquentia.
767 1836 814 1880 os.
841 1839 899 1882 10,
923 1839 959 1882 1,
981 1838 1028 1874 28
1050 1850 1138 1882 seqq·

159 1893 308 1936 Ρῡὲΐᾶ·
345 1902 383 1948 α)
407 1918 435 1940 c.
459 1907 568 1950 Adi„-
593 1905 806 1941 clarioribus
829 1915 864 1948 p.
890 1908 947 1944 12.
970 1904 1007 1949 4,
1030 1908 1060 1940 1.
1086 1917 1107 1940 a
1130 1904 1400 1949 corruptissimo
1423 1913 1567 1950 quoque
1589 1905 1676 1945 poet
1708 1903 1718 1918 ”

206 1957 320 1985 tarum
342 1950 475 1998 figuras
498 1963 564 1986 seu
587 1952 839 1987 translationes
865 1958 1068 1987 mutuamur
1092 1953 1127 1995 8,
1152 1953 1211 1987 Pr.
1247 1955 1304 1988 25.
1337 1952 1470 1997 quend.
1501 1959 1577 1997 non
1606 1913 1721 1995 ignca

206 1997 315 2031 bilem
340 2006 377 2039 p.
403 1997 453 2032 ita
476 1998 604 2033 lusisse
626 1999 663 2042 9,
686 1998 724 2042 4,
748 2000 806 2034 90.
832 2007 869 2040 Ρ.
895 1997 1053 2034 illustres
1078 1999 1114 2043 5,
1139 2001 1196 2043 11,
1219 1999 1278 2033 36.
1303 1999 1417 2032 malos
1440 2006 1475 2039 p.
1507 1996 1544 2037 6,
1576 1997 1612 2038 3,
1658 1999 1666 2014 ·

204 2055 241 2088 p.
266 2044 443 2079 maximos
466 2045 589 2079 Musas
611 2043 802 2079 invocasse
820 2043 858 2088 4,
880 2045 940 2079 Pr.
973 2043 1018 2084 4,.
1047 2043 1095 2086 ogs.
1131 2048 1188 2088 10,
1223 2047 1258 2088 1,
1287 2046 1347 2080 91.
1394 2041 1538 2088 optimis
1570 2044 1676 2087 poeta

208 2092 264 2132 11,
288 2091 322 2133 3,
346 2088 381 2124 4.
406 2090 669 2135 posterioribus
691 2104 727 2136 p.
755 2093 813 2135 10,
839 2093 872 2134 1,
897 2091 961 2134 663
996 2090 1158 2126 omnium
1183 2091 1261 2136 ejus
1286 2090 1431 2138 generis
1459 2091 1558 2134 poet.
1588 2089 1710 2132 10,15

204 2137 263 2171 85.
302 2138 340 2181 β)
368 2149 429 2179 per
451 2139 566 2171 varios
592 2139 708 2172 Casus.
754 2135 793 2181 a)
821 2138 1018 2171 Nominat.e
1058 2138 1288 2182 enthymema
1324 2156 1371 2163 —
1402 2140 1442 2169 ut
1465 2135 1710 2171 VHo'meru

206 2185 345 2226 posta
367 2184 404 2225 8,
431 2182 467 2227 5,
489 2184 525 2219 9.
573 2194 612 2218 se
635 2187 767 2228 poetae
791 2194 922 2217 canere
950 2188 1124 2218 testantur
1149 2187 1181 2226 1,
1205 2185 1242 2227 8,
1272 2186 1308 2217 2.
1343 2181 1382 2217 in
1408 2179 1707 2230 quibus‘(prqso‘

207 2227 375 2272 popoeiis)
395 2241 431 2273 p.
458 2240 523 2263 sua
546 2240 701 2274 persona
722 2233 844 2264 utetur
867 2232 911 2264 ib.
939 2230 973 2264 3.
1000 2229 1128 2274 quibus
1154 2228 1240 2273 (p.),
1265 2228 1349 2273 quia
1364 2229 1578 2273 plerumque
1593 2236 1670 2260 me
1694 2239 1710 2254 e·

206 2274 346 2308 servire
371 2281 570 2320 coguntur,
603 2276 694 2311 adeo
722 2274 934 2323 ignoscitur,
959 2279 1000 2309 ut
1022 2274 1113 2310 vitia
1134 2274 1213 2320 ipsa
1235 2275 1314 2309 aliis
1341 2274 1380 2308 in
1403 2272 1561 2308 carmine
1585 2283 1669 2317 app·

206 2319 399 2355 lationibus
438 2321 668 2356 nominentur
701 2324 746 2356 ib.
789 2321 846 2355 14.
878 2334 914 2366 p.
946 2321 1067 2356 solent
1099 2321 1250 2356 abusive
1282 2321 1388 2355 etiam
1422 2320 1462 2354 in
1493 2318 1549 2362 his
1586 2318 1713 2352 rebu

210 2365 336 2410 quibus
363 2366 509 2401 nomina
534 2379 599 2402 sua
623 2373 728 2410 sunt,
752 2367 885 2402 vicinis
906 2366 1026 2412 potius
1053 2366 1105 2401 uti
1129 2368 1165 2410 8,
1188 2367 1226 2409 6,
1261 2367 1319 2403 35.
1345 2377 1390 2400 eo
1427 2363 1640 2414 (appositio)
1670 2372 1701 2408 p

210 2417 246 2444 et
268 2413 494 2457 frequentius
521 2419 558 2448 et
581 2413 729 2448 liberius
751 2419 901 2448 utuntur
922 2415 967 2447 ib.
999 2411 1060 2447 40.
1097 2425 1135 2458 p.
1173 2413 1280 2448 etiam
1303 2414 1498 2448 verborum
1520 2409 1698 2459 ι(Ιίῑνὶεἰο

210 2457 344 2491 faciunt
369 2459 690 2506 transgressionem
723 2461 768 2494 ib.
801 2460 872 2494 66:
896 2458 1026 2494 versi
1038 2458 1223 2494 ficator
1261 2470 1367 2504 quam
1398 2461 1548 2504 poeta
1573 2455 1681 2498 meli·

213 2504 267 2553 10,
298 2507 330 2547 1,
360 2505 419 2539 89.
445 2511 484 2539 ut
507 2505 622 2540 nostri
644 2517 693 2550 p.‚
718 2505 884 2550 quotiens
909 2505 1013 2540 dulce
1041 2515 1186 2539 carmen
1209 2516 1290 2539 esse
1325 2504 1533 2546 voluerint,
1559 2500 1634 2550 'ino‘
1682 2507 1695 2528 ‹'

208 2555 217 2573 ·'
242 2549 471 2594 Graecorum)
494 2550 534 2585 id
556 2551 759 2586 nominibus
793 2556 974 2586 exornent
1008 2554 1078 2594 12,
1111 2553 1178 2595 10,
1215 2553 1275 2588 33.
1321 2549 1364 2594 b)
1396 2551 1527 2586 Genii„-
1565 2550 1692 2592 Ροὲῐ

211 2595 470 2630 enarrationem
501 2600 533 2639 1,
561 2595 598 2639 4,
625 2600 660 2632 2.
695 2600 731 2640 2,
763 2599 797 2640 5,
833 2601 865 2631 1.
912 2599 1052 2642 poetar.
1078 2596 1218 2642 judices
1253 2599 1311 2640 10,
1344 2599 1376 2637 1,
1409 2593 1468 2630 54.
1513 2594 1683 2638 plurim·

210 2639 345 2690 oratori
371 2643 539 2677 conferre
562 2643 755 2678 lectionem
778 2647 916 2688 poetar.
951 2646 1008 2685 10,
1035 2645 1069 2686 1,
1098 2644 1160 2678 27.
1191 2643 1253 2688 qui
1282 2645 1420 2687 poetar.
1457 2639 1642 2685 scripta-p
1670 2654 1675 2668 ·

214 2689 377 2719 annuant
401 2686 447 2727 (ι’.
474 2701 502 2721 e.
526 2689 796 2729 histriones)
824 2692 878 2731 12,
903 2690 938 2731 3,
971 2693 1003 2724 1.
1048 2690 1149 2724 salvo
1173 2690 1436 2732 modopoetae
1469 2697 1577 2720 sensu
1611 2688 1688 2728 1,;
1719 2687 1723 2705 ²

208 2732 242 2761 2.
268 2733 407 2772 poetar.
436 2734 620 2768 sententiis
649 2745 723 2768 non
749 2735 930 2770 orationes
958 2736 1067 2770 modo
1092 2741 1175 2769 sunt
1199 2735 1375 2775 refertae,
1405 2732 1471 2767 sed
1492 2731 1576 2766 libri
1599 2737 1682 2766 enm

211 2774 502 2819 philosophorum
530 2780 562 2819 5,
592 2782 648 2823 11,
675 2781 737 2822 39ς
774 2780 935 2825 undique
964 2786 1200 2827 congerentes
1231 2778 1376 2814 nomina
1411 2778 1645 2823 plurimorum
