1728 3002
173 143 253 182 282
683 137 905 181 Emeutior
939 163 997 197 -ss
1034 140 1193 184 Emitto
1245 162 1256 174 ι

214 253 324 290 modo
348 253 631 289 emendandum?
669 256 732 297 10,
763 253 852 299 cap.
879 253 921 299 43
950 265 1067 300 neque
1095 255 1191 291 enim
1213 257 1394 292 emendari
1413 259 1457 293 ab
1482 259 1573 304 alio,
1596 272 1702 306 quam

213 300 318 346 ipso,
349 301 406 334 fas
431 311 510 335 esse
535 303 592 343 11,
617 302 650 342 1,
677 302 734 336 77.
796 300 849 345 β)
873 314 904 335 ο.
934 302 1035 346 0512.-
1069 303 1316 339 emendare
1345 307 1518 349 quaedam
1542 312 1579 341 et
1612 319 1703 341 mu-

214 353 315 382 tare
338 349 394 390 10,
418 349 453 390 2,
477 349 534 382 20.
561 357 654 391 quae
677 348 899 382 emendanda
921 354 1027 382 erunt
1047 351 1083 392 2,
1106 351 1142 392 2,
1166 348 1199 384 5.
1221 348 1262 384 in
1283 352 1583 396 emendando,
1610 365 1702 398 quae

213 393 503 439 corrigenda
540 399 645 428 erunt
667 395 703 437 2,
726 396 762 437 2,
787 397 823 429 7.
860 395 958 439 quod
985 394 1035 429 ita
1067 394 1293 440 emendavit,
1323 402 1371 432 ut
1402 405 1466 432 etc.
1491 400 1549 442 11,
1575 402 1609 442 1,
1632 403 1701 444 223

211 440 263 475 in
299 439 463 474 oratione
485 440 698 474 Dolabellae
722 441 948 475 emendatum
970 453 991 475 a
1014 440 1190 476 Cicerone
1217 443 1252 486 8,
1276 445 1312 485 2,
1337 445 1374 478 4.
1405 444 1609 481 emendavit
1630 446 1702 480 hoc

210 487 349 539 urbane
372 486 420 520 in
443 485 563 520 Hirtio
588 485 718 521 Cicero
742 488 779 540 8,
803 489 838 531 3,
862 486 918 523 54.
951 485 1158 540 (Augustus
1186 487 1226 522 in
1249 489 1409 534 epistolis
1443 491 1488 524 ad
1511 489 1700 526 Gaesarem

207 533 662 614 §fiffpffiassnz‘iffianffs
670 534 729 614 35}
746 545 785 623 ἑῗ
806 553 856 624 2ιῖ
871 545 939 615 1¹2¹?
938 535 989 614 Ἢ.
1010 534 1300 636 ζὶῑῗὼἕᾈέςα·
1299 534 1572 628 cmf²‚¹213;¹.⁸.l.³.
1593 538 1702 618 ἓξὲξ

209 625 412 679 scripsit
453 631 514 678 aut
552 626 825 677 emendavit
864 629 897 670 1,
921 630 957 670 7,
980 630 1038 661 22.
1077 627 1294 674 negligentia
1323 630 1613 676 paedagogorum
1649 629 1702 664 sio

210 673 397 706 emendari
426 673 571 707 videtur
605 674 645 715 1,
670 673 714 716 3,
738 675 793 708 15.
827 673 939 709 verba
973 674 1209 708 emendantur
1241 680 1277 709 et
1308 675 1447 710 numeri
1482 678 1550 718 10,
1573 677 1614 718 3,
1642 677 1699 710 17.

207 718 298 754 vitia
323 717 396 752 oris
422 719 588 752 emendet
613 721 645 761 1,
671 721 727 762 11,
755 717 789 753 4.
814 718 860 761 cs}
883 720 919 762 9,
942 718 978 763 4,
1002 722 1060 755 70.
1089 723 1155 764 11,
1177 722 1218 764 3,
1243 723 1301 756 31.
1328 723 1408 757 130.
1446 724 1508 764 12,
1530 725 1579 765 7,
1604 724 1639 756 2.
1664 733 1701 757 v.

188 763 237 800 ‘C
251 764 434 811 orrigo3
462 763 500 798 id
523 766 733 799 emendatur
757 765 952 800 mutatione
975 777 1120 800 casuum
1145 774 1205 800 eto.
1229 770 1265 810 7,
1280 768 1318 811 9,
1333 768 1368 803 9.
1393 767 1554 813 pluribus
1576 766 1700 802 verbis

206 811 467 846 emendandum
491 809 714 856 (ambiguum)
741 814 785 846 ib.
812 815 867 846 12.
894 823 975 846 cum
1001 813 1208 848 emendaret
1241 812 1517 857 (testamentum)
1554 813 1700 847 sublatis

207 857 379 897 sestertiis
404 857 522 891 numis
547 862 584 901 7,
607 857 643 901 6,
669 862 725 892 11.
784 859 832 904 y)
867 861 1015 893 Partim:
1058 865 1177 904 potest
1205 859 1323 895 videri
1354 859 1439 895 satis
1468 861 1697 902 emendatus3

205 903 267 948 qui
293 903 332 937 in
356 903 478 937 odium
504 914 652 948 eorum,
690 905 728 938 in
762 904 890 949 quibus
923 911 1122 949 erraverat,
1151 905 1229 950 ipse
1267 917 1468 942 conversus
1494 903 1550 939 est
1579 908 1639 951 11,
1664 908 1697 948 1,

205 953 263 987 31.
293 950 535 984 emendati
559 961 634 984 non
656 951 868 994 irascentur,
892 951 1066 986 laudati
1089 947 1295 998 gaudebunt
1317 955 1353 996 2,
1376 953 1412 996 9,
1435 955 1478 994 2;
1501 951 1699 986 barbara

204 997 249 1031 ab
274 996 535 1030 emendatis
563 997 843 1032 discernere
869 1000 903 1041 1,
918 998 954 1041 6,
971 999 1028 1032 30.
1054 1009 1123 1033 em.
1146 1008 1279 1036 vocum
1307 997 1511 1043 explanatio
1535 1000 1552 1032 1
1590 999 1625 1040 5,
1641 998 1697 1032 33.

203 1041 385 1076 —lectio
411 1045 444 1082 1,
466 1041 502 1086 4,
531 1046 555 1077 2
590 1050 724 1078 recta
748 1049 855 1088 atque
883 1045 1134 1079 emendata
1171 1044 1288 1079 oratio
1310 1047 1346 1088 2,
1371 1043 1408 1088 4,
1436 1045 1489 1079 15.
1522 1023 1572 1085 d,
1605 1042 1639 1086 1',
1662 1044 1699 1082 5.

204 1091 236 1122 1.
266 1091 322 1131 11,
348 1090 384 1131 3,
409 1090 466 1122 30.
488 1090 580 1123 haec
606 1100 750 1135 quoque
775 1091 1032 1134 (pronuntiatio)
1059 1091 1297 1125 emendata
1323 1090 1430 1133 erit,
1462 1089 1500 1124 id
1526 1094 1602 1133 est,
1628 1088 1700 1125 vi-

202 1134 269 1168 tio
295 1134 477 1168 carebit
503 1138 559 1178 11,
585 1137 619 1178 3,
645 1138 701 1170 30.
727 1156 774 1162 -
800 1135 974 1171 velocitas
999 1139 1031 1180 1,
1058 1140 1092 1180 1,
1116 1139 1174 1172 33.
1201 1157 1248 1164 —
1273 1137 1388 1173 verba
1409 1137 1447 1180 8,
1471 1139 1507 1180 1,
1531 1138 1570 1179 1;
1595 1146 1699 1180 quam

201 1179 481 1215 emendatissimi
506 1180 621 1226 (libri)
648 1182 713 1226 Ep.
742 1182 786 1215 ad
810 1183 949 1226 Tryph.
971 1184 1004 1216 3.

157 1239 415 1298 [Ementior.
461 1249 549 1281 fuco
576 1248 783 1282 ementitum
805 1251 871 1291 (sic
901 1251 943 1282 de
972 1250 1056 1293 conj.
1079 1251 1159 1284 Obr.
1172 1264 1186 1292 ;
1215 1251 1320 1284 Codd.
1343 1257 1415 1293 opu
1448 1247 1698 1292 eminentium)

200 1298 359 1332 colorem
382 1296 417 1339 8,
439 1296 476 1338 3,
501 1295 525 1329 6
550 1295 599 1328 Ν.
630 1301 661 1328 et
690 1295 738 1332 Ν.
764 1293 839 1338 cn]

152 1353 374 1445 Exiereor·
448 1364 552 1408 quale
580 1361 752 1407 judicium
781 1373 962 1397 emererer
983 1360 1028 1406 4,
1060 1362 1118 1399 Pr.
1147 1365 1179 1396 1.
1207 1361 1391 1398 emerendi
1421 1362 1561 1399 favoris
1585 1362 1719 1410 gratia,

229 1437 240 1454 ‚
273 1413 314 1454 1,
350 1412 384 1443 2.

151 1457 316 1500 Emico.
366 1464 580 1500 emicavit
602 1476 677 1499 non
705 1464 905 1500 emicuit
932 1464 1092 1507 (moleste
1112 1465 1278 1508 diligentis
1301 1465 1374 1508 est)
1400 1468 1434 1509 1,
1458 1465 1495 1509 6,
1521 1468 1576 1501 17.
1602 1465 1697 1501 sein-

194 1513 280 1548 tillis
306 1512 402 1547 inter
425 1513 563 1545 fumum
586 1511 819 1546 emicantibus
842 1512 877 1555 8,
904 1513 938 1552 5,
965 1512 1023 1547 29.

150 1560 349 1614 Eminet).
407 1571 440 1610 Ι)
478 1571 637 1613 proprie.-
664 1580 734 1603 nec
756 1568 907 1613 pictura,
935 1568 973 1602 in
1000 1579 1070 1612 qua
1095 1567 1188 1603 nihil
1210 1567 1447 1604 circumlitum
1470 1573 1536 1612 est,
1563 1568 1695 1603 eminet

196 1619 231 1660 8,
257 1619 291 1656 5,
315 1617 373 1651 26.
398 1615 537 1660 pictor,
571 1626 654 1649 cum
677 1615 717 1651 vi
743 1615 829 1649 artis
857 1626 944 1649 suae
971 1614 1104 1658 efficit,
1143 1620 1184 1648 ut
1213 1615 1386 1659 quaedam
1415 1614 1620 1650 eminere
1649 1614 1694 1649 in
1722 1620 1725 1628 ³

197 1674 328 1707 opere,
357 1663 534 1707 quaedam
561 1661 836 1696 recessisse
867 1662 1052 1695 credamus
1076 1663 1112 1704 2,
1143 1663 1199 1703 17,
1227 1663 1293 1703 21;
1334 1671 1426 1704 quae
1450 1660 1585 1694 crebris
1610 1671 1693 1704 para

195 1709 324 1754 visque
349 1708 535 1742 conatibus
562 1719 602 1742 se
637 1709 826 1750 attollunt,
858 1707 1061 1752 inaequalia
1093 1711 1231 1740 tantum
1263 1710 1300 1740 et
1333 1707 1435 1741 velut
1463 1706 1691 1753 confragosa,

195 1766 266 1790 nec
285 1754 557 1789 admirationem
583 1759 852 1798 consequuntur
875 1753 992 1788 emin
1005 1751 1193 1794 entium,
1217 1756 1255 1786 et
1275 1752 1520 1795 planorum
1541 1752 1693 1799 gratiam

193 1802 349 1846 perdunt
375 1803 410 1844 8,
439 1800 474 1844 5,
501 1802 559 1835 29.
584 1805 624 1833 ut
652 1800 712 1844 qui
737 1799 886 1846 singulis
909 1799 1104 1843 pinxerunt
1129 1797 1323 1840 coloribus,
1349 1797 1418 1832 alia
1439 1803 1560 1831 tamen
1584 1797 1691 1832 emi-

193 1847 437 1890 nentiora,
482 1846 551 1880 alia
582 1846 871 1881 reductiora
899 1846 1067 1879 fecerunt
1091 1846 1147 1886 11,
1171 1844 1208 1886 3,
1231 1842 1279 1878 46
1303 1844 1352 1878 N.
1386 1849 1561 1879 vertex
1581 1843 1691 1878 -id

193 1895 291 1939 quod
315 1893 355 1927 in
377 1893 560 1927 montibus
584 1891 904 1927 eminentissimum
933 1892 970 1933 8,
994 1892 1030 1933 2,
1060 1892 1096 1925 7.
1144 1888 1197 1934 11)
1226 1893 1344 1924 transl.
1403 1888 1460 1934 α)
1489 1892 1514 1924 ἰ.
1540 1903 1573 1935 q.
1601 1898 1691 1924 con-

194 1943 384 1985 spicuus
423 1952 534 1972 sum.-
574 1937 773 1972 sententiae
809 1936 909 1981 ipsae
932 1935 1044 1983 magis
1069 1935 1226 1970 eminent
1252 1937 1288 1978 2,
1317 1937 1375 1979 12,
1398 1939 1432 1970 7.
1458 1935 1536 1979 ipsa
1558 1936 1692 1980 proba-

191 1986 291 2020 tione
314 1984 426 2031 magis
449 1984 604 2018 emineat
629 1981 800 2028 (affectus)
827 1986 884 2026 11,
908 1986 942 2026 1,
960 1983 1015 2018 56.
1035 1988 1112 2017 toto
1137 1993 1193 2016 ex
1217 1992 1282 2016 ore
1300 1981 1490 2016 crudelitas
1513 1981 1691 2016 eminebat

191 2035 241 2073 (a.
268 2035 290 2066 2.
315 2029 502 2073 emicabat)
535 2033 617 2065 Cic.
642 2033 675 2064 in
703 2032 745 2064 V
749 2043 827 2063 err.
854 2031 890 2072 9,
918 2032 954 2072 2,
981 2027 1039 2064 40.
1064 2027 1172 2071 oculi,
1195 2039 1281 2072 per
1306 2038 1397 2072 quos
1421 2026 1578 2062 maxime
1601 2025 1691 2061 emi-

192 2083 256 2112 net
279 2077 416 2111 animus
441 2075 494 2120 (a.
520 2080 541 2110 1.
568 2075 726 2119 emanat)
755 2079 811 2118 11,
836 2078 870 2119 3,
893 2076 939 2111 75
964 2076 1011 2110 Ν.
1069 2073 1119 2120 β)
1145 2077 1168 2109 i.
1191 2087 1222 2118 q.
1258 2078 1438 2107 excello.
1471 2072 1690 2119 Philippicas

191 2122 449 2158 Demosthenis
474 2122 601 2156 iisdem
627 2122 785 2156 eminere
811 2121 1004 2157 virtutibus
1027 2123 1062 2164 3,
1086 2122 1122 2164 8,
1149 2120 1212 2162 65;
1252 2120 1300 2153 in
1337 2130 1404 2163 e0,
1440 2129 1513 2164 quo
1537 2120 1689 2164 quisque

191 2169 328 2204 eminet
351 2173 384 2209 2.
411 2170 447 2212 8,
471 2168 506 2203 4.
539 2168 587 2203 in
619 2168 676 2202 his
701 2167 865 2202 omnibus
890 2166 1037 2202 eminuit
1059 2167 1162 2200 Plato
1188 2169 1221 2209 1,
1246 2169 1302 2208 12,
1330 2166 1386 2200 15.
1412 2164 1464 2199 sic
1491 2164 1543 2206 in
1573 2165 1689 2210 majo-

192 2216 291 2249 ribus
316 2215 449 2250 eminet
471 2218 506 2254 2,
532 2217 566 2257 3,
590 2215 626 2250 6.
652 2214 844 2259 plurimum
869 2214 913 2248 in
942 2215 1014 2248 hoc
1038 2223 1171 2259 genere
1197 2211 1330 2246 eminet
1353 2210 1482 2246 Cicero
1513 2211 1549 2254 8,
1573 2212 1607 2254 3,
1630 2210 1688 2247 64.

192 2261 237 2302 cs.
271 2265 327 2304 11,
355 2265 388 2305 1,
412 2263 471 2297 93.
505 2261 603 2294 aliud
638 2260 687 2295 in
725 2261 796 2296 alio
830 2260 942 2308 magis
967 2259 1101 2294 eminet·
1127 2261 1182 2301 12,
1207 2260 1265 2300 10,
1288 2260 1330 2300 23
1365 2256 1524 2291 eminere
1558 2256 1689 2291 inter

192 2310 360 2351 aequales
383 2310 440 2351 12,
468 2308 503 2349 5,
528 2309 561 2342 5.
587 2324 632 2332 -
654 2307 749 2342 inter
772 2313 908 2342 ceteras
931 2308 967 2349 8,
995 2307 1030 2348 5,
1057 2306 1092 2340 9.
1143 2306 1184 2348 y)
1210 2305 1356 2338 Panic-..-
1383 2308 1555 2347 quantum
1580 2302 1689 2336 emi-

193 2353 411 2387 nentibus
435 2353 487 2397 (a.
513 2356 536 2388 l.
561 2353 873 2398 eminentioribus)
895 2351 1075 2387 vincimur
1106 2347 1318 2394 (Romani),
1339 2350 1494 2383 fortasse
1525 2359 1688 2393 aequa-

192 2397 329 2432 litate
356 2410 546 2443 pensamus
571 2402 627 2442 10,
653 2403 686 2443 1,
710 2400 776 2442 863
821 2400 981 2435 eminens
1003 2395 1186 2444 ingenium
1208 2396 1244 2438 6,
1266 2396 1325 2429 Pr.
1354 2398 1386 2429 1.
1410 2394 1469 2439 qui
1493 2400 1576 2430 sunt
1597 2394 1687 2428 emi-

195 2443 395 2478 nentissimi
422 2448 477 2488 10,
504 2449 537 2488 1,
562 2444 620 2481 45.
658 2445 877 2481 eminentiss.
910 2450 1075 2480 auctores
1103 2445 1138 2485 1,
1162 2444 1198 2484 2,
1221 2445 1257 2475 2.
1291 2445 1322 2484 1,
1350 2443 1405 2482 10,
1431 2443 1486 2475 10.
1524 2439 1686 2475 eminen—

193 2489 351 2523 tissimus
379 2491 598 2525 Graecorum
621 2493 656 2535 9,
680 2490 715 2534 4,
739 2494 797 2528 79.
823 2509 868 2518 -
889 2493 1014 2526 rhetor
1038 2501 1116 2532 opp.
1147 2487 1362 2522 minores
1389 2489 1423 2529 2,
1448 2488 1485 2530 3,
1509 2489 1542 2520 1.
1565 2491 1687 2519 orato·

191 2535 245 2569 ria
268 2535 400 2570 virtute
427 2536 727 2572 eminentissimus
755 2540 810 2582 10,
842 2540 875 2582 1,
898 2537 963 2578 463
988 2540 1028 2568 ut
1050 2534 1095 2568 in
1120 2533 1304 2576 omnibus,
1330 2533 1380 2566 ita
1403 2532 1449 2566 in
1481 2530 1686 2575 eloquentia

193 2591 338 2626 quoque
375 2581 693 2617 eminentissimum
722 2581 764 2628 4,
797 2585 855 2618 Pr.
891 2586 924 2618 3.
959 2591 1034 2615 non
1067 2579 1162 2614 circa
1194 2578 1347 2624 plurium
1383 2577 1511 2616 artium
1547 2577 1684 2621 species

191 2632 532 2672 praestantem,
562 2629 694 2663 sedin
721 2630 887 2664 omnibus
911 2625 1201 2664 eminentiss.
1229 2627 1285 2668 12,
1312 2625 1370 2667 10,
1395 2625 1449 2657 12.

145 2682 322 2725 Ἐῐῐὶἱῐῑῡι
370 2693 403 2738 1)
420 2706 475 2739 ea,
502 2707 596 2776 guae
617 2699 799 2733 emiserint
823 2694 969 2743 (pilot-ii)
988 2697 1044 2739 10,
1068 2697 1104 2738 7,
1120 2696 1175 2729 11.
1193 2703 1283 2739 quae
1306 2691 1436 2728 emissa
1458 2691 1591 2735 optime
1618 2690 1685 2744 est,

191 2742 329 2775 hastam
356 2748 416 2779 etc.
442 2741 478 2786 9,
528 2769 538 2786 ,
562 2744 594 2778 8,
622 2745 775 2788 jaculum
800 2743 928 2783 emittit
951 2743 987 2786 8,
1003 2743 1038 2784 2,
1056 2741 1089 2777 5.
1109 2739 1169 2784 qui
1195 2740 1305 2784 pilum
1329 2743 1389 2772 aut
1411 2738 1535 2772 sudem
1560 2742 1689 2774 emittit
