1728 3002
570 179 810 224 Periculum
845 205 902 213 —
938 181 1098 224 Pei-itia
1512 181 1594 222 645

107 301 167 343 10,
190 301 225 342 1,
247 299 312 339 303
338 307 445 342 quem
468 297 610 332 laedere
633 295 679 330 sit
701 295 939 341 periculosum
962 295 998 338 6,
1022 296 1056 338 3,
1081 292 1139 329 34.
1186 292 1327 338 quidam
1349 291 1588 337 periculosum

107 344 119 354 '
168 343 537 384 oratorinrbitrantur
558 343 693 376 duabus
717 353 766 377 ex
794 341 911 377 causis
931 340 970 386 4,
997 341 1034 384 5,
1056 343 1092 374 2.
1119 338 1165 381 ό.
1191 343 1227 383 7,
1248 341 1285 382 3,
1310 342 1374 383 17,
1406 339 1589 384 periculo-

105 391 281 432 sissimum
302 394 528 434 praeceptum
556 392 589 431 1,
611 389 647 432 6,
670 387 729 422 44.

9 459 13 467 ·
58 433 313 479 Periculum·
345 447 379 486 ι)
410 447 556 490 proprte.
578 446 621 489 a)
660 447 703 479 ae
721 446 807 478 amm·
829 445 1035 478 ducamine.-
1061 443 1193 477 habent
1219 441 1257 475 in
1274 440 1410 476 meritis
1438 442 1587 488 gratiam

105 495 196 537 (Sp.
219 490 564 538 habetur—gratis)
591 491 691 536 peri
701 492 803 525 culu
815 502 850 524 m
871 501 1015 535 quoque
1039 496 1076 523 et
1100 488 1242 523 dissic
1253 488 1321 522 ult
1334 499 1383 522 as
1398 489 1530 532 7,4,22
1541 493 1585 523 Ζ.

105 550 132 583 p
140 538 239 574 eric
246 539 325 572 11Ῥο
334 549 385 571 ru
394 549 430 571 m
450 548 493 571 ac
510 549 527 572 s
537 549 587 571 au
596 537 702 585 guin
711 536 723 570 i
735 548 753 571 s
770 537 907 578 maiora
913 537 981 571 sibi
1002 535 1124 570 deberi
1135 534 1290 580 praemia
1306 540 1430 578 putant
1438 535 1587 577 (mitiles)

106 587 164 626 11,
177 588 211 627 1,
222 585 282 619 88.
302 582 511 618 Dediderim
534 595 610 628 per.
635 582 798 618 omnibus
826 585 853 618 C
862 586 875 615 ὶ
882 596 911 618 c.
938 583 975 625 9,
992 584 1027 625 3,
1041 581 1066 616 4
1077 583 1125 615 N.
1149 586 1203 615 tot
1227 581 1405 626 pugnandi
1428 581 1587 625 pericula

105 629 308 665 ineuntibus
320 633 356 672 2,
369 630 424 672 16,
432 631 467 663 8.
476 639 555 673 per.
578 629 776 676 intelligere
787 631 843 671 12,
853 627 933 671 5,4.
952 638 1026 662 non
1045 639 1085 662 se
1108 627 1269 661 timidum
1286 628 1322 660 iu
1342 626 1588 671 suscipiendis,
1636 633 1639 637 “

104 677 170 711 scd
190 676 230 710 in
251 674 482 720 providendis
499 685 575 719 per.
597 678 642 710 Gi
652 688 682 710 ο.
707 678 762 718 12,
778 677 810 718 1,
830 678 883 709 17.
911 674 993 720 quia
1007 673 1223 718 pericula
1239 678 1374 708 tantum
1389 683 1463 707 non
1483 673 1588 708 etiam

92 722 302 756 ¹offensa
322 721 454 757 vitatur
475 722 511 764 9,
535 723 572 763 2,
595 721 653 756 67.
690 721 721 755 si
747 731 821 755 non
843 720 1022 764 praesidio
1044 720 1178 754 inter
1202 719 1443 763 pericula,
1467 725 1588 754 tamen

87 767 234 807 „solatio
258 767 384 802 inter
406 767 604 802 adversa
633 769 749 802 Dom,
784 765 898 808 Aser
931 767 980 810 9,
1015 768 1059 810 3,
1089 767 1148 801 97.
1203 764 1293 799 nihil
1321 765 1501 800 efficacius
1532 766 1587 799 ad

101 814 263 858 pericula
285 813 507 860 epilogorum
540 813 576 855 6,
612 814 647 856 1,
676 811 736 848 41.
781 814 852 856 jam
890 818 1036 847 extra
1066 811 1263 857 periculum
1292 811 1418 855 positis
1448 811 1588 855 judiciis

102 863 140 903 2,
162 860 197 902 5,
220 861 279 894 23.
324 869 546 903 supervacua
568 869 649 892 cum
673 856 831 892 taedio
857 858 1044 901 dicuntur,
1074 857 1277 892 necessaria
1304 869 1403 891 cum
1426 857 1587 902 periculo

102 905 356 942 subtrahuntur
377 904 412 947 4,
435 907 482 947 2,
514 902 574 938 44.
618 905 680 939 vel
702 914 783 938 cum
804 915 881 948 per.
907 903 1071 982 meeffi
1089 903 1275 950 litigatoris
1299 906 1335 946 2,
1371 906 1428 946 12,
1459 902 1496 939 4.
1542 914 1588 937 an

103 951 152 985 sit
176 950 254 985 sine
278 960 356 994 per.
382 952 416 992 3,
444 951 479 992 8,
504 952 561 984 27.
597 959 672 983 non
693 949 795 983 sine
818 961 895 993 per.
918 951 1015 994 quod
1091 952 1125 992 1,
1148 952 1183 991 5,
1206 951 1264 982 7¹.
1311 948 1349 993 β)
1372 952 1405 982 in
1427 949 1585 992 judiciis.—

101 995 283 1041 pruoeenti
307 1007 384 1040 per.
410 998 446 1038 7,
466 995 501 1035 4,
536 995 592 1029 18.
638 1006 686 1030 ne
722 994 938 1030 universam
951 996 1110 1041 *domum
1142 994 1303 1039 periculo
1331 994 1522 1038 subjiceret
1552 998 1588 1038 7,

105 1045 140 1085 1,
165 1043 223 1077 ⁵3.
248 1048 416 1087 quantum
430 1052 505 1085 per.
532 1040 727 1075 intentetur
748 1041 785 1083 4,
802 1041 839 1084 3,
860 1044 894 1076 7.
920 1040 959 1075 in
981 1052 1058 1085 per.
1080 1040 1208 1074 deduci
1231 1039 1267 1082 4,
1289 1042 1324 1081 2,
1350 1043 1405 1073 12.
1430 1039 1588 1084 ipsorum

102 1087 223 1130 etiam,
247 1087 309 1132 qui
330 1092 447 1130 orant,
473 1086 636 1131 periculo
659 1085 832 1121 afficimur
855 1090 911 1130 10,
938 1090 971 1128 1,
1000 1088 1056 1121 16.
1102 1088 1271 1130 Phrynen
1297 1096 1374 1119 non
1394 1086 1588 1131 Hyperidis

103 1133 245 1168 actione
264 1153 312 1160 -—
334 1134 399 1168 sed
423 1138 619 1177 conspectu
642 1132 804 1177 corporis
824 1149 873 1155 —
895 1133 1058 1177 periculo
1079 1132 1264 1166 liberatam
1296 1134 1340 1175 2,
1374 1133 1442 1175 15,
1498 1157 1507 1166 .
1554 1132 1588 1177 y)

102 1182 140 1213 ἡι
162 1175 359 1224 etoq-aao:
393 1190 484 1222 per„
518 1180 615 1223 quod
645 1185 700 1213 est
730 1178 769 1212 in
806 1179 1035 1222 elocutione,
1069 1178 1160 1214 vitat
1196 1180 1242 1221 2,
1275 1180 1341 1218 12,
1374 1179 1407 1212 5.
1503 1178 1590 1212 tima

104 1223 498 1278 quaeque-(sementia)
522 1236 543 1258 a
565 1236 659 1269 per.
680 1224 814 1269 petitur
834 1227 870 1267 2,
894 1228 952 1268 11,
977 1226 1000 1259 3
1025 1225 1074 1258 Ν.
1120 1229 1218 1257 tanta
1253 1223 1291 1256 iu
1326 1224 1490 1268 quibusd.
1531 1235 1587 1258 ex

77 1282 192 1315 -per.
215 1275 333 1316 petitu
356 1269 588 1317 significantia
612 1273 670 1314 10,
693 1273 727 1312 1,
764 1272 830 1304 121
868 1271 916 1304 Ν.
962 1269 1087 1304 audaci
1121 1275 1157 1303 et
1191 1269 1357 1313 proxime
1389 1270 1588 1313 perimulum

101 1316 333 1351 translatione
358 1318 394 1358 8,
417 1317 452 1359 6,
478 1319 520 1350 11
545 1317 594 1350 Μ
619 1329 667 1350 cr.
715 1314 767 1359 Π)
789 1317 833 1349 de
854 1318 937 1359 ipsis
960 1318 1072 1349 causis
1092 1315 1245 1356 serens..-
1279 1315 1405 1359 capitis
1429 1321 1488 1349 ant
1511 1316 1590 1350 sor·

77 1362 85 1390 ἴ
101 1367 267 1396 lunarum
291 1362 451 1406 pericula
473 1361 511 1405 4,
543 1364 580 1404 2,
620 1364 700 1396 122.
746 1373 771 1406 p
781 1373 802 1395 e
813 1361 851 1394 ri
863 1363 906 1395 cl
916 1362 952 1396 it
962 1373 1015 1395 an
1025 1367 1040 1394 t
1050 1373 1072 1395 e
1081 1373 1117 1395 m
1150 1363 1374 1396 commendat
1412 1367 1448 1395 et
1483 1373 1590 1396 causa

102 1408 380 1453 periculiG,
397 1409 504 1450 1,22.
530 1417 606 1441 non
629 1408 874 1442 eandemesse
897 1407 1588 1451 condicionem—praeceptorum

76 1459 141 1488 :ot
160 1454 484 1496 periculorum
530 1456 596 1496 10,
630 1457 671 1496 1,
710 1454 756 1488 36
788 1455 833 1487 Ν.
881 1454 1090 1495 ponentium
1118 1453 1285 1497 periculis
1320 1453 1434 1495 pretia
1465 1456 1590 1494 procul

98 1499 334 1534 abominanda
354 1498 550 1546 negotiatio
566 1502 622 1542 12,
640 1501 677 1542 7,
697 1502 753 1533 11.
776 1499 816 1532 in
838 1499 1069 1541 periculis
1091 1500 1248 1534 maxime
1262 1506 1429 1534 versatur
1443 1500 1590 1534 affectus

102 1557 181 1589 opp.
206 1557 379 1580 causae
403 1545 618 1588 privatae
643 1545 678 1587 6,
706 1548 741 1587 1,
765 1545 823 1580 36.
871 1546 1043 1579 auxilium
1073 1545 1118 1579 in
1141 1546 1386 1587 publicum
1410 1546 1588 1588 polliceri,

101 1592 199 1636 quod
220 1591 260 1626 in
281 1591 692 1634 praesentissimis
715 1590 915 1636 quibusque
938 1601 1031 1634 per.
1060 1591 1150 1627 desit
1174 1594 1231 1635 10,
1251 1595 1287 1635 7,
1315 1595 1348 1626 1.
1373 1590 1418 1633 cs.
1433 1591 1587 1670 24⁴1ss-

53 1635 254 1688 feriatio.
276 1660 310 1682 υ.
337 1646 550 1682 Proinde.

55 1692 278 1739 PefiOdliS·
326 1704 481 1738 Periodo
505 1704 656 1746 plurima
678 1705 824 1739 nomina
851 1706 911 1739 dat
938 1705 1027 1749 Cic„
1053 1705 1295 1748 ambitum,
1322 1705 1590 1748 circuitum,

79 1750 603 1793 comprehensionem,
633 1750 1058 1795 continuationem,
1082 1750 1589 1798 circumscriptionem.

105 1793 246 1827 Genera
269 1795 345 1837 ejus
368 1795 439 1829 duo
475 1801 581 1834 sunt:
623 1797 773 1830 alterum
808 1796 984 1839 simplex,
1027 1809 1109 1831 cum
1142 1808 1268 1831 sensus
1300 1808 1394 1830 unus
1426 1796 1591 1841 longiore

105 1838 238 1872 ambitu
260 1839 555 1882 circumducitur3
591 1842 760 1885 alterum,
795 1844 895 1885 quod
923 1849 1062 1877 constat
1082 1843 1311 1877 membris
1339 1847 1375 1876 et
1400 1841 1450 1875 in
1465 1843 1589 1884 cisis,

104 1895 196 1928 quae
221 1884 342 1925 plures
365 1896 489 1919 seusus
510 1886 643 1919 habent
671 1905 728 1922 —..
771 1888 889 1921 Habet
917 1889 1143 1929 periodus
1170 1889 1373 1922 membra
1406 1887 1590 1921 minimum

105 1931 191 1963 duo.
214 1931 250 1971 9,
275 1929 311 1972 4,
334 1929 414 1964 124.
437 1947 484 1953 -
509 1932 554 1964 sit
578 1937 718 1975 aperta,
764 1941 806 1966 ut
836 1933 987 1980 intelligi
1016 1935 1153 1976 possit,
1198 1945 1273 1967 non
1308 1933 1521 1976 immodica,
1549 1939 1591 1967 ut

103 1977 277 2010 memoria
308 1976 483 2010 contineri
517 1979 561 2010 ib.
597 1979 677 2011 125.
722 1977 817 2018 ipsas
855 1988 931 2020 per.
970 1981 1164 2023 majoribus
1195 1979 1394 2013 intervallis
1422 1985 1459 2012 et
1490 1980 1590 2013 velut

25 2007 32 2032 ³
103 2021 303 2055 laxioribus
334 2022 441 2055 nodis
466 2023 687 2055 resolvemus
713 2025 755 2056 ib.
782 2026 860 2058 127.
898 2025 1131 2059 Periodos
1154 2025 1218 2068 (α.
1243 2029 1265 2057 1.
1289 2023 1482 2068 periodus)
1508 2031 1590 2066 apta

108 2066 307 2108 prooemiis
330 2068 502 2110 majorum
527 2079 725 2110 causarum,
748 2068 810 2101 ubi
847 2069 1093 2114 solicitudine,
1127 2070 1459 2112 commendatione,
1485 2071 1591 2105 mise-

103 2112 245 2146 ratione
274 2123 334 2146 res
365 2119 456 2158 eget.
505 2114 595 2146 ltem
626 2114 873 2147 communibus
903 2115 995 2149 locis
1027 2122 1063 2150 et
1097 2116 1136 2149 in
1168 2115 1266 2149 omni
1296 2114 1587 2157 amplificatione:

106 2159 172 2192 sed
195 2158 355 2198 poscitur
385 2164 460 2192 tum
484 2164 640 2201 austera,
685 2158 716 2192 si
748 2170 913 2202 accuses;
948 2165 1023 2194 tum
1056 2163 1158 2203 fusa,
1200 2161 1231 2196 si
1259 2162 1402 2197 landes„
1427 2165 1471 2196 ib.
1510 2164 1588 2197 128.

105 2216 142 2238 v.
178 2204 246 2237 Me
257 2204 435 2238 mbram.
483 2203 752 2239 decurrentibus
786 2214 862 2246 per.
905 2203 1082 2241 dicentem
1118 2210 1183 2247 11,
1216 2210 1259 2251 1,
1285 2206 1345 2242 49.
1390 2207 1589 2255 longiorem

108 2249 255 2283 dicturis
278 2249 464 2290 periodum
490 2251 712 2293 colligendus
739 2257 794 2284 est
817 2250 959 2292 spiritus
983 2256 1047 2294 11,
1082 2253 1122 2295 3,
1161 2254 1219 2287 53.
1266 2252 1325 2286 An
1354 2263 1428 2286 non
1459 2255 1590 2295 pudeat

109 2301 243 2329 certam
266 2295 435 2329 creditam
458 2296 615 2337 periodis
639 2297 846 2337 postulare?
880 2298 915 2339 8,
939 2299 975 2339 3,
1000 2298 1057 2332 14.
1104 2304 1187 2332 sunt
1217 2297 1407 2342 aliqnando
1444 2305 1479 2333 et
1512 2300 1589 2334 siue

93 2340 342 2381 rrespiratione
368 2342 496 2385 quaed.
522 2352 644 2377 morae
668 2341 773 2376 etiam
796 2342 834 2375 in
856 2342 1014 2383 periodis
1039 2346 1095 2386 11,
1119 2347 1155 2386 3,
1185 2345 1248 2385 39;
1287 2344 1326 2378 in
1352 2344 1412 2378 illa
1434 2355 1511 2387 per.
1536 2350 1589 2387 11,

109 2388 145 2427 3,
167 2387 224 2421 90.
250 2386 287 2419 ἰιι
310 2387 387 2420 ead.
416 2396 490 2428 per.
511 2388 547 2429 9,
570 2390 606 2430 3,
629 2386 688 2422 43.
733 2393 770 2422 et
792 2387 1020 2432 insequentes
1043 2390 1213 2431 deinceps
1228 2390 1396 2431 periodos
1420 2392 1458 2434 9,
1479 2390 1515 2432 4,
1536 2392 1590 2425 14.

60 2430 341 2486 Periphrasis.
379 2444 464 2477 huic
484 2442 752 2488 (μακροιηιᾳ)
775 2445 896 2479 vicina
915 2446 1072 2488 ρει-ἥρω.
1100 2446 1214 2481 virtus
1241 2447 1391 2481 habetur
1413 2450 1448 2491 8,
1472 2451 1508 2489 3,
1532 2450 1588 2483 fe.

107 2489 199 2526 haec
231 2493 289 2530 ut,
330 2499 410 2522 cum
441 2490 607 2523 decorem
642 2491 771 2534 habet,
809 2492 1022 2533 periphr.
1058 2498 1132 2535 est,
1166 2493 1232 2534 ita,
1273 2504 1355 2527 cum
1389 2493 1428 2528 in
1464 2493 1588 2529 vitium

106 2532 255 2575 incidit,
289 2532 629 2580 περισσολογῖιι
652 2537 689 2579 8,
713 2537 749 2579 6,
772 2537 831 2571 61.
861 2549 895 2572 v.
916 2538 1222 2583 περίφρασις.

0 2593 9 2637 J
60 2589 333 2631 Peristl'ssma·
375 2601 600 2645 conchyliata
627 2602 878 2646 peristromata
899 2610 1019 2639 terunt
1041 2606 1139 2640 servi
1162 2607 1197 2649 8,
1220 2605 1256 2648 4,
1280 2608 1338 2642 25.

0 2650 24 2680 Γ
61 2645 216 2687 Petite·
240 2657 302 2702 qui
324 2657 411 2692 satis
434 2667 484 2701 μ,
508 2671 602 2703 quae
626 2667 746 2696 essent
769 2661 1038 2702 probationibus
1062 2663 1182 2705 utilia,
1214 2664 1411 2704 reperirent
1435 2666 1471 2705 6,
1494 2667 1529 2706 2,
1557 2666 1590 2697 3.

27 2759 30 2763 ,
62 2701 237 2744 Pei-itia.
282 2720 322 2748 ut
345 2714 550 2750 rhetoricen
572 2727 647 2751 non
670 2723 840 2761 artem,
874 2719 937 2752 sed
969 2719 1184 2760 peritiam
1207 2722 1364 2764 quand.
1390 2720 1524 2767 gratiae
1552 2732 1594 2754 ac-

0 2723 29 2859 ,ι

108 2759 303 2801 voluptatis
331 2760 511 2796 existimet
538 2762 685 2805 (Plato)
708 2766 744 2807 2,
769 2764 826 2806 15,
849 2763 905 2797 24.
