1728 3002
69 181 149 222 124
433 173 435 175 ’
628 177 796 221 Chorus
827 204 882 212 --
913 178 1040 222 Circa

110 295 245 329 choreo
272 297 314 330 ib.
341 297 421 329 111.
457 293 488 329 si
515 304 607 328 unus
631 298 706 336 est,
731 292 792 338 qui
816 297 957 326 constat
980 305 1001 328 e
1025 293 1164 329 dnobus
1189 295 1290 330 chor.
1318 297 1361 331 ib.
1386 298 1443 333 95.
1475 309 1605 343 paeon,

109 341 171 384 qui
195 347 248 376 est
271 352 320 375 ex
348 341 481 375 choreo
509 346 545 374 et
572 339 779 385 pyrrhichio
807 341 850 373 ib.
874 338 932 373 96.

63 385 246 466 (Πξοιζὶιιε.
296 398 385 432 fiunt
411 397 570 445 singula,
608 408 773 432 connexa
806 396 960 441 quodam
987 396 1099 432 choro
1134 395 1206 442 (Ζ.
1234 400 1358 433 emend.
1389 398 1512 446 eodo)
1549 405 1604 445 11,

64 447 215 530 Cffiig?
241 446 370 536 {hg-iae
393 504 426 546 1,
451 503 486 545 9,
511 503 533 536 3
557 514 644 546 seqq.
676 499 855 534 chriarum
879 509 1011 546 genera
1034 503 1065 544 ¹,
1088 501 1125 544 9,
1148 498 1172 534 4
1195 514 1262 547 seq.
1286 500 1333 536 N.
1361 503 1398 546 2,
1423 499 1460 547 4,
1483 501 1530 539 26
1553 504 1600 539 Ν.

63 545 298 588 Cibarium-
338 558 479 594 cibariis
504 558 654 592 militum
679 559 712 600 5,
739 559 794 600 13,
824 559 878 592 17.

62 601 211 645 Cibus·
265 616 365 651 cibos
392 626 455 650 ore
482 617 630 649 collatos
662 618 703 657 2,
736 615 778 657 6,
814 617 847 648 7.
893 613 1086 649 ediscendo
1122 614 1386 660 scribendoque
1413 616 1603 660 plurimum

107 662 274 697 conferre
300 681 343 686 —
370 662 545 716 digestum
571 661 687 694 cibum
713 668 773 693 eie.
805 663 843 694 11
859 685 870 703 ,
898 663 943 704 2,
970 662 1026 696 35.
1066 662 1168 696 velut
1190 658 1312 709 sri‘gidi
1336 669 1372 697 et
1394 663 1544 707 repositi
1569 675 1600 698 c.

107 711 142 751 2,
169 707 205 751 4,
233 710 290 743 29.
326 719 358 742 c.
383 708 521 743 viribus
550 706 806 741 conservandis
834 705 956 741 idonei
982 709 1018 750 2,
1044 710 1100 751 10,
1125 708 1160 742 6.
1198 719 1230 742 c.
1257 720 1399 743 mansos
1423 721 1464 743 ac
1489 718 1604 755 prope

104 753 317 798 liquefactos
346 757 402 797 10,
429 757 460 796 1,
489 756 544 789 19.
574 759 613 787 ut
637 765 667 787 c.
695 763 768 787 non
791 764 918 788 recens
944 753 1171 797 redderetur,
1197 756 1262 788 sed
1282 765 1395 799 usque
1422 754 1460 789 in
1483 762 1604 800 poste·

105 812 184 835 rum
211 802 305 835 diem
334 801 549 834 redundaret
572 801 615 842 8,
641 798 682 841 4,
711 802 752 833 17
777 803 844 842 Ζ.;
883 799 998 834 facilis
1025 800 1188 834 ciborum
1211 800 1364 847 digestio
1390 804 1447 845 11,
1472 804 1514 846 3,
1545 804 1600 838 19.

103 864 148 872 --
175 846 360 882 diversitas
385 850 418 890 1,
446 849 501 888 12,
526 847 559 880 5.
590 846 701 879 cibor.
728 851 834 890 atque
859 845 1159 881 exercitationum
1186 853 1284 882 certa
1306 847 1520 883 necessitate
1545 851 1603 892 10,

106 893 140 936 5,
166 894 222 927 15.
253 893 406 936 scriptae
433 893 557 926 laudes
582 893 757 936 quorund.
788 903 808 925 a
833 892 982 926 medicis
1006 893 1075 927 cib.
1099 895 1147 936 3,
1172 895 1213 936 7,
1237 895 1283 929 28
1310 895 1347 928 S.
1385 894 1466 942 lege
1494 896 1600 942 quad.

104 938 215 973 cibor.
245 942 308 981 12,
342 941 403 981 10,
432 937 490 972 41.
539 955 580 979 -,-
611 937 819 973 observatio
848 941 887 972 11
905 965 915 982 ,
943 941 988 982 3,
1016 941 1075 973 23.
1119 957 1164 964 -
1193 939 1343 984 qualitas
1368 942 1410 984 2,
1437 941 1599 984 21‚-11;

102 985 204 1019 cibos
231 985 490 1029 aspernemur?
527 986 720 1019 attulerunt
746 996 852 1029 saepe
877 984 1093 1020 valetudinis
1121 996 1244 1020 causas
1271 988 1307 1029 2,
1338 986 1403 1028 16,
1421 986 1458 1021 6.
1501 986 1603 1032 quasi

102 1033 208 1066 eund.
235 1031 353 1065 cibum
382 1031 615 1065 remandendi
645 1029 697 1074 (a.
722 1035 743 1066 l.
770 1031 1023 1075 remordendi)
1056 1034 1112 1074 11,
1138 1033 1173 1075 2,
1197 1033 1257 1067 41.
1296 1037 1336 1066 ut
1359 1031 1462 1068 cibus
1483 1033 1599 1067 teneri

102 1087 176 1111 non
190 1084 310 1122 posset
324 1078 358 1120 9,
374 1076 408 1120 4,
425 1080 489 1119 3ος
519 1089 610 1122 aqua
636 1078 789 1122 ciboque
816 1078 948 1112 defecti
970 1080 1004 1120 3,
1030 1079 1066 1121 8,
1091 1080 1150 1113 23.
1184 1088 1314 1122 corpus
1339 1078 1428 1113 cibis
1455 1077 1601 1121 juvatur

102 1124 137 1167 5,
163 1126 219 1167 10,
250 1127 326 1158 121.
364 1123 400 1156 in
427 1123 515 1157 cibis
544 1123 611 1157 alia
639 1123 717 1157 aliis
742 1123 855 1171 magis
884 1125 1066 1168 complent
1091 1127 1147 1167 11,
1180 1127 1213 1168 1,
1241 1125 1298 1163 91.
1336 1124 1374 1160 in
1399 1124 1488 1160 cibis
1515 1136 1603 1161 acor

104 1171 154 1212 (a.
175 1175 195 1204 l.
222 1168 360 1214 macor)
387 1170 463 1214 ipse
487 1170 663 1214 jucundus
689 1176 744 1205 est
767 1172 801 1214 9,
827 1172 862 1214 3,
886 1173 944 1205 27.
973 1169 1019 1212 cs.
1046 1171 1082 1213 6,
1106 1173 1142 1213 3,
1168 1171 1223 1208 19.
1530 1172 1532 1174 ’

55 1225 356 1268 CicatriCOSUS·
395 1237 607 1274 cicatricosa
632 1238 746 1273 facies
770 1237 806 1283 4,
832 1242 865 1283 1,
885 1240 951 1282 613
981 1237 1278 1273 cicatricosa
1301 1243 1338 1272 et
1365 1237 1600 1286 exanguia

101 1283 238 1328 (opera)
268 1286 324 1327 10,
346 1282 382 1328 4,
406 1286 441 1319 3.
1120 1282 1126 1285 ”

55 1328 259 1371 cicatrix.
276 1368 281 1376 „
299 1359 343 1366 —
366 1341 492 1388 ingens
520 1341 558 1374 in
582 1342 716 1376 femine
744 1343 790 1386 6,
816 1345 860 1386 3,
887 1344 964 1376 100.
999 1341 1077 1376 sine
1102 1339 1269 1376 cicatrice
1296 1340 1337 1384 5,
1362 1342 1405 1386 9,
1431 1342 1466 1377 5.
1502 1341 1600 1377 ‹zica-

99 1387 224 1421 tricem
248 1388 406 1422 nondum
433 1387 506 1432 pati
529 1391 571 1431 2,
596 1388 640 1432 4,
670 1391 723 1423 11.
767 1394 954 1433 susceptae
987 1388 1082 1422 bello
1110 1387 1298 1422 cicatrices
1324 1387 1368 1432 6,
1395 1390 1412 1422 1
1429 1413 1440 1432 ,
1465 1390 1525 1423 21.
1562 1402 1597 1424 ν.

101 1433 333 1478 Suscipio.
381 1434 441 1468 An
466 1434 671 1470 cicatricem
698 1435 872 1470 haberet?
901 1435 937 1480 6,
959 1437 994 1479 3,
1025 1436 1105 1470 100.

54 1477 345 1521 Cincinnatus.
381 1494 414 1536 1,
439 1492 473 1535 5,
497 1493 540 1527 61
571 1493 618 1528 N.

53 1534 268 1577 Cinctura.
307 1551 362 1592 11,
391 1551 426 1593 3,
453 1551 519 1586 139
542 1551 592 1585 Ν.

52 1591 207 1648 Cingo·
253 1604 302 1639 ita
331 1606 510 1652 cingatur,
539 1613 579 1643 ut
607 1615 667 1642 etc.
700 1609 756 1650 11,
782 1608 818 1650 3,
845 1607 921 1642 138.
952 1611 991 1640 ut
1014 1605 1061 1640 sit
1087 1605 1234 1650 paulum
1255 1604 1397 1641 cinctis
1417 1603 1484 1651 (Z.
1507 1606 1594 1648 sori.

98 1649 258 1692 cinctus)
287 1653 506 1688 summissior
531 1658 642 1697 (latus
668 1652 808 1696 clavus)
835 1655 881 1687 ib.
910 1654 989 1688 139.
1026 1658 1097 1686 tam
1121 1653 1249 1699 longae
1273 1651 1526 1698 (muraenae),
1557 1659 1598 1688 ut

94 1696 139 1730 iis
171 1696 366 1740 piscatores
399 1711 465 1744 pro
494 1701 649 1736 restibus
677 1700 866 1747 cingantur
893 1699 942 1742 (S
949 1713 983 1744 p.
1013 1712 1055 1733 ex
1080 1698 1167 1742 conj.
1193 1701 1330 1741 Regii
1358 1698 1525 1743 utantur)
1559 1699 1597 1744 6,

97 1745 131 1786 3,
157 1745 203 1778 80
226 1744 272 1777 N.
298 1758 345 1778 cr.
372 1753 402 1779 et
427 1748 463 1780 S.
1112 1775 1115 1777 >

51 1787 186 1830 Cinis.
222 1812 287 1845 per
310 1803 450 1845 patroni
473 1803 525 1837 tui
549 1803 690 1838 cineres
714 1803 751 1846 9,
775 1805 810 1845 2,
833 1801 892 1838 95.
923 1801 962 1835 in
987 1802 1135 1836 tutelam
1160 1789 1321 1835 cinei-iun
1345 1803 1381 1844 7,
1405 1800 1441 1844 9,
1467 1800 1502 1836 5.

50 1844 191 1886 Clrca.
241 1857 275 1902 Ι)
302 1861 343 1892 de
367 1864 436 1893 loco
465 1869 494 1894 et
519 1869 685 1904 tempore.-
715 1861 812 1895 circa
838 1860 956 1892 forum
979 1859 1014 1901 6,
1042 1861 1077 1901 3,
1105 1859 1162 1893 38.
1191 1875 1235 1882 -
1261 1865 1531 1893 monumentum
1559 1863 1596 1904 7,

94 1904 136 1946 9,
162 1900 194 1938 5.
229 1925 275 1930 ——
299 1905 368 1939 ima
391 1906 531 1950 pollicis
566 1911 630 1950 11,
662 1910 707 1951 3,
735 1908 794 1942 99.
834 1925 881 1931 -
906 1904 1044 1948 judices
1071 1906 1162 1938 latus
1185 1904 1230 1946 6,
1259 1906 1299 1947 1,
1327 1903 1385 1939 47.
1423 1925 1469 1931 -
1493 1905 1595 1941 initia

93 1949 199 1993 primi
223 1950 303 1984 libri
331 1954 363 1994 1,
392 1953 426 1995 5,
454 1952 509 1987 44.
548 1972 592 1980 -
615 1954 723 1988 finem
748 1951 792 1995 4,
819 1953 864 1994 3,
894 1953 928 1984 5.
969 1962 1049 1984 cum
1075 1950 1195 1984 omnia
1218 1961 1250 1984 c.
1275 1949 1355 1984 illas
1381 1949 1594 1996 (sententias)

96 1996 241 2030 sordida
264 2003 347 2030 sunt
371 2000 411 2040 2,
439 2002 504 2043 12,
533 2003 567 2034 7.
605 2018 644 2024 -
671 1997 936 2043 Peloponnesia
958 2002 1120 2041 tempora
1147 1999 1211 2040 12¹,
1236 1998 1300 2039 10,
1325 1995 1360 2031 4.
1397 1996 1442 2039 cs.
1468 2000 1531 2042 11,
1557 2001 1594 2043 3,

97 2040 175 2076 143.
205 2059 248 2066 -
271 2044 495 2078 Demetrium
516 2046 691 2082 Phalerea
714 2048 749 2088 2,
773 2042 809 2087 4,
833 2041 876 2077 41
904 2043 950 2077 Ν.
979 2061 1024 2067 -
1048 2044 1081 2077 T
1084 2042 1183 2076 isiam
1209 2048 1243 2076 et
1259 2041 1398 2077 Coraca
1416 2046 1451 2086 2,
1478 2047 1536 2088 17,
1554 2048 1591 2080 7.

97 2088 219 2122 floruit
253 2100 284 2122 c.
314 2090 516 2135 Philippum
542 2095 606 2134 12,
640 2095 707 2135 10,
738 2091 774 2125 6.
855 2090 907 2132 11)
933 2092 1050 2123 transl.
1094 2088 1135 2133 α)
1162 2088 1258 2123 circa
1282 2089 1384 2123 eosd.
1411 2096 1544 2127 certam
1609 2124 1614 2131 ,

95 2139 200 2177 atque
229 2136 417 2170 aemulatio
446 2141 507 2181 10,
533 2138 576 2181 5,
604 2138 637 2172 5.
672 2135 815 2171 decoris
840 2134 1001 2169 custodia
1028 2135 1153 2169 circa
1185 2145 1270 2179 eos,
1309 2141 1471 2170 contra
1503 2148 1551 2182 qu
1577 2147 1597 2172 s

97 2179 244 2213 dicimus
271 2183 333 2223 11,
364 2184 403 2224 1,
431 2185 487 2218 57.
529 2196 559 2217 c.
586 2184 610 2218 S
635 2183 773 2218 literam
800 2181 951 2216 deliciae
978 2184 993 2214 1
1009 2207 1019 2225 ,
1048 2184 1112 2224 11,
1138 2181 1172 2216 6.
1211 2193 1244 2215 c.
1271 2182 1488 2228 glossemata
1512 2182 1596 2217 dili-

96 2226 214 2272 gentia
238 2229 270 2269 1,
296 2228 330 2268 8,
358 2228 410 2262 15.
444 2241 475 2263 c.
501 2231 613 2264 verba
634 2228 810 2267 dissensio
829 2231 863 2270 3,
890 2231 945 2268 11,
972 2227 1005 2262 5.
1038 2239 1069 2262 c.
1095 2227 1273 2262 suasorias
1297 2237 1400 2262 error
1421 2229 1456 2270 3,
1478 2229 1515 2271 δ,
1534 2229 1590 2264 58.

95 2283 127 2305 c.
155 2271 294 2314 nuptias
323 2275 504 2318 (excursio)
528 2275 563 2318 4,
589 2279 624 2318 2,
654 2276 732 2311 105.
766 2281 819 2309 tot
843 2274 1093 2318 exemplorum
1119 2285 1150 2307 c.
1174 2273 1413 2309 voluntariam
1439 2279 1593 2308 mortem

98 2318 134 2359 9,
159 2320 193 2357 2,
218 2318 274 2351 86.
304 2318 365 2351 illa
389 2330 420 2353 c.
450 2321 496 2363 (a.
523 2326 546 2355 l.
572 2322 710 2361 contra)
739 2321 914 2365 Cepasios
937 2321 1058 2353 fabula
1080 2321 1116 2362 6,
1145 2322 1177 2362 1,
1200 2318 1257 2352 41.
1294 2319 1381 2352 fiunt
1406 2319 1592 2356 et'circa

97 2373 209 2410 genus
232 2362 386 2407 figurae,
416 2371 450 2398 et
473 2366 521 2399 in
546 2368 668 2402 verbis
692 2370 728 2410 9,
752 2370 787 2410 3,
811 2368 845 2402 6.
875 2366 1023 2413 gratiam
1048 2377 1081 2399 c.
1106 2376 1165 2398 res
1189 2366 1246 2399 Pr.
1270 2363 1304 2398 4.
1341 2376 1375 2398 c.
1399 2365 1467 2398 ima
1489 2366 1593 2401 labor

98 2414 153 2443 est
177 2410 221 2441 ib.
246 2409 302 2441 713.
332 2421 364 2442 υ.
391 2411 553 2445 Labor.
594 2413 689 2447 idem
713 2413 774 2457 qui
802 2425 833 2447 c.
863 2417 971 2446 testes
995 2413 1098 2445 locus
1123 2411 1164 2453 6,
1190 2409 1237 2453 4,
1263 2413 1322 2443 21.
1357 2421 1390 2445 ο.
1415 2410 1592 2449 rationem

99 2452 292 2498 eloquendi
313 2454 379 2488 vix
402 2456 533 2491 habere
561 2458 767 2494 imitationis
795 2461 915 2492 locum
941 2460 1006 2499 12,
1041 2459 1107 2498 10,
1140 2459 1198 2490 27.
1241 2456 1380 2490 vanitas
1405 2462 1512 2503 atque
1539 2459 1594 2501 ja·-

98 2499 208 2535 ctatio
233 2510 264 2533 c.
290 2501 500 2534 memoriam
525 2515 623 2537 suam
649 2507 705 2547 11,
730 2508 764 2546 2,
792 2507 849 2538 22.
889 2515 918 2537 c.
946 2502 1198 2547 proprietatem
1226 2502 1592 2549 significationemque

98 2544 290 2581 munditiae
318 2546 352 2587 8,
378 2548 412 2588 3,
437 2548 494 2582 87.
532 2549 613 2582 ficta
638 2551 792 2584 narratio
817 2568 860 2575 —
886 2559 952 2594 pro
977 2548 1109 2583 Roscio
1135 2559 1165 2582 c.
1193 2548 1471 2596 Chrysogonum
1492 2548 1529 2595 4,
1555 2553 1594 2594 2,

100 2594 155 2629 19.
185 2603 216 2625 c.
235 2590 478 2629 instrumenta.
493 2592 663 2628 firmanda
688 2592 835 2629 multum
860 2595 968 2629 habet
993 2594 1112 2638 operis
1135 2596 1170 2636 5,
1198 2597 1232 2637 7,
1259 2594 1315 2629 36.
1344 2594 1534 2639 opiniones
1556 2607 1589 2631 c.

96 2640 167 2674 hoc
193 2640 229 2680 2,
253 2638 311 2679 15,
338 2640 371 2672 1.
411 2648 442 2670 c.
471 2649 576 2682 quem
602 2651 722 2686 pugna
746 2648 800 2675 est
821 2643 857 2685 8,
882 2642 918 2684 6,
945 2643 977 2675 1.
1006 2643 1042 2682 7,
1068 2643 1102 2682 1,
1130 2640 1184 2675 15.
1223 2640 1396 2684 plurimus
1423 2652 1454 2675 c.
1481 2640 1591 2675 simu-

95 2684 265 2720 lationem
293 2688 329 2717 et
356 2682 673 2719 dissimulationem
699 2686 790 2720 risus
814 2688 861 2729 6,
891 2689 937 2729 3,
969 2686 1025 2721 85.
1075 2685 1254 2720 simulatio
1282 2697 1315 2720 c.
1344 2687 1591 2721 occultandam

100 2728 339 2774 eloquentiam
363 2727 407 2770 4,
436 2732 477 2772 t,
500 2731 534 2765 9.
576 2729 672 2765 inani
698 2743 730 2766 c.
756 2743 869 2767 voces
896 2731 1014 2766 studio
1041 2733 1088 2773 8,
1121 2733 1178 2766 Pr.
1210 2733 1264 2766 18.
1313 2743 1344 2767 c.
1377 2732 1520 2777 propria
1548 2744 1592 2767 ac

102 2773 302 2813 differentia
325 2785 455 2822 magna
482 2775 657 2811 subtilitas
682 2780 716 2820 7,
740 2781 775 2821 3,
799 2779 856 2814 26.
891 2789 925 2814 ο.
948 2777 1152 2813 testimonia
1175 2779 1287 2814 sudor
1309 2777 1345 2823 5,
1371 2781 1406 2823 7,
1436 2780 1468 2815 1.
1497 2790 1594 2814 aum-
