1728 3002
120 188 204 232 ⁷98
685 186 800 229 Sane
829 211 884 220 -
914 188 1088 231 Sanitas

168 303 250 340 125.
274 302 574 338 sanctiorem
599 307 635 338 et
657 303 805 351 magis
833 303 1152 339 admirabilem
1179 305 1317 340 faciunt
1342 307 1543 344 oration&
1562 310 1600 355 8,
1621 312 1656 354 3,

165 348 231 403 2433
256 350 425 403 sanctiss.
451 359 581 384 censor
605 348 652 394 4,
675 351 735 384 Pr.
759 352 794 385 3.
818 350 980 387 sanctiss.
1003 356 1217 396 praeceptor
1241 355 1285 397 1,
1308 354 1352 398 2,
1375 354 1411 390 5.
1437 365 1549 401 opere
1571 367 1658 396 san-

167 402 344 431 ctlsslmus
367 399 422 439 12,
450 399 503 438 11,
527 398 562 431 1.
1585 406 1591 411 ”

117 440 248 484 Sane.
299 453 341 495 α)
365 455 535 487 concedit:
566 462 653 497 quas
678 452 886 495 φαντασίας
915 459 1070 499 vocant,
1107 465 1176 490 nos
1199 467 1230 494 s.
1257 456 1418 493 visiones
1440 447 1665 503 appelffi'mr

161 501 199 542 6,
221 503 256 542 2,
281 500 338 534 29.
368 498 414 541 cs.
440 502 475 543 5,
505 501 542 543 9,
567 499 624 534 15.
648 498 683 541 5,
709 501 765 542 10,
791 500 823 533 1.
851 500 922 535 hoc
945 511 1058 546 genus
1082 508 1370 548 argumentorum
1393 516 1422 539 s.
1447 499 1585 541 dicatur
1607 513 1658 540 ex

163 546 428 580 circumstantia
455 547 498 589 5,
527 548 590 589 10,
617 544 696 579 104.
734 544 779 587 cs.
804 547 849 589 6,
879 548 923 589 3,
949 548 1005 582 61.
1045 559 1066 582 a
1096 548 1212 584 media
1239 549 1279 584 in
1304 556 1491 596 utramque
1519 557 1659 596 partem

164 592 366 627 discurrere
389 604 418 628 s.
448 592 578 627 merito
613 596 788 638 cogantur
810 595 854 635 2,
877 591 918 636 4,
946 595 1004 629 15.
1042 596 1281 631 concedamus
1305 608 1357 640 s.,
1390 598 1488 643 quod
1512 597 1659 633 minime

162 644 290 673 namra
313 638 446 683 patitur
470 642 528 683 12,
550 641 583 682 1,
607 640 665 672 23.
691 650 772 672 nam
794 638 832 672 id
859 647 888 677 s,
909 639 1072 674 doctrina
1094 641 1208 685 possit
1233 644 1366 691 augeri‘
1377 644 1413 687 6,
1431 645 1466 685 3,
1491 645 1558 680 12,,
1585 643 1659 680 Sed

161 687 234 719 hoc
258 691 384 721 votum
414 691 469 720 est
502 691 537 720 et
563 696 643 732 rara
669 685 844 728 felicitas,
879 697 971 730 quae
995 686 1026 720 si
1048 698 1123 722 non
1148 688 1252 733 assit,
1290 701 1319 724 s.
1346 689 1503 724 sufficiat
1530 689 1579 724 ab
1598 690 1658 733 iia,

162 731 292 776 quibus
319 732 398 777 quis
422 732 530 775 dicit,
556 730 671 765 audiri
696 734 752 773 12,
778 732 810 774 5,
832 731 865 766 6.
891 743 1046 778 neque
1069 746 1098 768 s.
1130 734 1225 768 aliud
1249 741 1303 770 est
1331 737 1407 779 ejus
1430 746 1564 771 nomen
1587 737 1659 770 La-

162 779 295 812 tinum:
327 779 405 813 sed
430 789 473 812 ea
493 778 692 823 quaeritur,
729 777 790 812 An
814 777 882 812 sit?
908 781 942 822 3,
966 780 1002 823 6,
1026 782 1083 814 23.
1108 781 1226 824 poetis
1247 781 1493 826 permittamus
1515 794 1546 821 s,
1563 782 1663 824 eius-¹

160 825 258 859 modi
283 826 464 869 exempla:
493 842 538 851 —
562 835 651 858 non
675 823 770 858 idem
798 831 979 860 oratorem
1001 827 1144 861 decebit
1169 829 1212 870 8,
1236 829 1271 871 3,
1295 830 1353 864 73.
1402 828 1456 863 Et
1481 840 1511 863 s.
1535 826 1656 863 conci-

157 870 233 916 piat
253 871 332 916 quis
355 875 474 906 mente
498 872 560 906 vel
581 871 814 905 declamantis
838 871 999 906 habitum
1022 881 1098 916 etc„
1121 884 1274 909 nonne
1299 874 1422 920 quidd.
1445 874 1520 919 pati
1541 874 1658 908 furori

159 917 276 952 simile
301 917 491 954 videatur?
517 920 551 961 1,
575 920 610 961 2,
634 919 691 952 31.
722 917 766 959 cs.
793 920 849 961 11,
877 921 913 962 2,
938 918 995 954 25.
1043 918 1082 965 β)
1108 921 1304 962 confirmat.-
1329 926 1384 964 et,
1407 922 1506 955 bono
1529 932 1558 955 s.
1583 926 1658 955 sto-

157 964 302 1007 macho,
329 963 489 999 contenti
517 970 598 998 sunt
620 966 656 1007 2,
683 965 718 1006 3,
743 966 765 998 3
786 965 834 998 Ν.
857 964 1000 1008 ineptae
1021 976 1051 1002 s.
1078 965 1316 1002 cavillationis
1339 970 1374 1010 7,
1400 968 1436 1010 9,
1458 965 1493 1001 4.
1521 967 1656 1003 clarum

157 1021 186 1044 s.
211 1010 249 1044 in
271 1010 386 1045 literis
410 1013 450 1054 1,
474 1011 516 1053 6,
545 1011 602 1045 35.
638 1016 681 1044 et
705 1021 734 1043 s.
762 1010 972 1045 manifestus
998 1016 1053 1046 est
1083 1012 1190 1047 etiam
1218 1024 1270 1048 ex
1300 1024 1412 1058 opere
1441 1012 1521 1058 ipso
1555 1013 1658 1047 labor

157 1059 214 1100 10,
240 1059 276 1100 3,
302 1058 336 1093 8.
367 1056 412 1098 αἱ.
438 1060 472 1101 1,
499 1058 534 1099 5,
558 1058 615 1092 67.
640 1056 871 1101 probationes
896 1057 990 1092 enim
1014 1058 1176 1093 efficiunt
1199 1070 1242 1103 s.,
1266 1065 1306 1093 ut
1333 1070 1476 1094 causam
1498 1052 1658 1094 nostrati

154 1102 342 1138 meliorem
366 1114 445 1137 esse
471 1103 608 1148 judices
631 1109 775 1147 putent:
802 1103 949 1137 affectus
972 1110 1167 1149 praestant,
1188 1110 1230 1139 ut
1247 1105 1355 1139 etiam
1374 1104 1488 1142 velint
1510 1106 1546 1149 6,
1564 1108 1600 1151 2,
1620 1105 1656 1140 5.

156 1149 270 1194 quue
293 1161 321 1184 s.
347 1149 637 1194 frequentissime
657 1149 863 1184 faciendum
887 1154 942 1184 est
968 1151 1010 1194 9,
1038 1153 1078 1194 2,
1102 1152 1160 1186 93.
1188 1150 1232 1193 cf.
1260 1153 1325 1195 10,
1351 1154 1393 1195 1,
1415 1152 1474 1188 67.
1498 1151 1536 1185 id
1559 1150 1656 1195 quod

156 1206 184 1229 s.
208 1206 283 1230 non
308 1196 474 1230 affectant
499 1199 562 1239 10,
591 1199 625 1238 1,
649 1195 708 1231 84.
735 1197 856 1241 quod
883 1207 920 1241 s.
942 1206 1017 1230 non
1044 1196 1167 1242 utique
1202 1198 1246 1232 ab
1269 1203 1411 1233 aratore
1434 1196 1657 1232 desideratur

156 1241 199 1284 5,
227 1244 294 1284 10,
319 1243 350 1275 3.
383 1243 507 1286 quod
534 1247 588 1276 est
611 1253 641 1275 s.
668 1253 825 1276 summae
850 1242 1067 1276 difficultatis
1093 1246 1152 1284 11,
1179 1246 1220 1286 1,
1248 1243 1306 1278 60.
1331 1243 1378 1285 cfi
1402 1242 1447 1287 4,
1472 1243 1513 1290 5,
1533 1243 1589 1277 13.
1619 1242 1654 1286 5,

69 1322 71 1324 ,
153 1287 214 1321 Pr.
236 1289 270 1322 3.
295 1288 337 1330 9,
362 1291 399 1330 1,
424 1287 489 1330 14;
512 1284 791 1332 προσαπόὸοσιν
812 1293 964 1327 vocant,
989 1299 1080 1332 quae
1103 1295 1143 1322 ut
1164 1289 1321 1324 maxime
1344 1293 1530 1332 servetur,
1558 1299 1589 1322 s.
1616 1288 1656 1323 in

105 1367 114 1370 ,
155 1332 240 1376 (Sp.
268 1333 354 1376 conj.
377 1333 581 1376 sententiis)
609 1332 768 1376 pluribus
792 1332 986 1376 propositis
1011 1335 1053 1375 9,
1079 1335 1121 1377 3,
1145 1333 1258 1370 94—N.
1281 1333 1542 1382 Sane-tamen,
1566 1334 1654 1387 (Sp.

156 1379 243 1423 conj.
280 1377 430 1422 sales)
463 1384 504 1412 ut
525 1379 586 1412 ille
612 1378 651 1411 in
679 1377 769 1412 cibis
792 1380 900 1422 paulo
923 1378 1107 1412 liberalius
1134 1388 1300 1424 aspersus
1322 1400 1369 1407 --
1392 1381 1496 1415 affert
1521 1379 1656 1425 aliquid

153 1424 700 1516 {335³227302u1’ffi'is51-55ffi
723 1424 1655 1516 ‘Effigie3230322253''Effirffi'issddmffisshgl

156 1517 363 1552 clamatoria
388 1484 501 1563 magis
511 1485 824 1562 qquam'forensis,
849 1517 934 1552 ideo
955 1523 1106 1552 autem
1129 1523 1285 1562 reperta,
1308 1524 1349 1552 nt
1371 1526 1435 1553 etc.
1458 1517 1494 1561 4,
1513 1521 1556 1561 2,μ
1571 1519 1654 1554 128.

111 1576 129 1584 ’
153 1564 237 1598 Ηοο
264 1575 294 1598 s.
326 1563 654 1608 frequentissimum
689 1563 762 1606 est,
799 1564 883 1607 quia
910 1574 1086 1608 personae
1118 1569 1218 1608 sunt,
1249 1564 1345 1601 inter
1368 1574 1456 1609 quas
1483 1563 1654 1610 litigatur.

154 1610 248 1645 Sed
278 1612 348 1644 hae
380 1621 524 1655 quoque
553 1609 698 1644 interim
729 1621 812 1643 cum
845 1610 918 1643 suis
945 1609 1189 1644 accidentibus
1216 1611 1405 1655 ponendae
1427 1609 1472 1645 ib.
1500 1612 1579 1645 130.
1607 1609 1655 1652 0:12

151 1657 210 1691 Pr.
229 1660 262 1692 7.
289 1662 495 1691 nostrorum
518 1656 682 1701 quidam,
709 1667 804 1690 non
828 1667 910 1690 san
924 1667 944 1691 e
967 1662 1114 1700 recepto
1138 1656 1175 1690 in
1198 1667 1304 1690 usum
1329 1657 1495 1700 nomine,
1526 1658 1655 1701 apolo-

151 1703 333 1750 gationem
357 1704 511 1746 (vocant)
536 1705 576 1746 5,
604 1705 644 1736 11
658 1729 669 1746 ,
692 1705 750 1737 20.
773 1714 883 1736 unam
906 1704 952 1737 de
974 1703 1099 1736 schola
1121 1703 1426 1746 controversiam,
1449 1711 1541 1737 non
1562 1701 1651 1747 (Sp.

149 1753 249 1784 inser.
271 1750 387 1791 illam)
414 1761 443 1783 s.
469 1749 713 1783 difficillimam
738 1754 798 1782 aut
823 1759 980 1792 novam,
1008 1757 1208 1793 proponam
1230 1752 1274 1792 7,
1302 1752 1347 1793 1,
1372 1749 1415 1783 41
1440 1753 1484 1783 Z.
1521 1746 1569 1790 ff-
1594 1750 1653 1794 12,

153 1798 188 1839 1,
213 1797 271 1878 ἐξ.
303 1796 443 1876 ianlssus
468 1807 565 1831 non
588 1807 618 1830 s.
644 1807 665 1830 a
687 1795 858 1830 Romanis
893 1796 1092 1831 celebratus
1127 1801 1183 1830 est
1202 1800 1243 1830 ut
1264 1795 1455 1840 proprium
1479 1805 1571 1840 opus
1594 1796 1652 1838 10,

153 1845 187 1886 1,
251 1844 269 1876 “.
297 1855 329 1876 υ.
396 1854 462 1877 on.
1279 1846 1281 1848 ’

108 1897 312 1954 Sanguis·
354 1909 558 1954 I).proprie.
583 1909 626 1955 α)
650 1909 831 1956 sanguinis
859 1908 1032 1944 detractio
1058 1912 1094 1953 2,
1121 1910 1178 1952 10,
1199 1908 1232 1942 6.
1254 1918 1408 1953 corpora
1430 1917 1518 1944 sana
1536 1912 1578 1943 et
1597 1905 1655 1942 in-

151 1957 246 2003 tegri
269 1956 452 2003 sanguinis
476 1958 518 1999 8,
542 1958 600 1990 Pr.
619 1958 675 1993 19.
706 1956 818 1992 vestis
846 1956 1017 2002 sanguine
1041 1956 1188 1990 madens
1211 1955 1252 1997 6,
1278 1957 1316 1998 1,
1345 1957 1404 1990 31.
1429 1954 1544 1991 vestis
1566 1963 1653 1988 san-

152 2004 260 2050 guine
283 2004 450 2047 perfusus
475 2005 519 2036 ib.
545 2005 604 2038 30.
668 2002 722 2048 β)
754 2014 820 2047 per
850 2002 1059 2049 sanguinem
1090 2002 1217 2036 caedes
1241 2000 1451 2048 intelligitur
1474 2002 1516 2043 5,
1544 2000 1590 2043 9,
1616 2000 1652 2036 9.

151 2060 229 2084 non
254 2050 373 2084 animo
397 2049 603 2096 sanguis
626 2054 664 2084 et
685 2050 853 2093 pallor
882 2057 942 2083 etc.
970 2046 1166 2092 expirantis
1189 2046 1347 2094 insidet?
1373 2048 1407 2091 6,
1432 2050 1468 2089 2,
1493 2049 1550 2082 31.
1575 2057 1651 2091 pe-

150 2096 421 2130 riculorum
455 2107 497 2130 ac
532 2095 769 2142 sanguinis
805 2096 940 2138 majora
976 2094 1045 2128 sibi
1079 2092 1214 2128 deberi.
1233 2093 1392 2137 praemia
1423 2096 1488 2133 11,
1521 2095 1562 2135 1,
1590 2092 1649 2127 88.

98 2151 107 2154 “
151 2141 192 2186 γ)
218 2142 360 2190 sanguis
381 2143 456 2184 ille,
486 2142 547 2186 qui
570 2142 699 2176 mentis
722 2141 845 2175 habitu
868 2147 1056 2182 movetur,
1081 2146 1138 2184 et,
1166 2150 1248 2172 cum
1270 2139 1446 2173 infirmam
1473 2149 1652 2190 verecun-
1673 2173 1679 2181 Ι

152 2189 211 2222 dia
235 2196 353 2223 cutem
373 2188 522 2232 accepit,
549 2188 740 2222 effunditur
759 2188 799 2222 in
820 2189 1008 2228 ruborem3
1034 2197 1116 2221 cum
1138 2191 1236 2219 metu
1257 2185 1410 2231 refugit,
1436 2184 1513 2224 abit,
1532 2194 1650 2218 omnis

152 2241 189 2268 et
223 2237 361 2278 pallore
392 2234 571 2281 frigescit3
604 2240 820 2279 temperatus
858 2233 1015 2269 medium
1049 2232 1226 2278 quoddam
1255 2242 1422 2266 serenum
1454 2229 1565 2264 efficit
1589 2231 1649 2282 31,

151 2281 187 2323 3,
211 2282 268 2315 78.
318 2278 362 2323 δ)
387 2283 429 2314 de
454 2284 665 2324 cognatione.-
695 2287 819 2324 turpes
846 2292 887 2314 ac
910 2278 1153 2324 perniciosos,
1177 2276 1315 2312 etiamsi
1341 2275 1447 2310 nobis
1475 2285 1649 2322 sanguine

152 2327 370 2361 cohaereant
395 2329 437 2371 8,
462 2329 508 2370 3,
537 2329 594 2366 75.
642 2326 691 2368 II)
720 2331 861 2360 transl..·
890 2326 969 2370 quis
995 2323 1180 2359 hominum
1202 2322 1309 2358 liberi
1334 2323 1444 2356 modo
1467 2320 1650 2368 sanguinis

153 2374 210 2414 12,
237 2374 272 2415 9,
299 2376 362 2417 10;
389 2384 471 2408 eum
493 2373 603 2408 nimia
626 2378 751 2407 contra
775 2384 814 2406 se
839 2372 1016 2406 calumnia
1034 2382 1161 2406 verum
1186 2380 1284 2417 sang.
1308 2367 1506 2420 perdidisse
1528 2370 1586 2411 10,
1614 2369 1650 2410 1,

153 2418 232 2452 115.
258 2429 332 2452 11011
357 2421 434 2453 sola
456 2419 518 2453 illa
540 2418 776 2460 laetiora,
800 2418 916 2463 qualia
940 2429 961 2451 a
984 2415 1060 2452 Cic.
1087 2416 1274 2458 dicuntur,
1298 2435 1343 2440 -
1367 2415 1432 2449 sed
1457 2418 1563 2448 etlam
1584 2410 1648 2447 ina

153 2474 353 2507 quanquam
379 2467 517 2509 plena
543 2464 792 2511 sanguinis
815 2484 860 2490 —
884 2474 959 2498 non
984 2463 1201 2499 conveniant
1222 2462 1353 2496 barbae
1375 2460 1428 2494 ini
1452 2466 1558 2504 atque
1581 2457 1650 2493 tri·-

153 2508 268 2542 stitiae
292 2514 348 2552 11,
376 2515 410 2554 1,
435 2511 482 2546 34
494 2512 542 2546 Ν.
567 2511 796 2558 sanguine
820 2516 855 2545 et
878 2509 1068 2546 viribus
1092 2509 1203 2543 niteat
1227 2507 1299 2551 (hie.-
1322 2506 1471 2550 ornatus)
1494 2508 1529 2548 8,
1553 2505 1649 2558 3,·6.

154 2553 273 2587 minus
297 2556 479 2591 virium
507 2569 550 2592 ac
583 2557 840 2604 sanguinis
873 2557 1029 2591 habeant
1068 2554 1344 2591 declamationes
1378 2562 1483 2597 quam
1512 2556 1650 2586 crano-

152 2610 217 2632 nes
243 2602 300 2642 10,
328 2604 363 2643 2,
389 2606 445 2636 12.
482 2615 516 2637 v.
543 2605 744 2648 Nervus3
777 2603 840 2638 illa
861 2602 1071 2650 iungendis
1095 2601 1212 2637 causis
1236 2601 1310 2646 jam
1332 2598 1483 2641 detrita,
1506 2596 1647 2632 mittere

153 2645 362 2699 sanguinem
386 2655 446 2681 etc.
470 2649 506 2691 8,
532 2652 567 2693 6,
591 2652 633 2684 51
658 2651 706 2684 Ν.

108 2688 293 2732 SanltaS·
336 2701 366 2735 si
392 2704 538 2738 robur
566 2706 778 2750 corporibus
802 2706 936 2740 bonum
963 2710 1039 2747 est,
1071 2714 1146 2738 non
1168 2702 1285 2737 minus
1312 2698 1495 2734 sanitas
1516 2696 1562 2739 5,
1587 2697 1646 2739 10,

155 2748 201 2783 89
228 2751 270 2781 Ζ.
306 2759 338 2781 υ.
363 2749 524 2784 Robu‘r.
553 2753 711 2786 medicus
746 2752 932 2787 sanitatem
958 2759 1069 2798 aegro
1091 2748 1264 2793 promittit
1288 2746 1380 2789 (Sp.
1406 2742 1507 2796 aegri
1530 2741 1645 2787 petit)

158 2796 192 2837 2,
219 2795 275 2837 17,
301 2793 357 2829 25.
383 2795 569 2831 macies
590 2796 662 2831 illis
684 2808 752 2842 pro
771 2797 986 2832 sanitate
1007 2800 1050 2838 2,
1074 2793 1119 2838 4,
1141 2795 1178 2830 9.
1208 2804 1243 2827 v.
1268 2790 1605 2826 Imbellicitas.
