1728 3002
95 171 178 213 570
320 232 325 234 v
788 167 960 212 Nomen

135 288 172 330 3,
196 285 252 321 56.
276 284 446 323 incidisse
468 285 506 320 in
536 283 779 320 sordidum
805 295 842 318 ιι.
867 286 912 318 ib.
935 286 994 319 21.
1041 281 1081 329 γ)
1103 285 1223 319 Αὺῖαὴ
1257 285 1298 327 a)
1314 261 1639 329 mtin,nomine
1664 314 1668 315 ⁷

136 331 302 368 verbis
335 336 370 375 7,
403 335 437 376 3,
475 334 528 366 13.
566 337 677 366 artem
709 331 865 374 superbo
898 342 933 365 n.
967 329 1122 366 invisam
1158 333 1216 375 12,
1247 333 1283 373 2,
1315 331 1354 368 9.
1383 332 1636 375 ,οεᾳηιοιιιίειθ,
1699 370 1702 375 ,

137 390 228 424 quae
253 391 289 413 n.
313 378 441 413 Latino
468 383 565 412 caret
588 380 623 420 3,
649 379 682 420 3,
707 378 740 412 9.
766 377 968 421 proprio
992 383 1087 411 caret
1111 388 1148 411 n.
1172 379 1209 420 3,
1226 379 1282 419 10,
1305 375 1341 415 4.
1371 379 1475 420 cuius,
1488 377 1636 417 nomine

137 427 194 466 (h.
221 438 250 458 e.
282 419 402 468 ἦθος)
436 431 530 458 caret
556 434 674 457 sermo
698 424 802 457 Rom.
828 424 863 466 6,
894 425 930 465 2,
959 424 994 458 8.
1042 424 1113 457 hoc
1144 434 1182 457 ιι.
1213 423 1486 467 complectimur
1504 423 1638 459 >omia

137 472 172 514 5,
201 474 258 513 10,
284 475 317 504 1.
366 472 460 514 quod
487 471 678 504 nomine
703 475 863 512 constat,
901 470 946 503 de
969 481 1020 503 re
1046 469 1193 503 dubium
1216 474 1270 503 est
1294 473 1329 513 7,
1353 471 1388 513 3,
1425 468 1461 503 4.
1494 470 1577 510 hoc,
1594 481 1633 509 ιι.

137 519 317 552 donarunt
341 528 383 549 ea
409 518 444 559 8,
470 517 503 559 5,
532 519 586 550 12.
616 528 680 550 cur
703 517 793 550 haec
816 515 963 560 proprie
985 527 1021 550 ιι.
1048 515 1109 549 tali
1134 515 1266 550 notarit
1290 516 1326 559 9,
1350 517 1385 559 3,
1410 514 1468 550 47.
1493 526 1531 550 ιι.
1557 512 1638 561 ipen

135 569 233 608 patet
258 566 291 605 9,
320 565 351 603 1,
379 562 411 596 4.
438 563 508 596 hoc
534 574 570 596 n.
599 562 819 610 significatur
844 563 880 605 9,
914 564 948 604 3,
972 563 1036 603 91ς
1081 567 1136 596 est
1167 567 1304 598 certum
1332 562 1378 596 de
1401 572 1532 604 nom.,
1569 560 1646 597 secl*

135 609 335 654 quaeritur,
369 620 460 653 quae
486 620 562 643 res
585 609 620 643 ei
641 608 863 652 subjicienda
885 607 931 643 sit
953 611 989 651 7,
1016 610 1049 651 3,
1075 607 1110 642 4.
1135 609 1202 642 sub
1226 609 1298 642 hoc
1333 618 1369 642 n.
1395 606 1552 642 maxima
1575 605 1636 643 ri-

134 657 184 690 tia
207 657 387 689 latuerunt
410 656 467 689 Pr.
502 655 566 696 15;
605 658 726 689 Plur..·
761 656 861 689 Haec
897 654 1025 699 quibus
1060 654 1188 688 Graeci
1221 653 1424 689 nominibus
1457 654 1639 698 appellent

135 704 171 745 8,
200 702 235 744 6,
261 703 317 735 57.
365 707 437 734 tam
460 713 572 744 parva
595 707 778 735 momenta
806 700 1010 736 nominibus
1049 700 1298 738 discreverunt
1330 701 1367 743 9,
1401 702 1435 743 3,
1468 702 1527 735 25.
1575 699 1639 744 qui

136 749 294 783 citharae
321 757 430 791 sonos
454 759 491 781 n.
514 754 550 782 et
574 748 695 791 spatiis
720 747 923 782 distinxerit
950 751 982 790 1,
1018 749 1074 790 10,
1102 748 1124 782 3
1148 748 1196 782 N.
1244 746 1274 781 si
1308 747 1465 781 obscena
1496 745 1638 791 nudis

136 806 174 829 ιι.
201 793 430 828 enuntientur
455 795 489 837 8,
515 796 549 837 3,
574 794 632 830 48.
655 794 694 828 in
717 795 784 828 hac
811 793 1036 838 proprietatis
1066 793 1198 838 specie,
1233 802 1326 838 quae
1348 803 1384 826 ιι.
1403 791 1495 836 ⁴ipsis
1519 792 1647 841 cujus-A

136 852 207 886 que
233 839 306 874 rei
324 840 435 874 utitur
458 841 493 882 8,
518 843 553 883 2,
579 842 612 875 3.
662 841 707 874 de
732 852 765 874 n.
790 839 919 874 anxius
944 841 977 882 5,
1004 842 1059 882 10,
1085 840 1142 874 75.
1167 841 1205 879 b)
1231 839 1274 872 de
1296 851 1439 872 causa
1467 841 1525 871 vel
1548 851 1638 882 spe-

137 890 223 921 cie:
261 886 362 930 cujus
389 886 535 921 nomine
557 887 675 933 agitur
697 890 733 930 7,
759 889 793 929 1,
817 889 874 920 20.
906 887 1004 930 cujus
1033 897 1066 919 n.
1090 884 1207 932 litigas
1228 883 1265 928 4,
1287 882 1324 926 4,
1361 884 1406 928 6;
1449 884 1489 918 ιι.
1512 883 1639 917 hilari-

134 933 237 976 tatis,
273 932 512 976 parsimoniae
545 941 605 967 etc.
634 932 669 975 4,
702 935 738 974 2,
775 936 832 968 77.
866 931 1017 976 praemii
1043 943 1079 965 ιι.
1105 935 1139 974 7,
1161 935 1200 974 1,
1218 929 1275 964 42.
1298 930 1387 965 illud
1410 935 1637 974 utrocunque
1687 963 1690 965 ,

133 991 171 1013 ιι.
199 979 401 1013 delectandi
425 979 504 1013 sive
531 979 746 1013 conciliandi
777 984 960 1023 praestare
993 975 1153 1012 officium
1179 972 1244 1020 '122
1278 978 1335 1020 10,
1363 976 1386 1011 5
1420 980 1463 1010 Ζ.
1508 974 1657 1013 >Minus

134 1032 209 1070 est,
243 1026 341 1070 quod
367 1026 525 1059 flendum
549 1036 632 1059 meo
656 1038 708 1069 n.,
733 1037 838 1070 quam
865 1026 961 1070 quod
983 1024 1078 1058 illius
1107 1023 1331 1071 gaudendum
1356 1028 1409 1057 est
1440 1023 1482 1066 6,
1507 1022 1566 1055 Pr.
1597 1022 1635 1056 8.
1662 1023 1663 1026 ’

133 1074 296 1117 placere,
330 1083 421 1116 quae
442 1073 536 1106 bene
563 1072 675 1115 dicet,
710 1082 784 1116 non
809 1082 875 1106 suo
905 1072 1018 1117 magis
1054 1081 1162 1115 quam
1197 1076 1323 1104 eorum
1354 1079 1391 1103 ιι.
1422 1069 1636 1110 delectetur,
1700 1071 1701 1074 ’

135 1118 196 1163 qui
220 1124 320 1152 recte
344 1118 551 1161 judicabunt
575 1122 608 1160 2,
633 1121 670 1161 2,
697 1121 752 1152 13.
790 1117 898 1152 etiam
925 1127 991 1151 suo
1017 1128 1053 1151 ιι.
1082 1117 1174 1151 solet
1199 1126 1279 1150 esse
1305 1115 1461 1159 jucunda
1487 1111 1637 1160 (varie-5

133 1165 209 1209 ias)
233 1165 268 1206 9,
295 1164 330 1206 4,
360 1165 405 1198 58
431 1165 477 1197 N.
506 1175 578 1208 quo
603 1176 639 1197 ιι.
663 1164 776 1211 gratia
801 1174 945 1208 quoque
971 1163 1014 1197 iis
1039 1168 1092 1197 est
1116 1162 1280 1196 habenda
1303 1163 1339 1204 2,
1365 1163 1398 1203 1,
1425 1163 1460 1196 2.

228 1211 274 1252 11)
303 1211 441 1242 hominis
471 1213 674 1252 appellaiio:
708 1211 745 1254 α)
770 1222 806 1244 n.
831 1211 897 1243 sibi
932 1208 1249 1244 insolentissimum
1278 1211 1556 1254 arrogaverunt,
1588 1210 1639 1240 nt

135 1256 205 1291 soli
233 1255 429 1300 sapientiae
452 1255 600 1288 studiosi
629 1262 848 1290 vocarentur
874 1257 932 1289 Pr.
962 1254 1018 1290 14.
1042 1267 1082 1291 n.
1114 1254 1230 1299 ipsum
1263 1252 1482 1287 accusatoris
1507 1254 1635 1286 horre-

132 1303 186 1337 bit
211 1305 268 1343 12,
292 1302 329 1344 7,
357 1304 390 1334 1.
438 1306 478 1333 ut
503 1300 578 1335 Cic.
612 1302 680 1343 jam
718 1313 790 1335 non
815 1300 970 1335 hominis
994 1312 1028 1334 n.
1053 1302 1115 1335 sed
1140 1299 1368 1344 eloquentiae
1383 1299 1559 1333 habeatur
1579 1300 1638 1340 10,

136 1353 171 1392 1,
203 1351 281 1382 112.
311 1346 356 1388 ‘'f-
384 1348 420 1389 8,
446 1350 481 1388 2,
508 1349 563 1380 13.
612 1347 699 1380 fecit
726 1359 762 1380 n.
790 1347 947 1391 parentis
974 1347 1049 1379 filio
1073 1345 1292 1380 invidiosum
1317 1347 1374 1387 11,
1400 1347 1434 1387 1,
1465 1345 1524 1379 63.
1558 1354 1637 1378 me-

135 1399 286 1429 ruerunt
309 1404 345 1426 ιι.
372 1398 605 1436 patronorum
628 1394 662 1434 6,
686 1391 722 1435 4,
749 1393 782 1427 5.
828 1393 925 1425 unde
954 1403 991 1425 ιι.
1021 1391 1077 1425 his
1109 1390 1410 1437 pragmatioorum
1436 1390 1556 1423 datum
1580 1394 1637 1422 est

134 1444 193 1483 12,
216 1442 252 1483 3,
275 1439 310 1474 4.
359 1438 528 1482 sapientis
551 1438 617 1471 sibi
643 1450 677 1472 n.
701 1438 852 1472 asseruit
875 1441 932 1480 12,
969 1440 1001 1480 1,
1035 1439 1092 1470 20.
1124 1437 1195 1472 vix
1223 1436 1320 1479 scio,
1363 1436 1422 1470 cui
1451 1434 1638 1478 reliquerit

134 1488 241 1529 hujus
265 1497 302 1519 ιι.
329 1485 450 1519 locum
478 1487 532 1526 12,
556 1488 592 1527 7,
616 1483 650 1519 4.
698 1496 767 1518 nec
801 1484 965 1518 omnibus
998 1503 1045 1509 —
1077 1482 1149 1518 viri
1182 1481 1288 1516 fortis
1321 1492 1358 1517 n.
1392 1481 1636 1515 concesserim

135 1537 191 1575 12,
221 1535 254 1575 1,
278 1533 335 1566 23.
364 1530 585 1575 proditorem
609 1538 672 1564 etc.
699 1530 909 1564 donabimus
939 1527 1092 1563 oratoris
1115 1528 1178 1564 illo
1202 1537 1306 1563 sacro
1330 1538 1367 1561 ιι.
1403 1529 1450 1564 ib.
1474 1525 1533 1564 24.
1553 1527 1637 1571 phi-

131 1580 367 1623 losophorum
391 1576 537 1610 nomine
564 1577 658 1610 male
683 1582 833 1610 utuntur
858 1579 891 1618 2,
919 1576 974 1617 16,
998 1577 1032 1610 5.
1057 1574 1100 1618 β)
1126 1578 1149 1608 ἱ.
1173 1588 1205 1619 q.
1231 1575 1538 1615 existimaiio,
1559 1571 1636 1613 sa-

133 1638 216 1659 ma.-
251 1623 417 1658 omnibus
445 1624 559 1666 ejusd.
586 1622 705 1665 operis
739 1622 944 1657 auctoribus
976 1621 1120 1655 abstulit
1151 1631 1284 1655 nomen
1323 1622 1381 1661 10,
1413 1622 1447 1662 1,
1479 1622 1537 1654 72.
1571 1629 1637 1662 per

134 1683 227 1719 quae
252 1682 288 1704 ιι.
314 1675 369 1704 est
394 1675 576 1703 assecutus
602 1671 659 1711 10,
685 1672 719 1712 1,
743 1671 801 1703 87.
848 1668 982 1710 primus
1007 1667 1094 1702 clari
1131 1678 1168 1700 ιι.
1203 1666 1388 1710 professor
1415 1667 1473 1708 10,
1506 1666 1540 1707 5,
1579 1666 1636 1700 18.

135 1729 218 1753 cum
243 1717 314 1761 jam
340 1718 475 1749 clarum
505 1715 694 1749 meruisset
730 1715 826 1748 inter
848 1721 1020 1759 patronos
1044 1723 1080 1746 n.
1115 1715 1172 1756 12,
1205 1713 1246 1755 6,
1278 1715 1316 1748 ’7.
1361 1712 1432 1746 Jul.
1467 1710 1635 1745 Secundo

134 1763 371 1798 clarissimum
396 1773 434 1796 n.
461 1761 612 1795 oratoris
637 1773 692 1804 ap.
717 1767 883 1804 posteros
913 1761 1010 1794 foret
1044 1761 1101 1802 10,
1131 1762 1161 1801 1,
1189 1761 1268 1793 120.
1291 1757 1409 1804 magni
1433 1768 1470 1790 ιι.
1494 1756 1638 1799 profes-

131 1821 234 1845 sores
259 1813 294 1851 2,
323 1812 377 1851 11,
407 1810 441 1843 1.
487 1809 612 1841 umbra
639 1807 758 1853 magni
790 1819 828 1840 ιι.
874 1808 1090 1840 delitescunt
1122 1808 1189 1848 12,
1232 1806 1289 1847 10,
1326 1805 1382 1840 15.
1413 1803 1637 1848 proditorem

136 1864 199 1892 etc.
226 1855 437 1890 donabimus
461 1854 614 1888 oratoris
643 1853 705 1887 illo
733 1864 836 1887 sacro
862 1853 924 1887 n.?
953 1856 1009 1895 12,
1036 1855 1068 1894 1,
1096 1851 1165 1894 243
1189 1849 1399 1895 pervenisse
1423 1850 1471 1883 ad
1492 1848 1638 1892 aliquod

135 1915 173 1937 ιι.
203 1901 339 1949 ingenii
363 1902 399 1944 6,
427 1903 463 1943 2,
491 1901 548 1935 36.
597 1901 716 1934 claros
741 1899 885 1933 nomine
912 1898 1105 1942 sapientiae
1129 1897 1230 1932 viros
1270 1899 1304 1940 1,
1337 1898 1394 1939 10,
1418 1898 1483 1936 12;
1517 1905 1638 1938 neque

135 1961 194 1983 me
218 1953 369 1983 movent
393 1958 428 1981 ιι.
453 1947 514 1981 illa
541 1947 578 1988 9,
605 1949 638 1990 1,
663 1949 719 1980 22.
768 1945 804 1990 y)
832 1947 875 1979 de
907 1947 1090 1978 nominibus
1119 1945 1284 1987 propriis.-
1326 1951 1636 1986 praenomen,

135 2006 325 2036 nomen,
361 2003 619 2039 cognomen
643 1992 789 2035 propria
811 1991 916 2026 liberi
939 1995 975 2033 7,
1003 1993 1039 2032 3,
1073 1993 1132 2025 27.
1187 1987 1371 2024 nominum
1403 1987 1563 2034 origines
1603 1989 1638 2028 1,

136 2041 173 2083 4,
198 2043 252 2075 25.
281 2040 524 2086 etymologiae
552 2038 730 2081 subjicere
754 2049 898 2072 omnem
920 2036 1075 2071 nominis
1103 2046 1248 2070 cansam
1274 2037 1306 2076 1,
1330 2035 1365 2072 6.
1394 2035 1451 2068 38.
1475 2033 1520 2075 Κ,
1546 2042 1638 2076 quae

138 2094 175 2121 et
199 2087 275 2130 ipsa
299 2088 476 2130 quoi-und.
502 2084 687 2119 nominum
711 2091 796 2118 nota
831 2090 886 2118 est
922 2087 954 2126 1,
983 2083 1019 2126 4,
1053 2084 1088 2117 9.
1136 2093 1170 2115 n.
1206 2081 1245 2116 in
1277 2085 1523 2126 argumentum
1554 2087 1638 2112 raro

138 2133 253 2167 cadit:
286 2132 356 2166 nisi
380 2143 462 2166 cum
487 2137 547 2165 aut
570 2142 617 2165 ex
644 2142 752 2164 causa
776 2131 896 2164 datum
922 2135 977 2165 est
999 2145 1046 2152 -—-
1069 2133 1130 2162 aut
1165 2132 1202 2161 et
1231 2126 1348 2170 ipsum
1384 2124 1534 2168 alicujus
1570 2134 1638 2158 co-

137 2178 320 2226 gitationis
344 2179 462 2212 attulit
484 2188 627 2212 causam
653 2178 687 2220 5,
718 2179 774 2218 10,
798 2178 845 2212 30
869 2177 916 2210 Ν,
964 2183 1004 2209 ut
1029 2174 1066 2208 id
1099 2172 1293 2208 memoriae
1325 2170 1510 2222 affigatur,
1540 2170 1638 2222 unde

139 2231 224 2259 eunt
250 2225 396 2259 nomina
427 2227 482 2266 11,
518 2226 553 2266 2,
574 2225 636 2257 31.
687 2224 809 2257 Gallus
845 2234 890 2256 an
926 2227 1135 2268 gentem,
1170 2231 1215 2253 an
1254 2228 1427 2252 nomen
1462 2217 1640 2268 significet

140 2275 176 2313 7,
202 2272 237 2313 9,
264 2274 296 2304 2.
320 2277 497 2304 amatores
525 2269 628 2303 istius
654 2281 691 2303 n.
721 2272 777 2312 12,
803 2271 860 2310 10,
883 2271 940 2302 21.
989 2276 1099 2311 parco
1130 2263 1334 2301 nominibus
1369 2263 1571 2298 viventum
1600 2263 1636 2304 3,

142 2321 175 2359 1,
202 2320 260 2350 21.
309 2318 468 2360 undique
492 2322 728 2362 congerentes
754 2315 901 2349 nomina
930 2314 1164 2358 plurimorum
1197 2313 1385 2355 poetarum
1425 2310 1484 2351 10,
1514 2310 1550 2351 1,
1581 2307 1639 2343 56.

138 2373 271 2396 nomen
299 2362 537 2396 inclamabant
569 2366 619 2397 Co
632 2366 683 2396 el.
709 2361 744 2404 4,
770 2364 805 2402 2,
831 2360 910 2394 124.
958 2359 989 2392 si
1014 2358 1110 2394 aliud
1133 2361 1372 2399 aeceperunt,
1401 2365 1508 2398 cpiam
1542 2353 1641 2398 quod

138 2409 337 2443 habueram
361 2421 396 2443 ιι.
426 2410 462 2449 9,
488 2412 520 2450 1,
545 2410 580 2443 8.
610 2420 643 2440 ιι.
672 2419 722 2442 ex
748 2418 792 2441 eo
822 2405 978 2440 traxisse
1018 2404 1147 2438 dicitur
1176 2401 1478 2453 (stenphi-astus)
1515 2401 1639 2442 10,·1,

140 2455 200 2488 83.
249 2455 495 2488 controversia
519 2454 682 2488 consistit
708 2453 748 2487 in
770 2452 938 2494 nomine,
975 2451 1069 2495 quod
1094 2450 1224 2493 pendet
1248 2460 1298 2483 ex
1322 2453 1457 2491 ccripto
1481 2449 1517 2489 7,
1542 2447 1578 2488 3,
1603 2447 1639 2480 7.

141 2502 486 2544 prosopopoei'ae—
506 2512 596 2543 quae
622 2500 730 2534 certis
765 2498 946 2546 agentium
976 2508 1012 2530 n.
1047 2495 1276 2530 continentur
1298 2497 1333 2536 3,
1366 2494 1404 2536 8,
1437 2494 1483 2528 52
1511 2491 1560 2525 Ν.
1591 2503 1640 2524 cr.

144 2556 236 2590 quae
261 2556 282 2577 a
308 2545 511 2579 nominibus
536 2548 724 2580 trahuntur
747 2546 781 2588 6,
810 2547 845 2587 3,
885 2545 942 2579 55.
991 2543 1064 2577 Sed
1094 2543 1186 2576 haec
1210 2541 1288 2575 ead.
1313 2549 1444 2587 genera
1481 2546 1642 2574 commo-

143 2591 222 2624 dius
248 2590 283 2624 in
310 2592 452 2623 rebus
488 2603 593 2635 quam
630 2592 669 2625 in
703 2590 975 2625 nominibus
1018 2588 1238 2633 respondent
1278 2588 1320 2621 ib.
1368 2583 1433 2625 543
1474 2583 1641 2624 fabellae,

143 2648 237 2681 quae
260 2652 308 2658 -—
331 2636 476 2670 nomine
504 2637 637 2680 Aesopi
660 2637 816 2672 maxime
841 2637 1069 2670 celebrantur
1090 2635 1126 2674 5.
1149 2635 1206 2675 11,
1231 2633 1288 2669 19.
1333 2630 1528 2671 orationes,
1551 2638 1645 2672 quae

144 2682 299 2718 Charisii
323 2681 469 2714 nomine
494 2683 647 2716 eduntur
675 2686 732 2726 10,
759 2685 793 2725 1,
816 2683 874 2718 70.
921 2692 1014 2725 quae
1037 2680 1103 2715 sub
1127 2691 1165 2716 n.
1186 2688 1271 2715 meo
1304 2678 1470 2713 feruntur
1492 2673 1644 2719 (oratio-

143 2730 226 2773 nes)
254 2731 292 2770 7,
314 2729 350 2770 2,
375 2726 432 2760 24.
459 2726 503 2767 cf.
532 2729 590 2761 Pr.
614 2732 648 2765 7.
673 2741 707 2762 v.
734 2725 1087 2762 Autonomasia.
1248 2756 1251 2759 .
1579 2763 1588 2770 ,
1647 2758 1654 2761 s

236 2772 304 2818 111)
329 2785 410 2820 para
432 2775 609 2807 orationis.-
645 2779 789 2809 veteres
813 2773 958 2808 verba
981 2773 1090 2806 modo
1113 2775 1149 2804 et
1176 2767 1364 2810 nomina
1386 2772 1423 2801 et
1445 2773 1642 2802 conrin-
