1728 3002
141 253 222 292 830
694 246 797 288 Sido
827 271 882 279 ·—
913 247 1118 304 Significo

144 351 263 392 Sldo-
308 374 341 396 v.
368 361 543 406 Cymba-

144 419 285 460 Sidus·
329 429 367 463 in
390 431 493 465 sole
516 430 632 464 sidera
655 429 731 475 ipsa
759 430 925 465 desinunt
948 430 1047 465 cerni
1069 432 1114 475 8,
1136 431 1181 475 5,
1202 428 1262 468 29.
1300 431 1448 468 Solem
1480 433 1671 470 Lunum-

192 488 261 521 que
284 476 475 521 praecipua
498 477 699 511 siderum
722 479 757 518 2,
785 478 842 519 16,
864 478 907 520 63
949 477 1057 511 Genii.
1071 492 1081 511 .-
1110 477 1264 512 siderum
1287 491 1410 514 cursus
1434 487 1670 526 numerusque

188 532 410 602 cogngigcere
433 526 497 566 12,
526 526 592 567 11,
619 525 674 557 10.
700 523 745 564 ej.
771 526 810 566 1,
836 525 898 567 10,
921 521 978 558 46.
1003 535 1033 557 s.
1059 524 1150 558 ratio
1175 527 1216 564 1.
1238 523 1283 569 4,
1308 524 1343 560 4.
1373 537 1403 560 s.
1426 526 1617 563 intervalla
1634 530 1672 570 2,

190 572 250 610 17,
325 593 331 600 .
402 583 404 586 .

143 613 359 669 Signator-
404 624 433 657 si
452 642 496 649 ·-
519 624 645 669 aliquis
668 624 826 671 signator
853 623 981 659 dicitur
1004 626 1160 661 abt'uisse
1183 627 1215 669 5,
1238 629 1272 670 5,
1296 630 1331 662 2.
1354 627 1385 662 si
1409 628 1546 664 dicatur
1566 628 1671 676 sign..

187 670 249 715 qui
285 676 366 704 ante
399 671 596 704 tabularum
631 671 726 705 diem
758 671 910 705 decessit
937 673 980 714 5,
1006 674 1071 714 10,
1095 672 1152 707 44.
1185 673 1303 708 minus
1329 674 1508 709 obstitisse
1528 673 1671 710 videtur

187 717 304 762 pudor
329 716 422 750 inter
446 728 580 761 paucos
601 717 691 763 sign.
717 719 751 759 5,
775 721 811 760 7,
831 720 862 751 1.
889 717 918 751 si
942 719 1257 762 reprehensionem
1278 730 1353 754 non
1377 722 1469 764 capit
1490 721 1567 765 ipsa
1589 732 1670 765 per—

190 774 279 797 sona
309 761 460 806 (iestis),
492 762 663 797 infamare
695 763 890 810 signatores
931 764 1015 798 licet
1050 767 1092 799 ib.
1121 776 1166 799 ne
1204 766 1442 812 signatorum,
1479 778 1526 800 ne
1555 766 1671 812 ipsius

189 811 270 852 (Sp.
296 808 387 854 sign.
416 809 459 842 ab
486 807 589 854 ipsis)
612 809 803 844 discrimen
831 810 1019 854 objiciatur
1041 811 1109 845 sibi
1132 812 1166 852 6,
1191 814 1223 852 1,
1251 814 1298 846 20
1314 815 1357 846 Z.
1382 825 1416 847 v.
1439 812 1596 858 script
1607 823 1667 848 or.

145 852 458 911 Significanter.
510 867 553 906 a}
575 865 692 913 sign.
717 873 963 911 ornateque
984 868 1127 902 dicendi
1152 871 1184 910 1,
1201 871 1238 911 7,
1255 870 1312 902 32.
1335 878 1409 902 non
1431 878 1555 912 parum
1577 868 1670 915 sign.

187 915 275 957 (Sp.
301 910 555 958 significantes)
582 912 685 946 etiam
716 912 778 947 illa
799 931 843 937 —
869 911 950 957 ἤθη
976 915 1171 948 dixerimus
1195 915 1242 956 6,
1270 919 1313 956 2,
1343 917 1386 948 17
1407 918 1451 948 Ζ.
1478 916 1671 959 proprie

191 965 226 993 et
250 958 364 1003 sign.
394 968 472 991 rein
504 957 662 992 indicare
687 961 754 1002 12,
780 961 847 1002 10,
875 961 931 994 52.
966 960 1184 995 breviter
1218 971 1260 994 ac
1291 959 1405 1006 sign.
1431 960 1671 1004 ordinem-rei

189 1004 378 1049 protulisse
407 1006 472 1046 11,
496 1007 512 1037 1
529 1029 539 1044 ,
563 1006 619 1039 53.
656 1015 737 1038 cum
768 1007 892 1042 verbo
909 1005 1004 1040 idem
1030 1007 1182 1040 verbum
1208 1007 1315 1050 plns
1346 1006 1463 1053 sign.
1491 1006 1671 1051 (sort-'si-

189 1051 359 1096 gnificans
376 1049 437 1092 Z.)
461 1050 683 1096 subjungitur
701 1052 736 1093 9,
758 1053 792 1092 3,
808 1053 865 1086 67.
912 1050 954 1098 β)
982 1055 1192 1096 comparat..-
1217 1052 1405 1096 disponere
1428 1050 1672 1100 paulo’slgni-

188 1096 350 1130 ficantius
377 1097 418 1137 3,
444 1095 484 1139 6,
507 1096 553 1131 65
573 1098 620 1131 Ν.
645 1108 789 1130 narrare
815 1097 906 1144 sign.
935 1101 996 1141 10,
1026 1101 1064 1141 1,
1089 1097 1134 1134 49
1153 1099 1199 1132 N.
1225 1110 1257 1132 v.
1282 1099 1463 1140 Naum,

144 1140 452 1198 Significanfia·
498 1158 595 1186 tanta
620 1152 658 1186 in
682 1154 842 1198 quibusd.
869 1166 917 1189 ex
939 1154 1099 1199 periculo
1122 1153 1242 1200 petitis
1267 1153 1358 1202 sign.
1384 1157 1448 1205 10,
1473 1156 1518 1199 1,
1543 1157 1624 1189 121.

144 1207 425 1265 significatio.
467 1222 508 1262 α)
535 1220 619 1262 (fig.
646 1233 704 1264 ap.
729 1220 830 1265 Cic.)
853 1223 888 1264 9,
916 1225 948 1266 1,
972 1226 1028 1258 27.
1053 1234 1127 1257 non
1151 1221 1539 1270 significationes
1561 1222 1669 1257 modo

189 1267 252 1300 sed
278 1267 454 1298 formas
482 1265 587 1299 etiam
610 1277 934 1312 mensurasque
958 1271 1203 1303 verborum
1225 1271 1280 1311 10,
1310 1271 1344 1312 1,
1368 1270 1424 1303 10.
1447 1266 1496 1302 ita
1518 1272 1558 1300 ut
1580 1267 1669 1301 nihil

188 1309 472 1358 significationis,
507 1322 576 1355 quo
607 1312 724 1354 potius
756 1313 888 1355 utaris,
918 1313 1057 1348 intersit
1087 1317 1131 1348 ib.
1158 1317 1213 1348 11.
1238 1315 1363 1359 qnosd.
1393 1311 1536 1357 (tropos)
1557 1312 1670 1360 gratia

190 1355 477 1404 significationiS,
502 1359 671 1400 quosdam
695 1358 876 1392 decoris
901 1359 1032 1393 assumi
1058 1361 1100 1402 8,
1125 1361 1170 1401 6,
1194 1363 1228 1392 2.
1258 1372 1292 1393 v.
1316 1361 1483 1394 Decor.
1507 1359 1668 1404 ignarum

189 1404 278 1451 sign.
305 1413 424 1436 earum
452 1402 495 1445 8,
523 1405 564 1443 2,
588 1404 644 1436 13.
678 1402 777 1446 prior
800 1403 940 1447 (ratio)
964 1404 1141 1438 desiderat
1164 1404 1262 1449 illam
1297 1406 1374 1448 plus
1398 1415 1503 1448 quam
1531 1403 1667 1438 dixeris

190 1450 328 1495 sign„
354 1447 392 1481 id
415 1452 468 1481 est
491 1445 708 1491 ἔμφασιν.
734 1452 768 1491 9,
791 1451 826 1490 2,
848 1452 882 1484 3.
913 1451 1026 1484 secuti
1050 1451 1141 1484 hanc
1163 1449 1367 1484 mutationis
1391 1451 1481 1497 sign.
1499 1452 1536 1490 3,
1551 1451 1586 1491 6,
1606 1451 1667 1484 48.

189 1501 270 1530 sunt
297 1493 425 1538 quaed.
453 1493 546 1526 circa
568 1493 923 1537 proprietatem
956 1495 1444 1542 significationemque
1472 1495 1667 1531 munditiae

188 1544 230 1584 8,
258 1542 299 1582 3,
327 1541 384 1574 87.
416 1538 478 1572 ubi
503 1538 591 1572 nihil
614 1550 662 1572 ex
684 1539 941 1584 significatione
962 1547 1133 1575 mutatum
1157 1547 1209 1576 est
1232 1542 1275 1584 8,
1298 1542 1341 1584 6,
1365 1541 1431 1584 673
1467 1541 1667 1576 obscenitas

186 1598 262 1621 non
286 1597 306 1619 a
329 1584 495 1620 verbis
526 1589 660 1618 tantum
693 1586 818 1619 abesse
850 1587 976 1630 debet,
1010 1588 1074 1622 sed
1108 1587 1214 1622 etiam
1249 1598 1269 1620 a
1294 1586 1669 1633 significatione

186 1635 228 1676 6,
251 1634 294 1674 3,
319 1632 363 1666 29
386 1631 430 1664 N.
487 1628 529 1674 ῤ’)
553 1643 582 1663 c.
609 1634 753 1665 Attrib.:
788 1632 856 1665 alia
879 1633 1018 1678 integro
1039 1634 1187 1670 verbo
1210 1632 1329 1679 signis.
1354 1638 1423 1670 est.
1455 1633 1524 1667 alia
1547 1632 1669 1668 diviso

184 1681 228 1722 7,
252 1680 295 1721 9,
321 1676 353 1711 4.
388 1676 499 1719 ejusd.
534 1676 674 1710 verbi
697 1679 875 1712 contraria
899 1678 989 1725 sign.
1013 1680 1059 1720 9,
1082 1681 1123 1722 3,
1147 1679 1204 1714 68.
1238 1690 1383 1714 voces
1410 1678 1449 1713 in
1476 1678 1588 1724 sign.
1613 1678 1668 1712 di-

185 1735 292 1760 versa
314 1727 494 1767 ponuntur
517 1724 562 1756 ib.
586 1722 642 1757 69.
671 1723 725 1757 rei
762 1725 896 1768 duplex
925 1726 1014 1772 sign.
1040 1725 1081 1768 5,
1106 1727 1170 1766 10,
1194 1723 1253 1758 42.
1300 1725 1365 1758 Est
1395 1726 1509 1758 latens
1544 1729 1580 1758 et
1605 1723 1667 1758 illa

186 1771 296 1817 sign.,
325 1780 394 1813 qua
415 1785 459 1792 —
484 1768 520 1801 fit
543 1767 658 1812 aliqua
681 1780 762 1813 spes
786 1771 994 1805 clementiae
1016 1789 1061 1796 —
1085 1781 1151 1814 per
1172 1771 1300 1815 quand.
1323 1770 1528 1806 credibilem
1548 1770 1668 1815 suspi-

188 1817 328 1851 cionem
341 1817 375 1858 9,
391 1817 426 1857 2,
446 1814 504 1849 90.
530 1824 680 1848 serino
707 1826 726 1848 a
744 1816 894 1850 naturali
917 1823 952 1851 et
974 1815 1160 1861 principali
1184 1817 1301 1864 sign.
1321 1817 1508 1850 translatus
1521 1816 1558 1860 9,
1577 1810 1679 1860 1,'4.'

144 1860 364 1918 Significo.
397 1869 435 1913 a)
457 1872 667 1914 simpliciter:
693 1872 810 1906 omnis
827 1873 941 1907 oratio
958 1878 1096 1907 constat
1109 1878 1169 1906 aut
1190 1884 1237 1907 ex
1260 1872 1317 1915 iis,
1343 1884 1456 1917 quae
1478 1871 1668 1920 signifi-
1706 1876 1712 1883 “

188 1925 371 1959 cantur,
400 1921 459 1949 ant
483 1927 528 1949 ex
545 1915 610 1958 iis,
635 1928 746 1960 quae
770 1918 1052 1965 significant,
1074 1918 1111 1952 id
1136 1924 1208 1960 est,
1230 1919 1369 1952 rebus
1396 1924 1434 1952 et
1453 1917 1610 1954 verbis
1629 1921 1664 1961 3,

186 1968 219 2007 5,
239 1967 271 1998 1.
300 1964 467 2006 Superest
480 1973 527 1995 ex
541 1962 611 2004 his,
633 1974 723 2006 quae
738 1964 840 1998 aliter
857 1965 1063 2011 significant,
1083 1960 1334 2008 μετάληψιςὸ,
1350 1965 1385 2006 6,
1402 1965 1448 1998 37
1459 1965 1505 1998 Ν.
1518 1971 1564 1997 an
1579 1966 1666 1998 satis
1726 1975 1728 1979 ·

184 2010 381 2057 significent
401 2008 536 2051 (verba)
553 2010 588 2050 2,
609 2008 644 2050 4,
667 2011 724 2043 37.
747 2010 831 2044 satis
855 2009 1150 2057 significari,
1172 2010 1201 2043 si
1215 2010 1302 2042 illud
1318 2011 1494 2056 generale,
1514 2015 1666 2053 tempus,

184 2058 257 2091 hoc
273 2054 440 2099 speciale,
459 2059 619 2097 tempora
636 2065 689 2088 vo
701 2066 719 2087 c
730 2067 803 2089 are
814 2062 860 2090 nt
879 2059 912 2099 5,
927 2055 1045 2099 10,-13,
1066 2061 1105 2088 ut
1117 2055 1192 2098 ipse
1205 2056 1358 2099 quodam
1369 2057 1453 2089 loco
1464 2055 1664 2090 Simonides

185 2101 382 2148 significare
406 2099 550 2134 videtur
569 2102 623 2141 11,
643 2102 678 2142 2,
698 2100 751 2134 14.
776 2107 814 2135 ut
838 2113 944 2146 snpra
968 2101 1163 2148 significavi
1185 2102 1221 2143 3,
1246 2102 1279 2142 6,
1301 2103 1356 2135 52.
1381 2101 1426 2142 cf.
1448 2103 1483 2143 7,
1506 2105 1538 2143 1,
1564 2103 1600 2144 13
1615 2101 1665 2135 'in

184 2148 266 2182 iisd.
294 2148 372 2180 fere
399 2144 548 2188 (tropis),
574 2145 632 2189 qui
661 2145 878 2192 significandi
906 2148 1016 2194 gratia
1037 2147 1268 2187 adhibentur,
1294 2157 1372 2181 esse
1396 2153 1431 2180 et
1445 2152 1609 2181 ornatum
1627 2148 1663 2189 8,

183 2195 221 2237 6,
244 2195 277 2227 3.
300 2194 438 2236 lapsum
461 2201 606 2232 errore,
632 2190 850 2236 significandi
878 2194 987 2238 gratia
1011 2193 1157 2227 dicimus
1180 2195 1222 2226 ib.
1243 2196 1276 2227 7.
1301 2193 1497 2236 proprietas
1520 2202 1593 2226 non
1618 2193 1664 2226 ad

184 2249 315 2273 nomen
333 2238 394 2271 sed
415 2237 459 2270 ad
482 2237 556 2270 vim
580 2237 798 2281 significandi
825 2241 980 2273 refertur
1002 2239 1037 2281 8,
1064 2242 1098 2280 2,
1123 2239 1156 2272 6.
1201 2237 1245 2282 β)
1269 2250 1296 2270 c.
1325 2238 1421 2280 Obj..·
1446 2244 1524 2271 c'um
1541 2243 1662 2284 gestus

181 2290 368 2328 motusque
402 2282 575 2329 significet
609 2283 739 2326 aliquid
773 2287 836 2327 11,
870 2287 912 2327 3,
946 2286 979 2319 9.
1019 2285 1144 2328 (maed.
1175 2287 1250 2316 tota
1283 2283 1594 2316 narrabimus
1617 2301 1662 2306 —
1718 2322 1721 2325 ,

183 2331 309 2373 quaed.
335 2328 621 2373 significare
644 2328 728 2361 satis
749 2329 815 2363 erit
839 2331 879 2372 5,
910 2333 971 2372 11,
997 2332 1051 2364 16.
1082 2331 1251 2373 pleraque
1274 2329 1562 2374 significare
1582 2339 1660 2362 me-
1710 2325 1722 2340 ”

182 2377 251 2410 lius
283 2380 443 2419 putamus
478 2384 581 2417 quam
616 2373 776 2408 dicere
810 2376 850 2418 8,
873 2376 931 2409 Pr.
957 2374 1004 2408 24
1035 2388 1068 2408 v.
1090 2375 1223 2409 Dico.
1264 2374 1491 2408 Ostendo.
1534 2375 1658 2417 verba,
1711 2407 1716 2420 ‚

183 2432 273 2465 quae
298 2422 375 2464 plus
406 2417 724 2466 significant,
757 2431 860 2464 quam
888 2422 1173 2465 eloquuntur
1205 2421 1248 2463 8,
1280 2423 1322 2459 2,
1355 2423 1409 2455 11.
1443 2430 1534 2465 quae
1561 2418 1658 2454 idem

184 2466 470 2512 significent
503 2470 574 2508 atq.
597 2464 691 2498 idem
716 2467 915 2501 valeant
941 2469 982 2506 9.
1006 2466 1049 2510 4,
1073 2468 1129 2501 58.
1164 2465 1209 2507 cs.
1233 2467 1346 2508 8,.3,
1374 2466 1430 2500 16.
1454 2467 1500 2508 8,
1526 2466 1570 2506 6,
1595 2465 1656 2499 36.

181 2523 259 2544 cnm
282 2513 376 2544 idem
400 2512 596 2554 appositum
620 2521 685 2553 per
707 2522 746 2545 se
770 2511 942 2559 significat
964 2513 1009 2555 8,
1033 2513 1074 2554 6,
1098 2512 1143 2546 43
1169 2524 1201 2545 v.
1221 2513 1436 2545 Necesse.
1463 2509 1657 2545 sententia-

179 2568 258 2589 rum
280 2556 374 2589 idem
399 2554 668 2601 significantium
695 2558 737 2599 8,
760 2557 805 2599 4,
832 2559 889 2593 26.
924 2558 1107 2592 nominum
1135 2557 1231 2591 idem
1260 2556 1527 2604 significantium
1553 2557 1596 2597 9,
1621 2558 1656 2598 3,

177 2601 235 2636 45.
261 2602 372 2634 verba
396 2602 487 2634 idem
512 2601 741 2648 significantia
765 2606 807 2636 ib.
834 2603 879 2644 cs.
907 2606 950 2646 8,
979 2606 1020 2646 3,
1044 2605 1101 2638 43.
1134 2609 1170 2637 et
1193 2603 1286 2636 idem
1314 2608 1350 2636 et
1376 2602 1515 2636 diversa
1546 2599 1656 2646 signi-
1711 2632 1713 2634 ,

177 2646 317 2680 ficantia
344 2647 387 2687 9,
413 2648 455 2688 3,
480 2645 538 2681 49.
573 2657 641 2680 nec
670 2649 770 2690 plura
793 2652 900 2683 modo
931 2649 1122 2695 significari
1149 2650 1266 2683 solent
1292 2649 1355 2681 sed
1384 2647 1487 2681 etiam
1512 2645 1654 2680 diversa
1704 2671 1708 2675 -

179 2691 237 2734 (in
265 2689 493 2732 ambiguitate)
518 2693 564 2733 6,
590 2694 634 2735 3,
660 2695 715 2727 50.
745 2693 790 2734 cs.
816 2697 854 2736 5,
882 2697 943 2738 10,
967 2698 1001 2730 9.
1029 2698 1072 2738 7,
1095 2696 1138 2736 9,
1163 2697 1196 2728 1.
1228 2694 1397 2737 pleraque
1428 2691 1532 2725 etiam
1563 2690 1653 2725 citra

176 2736 287 2771 verba
310 2735 481 2781 significat
505 2735 602 2778 (vox)
629 2741 689 2778 11,
714 2740 757 2780 3,
781 2740 837 2774 65.
865 2741 1000 2774 medius
1025 2740 1119 2784 quid.
1143 2740 1291 2784 gradus,
1322 2737 1410 2771 nibil
1435 2737 1511 2781 ipse
1539 2736 1653 2782 signi-
1699 2767 1708 2781 ι

174 2783 282 2817 ficans
315 2781 376 2814 sed
408 2781 580 2823 praebens
618 2783 799 2817 transitum
832 2787 876 2827 8,
913 2787 954 2827 6,
985 2787 1050 2827 383
1102 2795 1180 2819 cum
1215 2782 1311 2826 prius
1341 2785 1438 2815 dum
1477 2782 1652 2829 significet
1704 2792 1708 2796 ’

174 2828 345 2874 quoad,
377 2836 529 2870 sequens
562 2838 702 2872 usque
724 2841 769 2864 eo
793 2832 838 2873 9,
863 2832 904 2876 3,
930 2831 983 2866 16.
1018 2841 1109 2875 quae
1126 2828 1303 2864 feminina
1331 2828 1511 2874 positione
1533 2839 1651 2864 mares
1694 2807 1707 2863 i
