1728 3002
726 127 774 169 Si
1433 126 1511 168 831

27 246 239 283 daddernbo
263 248 300 289 7,
326 248 362 290 2,
386 245 442 280 55.
477 242 526 279 si
549 243 736 289 quando
762 247 921 276 tamen
944 241 994 274 ila
1018 239 1192 274 resederit
1212 250 1384 284 praesens
1406 240 1517 285 impe-

27 299 86 328 tun
110 293 149 337 6,
174 294 234 327 Pr-
254 291 310 327 14.
346 290 394 334 tf.
423 292 457 333 5,
483 291 540 334 14,
564 291 619 324 31.
644 292 702 332 11,
726 291 760 330 2,
787 289 846 324 39.
874 290 932 330 12,
955 289 990 329 1,
1014 289 1072 320 12.
1124 286 1177 331 β)
1201 289 1440 330 praecedente.-
1465 297 1517 321 nc

27 339 67 374 ssi
88 350 199 374 unum
223 337 270 372 sit
297 348 348 372 ex
369 338 507 372 duobus
531 336 751 383 eligendum,
777 345 883 368 cansa
905 332 1024 377 potius
1046 333 1197 366 audetur
1218 343 1324 377 quam
1347 339 1519 377 patronus

31 389 88 428 12,
111 385 147 428 9,
170 385 194 419 6
216 385 264 418 Ν.
285 397 332 418 cr.
356 383 404 427 ff.
429 386 493 426 10,
518 385 553 426 1,
578 383 637 417 62.
678 380 736 415 At
763 380 807 416 si
828 379 1036 422 scierimus,
1057 378 1121 412 ubi
1145 380 1317 423 quodque
1341 385 1519 422 nascatur,

30 442 132 466 cum
167 431 212 465 ad
235 431 354 464 locum
376 435 532 465 *ventum
561 428 649 469 erit,
679 427 805 470 facile,
839 426 935 471 quod
959 425 998 458 in
1021 435 1066 459 eo
1090 430 1168 467 est,
1190 425 1455 470 pervidebimus
1483 426 1519 468 5,

31 479 98 520 10,
121 479 180 511 22.
213 489 247 510 v.
270 475 338 510 At.
372 475 514 519 Atqui
537 474 576 508 si
599 473 691 508 nihil
711 475 845 515 refert,
869 471 989 506 brevis
1015 482 1061 505 au
1082 472 1191 518 longa
1213 471 1259 505 sit
1276 471 1404 515 ,ultima
1425 473 1459 511 9,
1482 471 1518 515 4,

29 522 89 559 94.
116 521 298 567 alioqui
324 521 361 556 si
389 521 517 564 inscite
540 519 706 564 (spiritus)
727 519 918 564 recipiatur
947 521 1002 560 11,
1028 519 1064 559 3,
1092 518 1150 552 39.
1193 516 1336 563 Quid?
1374 517 1414 552 si
1440 518 1519 562 ple-

31 579 182 612 rumque
218 567 365 610 accidit,
396 573 435 601 ut
457 567 620 602 faciliora
644 566 718 600 sint
743 567 788 600 ad
811 564 1082 611 intelligendum
1106 571 1191 606 eta,
1228 575 1319 608 quae
1345 575 1366 597 a
1389 563 1521 597 doctis-

34 615 126 649 simo
153 625 296 659 quoque
323 614 488 648 dicuntur
510 615 553 655 2,
577 614 618 654 3,
646 614 682 647 8.
715 618 763 646 ut
793 612 830 646 si
857 613 950 656 apud
982 610 1287 644 Lacedaemonios
1316 620 1520 655 quaera-

33 666 130 704 tur,
159 660 221 694 An
242 659 395 695 Athenis
414 659 505 694 muri
531 659 616 693 fiant
637 662 671 699 7,
693 662 737 701 2,
763 657 798 692 4.
824 657 871 700 cs.
896 661 931 700 7,
954 659 998 699 3,
1024 658 1058 691 3.
1088 659 1145 699 11,
1169 658 1213 698 2,
1240 658 1298 691 23.
1333 668 1367 690 v.
1393 657 1457 690 Ut.
1481 661 1522 689 ut

31 705 189 751 quidque
221 707 416 749 succurrit,
443 705 606 750 utique
638 705 679 739 si
711 704 828 749 aliqua
863 702 1038 738 sententia
1070 702 1373 747 blandiatur,
1411 712 1521 737 exor-

31 753 130 787 dium
151 751 306 797 (putant)
326 751 370 796 4,
397 756 439 796 1,
464 754 522 787 53.
557 749 602 793 cf.
626 754 689 794 11,
710 753 756 794 3,
785 752 862 784 132.
887 750 966 785 155.
991 761 1023 784 ο.
1041 748 1151 783 Nisi.

15 819 19 828 ²
79 819 150 864 IV)
183 820 255 863 adj.
279 821 405 862 Negat.
430 819 471 852 ld
496 829 651 863 quoque,
686 819 806 862 quod
829 823 969 852 secreto
1003 825 1066 851 etc.
1097 816 1227 851 dicitur
1251 817 1411 859 factum,
1437 815 1522 850 satis

34 872 160 900 natura
173 877 238 900 sua
252 865 428 899 infirmum
449 872 514 907 est,
535 865 628 908 item,
644 863 684 898 si
701 865 744 897 ad
761 875 900 898 causam
918 874 990 898 non
1009 863 1163 907 pertinet
1176 865 1209 906 5,
1232 865 1288 903 13.
1307 863 1407 900 16Ν.
1428 863 1472 904 cs.
1487 865 1523 905 5,

34 915 70 955 7,
94 915 127 945 t.
151 917 190 945 ut
209 923 327 956 poena
343 912 417 945 filio
438 911 474 944 in
497 912 577 945 eod.
594 916 707 954 patre,
737 915 772 943 et
797 910 834 944 si
857 909 1006 947 affuerit,
1031 915 1067 943 et
1087 909 1127 943 si
1150 919 1238 943 nou
1258 909 1409 951 affuerit,
1435 919 1526 943 con-

35 957 154 991 stituta
178 957 222 991 sit
242 961 277 1000 7,
301 962 333 999 1,
359 958 415 992 57.
443 957 634 1000 praecedat
658 956 752 990 enim
775 960 917 1000 semper
940 955 1072 999 aliquid
1096 967 1245 989 necesse
1270 960 1343 996 est,
1367 960 1406 988 ut
1425 973 1467 979 —
1487 955 1525 987 in

0 1010 2 1012 ’
35 1005 196 1046 theatro,
221 1013 296 1037 non
320 1002 457 1037 inutilis
480 1003 640 1036 laborum
663 1001 846 1044 remissio,
875 1001 1048 1035 deformis
1074 1007 1111 1035 et
1134 1001 1361 1035 incommoda
1389 1001 1526 1043 turbae,

0 1050 2 1052 ’
36 1049 78 1084 si
100 1049 139 1083 id
161 1059 255 1082 non
277 1049 335 1091 sit,
363 1048 580 1083 conflictatio
604 1050 638 1091 3,
662 1049 698 1090 8,
723 1049 770 1084 29
787 1048 835 1082 Ν.
857 1061 902 1082 cr.
927 1047 968 1081 si
991 1047 1164 1081 memoria
1187 1047 1408 1094 suffragatur,
1434 1052 1526 1080 tem-

34 1107 101 1140 pus
123 1105 180 1129 no
194 1106 219 1128 n
242 1094 356 1130 defuit
379 1098 436 1137 11,
458 1097 493 1136 2,
517 1093 590 1136 45;
626 1094 755 1128 amisso
778 1105 906 1137 nuper,
931 1093 967 1127 si
991 1104 1086 1127 non
1108 1092 1287 1138 praesidio
1314 1093 1408 1127 inter
1430 1091 1527 1137 peri-

36 1142 138 1184 cula,
161 1146 281 1176 tamen
309 1141 437 1176 solatio
461 1139 555 1175 inter
579 1140 730 1175 adversa
754 1140 798 1183 9,
825 1141 864 1182 3,
888 1140 946 1175 ’9.
982 1139 1099 1173 statim
1124 1139 1161 1173 si
1186 1150 1277 1174 non
1302 1145 1528 1174 succurratur

36 1187 203 1232 perituris
222 1189 278 1231 10,
301 1189 337 1230 7,
361 1190 396 1220 2.
423 1187 572 1220 cludit
595 1186 891 1230 amphibrachys,
915 1185 954 1220 si
980 1196 1071 1220 non
1095 1196 1177 1220 eum
1202 1187 1527 1226 malumusesse

35 1232 224 1268 bacchium
238 1234 275 1276 9,
293 1231 330 1276 4,
348 1232 428 1268 105.
453 1243 520 1266 nos
545 1238 663 1267 tamen
687 1243 789 1266 sacra
809 1232 991 1266 literarum
1014 1233 1175 1266 colentes
1197 1232 1353 1276 feras,
1377 1231 1417 1266 si
1441 1242 1528 1266 non

35 1278 184 1318 tacitum
207 1279 279 1313 hoc
299 1278 613 1324 praeterimus
643 1280 706 1321 10,
731 1280 773 1321 1,
796 1279 854 1314 92.
879 1278 976 1312 erit
1003 1283 1142 1320 autem,
1171 1277 1212 1311 si
1238 1289 1328 1312 non
1352 1279 1396 1312 ab
1423 1277 1527 1313 initio

33 1316 179 1363 sennem
202 1323 349 1362 ninnium
370 1324 537 1358 laminam
563 1323 830 1369 duxerimus
854 1327 891 1367 2,
911 1323 946 1366 4,
962 1326 997 1358 7.
1025 1323 1071 1366 ‹J-
1099 1326 1154 1365 10,
1175 1325 1210 1366 3,
1228 1326 1284 1359 15.
1312 1327 1369 1368 12,
1389 1327 1447 1368 10,
1467 1325 1527 1360 46.

0 1407 6 1418 .
34 1381 109 1405 non
133 1375 271 1406 erunt
291 1372 411 1405 autem
433 1370 628 1414 (figurae),
663 1370 701 1404 si
729 1380 824 1404 non
850 1382 897 1404 ex
921 1369 1044 1406 verbis
1067 1370 1184 1404 dubiis
1206 1390 1253 1396 —
1283 1371 1529 1405 ducentur

0 1423 5 1426 '
35 1418 130 1461 9‚-2,
153 1417 210 1453 69.
236 1415 280 1458 «J.
305 1419 363 1459 12,
387 1419 422 1459 5,
444 1417 479 1451 4.
503 1422 577 1451 est
600 1417 638 1450 in
661 1427 765 1451 exem
791 1416 836 1451 lis
860 1417 1055 1462 allegoria,
1084 1416 1124 1450 si
1147 1427 1240 1450 non
1265 1418 1446 1461 praedicta
1468 1428 1530 1451 ra-

0 1461 14 1497 ”,
35 1462 136 1497 tione
157 1468 391 1508 ponantur
411 1463 454 1506 8,
478 1463 522 1506 6,
546 1463 602 1497 52.
627 1461 672 1505 cs.
699 1466 734 1506 1,
781 1488 792 1505 ,
820 1466 876 1497 11.
901 1463 1061 1496 ediscere
1083 1463 1190 1497 tacite
1215 1469 1319 1497 erat
1343 1463 1530 1516 optimum,

0 1506 12 1559 ,ι’
38 1508 78 1543 si
101 1519 190 1543 non
213 1507 427 1542 subirent
449 1510 550 1543 velut
573 1508 729 1542 otiosum
751 1507 908 1542 animum
935 1509 1146 1552 plerumque
1177 1508 1267 1543 aliae
1291 1509 1529 1555 cogitationes

9 1555 16 1560 '
38 1557 97 1595 11,
119 1557 156 1595 2,
185 1555 242 1589 33.
266 1564 348 1587 cum
370 1564 416 1588 eo
439 1555 559 1598 quod,
583 1553 623 1587 si
646 1564 742 1588 non
764 1555 808 1586 ad
831 1555 1009 1588 luxuriam
1033 1565 1075 1586 ac
1097 1554 1281 1587 libidinem
1308 1555 1530 1598 referas,

0 1600 3 1601 ⁷
38 1599 118 1636 ead.
142 1597 361 1643 speciosiora
383 1609 526 1642 quoque
553 1598 669 1641 siut,
693 1610 786 1643 quae
806 1598 1015 1633 honestiora
1034 1602 1096 1641 12,
1119 1602 1181 1640 10,
1201 1598 1271 1642 47;
1298 1599 1358 1634 hic
1382 1601 1529 1635 omnino

3 1649 6 1653 “
37 1644 96 1680 v³is
118 1643 355 1686 inventionis,
381 1643 418 1677 si
442 1654 532 1678 non
552 1644 687 1687 minor,
712 1650 844 1678 certe
867 1643 967 1688 prior
992 1645 1033 1686 5,
1060 1647 1124 1685 10,
1154 1646 1234 1680 109.
1263 1644 1371 1689 0116,
1394 1647 1452 1682 Pr.
1472 1649 1526 1682 13.

39 1700 192 1736 quorum
215 1689 394 1735 cognitio,
422 1689 464 1723 si
490 1700 584 1723 non
611 1701 774 1736 magnam
799 1688 986 1725 utilitatem
1010 1689 1155 1734 afferet,
1179 1696 1222 1724 at
1246 1697 1397 1733 certe,
1433 1695 1531 1737 quod

38 1736 151 1784 magis
170 1735 342 1781 petimus,
366 1736 498 1768 bonam
520 1737 739 1770 voluntatem
764 1736 800 1779 6,
826 1737 883 1770 Pr.
905 1735 939 1770 4.
970 1735 1014 1777 cs:
1042 1737 1100 1769 Pr.
1119 1739 1154 1769 2.
1182 1740 1214 1779 1,
1242 1739 1275 1780 1,
1303 1741 1360 1772 11.
1386 1742 1443 1782 12,
1471 1742 1530 1783 11,

41 1784 98 1816 31.
125 1794 159 1816 v.
182 1783 303 1824 Non3
344 1781 439 1827 Quin
473 1780 579 1815 etiam
604 1781 641 1815 si
662 1781 811 1815 minus
834 1793 937 1827 pares
966 1780 1183 1817 videbuntur
1213 1781 1437 1828 (orationes),
1463 1785 1532 1819 ali-

41 1838 132 1872 quae
154 1833 309 1861 tamen
333 1828 377 1860 ad
402 1828 690 1873 cognoscendam
709 1827 822 1861 litium
844 1828 1087 1873 quaestionem
1110 1834 1210 1863 recte
1233 1830 1530 1874 requirentia-jo,

43 1877 61 1908 1
77 1899 89 1917 ‚
112 1875 169 1908 23.
188 1885 227 1914 c.
244 1874 432 1907 Tamen.
470 1883 543 1907 non
568 1873 749 1916 timuisse,
783 1873 824 1908 si
845 1874 989 1910 minus
1021 1874 1098 1910 vim
1128 1876 1278 1910 deorum
1300 1894 1345 1900 —
1370 1882 1404 1910 at
1431 1876 1530 1911 illam

43 1920 158 1966 ipsam
182 1924 325 1953 noctem
350 1926 412 1952 etc.
443 1921 532 1953 Cic.
555 1919 592 1962 4,
620 1922 656 1963 2,
684 1921 762 1955 105.

85 1985 139 2029 V)
163 1987 333 2029 repetitur.
355 1985 398 2026 α)
420 1985 538 2020 Utitur
558 1986 725 2028 fictione,
749 1987 788 2021 si
809 1986 934 2030 miles,
959 1987 999 2021 si
1017 1987 1135 2022 infans
1158 1988 1221 2031 sit,
1246 1988 1287 2023 si
1310 1988 1400 2033 reip.
1423 2001 1530 2025 causa

7 2055 18 2060 v
41 2031 132 2066 absit
155 2033 189 2074 5,
216 2033 270 2074 10,
293 2032 351 2067 97.
378 2032 467 2066 Nam
495 2031 535 2065 si
562 2033 680 2077 aliqua
702 2034 968 2077 commisisset,
991 2034 1033 2067 si
1055 2040 1191 2078 partem
1221 2045 1309 2068 non
1337 2035 1530 2080 concupis—

11 2099 17 2102 >
42 2083 110 2120 set,
134 2077 172 2111 si
195 2087 286 2111 non
310 2077 429 2111 omnia
452 2089 517 2112 sua
542 2084 711 2122 amasset,
735 2080 773 2112 si
795 2091 914 2114 rerum
937 2081 1096 2124 pondera
1117 2079 1361 2114 minutissimis
1384 2087 1532 2116 senteu-

0 2123 100 2158 ‚vtiis
126 2133 221 2156 non
244 2123 431 2169 fregisset:
473 2134 651 2158 consensu
681 2124 799 2168 potius
823 2125 1064 2169 eruditorum,
1100 2137 1205 2170 quam
1229 2134 1289 2160 etc.
1318 2128 1532 2171 comproba-

12 2189 14 2193 ν
40 2175 142 2204 retur
165 2171 222 2211 10,
247 2171 279 2210 1,
301 2171 370 2203 130
388 2171 432 2204 Ν.
469 2170 553 2213 Ejus
577 2170 709 2215 triplex
731 2182 818 2204 usus
839 2177 907 2215 est,
929 2182 1034 2214 unns,
1058 2171 1096 2206 si
1119 2171 1240 2206 dicere
1265 2173 1382 2216 palam
1405 2185 1531 2217 parum

12 2241 21 2250 .
41 2221 156 2248 tutum
181 2219 257 2256 est3
295 2215 404 2258 alter,
437 2214 477 2249 si
506 2226 580 2249 nou
606 2217 730 2257 decet;
767 2217 917 2261 tertius,
951 2217 1031 2270 {1¹¹5
1057 2218 1255 2252 venustatis
1281 2219 1390 2253 modo
1417 2221 1532 2265 gratia

6 2279 25 2312 ,εἴ
43 2260 231 2294 adhibetur
253 2261 296 2303 9,
323 2263 346 2293 2
359 2286 370 2303 ,
395 2261 451 2295 66.
486 2263 731 2307 grammaticus
756 2272 900 2307 quoque
922 2273 964 2297 n
988 2265 1032 2298 de
1055 2264 1226 2307 loquendi
1252 2264 1393 2299 ratione
1416 2265 1532 2301 disse-

42 2312 119 2349 rat,
143 2306 182 2339 si
203 2307 289 2349 (Sp.
315 2305 398 2348 om.)
421 2307 646 2350 quaestiones
663 2307 832 2352 explicet,
857 2307 1024 2343 historias
1044 2315 1215 2353 exponat,
1238 2313 1404 2353 poemata
1425 2322 1533 2346 enar-

12 2376 15 2377 r
42 2354 164 2403 ret-1,
191 2355 234 2393 2,
265 2350 309 2385 14
326 2355 368 2385 Ζ.
397 2353 498 2386 velut
519 2353 712 2400 obligatum
737 2353 912 2398 promisso
939 2359 1148 2398 patronum,
1180 2354 1222 2388 si
1247 2362 1301 2390 est
1327 2356 1533 2402 patientior,

14 2429 18 2441 ,
43 2402 171 2431 tacitus
195 2399 366 2440 appellat;
391 2397 430 2431 si
453 2399 531 2432 vel
554 2405 758 2443 occupatus,
782 2401 859 2435 vel
882 2400 921 2434 in
940 2400 1057 2444 aliqua
1079 2406 1268 2446 potestate,
1291 2403 1375 2437 vel
1398 2403 1533 2438 etiam

30 2442 91 2495 si·
107 2443 265 2495 moribus
290 2442 566 2487 incompositus,
590 2456 671 2479 cum
693 2445 860 2480 convicio
884 2446 1054 2492 efflagitat
1074 2447 1110 2486 4.
1138 2449 1174 2490 5,
1201 2449 1254 2481 10.
1288 2453 1327 2482 ut
1353 2450 1533 2484 crudelius

30 2494 151 2535 'enum
174 2494 352 2532 perituros
379 2489 609 2533 affirmemus,
632 2491 671 2525 si
695 2502 736 2525 se
763 2491 1055 2535 dediderint,
1079 2492 1185 2527 sive
1207 2493 1321 2528 hostis
1342 2504 1419 2529 non
1440 2506 1533 2530 ser·

23 2541 72 2580 far
81 2534 239 2569 averit
265 2535 383 2577 fidem,
407 2535 509 2569 sive
532 2534 665 2570 Caesar
686 2532 815 2572 vicerit
838 2539 873 2580 3,
896 2539 932 2580 8,
959 2539 1016 2572 31.
1042 2544 1094 2582 ut,
1119 2537 1158 2572 si
1181 2538 1336 2583 dixerit,
1361 2542 1456 2586 quod
1477 2541 1532 2576 rei

17 2579 181 2624 apt-osio,
212 2580 348 2627 ingenii
380 2583 544 2615 credatur
569 2583 646 2616 laus
670 2593 749 2617 esse
774 2593 850 2617 non
873 2593 1025 2618 causae:
1060 2583 1101 2618 si
1127 2585 1146 2618 f
1153 2590 1253 2619 orte
1279 2587 1376 2630 quod
1402 2587 1532 2630 laedat,

40 2635 172 2679 causae
195 2637 268 2660 non
290 2627 425 2673 ingenii
449 2628 552 2671 culpa
579 2629 614 2670 5,
640 2630 696 2672 13,
720 2631 778 2663 37.
827 2628 989 2682 Quorum
1011 2629 1053 2664 si
1076 2630 1185 2675 quid
1208 2630 1246 2664 in
1269 2642 1372 2667 reum
1394 2643 1532 2668 conve-

46 2677 133 2715 met,
156 2674 370 2708 accusatoris
393 2678 447 2708 est
469 2674 613 2708 efficere
638 2682 699 2709 etc.
722 2674 769 2709 Si
794 2685 957 2718 mlnus,
985 2675 1073 2710 illuc
1093 2677 1313 2712 conferenda
1337 2683 1391 2713 est
1414 2680 1530 2714 oratio

43 2723 113 2753 fle.
134 2721 171 2760 7,
196 2721 232 2761 2,
259 2719 315 2754 35.
341 2719 398 2754 36.
450 2717 489 2763 β)
513 2732 544 2753 c.
568 2723 738 2764 particula
761 2722 950 2756 adversa:
976 2722 1068 2757 Nam
1090 2722 1130 2758 si
1152 2722 1240 2758 mihi
1265 2724 1443 2769 sapientes
1470 2726 1530 2769 ju-
