1728 3002
531 213 753 270 Subjectio
785 234 836 244 -·
849 220 854 223 “
868 210 1093 268 Subjungo
1494 214 1578 254 863

45 321 280 416 Βιόὒῇξοιέἒ..
303 322 392 374 (fig.
416 341 475 374 ap.
505 325 695 371 cvnis.)
719 327 755 371 9,
771 328 806 371 3,
823 326 880 363 98.
905 326 980 371 ina,
1002 331 1042 361 ut
1065 319 1224 369 aneio„
1247 326 1313 360 mi»
1337 327 1463 362 oculos
1484 326 1576 371 mbj.

114 405 125 423 ‚
175 405 186 422 ‚

45 433 256 489 subjicio.
302 442 338 488 Ι)
362 443 514 487 propn'e:
548 452 612 475 cur
635 439 810 474 laxiorem
833 438 948 474 sinum
971 438 1115 474 sinistro
1142 438 1289 474 brachio
1313 450 1387 474 non
1410 438 1579 483 subjicia-

90 502 169 526 mus
194 494 251 534 11,
275 490 319 533 3,
345 487 422 523 146.
447 499 554 532 opus,
579 487 674 532 qnod
698 486 811 521 oculis
828 485 1022 531 ,subficitur
1042 489 1089 530 2,
1114 487 1179 529 18,
1201 489 1237 521 2.
1268 485 1448 534 signandis
1471 486 1579 520 rebus

93 549 136 572 ac
161 531 227 572 sub
251 536 377 571 oculos
404 533 631 578 subjiciendis
655 534 697 576 8,
721 534 763 574 6,
791 533 845 568 19.
869 545 901 567 v.
922 533 1105 566 Oculus.
1153 531 1207 572 11)
1234 537 1350 567 transl.
1386 532 1426 575 ο)
1450 535 1578 576 simpli-

23 602 27 607 ·
46 589 54 591 “
94 585 186 617 efter.
217 579 250 624 a)
268 580 510 626 probationes,
538 591 628 625 qnae
656 578 862 613 credibilem
885 578 1062 613 rationem
1085 579 1282 622 subjectam
1304 578 1438 612 habent
1461 579 1494 620 5,
1521 581 1577 619 12,

94 631 151 664 13.
188 641 221 663 v.
239 626 384 661 Ratio.
420 632 567 669 statum,
601 637 667 670 per
695 636 800 670 quem
823 625 980 668 subjecta
1004 636 1063 659 res
1090 623 1299 672 intelligitur
1329 626 1371 667 3,
1395 624 1438 666 6,
1461 626 1505 658 21
1527 625 1576 657 Ν.

89 674 132 718 b)
147 677 189 708 ‘in
214 677 300 707 azius
324 677 448 707 locum.-
474 671 505 706 si
526 670 604 717 quis
627 672 757 706 falsum
782 670 914 716 aliquid
938 670 1129 714 subjecerit
1150 673 1207 714 12,
1224 672 1260 714 3,
1281 672 1315 705 3.
1340 670 1471 712 (testes)
1491 670 1578 704 sub-

90 719 152 764 jici
173 720 217 754 ab
243 718 450 755 adversario
474 719 591 752 solent
614 719 654 761 5,
683 720 718 760 7,
745 719 800 751 12.
829 717 1033 762 suspicione
1058 717 1208 761 subjecti
1232 715 1395 761 petitoris
1419 726 1493 749 non
1520 727 1579 749 ca-

90 765 183 800 rebit
205 763 249 808 4,
273 767 296 798 2
310 790 320 808 ,
343 765 399 800 96.
426 764 619 808 subjecisse
642 763 757 797 mariti
781 768 1030 797 testamentum
1053 764 1098 807 9,
1121 765 1167 804 2,
1194 764 1253 798 73.
1288 773 1368 807 pro
1399 761 1463 796 illo
1497 767 1579 796 actu

91 810 282 856 subjiciunt
301 821 361 844 res
384 812 418 853 3,
442 812 476 854 6,
501 811 558 845 28.
582 810 677 844 belle
701 809 886 852 subjicitur
908 820 992 854 pro
1017 820 1075 853 eo,
1100 809 1195 854 quod
1218 819 1342 855 neges,
1364 807 1459 842 aliud
1479 818 1579 842 mor-

91 858 212 891 dacius
235 857 278 899 6,
308 855 422 899 3,·74.
471 854 511 898 c)
537 859 560 890 ι’.
586 869 616 901 q.
643 856 846 899 adjicio.-
877 867 983 900 quem
1004 856 1123 890 locum
1150 855 1193 889 ad
1221 854 1361 889 literam
1384 853 1519 897 subjeci
1542 854 1579 897 9,

92 906 110 937 1
126 929 138 946 ‚
161 903 219 937 25.
255 907 336 945 post
359 901 529 936 orationis
559 909 622 935 etc.
651 902 780 948 figuras
803 901 946 936 tertium
971 902 1101 946 quend.
1129 901 1279 944 subjecit
1301 901 1420 935 locum
1448 902 1491 934 ib.
1519 901 1578 934 36.

91 947 123 982 si
147 953 266 984 cetera
283 958 331 981 ex
355 947 507 982 diversis
533 946 667 981 naturis
690 947 853 990 subjiciat
878 949 923 989 8,
945 949 990 991 3,
1018 948 1075 982 60.
1103 947 1159 981 his
1182 947 1220 981 in
1243 946 1451 982 universum
1475 957 1581 990 prae-

93 993 220 1036 dictis,
243 998 363 1038 partes
389 993 572 1036 subjiciam
597 993 638 1032 5.
661 994 704 1036 8,
728 996 765 1028 7.
791 992 962 1036 subjectis
989 993 1259 1037 probationibus
1281 992 1322 1035 4,
1347 992 1394 1036 4,
1418 995 1452 1030 7.
1486 1003 1580 1035 cum,

93 1050 227 1087 genere
250 1037 390 1082 posito,
425 1038 611 1082 subjicitur
633 1038 769 1082 species
793 1037 836 1081 4,
859 1039 903 1082 5,
926 1041 982 1073 27.
1007 1039 1231 1083 praeparatio
1259 1044 1319 1072 ant
1343 1038 1581 1081 confirmatio,

90 1085 239 1130 perinde
263 1089 304 1117 ut
329 1084 459 1128 cuique
483 1084 712 1127 conveniunt,
740 1083 958 1127 subjicienda
982 1086 1016 1127 5,
1042 1087 1098 1128 13,
1124 1086 1189 1129 58;
1222 1087 1381 1127 imprimis
1405 1086 1437 1116 in
1465 1085 1580 1118 dicen-

91 1133 157 1165 do:
191 1130 362 1173 subjecit,
386 1131 482 1174 quod
509 1131 622 1163 multo
645 1135 739 1164 esset
761 1130 958 1174 improbius
981 1133 1022 1172 9,
1045 1133 1090 1173 2,
1113 1133 1171 1168 22.
1200 1141 1301 1173 cum,
1326 1129 1493 1174 exposito
1519 1141 1582 1163 re-

92 1189 171 1211 rum
195 1176 342 1218 ordine,
365 1175 588 1219 subjicimus:
614 1177 672 1210 De
693 1175 750 1209 his
775 1175 990 1222 cognoscitis
1013 1175 1049 1218 4,
1072 1175 1108 1219 4,
1136 1177 1170 1211 9.
1202 1175 1248 1217 cs.
1273 1178 1307 1219 3,
1331 1177 1367 1217 8,
1394 1177 1452 1214 23.
1483 1174 1518 1217 4,
1543 1178 1578 1218 2,

90 1222 149 1258 74.
171 1233 245 1256 non
268 1229 460 1266 expectare
481 1232 693 1266 responsum
716 1222 890 1256 et‘statim
911 1221 1088 1266 subjicere
1113 1229 1173 1255 etc.
1197 1222 1240 1266 9,
1264 1224 1305 1265 2,
1331 1223 1388 1256 15.
1412 1221 1451 1255 in
1474 1223 1581 1255 alter-

90 1268 233 1304 catione
265 1267 422 1303 maxime
453 1267 694 1302 necessarium
727 1273 781 1301 est
805 1268 961 1302 omnium
985 1278 1218 1311 personarum
1242 1275 1304 1302 etc.
1328 1268 1462 1301 habere
1485 1267 1580 1301 noti-

89 1314 196 1348 tiam:
226 1313 360 1358 alioqui
383 1331 428 1340 —
452 1313 530 1347 aliis
554 1313 842 1358 subjicientibus,
869 1314 1079 1358 plerumque
1102 1314 1200 1348 fatue
1222 1314 1331 1347 modo
1354 1313 1451 1356 (erit)
1476 1325 1580 1348 acce-

16 1371 20 1379 *
91 1354 247 1395 tiendum
269 1360 305 1403 6,
330 1357 367 1402 4,
391 1360 414 1394 8
442 1361 490 1394 Ν.
516 1372 563 1393 σν.
610 1357 650 1403 β)
677 1373 706 1393 c.
729 1362 814 1393 Dat.
854 1361 888 1399 a)
913 1362 936 1393 i.
966 1373 996 1404 q.
1021 1360 1256 1403 adjungo.-
1287 1359 1318 1393 si
1341 1360 1519 1393 sulfuri
1544 1365 1580 1394 et

90 1405 275 1454 gutturi
298 1405 513 1449 subjicerent
540 1405 579 1439 in
602 1405 762 1452 genitivo
783 1405 924 1439 literam
948 1415 971 1438 o
999 1406 1151 1439 mediam
1179 1408 1196 1439 1
1211 1431 1221 1447 ,
1246 1406 1290 1448 9,
1314 1407 1348 1440 3.
1372 1403 1458 1449 (Q),
1486 1417 1579 1450 quae

90 1453 137 1487 ad
159 1452 290 1495 conjun
316 1452 426 1486 endas
449 1452 591 1486 demum
613 1453 788 1496 subjectas
812 1450 880 1485 sibi
901 1453 1048 1486 vocales
1071 1457 1126 1485 est
1147 1451 1244 1484 utilis
1270 1454 1333 1494 12,
1360 1453 1423 1489 10.
1447 1453 1504 1486 30.
1532 1451 1579 1494 ej:

92 1500 128 1541 1,
150 1498 190 1540 7,
216 1498 273 1532 26.
291 1462 325 1531 ἱ
349 1497 475 1531 literae
498 1498 667 1531 absonam
693 1503 729 1531 et
752 1497 866 1540 ipsam
889 1497 914 1531 S
953 1497 1175 1540 subjiciendo
1205 1500 1265 1539 12,
1291 1500 1355 1538 10,
1385 1498 1441 1530 32.
1472 1496 1519 1538 cf.
1545 1501 1580 1540 1,

91 1547 136 1586 7,
159 1546 218 1577 20.
248 1554 282 1576 v.
301 1545 565 1586 Praepono.
601 1554 647 1576 an
673 1543 718 1576 sit
749 1542 872 1586 utique
904 1543 1058 1576 narratio
1087 1543 1272 1586 prooemio
1302 1542 1521 1584 subjicienda
1545 1542 1580 1586 4,

93 1591 131 1630 2,
153 1588 211 1620 24.
235 1587 430 1632 singulisne
454 1587 719 1630 quaestionibus
744 1592 863 1621 essent
885 1588 957 1621 loci
980 1587 1191 1630 subjiciendi
1214 1589 1248 1630 5,
1269 1590 1324 1630 13,
1342 1589 1397 1623 59.
1444 1587 1481 1630 b)
1506 1591 1528 1623 ἰ.
1549 1602 1581 1634 q.

89 1632 218 1675 facio
242 1634 478 1676 potestatis
509 1633 730 1674 alicujus.-
767 1633 876 1666 utin
898 1632 966 1665 alia
989 1634 1109 1667 omnia
1131 1633 1310 1676 subjectus
1331 1633 1378 1667 sit
1395 1636 1431 1676 7,
1462 1637 1495 1677 1,
1519 1637 1578 1669 21.

92 1679 274 1723 subjectus
297 1678 464 1712 fortunae
489 1680 522 1721 1,
549 1680 604 1721 12,
632 1679 687 1711 18.
712 1676 758 1718 cs.
787 1681 821 1720 2,
848 1679 906 1723 15,
927 1681 984 1711 12.
1017 1690 1064 1712 ne
1088 1679 1294 1714 universam
1317 1680 1462 1713 domum
1484 1681 1581 1723 peri-

91 1725 175 1760 culo
200 1723 392 1768 subjiceret
413 1726 448 1766 7,
473 1725 506 1766 1,
529 1724 587 1763 53.
612 1735 645 1756 v.
667 1723 891 1765 Obtineo;
919 1735 1024 1768 quam
1051 1724 1286 1759 differentiam
1312 1725 1488 1769 subjicere
1511 1725 1579 1760 sibi

93 1769 264 1814 quisque,
289 1770 351 1813 qui
377 1769 532 1802 animum
555 1769 763 1811 attenderit,
786 1775 905 1813 potest
934 1773 988 1812 11,
1012 1772 1046 1813 3,
1073 1772 1158 1814 150;
1185 1772 1376 1816 eloquendi
1404 1773 1449 1805 de
1471 1773 1580 1806 rebus

94 1815 262 1851 civilibus
294 1814 460 1857 subjectis
492 1814 559 1848 sibi
586 1817 630 1857 2,
658 1815 721 1858 15,
744 1817 789 1848 22
811 1816 858 1849 N.
890 1815 1009 1849 omnia
1043 1815 1236 1857 subjecisse
1269 1816 1403 1851 oratori
1435 1818 1581 1851 videtur

94 1860 308 1896 Aristoteles
336 1863 378 1893 ib.
404 1860 460 1894 16.
496 1859 541 1901 qs.
567 1861 623 1896 19.
655 1863 698 1903 2,
723 1863 790 1903 21,
818 1862 873 1896 19.
895 1863 953 1896 23.
990 1863 1175 1896 materiam
1209 1862 1244 1897 ei
1270 1862 1497 1906 (rhetoricae)
1521 1875 1580 1898 res

95 1917 222 1941 omnes
246 1925 293 1932 -
317 1905 528 1949 subjecimus
553 1908 596 1949 3,
625 1908 667 1949 1,
694 1909 727 1940 1.
759 1906 805 1948 cs.
827 1909 875 1949 2,
901 1910 971 1950 21,
997 1908 1032 1942 4.
1060 1911 1101 1951 5;
1137 1920 1285 1953 quarum
1309 1910 1463 1952 (rerum)
1489 1921 1580 1953 quae

95 1957 192 1987 esset
217 1951 444 1994 observatio,
472 1952 545 1985 suis
566 1951 656 1986 locis
681 1951 832 1986 subinde
854 1953 1068 1996 subjecimus
1092 1956 1148 1997 11,
1174 1958 1207 1996 1,
1232 1958 1264 1989 7.
1296 1953 1342 1996 cf.
1367 1957 1406 1994 5,
1433 1957 1495 1994 10,
1520 1957 1578 1994 53.

94 1997 152 2033 74.
179 1999 234 2040 11,
258 1999 292 2039 3,
315 1997 373 2032 56.
399 1997 483 2031 hnic
508 1997 692 2041 subjicitur
714 1997 775 2032 ille
799 1999 836 2032 in
860 1999 1061 2042 pestilentia
1083 2001 1326 2034 commissator
1349 2002 1383 2043 3,
1404 2002 1438 2042 6,
1457 2001 1502 2035 26
1517 2003 1578 2043 Ν.;

95 2043 317 2078 confirmatio
342 2050 403 2076 etc.
431 2043 518 2078 eisd.
543 2045 672 2078 cedere
701 2049 870 2087 possunt,
900 2045 1027 2089 quibus
1063 2046 1301 2089 subjiciuntur
1325 2049 1365 2089 5,
1396 2046 1460 2088 14,
1485 2047 1508 2081 6
1529 2049 1579 2081 N.

96 2088 172 2123 cio.
206 2099 320 2135 genus
355 2094 392 2122 et
419 2089 575 2132 speciem
606 2100 627 2123 a
650 2089 811 2124 finitione
839 2091 1057 2134 deducit,
1091 2097 1126 2125 et
1154 2091 1220 2134 iis,
1257 2103 1348 2136 qnae
1377 2093 1422 2125 ad
1446 2091 1578 2137 aliquid

95 2139 199 2177 sunt,
223 2132 426 2178 subjicit
452 2136 494 2178 5,
518 2137 585 2178 10,
609 2135 669 2170 62.
700 2147 791 2180 quae
823 2147 903 2169 cum
936 2136 1007 2170 sint
1029 2138 1245 2182 argumentis
1270 2137 1435 2171 similium
1458 2149 1579 2172 rerum

94 2181 254 2224 subjecta
275 2180 318 2222 4,
342 2181 387 2223 3,
411 2182 456 2214 15
473 2181 520 2214 N.
548 2180 606 2214 cni
629 2186 789 2225 quartam
814 2187 950 2225 partem
977 2182 1213 2225 adjiciunt
1236 2183 1331 2227 quid.
1356 2183 1577 2228 imitationis,

94 2235 291 2270 quamnos
314 2225 381 2259 arti
403 2225 686 2270 subjicimus
711 2229 752 2269 3,
778 2227 818 2269 5,
847 2230 866 2260 1
890 2229 937 2262 N.
969 2228 1209 2275 etymologiae
1231 2229 1408 2272 subjicere
1435 2239 1579 2264 omnem

93 2270 248 2305 nominis
271 2282 414 2305 causam
438 2273 478 2314 1,
504 2272 546 2314 6,
572 2273 629 2307 38.
661 2283 767 2316 quem
799 2274 919 2307 locum
941 2274 1110 2317 proximo
1139 2274 1232 2308 libro
1259 2275 1473 2318 subjecimus
1498 2276 1578 2311 evi-

95 2317 235 2351 dentiae
261 2318 303 2359 9,
327 2319 371 2359 2,
395 2315 453 2351 40.
477 2317 627 2352 finitioni
651 2319 807 2362 subjecta
830 2318 984 2354 maxime
1006 2321 1175 2355 videntur
1197 2331 1326 2366 genus,
1354 2320 1491 2364 species
1514 2330 1578 2356 etc.

96 2365 138 2404 5,
167 2365 229 2404 10,
255 2363 310 2397 55.
346 2361 393 2403 cf·
417 2364 452 2404 3,
479 2363 514 2406 6,
538 2365 598 2411 38,
616 2373 740 2398 omnes
764 2364 923 2407 species,
957 2377 1048 2409 quae
1072 2371 1154 2400 sunt
1176 2366 1302 2412 generi
1326 2367 1505 2410 subjectae
1530 2370 1575 2402 ib.

95 2409 154 2442 57.
179 2407 223 2448 cs.
249 2409 284 2451 8,
308 2407 343 2450 6,
366 2411 398 2441 1.
427 2408 648 2452 fa‘s,justum
671 2417 735 2443 etc.
758 2409 897 2450 subjicii
923 2417 1069 2454 possunt
1092 2412 1271 2446 honestati
1295 2414 1328 2454 3,
1352 2413 1387 2454 8,
1411 2413 1468 2448 26.
1498 2413 1576 2448 Cic.

95 2453 264 2496 judicium
287 2453 437 2496 subjecit
458 2453 656 2489 inventioni
680 2457 722 2496 3,
747 2457 788 2498 3,
813 2457 835 2489 6
854 2457 898 2489 Ν.
923 2457 1114 2500 subjiciunt
1138 2469 1216 2491 eam
1244 2459 1464 2502 (qualitatem)
1490 2459 1576 2503 juri-

23 2543 26 2545 ·
96 2499 217 2536 diciali
237 2501 279 2542 3,,
302 2499 346 2541 6,
368 2500 424 2533 33.
459 2499 519 2543 qui
546 2500 780 2543 vocabulum,
812 2500 890 2534 sive
922 2503 1213 2546 appellationem,
1247 2503 1384 2537 nomini
1413 2505 1576 2548 subjece-

35 2555 45 2563 ·
95 2551 196 2587 runt,
228 2550 392 2588 tanquam
415 2545 551 2588 species
577 2546 652 2589 ejus
678 2548 715 2587 1,
739 2545 783 2588 4,
806 2549 853 2580 20
875 2547 920 2580 N.
945 2560 991 2583 cr.
1015 2553 1069 2581 est
1092 2554 1227 2582 certum
1253 2550 1297 2583 de
1320 2549 1486 2593 nomine,
1511 2552 1574 2585 sed

21 2593 34 2610 -’
93 2589 295 2635 quaeritur,
328 2601 417 2634 quae
454 2601 512 2624 res
545 2590 578 2624 ei
610 2590 827 2634 subjicienda
860 2591 905 2624 sit
932 2595 974 2634 7,
1007 2595 1049 2636 3,
1080 2593 1115 2627 4.
1149 2594 1269 2628 dicere
1299 2601 1379 2640 apte
1412 2596 1574 2641 plerique

26 2645 30 2667 1
94 2635 234 2670 ornatui
266 2636 459 2679 subjiciunt
491 2640 531 2679 1,
566 2637 609 2679 5,
644 2640 675 2671 1.
706 2641 745 2670 ut
781 2647 859 2670 eam
895 2638 1125 2682 (finitionem)
1158 2639 1299 2684 quidam
1333 2641 1573 2686 conjecturae,

92 2681 191 2760 guig.
211 2682 401 2762 ἑῐὸιιαιίῑαῐὶ,
436 2682 530 2726 quid.
559 2681 724 2729 legitimis
757 2683 1022 2727 quaestionibus
1056 2684 1272 2730 subjecerint
1293 2689 1337 2731 7,
1359 2689 1405 2731 3,
1438 2690 1493 2723 13.
1527 2687 1573 2730 cs:

117 2751 128 2768 2
177 2753 187 2770 υ
260 2752 270 2761 ·

49 2779 286 2838 subjungo.
334 2794 382 2838 α)
412 2797 618 2841 simplic-Her.-
657 2805 910 2841 nonnunquam
934 2797 1233 2834 communicantes
1261 2799 1393 2844 aliquid
1419 2799 1572 2845 inexpe-
