1702 3054
121 290 291 328 xxvm
581 265 587 271 .
737 281 1047 340 Prolegomena

123 420 178 466 7,
215 399 261 450 5.
333 400 478 466 Quid
508 401 575 447 de
606 397 784 446 formis
825 415 948 447 cum
982 415 1006 447 s
1042 396 1256 465 gemina
1287 396 1512 446 senserit
1538 379 1668 462 Qus,

118 483 231 549 ipse
252 481 496 548 pluribus
519 478 647 526 locis
670 483 854 540 docet,
889 478 964 526 ait
984 479 1123 526 enim
1148 493 1194 542 9,
1218 484 1266 540 4,
1289 475 1380 542 59:
1416 477 1509 527 ubi
1523 478 1674 527 ahud

117 564 254 612 ratw
296 563 446 611 aliud
481 560 788 608 cousuetudo
820 568 1022 625 poscet,
1077 568 1260 608 utrum
1295 560 1452 620 volet,
1497 567 1673 612 sumat

119 643 434 710 composmo,
475 641 795 689 Vitamsse
823 641 906 689 vel
936 641 1214 700 vt'tasse,·
1245 654 1413 707 atque
1442 643 1564 711 1,6,
1591 657 1667 704 17.

115 725 418 773 hominibus
451 722 811 769 molestissima
847 720 1157 790 diligentiae
1195 720 1549 787 perversitate
1585 723 1667 771 la-

116 804 434 853 borantibus
461 802 722 867 permittit
754 803 1009 851 audimsse
1041 817 1096 851 et
1125 803 1347 864 scaz-isse,
1383 803 1667 869 pauloque

115 883 333 931 inferius
354 885 385 947 §-
413 899 470 929 21
507 885 874 932 conservat-isse
895 901 992 932 sua
1014 898 1194 932 aetate
1214 883 1388 931 minus
1408 882 1667 931 usitatum

114 964 274 1011 fuisse
309 963 569 1024 ostendit,
615 980 787 1027 quum
817 965 930 1031 ipse
960 963 1141 1029 potius
1177 963 1395 1012 dixerit:
1443 950 1668 1028 speriasse

118 1062 162 1106 7,
189 1060 235 1105 2,
260 1055 342 1099 42.
374 1044 729 1109 quaesz'ssz'mus
757 1062 773 1090 1
795 1082 807 1105 ,
833 1051 890 1105 4,
920 1060 964 1108 9.
1003 1045 1258 1110 sepelisset
1274 1046 1331 1106 8,
1353 1041 1410 1106 5,
1438 1047 1512 1094 16.
1549 1044 1668 1092 scis.-

116 1133 194 1172 sec
220 1141 236 1169 1
256 1159 271 1184 ,
299 1139 382 1185 10,
406 1125 486 1178 48.
523 1125 671 1171 scisse
702 1142 755 1186 7,
785 1130 841 1186 4,
872 1139 944 1179 14.
984 1141 1067 1186 12,
1102 1143 1153 1172 11
1173 1160 1185 1177 ,
1206 1131 1310 1185 24.,
1345 1123 1482 1190 quin
1507 1123 1668 1172 etiam

116 1204 321 1252 cubasse
352 1206 409 1264 8,
447 1220 503 1264 2,
539 1220 642 1265 2ο.,
681 1221 847 1270 quam
880 1219 1064 1252 tamen
1090 1222 1282 1256 vocem
1302 1206 1526 1253 fortasse
1550 1221 1668 1252 non

117 1288 185 1332 de
217 1302 313 1333 suo
349 1285 545 1334 attulit.

241 1379 286 1412 2.
327 1367 393 1413 In
414 1382 515 1412 usu
537 1365 945 1413 Futu-rorum
966 1364 1252 1428 Passivi,
1283 1380 1432 1431 quae
1461 1363 1664 1413 auxilio

114 1445 267 1495 verbi
315 1462 418 1494 esse
464 1446 768 1493 formantur
785 1483 799 1508 ,
858 1434 1094 1494 fluctuat
1141 1463 1267 1494 usus
1316 1443 1666 1510 Quintiliani,

114 1525 301 1591 qualia
322 1540 472 1573 sunt:
508 1528 781 1592 composita
803 1535 960 1575 eruut
984 1543 1001 1572 1
1019 1544 1058 1589 Ι,
1073 1543 1119 1588 2,
1135 1526 1214 1590 39.
1247 1527 1352 1575 erit
1370 1534 1666 1582 consecutus

119 1622 204 1666 10,
240 1625 294 1667 7,
331 1624 372 1654 1.
410 1610 671 1671 coufessus
690 1609 794 1656 erit
810 1605 838 1655 5
852 1644 865 1669 ,
892 1626 944 1669 7,
974 1624 1047 1669 17.
1085 1609 1432 1657 desideratum
1457 1606 1563 1655 erit
1586 1621 1662 1668 ιο,

118 1705 161 1748 1,
185 1685 229 1734 5.
257 1688 397 1735 dicta
417 1698 571 1737 eruut
592 1705 637 1750 2,
667 1689 741 1750 13,
773 1707 844 1749 17.
872 1696 1021 1752 gesta
1044 1696 1202 1736 eruut
1220 1687 1267 1750 3,
1292 1706 1337 1751 7,
1366 1684 1440 1735 15.
1467 1705 1499 1736 e
1511 1705 1630 1736 ruu
1642 1695 1678 1737 t„

111 1768 278 1816 multa
309 1786 402 1816 mu
414 1778 576 1830 tata,
609 1771 846 1836 pluruma
881 1771 961 1817 ad
965 1789 993 1834 J
1007 1777 1149 1818 ecta
1178 1772 1259 1817 Pr.
1286 1770 1330 1817 8.
1371 1778 1530 1822 eruut
1553 1785 1664 1816 ver-

111 1850 220 1896 sati
234 1864 278 1908 2,
310 1867 354 1911 7,
380 1849 435 1911 5;
474 1865 526 1897 et
552 1853 749 1916 adjecti
750 1852 970 1915 fuerint
989 1846 1033 1908 5,
1063 1865 1139 1910 12,
1165 1866 1208 1895 1.
1231 1851 1399 1914 fuero
1422 1857 1666 1906 executus

112 1928 168 1988 3,
195 1933 249 1990 6,
280 1948 318 1978 1.
359 1931 598 1979 destoe'lzcffz'
603 1934 874 1996 fuerimus
894 1936 946 1991 4,
972 1947 1019 1992 2,
1046 1926 1126 1978 56.
1147 1938 1472 1996 praeparata
1481 1931 1668 1995 fuerit

111 2011 158 2070 8,
184 2013 262 2060 Pr.
287 2010 365 2060 30.
418 2012 505 2059 Ex
536 2013 897 2079 Temporibus
932 2009 1484 2078 Conjugationis,
1518 2027 1664 2081 qu3ae

110 2105 346 2139 vocatur
373 2091 901 2158 periphrastica,
938 2097 1074 2141 haec
1103 2091 1383 2139 afferenda
1411 2089 1539 2138 mihi
1567 2107 1660 2138 ex-

112 2174 290 2235 empla
321 2171 434 2221 visa
471 2188 625 2223 sunt:
678 2180 733 2236 a)
776 2193 842 2223 ex
873 2173 1149 2223 Activo:
1189 2171 1518 2238 proposituri
1542 2171 1664 2235 (Sp.‘

113 2252 330 2314 ‹lic-turi)
363 2254 550 2302 erimus
582 2261 638 2316 4,
671 2254 827 2317 3,10
847 2257 932 2318 Z.;
976 2261 1314 2303 accusaturus
1341 2252 1413 2300 sit
1442 2269 1497 2312 7,
1525 2266 1579 2311 2,
1612 2265 1660 2299 2.

112 2331 183 2378 stt
210 2340 424 2379 acturus
462 2352 542 2395 11,
570 2335 627 2396 3,
657 2334 762 2386 150.
799 2337 1060 2385 allaturus
1078 2333 1149 2381 stt
1174 2347 1256 2383 10,
1288 2348 1305 2377 1
1323 2345 1438 2392 ,40
1466 2331 1570 2405 qui
1593 2331 1666 2383 sit
1699 2383 1702 2386 Α

99 2415 333 2477 futurus
363 2425 737 2464 consummatus
773 2436 823 2478 1,
856 2433 939 2479 10,
971 2415 1015 2464 5.
1052 2412 1254 2462 diffctme
1277 2429 1493 2460 essemus
1523 2397 1578 2471 6,
1610 2427 1658 2472 2,

113 2492 193 2546 54.
225 2510 352 2557 quae
374 2496 631 2556 facturus
650 2499 834 2558 fuerat
857 2512 965 2559 9,2
971 2499 1087 2557 ,,41
1123 2502 1190 2541 ut
1214 2509 1314 2540 uon
1346 2494 1540 2542 clarior
1557 2494 1660 2556 fu-

114 2582 238 2621 lura
258 2574 443 2637 fueret
467 2575 512 2635 8,
546 2573 591 2635 3),
621 2574 1039 2644 63313ffecturos
1055 2575 1230 2640 fuisse
1252 2591 1296 2635 2,
1325 2572 1402 2637 16,
1424 2589 1468 2637 9.
1496 2575 1660 2638 fucu-

113 2671 232 2700 rum
252 2654 426 2717 fuisse
458 2669 633 2715 2,17,
673 2615 746 2706 13).
828 2657 885 2721 b)
935 2658 1021 2703 Ex
1057 2653 1352 2704 Passivo:
1390 2653 1660 2720 proposita

101 2734 323 2798 fuerint
356 2749 514 2794 1271,
554 2752 574 2781 1
590 2753 628 2781 1.
661 2736 861 2800 apacati
874 2736 1094 2799 fueruat
1125 2751 1210 2796 12,
1245 2749 1301 2798 9,
1337 2734 1424 2797 163
1462 2733 1658 2782 deinde

114 2830 162 2878 9,
187 2818 233 2875 4,
265 2830 337 2862 11.
369 2831 485 2863 cum
503 2794 733 2865 bellacum
762 2825 855 2865 est
880 2832 1077 2865 canen
1090 2817 1254 2875 dum,
1289 2822 1342 2864 et
1361 2813 1657 2880 cumposcto
