1728 3002
6 74 42 111 ἦ

595 163 764 206 Adamo
790 186 846 195 —-
880 161 1000 205 Adeo
1171 135 1173 138 ι
1513 167 1563 205 19

0 217 21 236 [κ

0 275 141 340 ‘⁴2³ss
166 271 216 321 [η.
261 280 322 317 Μ
354 277 595 325 hoc—qnidam
616 296 663 305 ..-
685 281 811 322 putant
832 274 893 320 (a.
915 278 941 308 1.
965 273 1106 320 adhuc)
1131 276 1189 320 12,
1217 277 1273 317 10,
1301 275 1349 311 40
1370 277 1415 311 N.
1441 290 1487 311 cr.
1514 277 1561 320 cs.

82 333 108 366 7
148 331 183 372 1,
208 327 265 364 36.
287 327 325 372 9,
350 328 386 371 3,
411 326 470 361 80.
516 323 574 359 Ac
605 322 806 369 primum
841 321 1040 357 concedant
1066 321 1308 356 mihl'omnea
1337 329 1480 366 oportet
1506 341 1561 357 —.

0 344 34 413 Ξ
81 354 150 412 Ad
173 373 239 420 (α.
265 377 289 408 1.
313 370 375 417 at)
402 371 490 407 hoo
520 379 627 404 nemo
653 367 826 403 dubitabit
852 370 909 409 12,
938 369 973 407 1,
996 367 1053 402 38.
1077 366 1136 402 42.
1168 369 1212 402 N.
1241 381 1311 410 cr.,·
1349 371 1511 403 interdum
1538 372 1563 403 ι’.

0 407 33 497 ἒξ,
81 462 85 463 ⁷
106 444 118 456 .
143 423 350 464 insuper.-
375 418 421 452 ad
442 417 514 452 hoc
538 413 777 469 adjicitur„(a.
801 417 822 447 2.
851 413 982 456 adhuc)
1012 414 1047 468 3,
1072 413 1106 456 5,
1131 414 1176 448 16
1198 415 1246 447 Ν.
1279 411 1396 460 [cnjus
1426 416 1471 451 ad
1493 415 1564 451 hoc

0 489 2 498 ι
50 479 54 485 ·
80 434 144 512 ἶΖ.
167 464 303 510 adhuc)
317 473 462 500 novum
486 472 619 497 nomen
638 466 825 497 mventum
851 463 906 494 est
929 457 1166 505 μεταστασιε]
1189 461 1225 503 3,
1251 460 1286 504 6,
1314 462 1370 496 53.

36 519 221 572 Athmo-
257 535 298 565 ut
324 530 517 576 praedulce
544 528 634 565 illud
652 539 772 578 genus
800 527 963 563 adament
987 528 1023 569 2,
1050 525 1085 570 5,
1112 528 1171 562 22.

36 587 217 631 Addico·
248 596 315 633 uni
336 609 376 633 se
405 596 513 632 alicui
544 596 711 632 addicere
737 594 883 640 proprio
911 596 966 635 10,
990 595 1027 637 2,
1050 592 1108 647 24.
1123 604 1199 628 .me
1224 595 1413 648 *cujusdam
1445 602 1566 632 sectae

0 646 4 659 '
83 643 208 681 addixi
241 646 278 688 3,
313 645 347 688 1,
381 646 439 678 Q.
475 644 571 678 bona
606 642 647 678 C.
680 642 816 676 Rabirii
850 650 925 675 uno
953 645 1118 674 sestertio
1153 640 1285 676 addicit
1318 644 1374 685 11,
1405 644 1442 685 3,
1476 645 1566 687 172;

81 694 230 727 Partim.-
267 699 316 725 an
338 689 564 724 addictus
588 700 766 724 servus
793 687 839 722 sit
862 689 898 730 7,
927 687 962 729 3,
986 686 1043 722 26.
1080 685 1197 728 add.,
1234 694 1379 732 recepta
1400 689 1566 724 libertate

80 734 174 781 (fit)
205 735 464 784 ingenuus:
502 744 668 770 servus
702 733 818 769 invito
847 732 992 767 domino
1026 730 1104 776 (alii
1127 731 1261 774 etsore.
1286 738 1385 768 etiam
1407 737 1508 770 Amb.
1533 738 1566 770 1.

79 785 180 818 inser.
201 779 418 826 libertatem)
441 791 517 816 non
547 786 787 825 consequetur
810 781 852 814 ib.
879 781 936 813 27.
963 779 1001 811 S.
1015 795 1072 829 ⁸—
1097 778 1234 825 legem:
1269 797 1314 805 —
1337 781 1482 826 propria
1503 781 1567 815 11-

79 826 190 870 118ῐί
216 827 325 862 habet
349 828 393 861 1⁵6.
428 827 525 861 aliud
549 833 603 861 est
628 837 819 862 servum
843 835 946 868 esse,
980 824 1077 857 ahud
1100 824 1310 867 servire,
1346 826 1460 871 qualis
1487 838 1567 862 esse

0 908 6 915 ,
31 905 35 907 ,
81 873 121 909 in
148 872 360 909 addictis
394 872 556 918 quaestio
581 873 672 907 solet
699 874 736 916 5,
769 873 826 915 10,
856 870 917 906 60.
941 882 975 903 v·
1000 868 1192 905 Servus.
1226 871 1309 905 dum
1341 872 1481 908 addicta
1510 879 1568 909 est

7 923 10 926 ’
80 925 195 954 mater
220 921 256 964 3,
280 919 320 963 6,
343 919 404 957 25.

36 973 227 1016 Additio.
258 998 339 1031 opp.
364 983 516 1030 abjectio
542 982 655 1028 (fig.)
677 984 714 1028 9,
738 986 773 1027 3,
799 980 855 1018 18.

29 1039 179 1083 Addo.
235 1051 280 1097 a)
313 1051 449 1087 addidit
474 1062 523 1086 ex
556 1051 748 1085 abundanti
783 1049 954 1095 (Cicero)
982 1048 1019 1092 4,
1045 1050 1080 1093 ⁵,
1114 1050 1159 1086 15
1179 1053 1226 1084 Z.
1253 1051 1302 1084 N.
1338 1050 1482 1086 tertium
1508 1052 1570 1087 am

82 1098 239 1133 medium
264 1109 313 1133 ex
337 1099 476 1132 duobus
501 1097 712 1131 addiderunt
736 1099 792 1140 12,
819 1098 875 1139 10,
899 1096 957 1131 58.
989 1096 1149 1130 clausula
1173 1096 1251 1140 ipsa
1276 1096 1382 1131 unius
1409 1099 1569 1142 syllabae

82 1143 234 1191 gratiam
258 1143 392 1179 addidit
420 1142 481 1186 (in
511 1140 727 1186 hexametro)
750 1144 786 1186 8,
811 1144 846 1184 3,
869 1143 927 1175 20.
966 1141 1085 1176 addita
1108 1141 1149 1176 in
1173 1143 1332 1176 clausula
1356 1150 1411 1177 est
1433 1161 1478 1169 —
1502 1155 1571 1179 ex·-

79 1194 195 1224 trema
215 1187 321 1234 ,quasi
345 1188 527 1223 insultatio
561 1189 596 1231 8,
621 1188 657 1229 5,
686 1189 744 1224 11.
799 1186 841 1233 β)
870 1201 900 1221 c.
929 1189 1014 1221 Dat.
1050 1199 1132 1222 ctun
1162 1189 1346 1238 (Cythnius
1372 1191 1406 1222 in
1429 1191 1570 1232 tabula)

81 1234 276 1273 addidisset
296 1235 486 1274 Menelao,
523 1243 629 1279 quem
665 1244 840 1268 summum
872 1237 1014 1277 poterat
1049 1245 1108 1267 ars
1134 1234 1280 1269 efficere
1306 1245 1510 1270 moerorem
1534 1240 1570 1279 2,

82 1282 141 1324 13,
165 1283 221 1316 13.
256 1282 372 1315 cultus
405 1279 501 1315 addit
531 1279 735 1314 hominibus
761 1279 1007 1314 auctoritatem
1034 1280 1069 1322 8,
1093 1281 1151 1314 Pr.
1185 1282 1243 1314 20.
1278 1281 1471 1324 plurimum
1503 1281 1572 1317 arti

83 1322 294 1362 addiderunt
325 1329 382 1369 12,
415 1329 473 1369 10,
505 1324 541 1360 4.
582 1331 622 1359 ut
655 1326 832 1360 humanae
868 1326 1009 1359 formae
1046 1327 1214 1360 decorem
1252 1326 1426 1362 addiderit
1463 1339 1572 1372 supra

82 1383 210 1408 verum
231 1371 458 1416 (Polyclitus)
481 1373 525 1406 ib.
548 1371 583 1406 8.
611 1372 745 1406 addunt
771 1371 838 1405 diis
864 1372 1042 1405 honorem
1069 1378 1257 1416 parentes,
1292 1373 1390 1406 addit
1417 1373 1489 1408 anti
1527 1374 1573 1408 ii-

82 1423 139 1452 tas
167 1420 202 1460 3,
232 1421 274 1464 7,L
300 1419 333 1454 8.
369 1418 476 1452 rebus
510 1416 664 1464 indignis
698 1425 760 1451 etc.
799 1418 934 1451 addens
966 1416 1042 1452 vim
1069 1418 1186 1452 oratio
1220 1418 1256 1460 6,
1283 1420 1317 1459 2,
1347 1418 1404 1452 24.
1474 1431 1496 1465 y
1542 1433 1572 1454 c.

84 1466 210 1508 Pmep.
238 1464 311 1498 ad:
348 1464 401 1498 ad
431 1463 532 1507 cujus
557 1464 762 1507 voluptates
795 1463 886 1497 nihil
918 1463 1103 1507 equidem,
1142 1464 1239 1508 quod
1267 1463 1350 1498 addi
1378 1465 1493 1509 possit
1517 1466 1574 1499 in-

83 1509 208 1552 venio,
233 1508 305 1544 nisi
324 1515 373 1543 ut
396 1519 522 1544 sensus
546 1519 614 1544 nos
639 1509 782 1553 quidem
804 1509 964 1543 dicamus
990 1510 1110 1553 plures
1133 1512 1189 1553 12,
1215 1512 1271 1552 10,
1295 1509 1355 1546 46.
1400 1509 1440 1555 δ)
1466 1511 1573 1546 Adde

13 1559 19 1573 *
86 1556 184 1599 quod
209 1567 279 1600 seq.
302 1557 447 1589 Indicas.
474 1558 509 1588 in
533 1557 694 1589 transitu:
723 1558 759 1596 1,
786 1558 820 1598 2,
846 1558 904 1589 21.
934 1557 992 1598 10,
1018 1557 1053 1599 1,
1078 1557 1137 1590 33.
1162 1558 1220 1599 12,
1239 1559 1273 1599 1,
1294 1555 1330 1590 4.
1360 1559 1416 1600 12,
1435 1559 1492 1602 11,
1508 1560 1568 1594 29.

86 1603 155 1635 Ter
176 1601 330 1646 deauceps
354 1603 414 1644 10,
436 1603 556 1645 2,410.
576 1603 639 1648 11.
669 1603 725 1635 12.

38 1656 234 1701 Adduce-
290 1666 326 1712 1)
351 1667 484 1703 occidit
517 1667 826 1715 Agamemnonem
859 1667 1164 1712 Clytaemnestra,
1198 1667 1282 1712 quia
1315 1686 1359 1693 —
1394 1669 1573 1716 captivam

11 1738 27 1754 ,-
83 1713 250 1758 pellicem
275 1714 475 1748 adducebat
498 1715 542 1757 3,
571 1717 636 1755 11,
658 1715 694 1749 6.
723 1725 786 1748 eos
820 1714 865 1748 ad
890 1720 1052 1748 senatum
1079 1714 1208 1748 adduci
1234 1714 1334 1758 jussi.
1366 1718 1449 1750 Cic.
1475 1717 1511 1759 9,
1538 1720 1573 1760 3,

80 1760 153 1803 5ος
212 1756 258 1793 ab
289 1759 363 1794 imo
422 1761 578 1794 ulmone·
593 1760 757 1804 pituitam
778 1760 949 1794 trochleis
980 1761 1157 1794 adducere
1194 1763 1256 1801 11,
1284 1762 1325 1803 3,
1350 1761 1407 1796 56.
1443 1762 1574 1796 frontis

37 1824 48 1834 2
84 1810 158 1840 tam
181 1805 354 1840 adductae
410 1818 443 1839 a.
468 1810 490 1839 1.
513 1805 624 1851 obd.)
661 1808 718 1848 10,
751 1807 787 1848 3,
815 1807 873 1840 13.
943 1807 995 1848 11)
1022 1810 1163 1839 transh:
1198 1811 1234 1841 te
1267 1807 1488 1850 poenitentia
1521 1810 1574 1842 ad

85 1849 159 1885 ho'c
183 1861 296 1898 genus
322 1851 479 1895 optiOnis
506 1851 694 1885 adduxerit
720 1854 756 1894 7,
777 1854 809 1890 1,
836 1852 905 1894 533
952 1862 1022 1885 nec
1050 1851 1204 1885 audendi
1227 1852 1437 1887 facilitatem
1461 1865 1576 1899 usque

14 1930 22 1936 .
88 1896 147 1930 ad
172 1897 390 1930 contemtum
415 1897 535 1941 operis
569 1897 758 1931 adduxerit
785 1899 842 1939 12,
868 1897 904 1939 6,
930 1899 966 1931 7.
1003 1897 1048 1930 in
1084 1908 1215 1941 corpus
1249 1899 1475 1943 eloquentiae
1511 1900 1575 1934 ad—

51 1942 61 1947 “
90 1941 199 1975 ducat
223 1942 485 1987 philosophiam
511 1943 567 1985 12,
588 1945 625 1983 2,
651 1944 686 1978 9.
723 1953 814 1987 quae
840 1941 1064 1976 extrinsecus
1091 1944 1315 1978 adducuntur
1351 1944 1400 1978 in
1433 1956 1576 1979 causam

33 2023 37 2026 ,
91 1986 128 2027 5,
165 1978 223 2028 11,
254 1989 288 2019 1.
314 1988 576 2021 *adductae
619 1988 932 2029 extrinsecus
966 1988 1195 2032 quaestiones
1235 2003 1313 2033 opp.
1343 1991 1576 2035 propriae

23 2066 25 2069 ,
93 2041 280 2064 causarum
303 2033 338 2073 3,
361 2031 397 2073 6,
423 2035 459 2066 7.
496 2032 644 2066 extrins.
680 2033 850 2066 adductas
878 2034 1107 2077 probationes
1132 2038 1168 2076 7,
1193 2033 1229 2077 4,
1256 2034 1316 2069 24.
1356 2037 1506 2070 extrins.
1535 2048 1578 2070 ea

92 2073 250 2119 (negotia
283 2075 460 2118 tenuiora)
495 2077 603 2110 rebus
636 2077 795 2111 adductis
833 2077 1095 2113 circumliniunt
1129 2082 1187 2121 12,
1221 2081 1258 2122 9,
1295 2081 1329 2114 8.
1368 2080 1400 2114 si
1434 2087 1578 2116 extra

93 2131 237 2155 causam
262 2120 310 2154 sit
333 2121 589 2169 adductum
615 2118 820 2166 (Sp.·con1‘.
844 2128 948 2156 extra
973 2124 1019 2157 ad
1047 2125 1158 2168 caus.)
1185 2125 1219 2165 5,
1244 2127 1302 2167 13,
1330 2127 1385 2159 10.
1412 2127 1463 2161 N.
1491 2140 1540 2163 cr.

0 2219 6 2225 ,
48 2173 185 2218 Adeo·
234 2188 328 2222 Adv.
374 2187 408 2230 1)
442 2189 588 2231 proprie.
634 2186 678 2231 α)
710 2189 735 2222 ἰ.
758 2201 796 2238 ᾳ..
826 2199 960 2232 usqne
991 2201 1061 2230 eo,
1101 2193 1146 2222 in
1185 2197 1368 2226 tantum.
1413 2191 1453 2238 a)
1469 2194 1579 2230 ‘adeo

93 2234 195 2271 velut
221 2233 368 2277 spiritus
405 2233 524 2276 operis
552 2233 657 2276 hujus
693 2240 756 2267 etc.
786 2243 825 2266 ln
860 2233 1043 2268 affectibus
1070 2241 1125 2269 est
1158 2235 1194 2278 6,
1219 2239 1262 2279 2,
1287 2240 1322 2271 7.
1360 2238 1417 2272 ad.
1442 2239 1580 2276 rhetori

95 2280 149 2314 de
166 2279 331 2313 omnibus
364 2277 552 2313 dicendum
578 2281 614 2322 2,
639 2280 698 2321 21,
723 2281 780 2312 21.
816 2279 872 2312 ad.
900 2279 1097 2322 praemium
1129 2282 1250 2316 omnia
1274 2289 1437 2326 spectant
1464 2288 1518 2329 10,
1542 2290 1579 2330 7,

97 2324 224 2366 17,·οῇ
253 2327 310 2367 12,
334 2326 396 2367 «10,
420 2326 455 2360 9.
504 2324 544 2368 b)
563 2323 757 2370 frequenter
782 2337 848 2369 seq.
875 2333 941 2359 ut.-
971 2325 1100 2360 Omnia
1124 2325 1185 2361 illa
1211 2345 1257 2352 —
1281 2330 1372 2364 adeo
1398 2337 1480 2365 sunt
1503 2331 1582 2368 vir-

74 2374 191 2404 ‘tutes
216 2369 412 2413 orationis,
438 2375 478 2403 ut
504 2377 567 2404 etc.
589 2371 625 2413 9,
654 2373 690 2413 2,
717 2372 753 2411 2,
782 2369 829 2411 cs:
851 2373 886 2411 2,
916 2373 974 2414 17,
1003 2373 1059 2405 31.
1086 2375 1122 2415 3,
1147 2376 1182 2416 1,
1210 2375 1244 2407 1.
1272 2377 1308 2417 7,
1332 2376 1367 2415 9,
1397 2379 1430 2410 1.
1460 2379 1518 2422 10,
1546 2382 1579 2422 1,

100 2416 180 2450 100.
210 2417 268 2457 12,
292 2413 328 2458 4,
357 2419 399 2453 1.7
424 2418 482 2459 12,
504 2417 539 2459 9,
567 2416 633 2459 16;
709 2415 926 2461 adeoque
960 2423 1139 2461 promtum
1173 2425 1252 2461 est,
1291 2426 1330 2454 ut
1356 2423 1411 2464 12,
1437 2426 1493 2463 11,
1522 2427 1578 2458 12.

99 2461 158 2494 ad.
184 2470 348 2506 quoque,
376 2466 417 2495 ut
439 2460 473 2503 4,
497 2462 530 2501 5,
558 2463 580 2495 3
607 2465 651 2496 Z.
683 2462 764 2504 ad.,
796 2467 836 2495 ut
863 2480 907 2486 —-
933 2467 1053 2497 tamen
1076 2462 1113 2506 4,
1141 2467 1175 2508 1,
1199 2464 1256 2500 54.
1296 2467 1379 2511 ad.,
1407 2474 1448 2502 ut
1474 2469 1582 2504 etiam

100 2508 161 2550 10,
185 2508 220 2549 5,
243 2509 279 2540 2.
315 2504 360 2547 qs.
384 2504 421 2549 4,
450 2509 484 2550 1,
513 2507 570 2542 55.
611 2506 663 2552 [et
685 2506 746 2552 (Ζ.
770 2506 854 2551 om.)
880 2509 990 2552 adeo,
1024 2510 1064 2543 ut
1089 2511 1147 2545 Pr.
1174 2511 1270 2554 12.];
1321 2515 1484 2548 interdum
1516 2529 1581 2549 non

99 2551 263 2596 majorem
279 2554 346 2586 vim
368 2552 490 2596 habet,
514 2565 614 2598 quam
637 2555 721 2596 ita,
754 2554 834 2587 boc
866 2556 1013 2589 modo.-
1048 2557 1104 2590 ad.
1119 2581 1130 2598 ,
1154 2562 1195 2590 ut
1218 2557 1409 2602 aliquando
1434 2561 1582 2605 subjun-

88 2614 90 2618 ν
126 2603 206 2633 atur
235 2596 475 2644 expositioni,
514 2609 605 2643 quae
631 2600 724 2634 solet
751 2598 791 2632 in
826 2600 1040 2646 argumentis
1072 2613 1152 2636 esse
1185 2613 1321 2637 summa
1355 2606 1522 2640 collectio
1544 2606 1581 2650 4,

127 2666 139 2684 ,
160 2645 197 2678 2.
233 2641 271 2687 4,
295 2644 330 2686 5,
354 2645 388 2678 3.
419 2644 454 2686 9,
478 2642 516 2687 4,
536 2642 596 2679 40.
651 2643 698 2689 β)
724 2657 754 2678 c.
778 2646 916 2689 Adject.
945 2653 978 2679 et
1002 2649 1154 2682 Adverb.
1179 2649 1328 2692 iunctum
1361 2653 1382 2682 ι’»
1414 2660 1444 2691 q.
1478 2659 1581 2696 tam,

0 2713 6 2730 ‚.
101 2695 373 2733 tantoperm
408 2690 465 2723 ad.
492 2689 647 2733 ieiunam
671 2701 714 2725 ac
735 2701 931 2735 pauperem
958 2694 1014 2735 10,
1042 2693 1077 2736 5,
1102 2693 1136 2729 5.
1164 2696 1255 2728 adeo
1276 2695 1504 2731 manifestum
1527 2704 1582 2732 est

0 2738 19 2844 ’ζ
100 2737 140 2779 2,
160 2732 195 2778 4,
216 2737 275 2770 27.
306 2735 379 2770 hoc
404 2736 462 2770 ad.
486 2746 614 2771 verum
638 2742 693 2770 est
717 2739 753 2780 1,
780 2738 816 2780 2,
840 2739 898 2773 27.
926 2739 963 2782 8,
985 2740 1019 2782 3,
1036 2741 1076 2779 ,7.
1114 2740 1204 2776 haec
1230 2741 1286 2774 ad.
1312 2742 1475 2789 vulgaria
1499 2750 1581 2778 sunt

1112 2806 1169 2840 2*
