1728 3002
971 27 978 55 1

542 140 820 184 Beneraotmu
849 164 904 170 —
934 138 1035 182 Bini
1475 137 1555 178 ¹03

59 261 142 297 mel.
165 258 283 296 tacitis
306 254 580 305 cogitationibus
608 254 809 301 reliquisset
831 254 867 299 6,
894 256 927 302 1,
953 252 1011 288 44.
1049 253 1132 288 mel.
1156 258 1261 287 sonet
1284 248 1433 302 ves-bugu
1455 248 1491 292 8,
1511 249 1547 301 3,

61 309 116 344 16.
150 307 289 342 Graeco
310 305 391 339 mel.
419 301 520 336 usuri
542 303 577 343 5,
604 303 659 344 10,
684 304 716 336 1.
755 301 801 343 cs.
830 304 864 344 1,
887 302 922 347 8,
950 301 1015 342 18;
1063 298 1196 343 aliquid
1224 303 1341 331 tamen
1366 297 1487 340 aliquo
1509 304 1547 328 ιιι

15 361 18 363 ’
56 354 84 390 l.
107 352 235 388 melius
258 350 319 386 alii
343 351 400 394 10,
422 351 459 392 2,
481 346 539 382 24.
619 347 685 391 111)
712 349 904 392 superma:
928 347 973 381 ad
997 345 1184 380 veritatem
1207 343 1402 388 Lysipptun
1423 351 1548 375 acces-

58 398 150 435 sisse
172 397 306 443 optime
332 398 389 440 12,
413 396 470 438 10,
491 394 532 430 9.
567 393 677 428 cludit
699 393 841 428 interim
864 397 938 437 opt.
965 390 1080 437 prima
1103 402 1186 436 pars
1212 401 1340 425 versus
1364 390 1401 432 9,
1425 387 1462 430 4,
1488 389 1545 422 72.

171 445 390 479 demonstrat
419 442 456 485 8,
483 440 520 484 6,
547 440 600 475 15.
648 446 721 484 opt.
753 438 857 474 dictis
880 441 936 483 10,
962 441 995 482 1,
1023 439 1078 473 19.
1125 447 1217 482 quae
1241 435 1368 470 emissa
1392 439 1465 479 opt.
1493 438 1547 466 est

58 489 208 536 (hana)
233 491 269 533 9,
291 487 329 533 4,
354 489 388 524 8.
427 485 488 531 qui
511 485 550 520 in
573 497 636 520 sua
665 486 822 530 quidque
847 490 922 519 arte
946 490 1019 529 opt.
1042 483 1177 518 faciant
1205 486 1237 526 1,
1266 484 1320 525 12,
1342 482 1377 517 9.
1417 481 1548 514 Jovem

57 536 203 572 Phidias
227 540 300 580 opt.
324 532 414 568 fecit
435 536 471 576 2,
491 534 527 575 3,
549 532 584 567 6.
620 531 674 567 sic
700 538 774 576 opt.
803 530 898 565 finiri
919 533 955 574 2,
981 534 1013 575 1,
1037 533 1071 565 7.
1107 541 1187 572 res,
1213 539 1325 563 voces
1352 526 1548 562 secundum

59 593 187 620 verum
217 586 291 626 opt.
321 580 431 627 finget
462 578 498 621 6,
521 581 557 621 2,
586 580 641 613 30.
685 584 758 622 opt.
788 576 934 612 habebit
963 581 1047 612 ante
1070 586 1110 610 se
1134 576 1318 610 molosson
1343 575 1379 617 9,
1401 571 1438 615 4,
1466 574 1545 606 102.

59 634 147 710 ῗέἑ·
177 623 562 708 ffffffissdfflc
575 631 721 706 1⁰3⁰?
749 621 1342 704 ⁸2³‘13fflssg’egeg’gffffiffgss'gffis
1362 617 1407 701 ἵζ’
1428 618 1547 699 {¹⁹93ss

59 685 253 757 oratorei'n'
270 723 343 763 opt.
378 697 608 763 praeparant'
623 697 679 759 10,
707 719 739 759 1,
763 682 821 751 ὃξ.
865 681 962 760 guod
999 720 1072 759 opt.
1105 713 1196 749 scias
1221 715 1278 755 12,
1305 715 1361 755 11,
1388 692 1423 747 6.
1453 691 1549 763 ’eum

59 765 114 801 sic
145 770 220 810 opt.
253 768 359 799 norat
389 765 444 808 12,
481 765 539 806 10,
570 764 625 797 57.
674 769 746 807 opt.
778 762 873 796 inter
902 762 1083 806 juncturas
1114 759 1290 794 sermonis
1317 756 1550 793 revocabitur

60 807 238 856 (spiritus)
270 813 327 854 11,
350 811 386 852 3,
411 811 467 845 53.
510 808 619 842 scribi
645 815 719 853 opt.
748 807 839 843 ceris
865 810 921 850 10,
948 809 983 850 3,
1010 809 1044 842 3.
1089 807 1200 850 idque
1235 805 1310 840 Cic.
1345 810 1417 849 opt.
1447 803 1549 839 videt

58 860 95 903 9,
117 856 154 900 4,
178 858 235 893 56.
325 855 396 899 IV)
425 858 458 888 in
488 857 627 898 Eltipsi:
658 855 708 888 At
733 855 825 899 (Sp.
851 852 951 898 om.)
981 854 1072 887 bene
1097 851 1214 885 Areus
1249 851 1318 894 (sc.
1339 849 1479 894 sinit)
1511 851 1547 892 2,

61 901 117 947 15,
140 903 198 938 36.
230 901 349 950 Quid?
372 900 540 936 Herculis
565 905 643 934 acta
665 911 740 934 non
764 901 857 935 bene
880 897 1095 933 Pisandros?
1131 901 1185 941 10,
1205 900 1238 939 1,
1253 898 1319 939 56,
1358 895 1545 949 Demostb.

57 948 204 992 melius,
245 947 307 993 qui
334 958 374 981 se
402 947 441 981 in
464 948 585 980 locum
611 953 674 980 etc.
696 945 916 980 recondebat
950 947 1004 988 10,
1028 946 1064 987 3,
1087 943 1143 979 25.
1184 943 1320 988 aliquid
1342 948 1459 976 tamen
1482 943 1548 975 ali-

59 1004 133 1040 quo
154 993 195 1028 in
214 995 299 1028 loco
324 993 408 1027 mel.
433 991 512 1034 alii,
548 991 700 1035 plurima
724 992 787 1027 ille
812 995 868 1035 10,
894 994 930 1034 2,
951 990 1008 1026 24.
1048 990 1132 1024 mel.
1160 988 1287 1036 igitur,
1322 988 1384 1033 qui
1407 988 1547 1022 tertiam

58 1046 197 1085 partem
219 1039 388 1074 dixerunt
413 1034 566 1072 amarer
590 1039 626 1080 3,
649 1039 685 1081 8,
711 1039 770 1073 25.
806 1037 867 1072 Sic
890 1038 991 1080 meL,
1016 1047 1122 1081 quam
1148 1036 1286 1069 choreo
1309 1035 1548 1079 praecedente

60 1087 98 1129 9,
119 1085 157 1129 4,
186 1087 274 1128 1073
321 1083 525 1128 optimeque
549 1083 588 1117 in
613 1084 766 1119 Verrem
788 1083 866 1119 Cic.
887 1084 923 1126 6,
955 1086 988 1126 1,
1011 1084 1047 1117 3.
1082 1082 1192 1116 Latro
1216 1080 1323 1128 igitur
1349 1086 1422 1125 opt.
1450 1082 1487 1125 9,
1512 1083 1547 1124 2,

24 1138 30 1141 ’
60 1132 119 1167 91.
158 1136 201 1166 ut
215 1136 295 1176 opt.
319 1130 398 1166 Cic.
424 1130 462 1174 9,
482 1128 518 1172 4,
539 1131 607 1170 23.,

11 1185 307 1228 Benefactum.
344 1196 542 1232 benefactis
570 1196 719 1244 gloriam
740 1196 832 1242 parit
858 1198 893 1241 3,
918 1200 955 1240 7,
982 1198 1040 1231 13.

14 1252 293 1296 Beneficium.
339 1264 428 1300 num
455 1265 663 1300 habebimus
691 1265 762 1299 nisi
797 1264 963 1299 beneficii
993 1263 1101 1299 alieni
1133 1266 1195 1306 ιο,
1224 1267 1260 1308 2,
1292 1264 1326 1298 6.
1373 1264 1549 1300 beneflcio

0 1327 35 1355 r„
58 1310 285 1359 longissimae
309 1312 432 1346 aetatis
457 1313 492 1354 3,
518 1316 551 1355 1,
577 1313 613 1347 9.
638 1329 685 1336 -
716 1311 851 1358 ingenii
881 1316 1102 1355 praestantes
1134 1312 1170 1354 2,
1197 1312 1252 1351 11,
1277 1312 1311 1344 2.
1338 1327 1384 1333 —
1414 1311 1549 1358 ingenii

4 1359 10 1363 ”
58 1357 276 1394 invenerunt
298 1358 332 1401 5,
360 1359 414 1400 10,
441 1359 519 1392 121.
559 1357 598 1392 ἰιι
621 1358 692 1391 hoc
714 1367 882 1405 magnum
907 1357 1026 1391 benef.
1051 1362 1128 1400 est,
1161 1361 1200 1389 ut
1235 1358 1289 1399 12,
1314 1358 1348 1399 7,
1374 1358 1407 1391 7.
1441 1368 1550 1391 accu-

24 1436 26 1439 ,
60 1403 170 1439 satori
196 1404 328 1438 debere
357 1404 476 1438 benef.
506 1405 542 1446 9,
566 1406 602 1447 2,
626 1405 683 1438 83.
723 1403 762 1437 in
794 1405 900 1437 dante
923 1403 1044 1437 benef.
1070 1415 1148 1446 opp.
1173 1402 1346 1441 reddente
1368 1405 1404 1444 7,
1428 1402 1464 1446 4,
1489 1405 1548 1438 23.

10 1486 13 1491 .
33 1490 36 1494 Α
57 1446 106 1484 αἰ
127 1450 322 1484 reddiderit
344 1449 465 1483 benef.
496 1462 576 1494 opp.
601 1449 781 1494 acceperit
804 1452 845 1484 ib.
865 1451 922 1484 38.
959 1451 1105 1484 elevare
1127 1448 1215 1482 tanti
1238 1448 1356 1482 benef.
1381 1447 1548 1493 (oratoris

59 1507 142 1539 erge
172 1494 293 1539 reum)
321 1495 566 1530 auctoritatem
589 1498 646 1538 12,
669 1499 705 1538 7,
729 1497 766 1530 8.
806 1506 881 1530 non
908 1495 1024 1539 enim,
1054 1494 1140 1541 quia
1168 1493 1297 1535 venire
1327 1495 1398 1529 hoc
1424 1494 1546 1530 benef.

61 1550 137 1575 ιιοιι
156 1546 320 1585 oportet,
349 1541 468 1586 perire
492 1547 636 1586 oportet
660 1544 704 1576 ib.
735 1544 792 1576 12.

19 1581 339 1633 ΒΘΠΕἾΟῙΘΜῘΒ·
386 1598 657 1641 humanitas,
694 1597 930 1641 facilitas,
970 1597 1250 1640 moderatio,
1282 1598 1436 1634 benev.
1470 1597 1548 1642 (ju-

63 1644 261 1677 cundissima
285 1646 319 1677 in
343 1643 495 1688 oratore)
531 1647 588 1687 11,
614 1647 647 1686 1,
673 1643 730 1677 42.
774 1644 903 1678 benev.
936 1643 1064 1687 judicis
1088 1643 1124 1686 4,
1156 1646 1188 1686 1,
1216 1645 1274 1678 25.
1313 1644 1405 1678 ratio
1430 1645 1550 1689 acqui-

61 1690 197 1724 rendae
227 1689 297 1724 sibi
329 1701 475 1732 eomm,
515 1701 571 1734 ap.
600 1700 690 1734 quos
716 1689 906 1724 dicendum
930 1689 993 1733 sit,
1031 1690 1164 1725 benev.
1187 1692 1222 1732 3,
1249 1691 1284 1732 8,
1312 1693 1345 1724 7.
1387 1691 1552 1726 benevo-

62 1735 208 1769 lentiam
243 1741 303 1770 aut
340 1746 361 1768 a
395 1736 557 1779 personis
594 1735 774 1778 ducimus,
825 1742 885 1769 aut
922 1747 943 1769 a
980 1735 1096 1769 causis
1133 1735 1326 1779 accipimus
1359 1735 1404 1778 4,
1443 1739 1483 1780 1,
1517 1738 1551 1772 6.

66 1779 273 1825 (concitatos
305 1780 471 1824 affectus)
503 1783 546 1815 ad
577 1781 971 1825 perturbationem
1002 1781 1146 1826 (mites)
1178 1783 1221 1815 ad
1254 1781 1413 1816 benev.
1447 1794 1553 1826 prae-

63 1828 186 1862 valere
208 1827 244 1870 6,
271 1830 307 1869 2,
330 1828 366 1861 9.
415 1833 538 1862 mutua
564 1828 694 1863 benev.
728 1833 850 1862 utetur
880 1831 937 1871 12,
963 1831 999 1870 7,
1030 1830 1088 1862 12.
1127 1827 1158 1862 O
1182 1828 1318 1863 benev..
1339 1829 1554 1875 singularem

52 1875 152 1915 icio.
178 1873 214 1913 9,
240 1875 275 1914 2,
297 1874 354 1906 51.

25 1916 280 1960 Benevolus.
304 1947 350 1953 —
373 1927 514 1962 auditor
533 1927 570 1971 4,
596 1931 629 1971 1,
657 1929 691 1963 5.
716 1931 773 1972 10,
802 1932 835 1973 1,
862 1928 920 1966 48.
956 1929 994 1964 id
1017 1930 1219 1965 benevolos
1240 1930 1328 1964 facit
1350 1933 1383 1975 3,
1407 1935 1443 1974 7,
1471 1930 1528 1966 24.

26 1971 153 2034 Βὶιξῡ·
197 1985 232 2026 Ι)
258 1983 502 2018 bibere-inter
526 1985 702 2030 agendum
732 1988 796 2028 11,
820 1988 861 2030 3,
891 1987 970 2021 136.
1004 1988 1170 2031 (equitem
1195 1986 1321 2030 Rom.)
1354 1988 1391 2021 in
1413 1990 1554 2022 theatro

72 2027 252 2063 bibentem
273 2029 309 2071 6,
332 2031 367 2071 3,
390 2029 436 2063 63
464 2031 509 2062 Ν.
547 2029 633 2063 bibo
656 2042 782 2074 aquam
803 2034 846 2064 ib.
872 2032 918 2066 93
943 2033 990 2065 N.
1023 2033 1053 2066 si
1076 2032 1260 2075 potionem
1288 2033 1434 2067 bibisset
1456 2037 1490 2076 7,
1517 2036 1553 2076 2,

73 2075 131 2108 17.
167 2073 314 2108 bibisset
338 2085 518 2108 venenum
539 2075 576 2115 8,
600 2076 634 2117 5,
658 2077 715 2109 31.
749 2076 854 2110 decet
876 2077 1101 2111 luxuriosum
1126 2078 1283 2111 bibendo
1310 2079 1402 2111 mori
1429 2081 1473 2112 ib.
1496 2082 1553 2113 23.

73 2117 187 2166 fuligo
214 2119 499 2153 lucubrationum
529 2119 683 2153 bibenda
718 2122 774 2162 11,
799 2122 834 2162 3,
857 2124 914 2156 23.
1005 2122 1058 2165 11)
1082 2127 1217 2156 transl„-
1244 2133 1388 2158 omnem
1413 2136 1558 2159 succum

135 2164 206 2199 enii
229 2166 355 2199 bibunt
378 2166 435 2198 Pr.
463 2162 519 2198 24.
552 2165 705 2208 justitiae
729 2166 874 2199 haustus
894 2167 992 2200 bibat
1015 2171 1072 2211 12,
1095 2170 1130 2210 2,
1154 2170 1213 2202 31.

72 2175 111 2198 ιιι

29 2174 313 2269 Bibliotheca·
359 2221 592 2256 bibliothecas
614 2222 814 2256 excutimus
841 2225 898 2266 10,
922 2220 956 2266 i,
986 2223 1062 2258 104.
1099 2223 1255 2258 indicem
1278 2236 1326 2259 ex
1349 2226 1434 2261 bibl.
1461 2239 1557 2262 sum-

74 2273 151 2302 tum
173 2268 366 2302 transferre
390 2268 430 2301 in
451 2267 563 2301 libros
585 2279 670 2303 suos
695 2270 752 2310 10,
777 2271 810 2311 1,
834 2270 892 2303 57.
940 2274 997 2311 ut,
1028 2269 1157 2313 quibus
1181 2270 1332 2315 (poetis)
1362 2274 1480 2308 nullus
1504 2282 1558 2310 est

13 2344 17 2347 .
78 2311 118 2346 in
138 2311 452 2348 bibliothecis
475 2314 597 2358 locus,
634 2314 680 2348 sit
709 2313 814 2348 etiam
840 2315 1012 2360 frequens
1034 2316 1072 2349 in
1103 2316 1303 2351 theatris
1334 2322 1390 2362 11,
1417 2322 1453 2364 3,
1476 2319 1513 2356 4.

35 2353 279 2398 Bissl’fflillm·
314 2378 374 2407 'ex
396 2377 520 2406 nostro
566 2377 602 2406 et
625 2371 840 2418 peregrino,
876 2377 915 2406 ut
941 2371 1026 2406 bicl.
1056 2374 1089 2416 1,
1113 2375 1148 2417 5,
1169 2373 1229 2409 68.

34 2414 233 2459 Biduum·
278 2439 344 2474 per
362 2428 436 2462 bid.
462 2430 522 2462 Pr.
545 2432 581 2463 7.
1024 2464 1025 2467 ,

32 2471 277 2566 Βίἱῖιιιιίζῐιὶί
314 2484 407 2520 intra
427 2485 549 2521 bienn.
574 2487 608 2528 1,
632 2485 688 2527 12,
711 2483 749 2519 9.
783 2485 892 2529 paulo
913 2485 1018 2532 plus,
1050 2499 1156 2533 quam
1180 2489 1365 2527 biennium
1387 2492 1498 2538 Epist.
1520 2495 1565 2528 ad

37 2541 184 2618 Bimr‘YP
195 2598 244 2622 ne
265 2555 359 2621 binis
382 2586 674 2632 praeceptoribus
697 2593 868 2640 oneretur
886 2600 978 2632 puer
1001 2592 1036 2633 2,
1060 2593 1095 2635 1,
1124 2595 1182 2628 13,
1222 2605 1262 2629 ge
1284 2596 1355 2639 jam
1378 2595 1461 2630 bina
1487 2596 1569 2629 mit-

82 2633 133 2667 lia
154 2644 332 2685 passuum.
343 2634 524 2668 ambulare
549 2635 586 2676 6,
610 2635 646 2676 3,
672 2637 729 2668 77.
772 2644 803 2667 sl
833 2633 917 2668 bina
939 2634 1095 2681 (verba)
1122 2640 1215 2674 binis
1239 2639 1504 2685 (opponuntur)
1532 2644 1569 2683 9,

84 2681 121 2722 3,
142 2680 201 2714 81.
244 2678 275 2713 si
297 2679 403 2732 binae
426 2679 641 2714 collidantur
668 2678 931 2722 (consonantes)
953 2683 991 2726 9,
1014 2683 1051 2727 4,
1074 2687 1133 2721 37.
1169 2696 1252 2721 cum
1279 2693 1445 2722 constent
1467 2694 1571 2732 quat-

86 2729 169 2760 tuor
193 2725 305 2771 pedes
330 2724 425 2760 binis
452 2723 627 2770 (syllabis)
651 2726 696 2760 ib.
717 2725 777 2761 80.
