1728 3002
53 272 139 312 314
581 268 749 327 Expeto
787 295 840 302 -
878 269 1069 329 Exploro

101 395 181 438 rum
215 381 568 466 (2³¹'”⁶{3⁰m{'¹)v⁰m¹²i
594 386 703 421 modo
727 395 857 430 corpus
881 385 1108 432 animumque
1137 389 1182 432 2,
1207 388 1251 432 8,
1279 389 1322 431 3;
1357 392 1597 434 expertas

103 442 201 466 vires
263 456 274 475 ,
338 457 349 474 ,
427 443 440 464 Λ
464 452 476 465 .

55 475 239 531 Expeto.
295 498 429 532 poenas
464 490 643 522 scelerum
676 496 848 535 expetere
881 493 949 535 12,
976 494 1019 535 7,
1044 493 1076 526 1.
1114 490 1253 535 majore
1281 501 1326 525 ac
1350 489 1462 538 magis
1483 501 1596 537 enie-

102 535 209 569 tenda
231 533 328 570 vitae
354 535 460 568 laude
489 538 524 578 2,
553 536 608 578 15,
633 539 669 570 2.
1574 552 1580 564 ·

53 590 237 646 ExpirO·
293 602 422 637 marito
449 603 628 647 expiranti
652 605 688 650 9,
710 607 746 648 2,
763 606 824 642 73.
858 610 1041 640 extremus
1070 603 1270 650 expirantis
1296 605 1413 640 hiatus
1429 605 1465 648 6,
1483 606 1520 649 2,
1536 606 1592 640 31.

54 657 327 714 Explanatio.
388 670 485 715 (fig.)
510 672 546 714 9,
572 675 607 715 1,
635 676 693 707 27.
725 673 906 718 quomodo
930 673 1044 716 judex
1070 673 1193 708 doceri
1214 680 1354 718 potest,
1381 674 1412 708 si
1434 673 1526 708 decit
1547 672 1595 706 il-

99 717 220 750 lustris
255 718 404 761 expL,
440 718 710 762 propositio
740 727 801 753 etc.
836 719 1034 754 sententiae
1065 731 1150 755 suae
1183 721 1226 763 9,
1250 723 1294 764 2,
1318 723 1352 755 2.
1391 718 1596 755 necessaria

99 764 295 798 verborum
312 765 411 808 expl.
432 767 488 808 11,
505 766 540 808 3,
557 767 615 800 33.
649 767 837 800 emendata
864 777 945 800 cum
969 766 1143 803 suavitate
1158 777 1293 803 vocum
1310 768 1411 811 expl.
1431 770 1465 811 1,
1483 768 1518 810 5,
1536 767 1593 800 33.

51 818 266 875 ΕΧΡῙὶὶΠΟ·
313 831 344 866 si
370 832 481 866 fuerit
505 844 547 867 os
574 834 743 877 facile,
769 835 1075 878 explanatum
1100 842 1162 869 etc.
1190 837 1248 878 11,
1267 836 1302 879 3,
1318 837 1383 878 30;
1409 845 1596 882 argumen-

100 883 195 921 tum,
233 877 374 913 etiamsi
396 879 557 914 nondum
579 881 702 916 verbis
731 882 1052 926 explanatum,
1086 881 1158 926 jam
1186 886 1308 916 tamen
1333 887 1453 916 mente
1488 891 1594 915 con-

99 929 282 967 ceptum
306 925 340 968 5,
366 927 422 968 10,
445 924 480 959 4.

50 967 233 1024 ΕΧΡῙΘΟ-
278 987 319 1016 ut
342 983 519 1017 humanae
541 983 679 1018 formae
704 981 926 1028 (Polycletus)
950 985 1116 1018 decorem
1143 983 1318 1019 addiderit
1333 995 1440 1029 supra
1455 994 1596 1027 verum,

97 1026 146 1060 ita
173 1037 247 1061 non
272 1029 478 1072 explevisse
503 1031 653 1063 deorum
678 1029 926 1064 auctoritatem
948 1029 1093 1065 videtur
1116 1033 1173 1074 12,
1198 1033 1255 1074 10,
1279 1032 1322 1075 83
1346 1031 1507 1064 nondum
1530 1041 1597 1064 ex-

96 1074 194 1117 pleto
218 1075 342 1108 aetatis
369 1075 641 1111 undevicesimo
667 1087 760 1111 anuo
785 1077 819 1120 6,
845 1078 904 1110 Pr.
928 1076 962 1111 4.
988 1087 1134 1119 sensus,
1162 1087 1238 1111 non
1260 1078 1408 1121 expleto
1431 1086 1597 1119 numero,

97 1121 289 1154 conclusus
325 1122 366 1165 9,
391 1121 435 1165 4,
463 1125 540 1156 122.
576 1122 729 1166 expletis
762 1133 828 1166 pro
854 1124 1024 1157 facultate
1052 1122 1236 1165 omnibus,
1274 1134 1365 1167 quae
1393 1133 1596 1167 proposue-

94 1166 347 1246 ὗὶυτ41οἰ1ἔ,
389 1171 424 1203 7.
472 1170 611 1214 plena
649 1169 831 1212 sentiunt,
876 1175 913 1204 et
951 1180 1109 1214 parum
1150 1169 1348 1214 expleta
1390 1169 1595 1204 desiderant

96 1238 104 1245 ἱ
123 1237 134 1254 ’
207 1237 218 1254 ’
328 1238 337 1247 0
1480 1239 1484 1242 ’

48 1254 311 1311 ExplicatiO.
365 1268 538 1312 plurimas
569 1268 821 1314 quaestiones,
858 1270 986 1314 quibus
1021 1269 1204 1306 difficilior
1232 1270 1302 1306 alia
1322 1270 1463 1307 ratione
1490 1273 1594 1318 expl-

97 1319 152 1348 est
175 1313 263 1358 (Sp.
292 1326 343 1353 ex,
359 1317 485 1348 emend.
513 1318 643 1358 Regii
664 1316 828 1360 quarum)
862 1319 894 1358 1,
921 1318 978 1358 10,
1002 1314 1049 1351 49
1075 1317 1112 1349 S.

49 1368 248 1425 ExpliCO·
295 1382 328 1423 1)
352 1385 376 1417 ἰ.
397 1396 429 1427 q.
457 1387 635 1426 evolvo,
661 1391 728 1417 exi
741 1385 857 1417 endo.
906 1383 947 1424 α)
972 1385 1128 1426 proprie.-
1151 1381 1289 1417 medius
1307 1382 1437 1430 digitus
1455 1382 1494 1417 in
1511 1385 1594 1428 pol-

96 1429 202 1461 licem
226 1428 551 1472 contrahitur,
579 1429 835 1473 explicitis
860 1428 973 1462 tribus
1003 1431 1060 1471 11,
1087 1431 1122 1471 3,
1149 1430 1206 1464 92.
1231 1441 1266 1463 v.
1290 1429 1492 1476 Digitus.
1526 1440 1593 1477 ge-

94 1480 188 1517 stus,
223 1474 284 1518 qui
321 1475 566 1509 contrahit
596 1477 735 1510 alterno
774 1476 956 1519 celerique
988 1480 1110 1518 motu,
1145 1480 1181 1509 et
1205 1475 1421 1519 explicat
1449 1487 1593 1511 manum

94 1523 141 1557 ib.
169 1522 246 1554 102.
285 1522 460 1556 redeunte
482 1522 583 1556 flexu
607 1521 712 1556 simul
734 1521 1013 1566 explicatur
1040 1527 1145 1565 atque
1172 1521 1476 1555 convertitur
1500 1522 1594 1571 (rma-

94 1567 172 1608 nus)
197 1569 240 1600 ib.
269 1569 338 1601 100
360 1569 409 1601 Ν.
443 1579 568 1602 manus
595 1568 794 1612 explicatae
819 1567 905 1612 (Sp.
921 1585 967 1591 —
985 1566 1094 1610 citae)
1117 1570 1152 1609 2,
1171 1569 1228 1610 20,
1254 1570 1276 1601 7
1293 1571 1335 1601 Ζ.
1381 1567 1426 1613 β)
1453 1573 1590 1602 transl..-

94 1612 214 1648 oratio
234 1630 278 1638 --
305 1624 420 1657 aequo
451 1625 646 1661 congressa
678 1624 803 1657 campo
827 1619 921 1647 totas
950 1613 1047 1647 vires
1071 1613 1291 1657 populariter
1314 1613 1510 1656 explicabit
1534 1618 1592 1659 12,

94 1661 138 1702 9,
171 1661 206 1693 2.
251 1665 306 1693 est
337 1659 408 1694 alia
439 1661 653 1695 exercitatio
684 1659 882 1707 cogitandi,
912 1665 1077 1703 totasque
1106 1657 1272 1693 materias
1294 1660 1355 1694 vel
1375 1659 1519 1694 silentio
1547 1680 1591 1687 ·—

93 1705 356 1750 persequendi,
391 1718 482 1751 quae
516 1708 615 1741 nullo
645 1716 719 1740 non
754 1712 790 1741 et
821 1712 983 1749 tempore
1015 1711 1051 1739 et
1078 1706 1182 1748 loco,
1217 1706 1360 1749 quando
1391 1715 1468 1739 non
1494 1705 1591 1740 aliud

79 1751 252 1798 ⁴agimus,
284 1751 460 1796 explicari
483 1759 602 1797 potest
626 1755 694 1795 10,
718 1756 762 1795 7,
788 1753 846 1787 25.
881 1752 1075 1786 habeamus
1100 1762 1187 1786 saue
1213 1771 1261 1777 —-
1283 1757 1398 1786 certas
1420 1751 1592 1798 imagines

94 1797 276 1841 omnium,
302 1806 336 1832 et
365 1799 446 1833 loca
470 1799 610 1834 scilicet
635 1799 793 1841 infinita,
822 1809 901 1842 per
924 1809 1016 1842 quae
1039 1798 1175 1840 verbu,
1205 1803 1294 1841 quot
1314 1803 1398 1831 sunt
1423 1797 1462 1831 in
1485 1797 1592 1842 quin-

94 1855 165 1889 que
204 1851 329 1879 contra
364 1845 517 1880 Verrem
551 1847 730 1880 secundae
762 1844 913 1878 actionis
947 1844 1068 1886 libris,
1107 1843 1336 1887 explicentur
1368 1845 1434 1886 11,
1459 1846 1504 1886 2,
1527 1844 1620 1887 25’;-

95 1893 118 1925 τ’.
145 1904 176 1935 q.
214 1893 421 1934 expedio:
458 1891 672 1935 deprehensi
696 1891 838 1925 interim
867 1892 1042 1934 pudorem
1068 1901 1170 1923 suum
1194 1889 1348 1923 ridiculo
1376 1889 1496 1933 aliquo
1524 1901 1594 1924 ex-

95 1936 230 1981 plicant
247 1938 282 1980 6,
302 1939 337 1980 3,
358 1939 446 1981 10ος
470 1939 643 1983 quaedam
663 1938 770 1972 etiam
793 1948 918 1982 pamm
941 1935 1104 1980 speciosa
1126 1935 1222 1969 dictu
1244 1946 1324 1980 per
1347 1935 1440 1969 hanc
1467 1937 1594 1976 (trans-

94 1984 268 2026 lationem)
297 1983 525 2027 explicantur
550 1986 586 2027 8,
609 1985 645 2027 6,
669 1985 692 2019 8
715 1985 764 2018 Ν.
824 1985 872 2023 ΙΙ)
896 1985 919 2017 ι’.
947 1995 978 2027 q.
1006 1994 1190 2025 expono,
1215 1985 1430 2025 explano:
1463 1980 1506 2024 α)
1534 1987 1594 2016 to-

93 2035 166 2063 tam
191 2030 236 2063 de
259 2030 297 2064 vi
324 2029 482 2074 explicet
505 2042 649 2064 causam
678 2029 721 2072 4,
746 2033 791 2073 2,
815 2033 872 2063 27.
909 2038 983 2062 nou
1008 2027 1103 2062 enim
1130 2033 1212 2061 sunt
1235 2028 1303 2062 hae
1329 2027 1596 2071 propositiones

94 2075 255 2120 (alioqui
279 2087 386 2110 causa
411 2087 485 2111 non
509 2076 784 2120 explicabitur),
817 2076 879 2109 sed
906 2086 986 2108 cum
1014 2074 1087 2108 suis
1109 2073 1307 2107 rationibus
1345 2075 1385 2116 3,
1413 2073 1448 2115 6,
1471 2074 1517 2108 76
1543 2075 1592 2108 Ν.

94 2121 181 2166 juris
215 2121 427 2166 disceptatio
460 2123 635 2166 explicari
668 2128 786 2166 potest
817 2125 862 2155 ib.
887 2122 944 2155 82.
982 2120 1121 2164 quidam
1151 2125 1246 2153 totos
1274 2119 1379 2153 etiam
1403 2119 1502 2153 locos
1527 2131 1595 2154 ex-

97 2167 230 2211 plicant
254 2169 289 2211 5,
315 2170 372 2211 13,
394 2168 452 2204 48.
486 2168 737 2215 grammaticus
762 2169 792 2203 si
817 2186 861 2193 —
885 2167 1112 2211 quaestiones
1140 2165 1299 2209 explicet
1324 2168 1358 2207 1,
1382 2167 1417 2207 2,
1444 2163 1500 2200 14.
1526 2176 1595 2200 ex-

95 2214 282 2257 plicandae
310 2213 363 2248 rei
387 2214 499 2259 gratia
522 2218 557 2258 9,
583 2218 616 2258 1,
644 2213 701 2249 24.
748 2214 793 2260 β)
822 2214 893 2257 adj.
916 2215 1052 2247 Ablata
1081 2211 1240 2255 pluribus
1262 2210 1384 2245 verbis
1407 2210 1467 2253 id‘,
1497 2213 1595 2256 quod

95 2270 170 2292 uno
209 2265 268 2293 aut
299 2261 528 2304 paucioribus
553 2267 652 2296 certe
675 2259 764 2294 dici
798 2265 935 2305 potest,
972 2258 1245 2302 explicatur
1268 2258 1313 2299 8,
1336 2257 1380 2299 6,
1406 2257 1464 2292 59.
1503 2267 1596 2302 quae

94 2307 340 2340 consultorum
369 2307 552 2350 responsis
576 2307 807 2352 explicantur
830 2309 894 2349 12,
921 2307 962 2348 3,
987 2308 1021 2339 7.
1054 2302 1317 2350 ambiguitatem
1339 2313 1482 2345 semper
1504 2309 1596 2337 con-

96 2352 234 2394 iectura
257 2351 433 2396 explicari
457 2355 494 2395 3,
522 2354 557 2397 6,
582 2352 640 2389 43.
669 2352 716 2394 cs-
744 2355 787 2386 ib.
813 2353 871 2388 88.
907 2353 1014 2386 rebus
1044 2355 1149 2384 extra
1170 2347 1319 2393 positis,
1353 2348 1481 2392 quibus
1506 2359 1596 2383 con-

97 2396 234 2440 iectura
259 2398 463 2441 explicatur
486 2401 529 2434 ib.
554 2400 613 2434 45.
660 2398 790 2433 Lucilii
813 2403 1059 2442 praeceptum,
1089 2395 1209 2440 quod,
1238 2394 1320 2439 quia
1343 2394 1504 2438 phu-ibus
1527 2405 1597 2430 ex-

99 2442 252 2485 plicatur
280 2444 445 2479 versibus
477 2453 538 2478 etc.
573 2449 615 2488 1,
639 2449 679 2489 7,
705 2447 761 2480 19.
798 2455 869 2489 quo
900 2443 1039 2477 facilius
1066 2440 1290 2486 propositum
1312 2440 1534 2484 explicemus
1559 2441 1595 2484 5,

102 2490 171 2530 11,
204 2490 239 2520 2.
289 2491 441 2524 eandem
473 2491 686 2526 sententiam
716 2502 789 2525 non
823 2490 948 2523 iisdem
978 2487 1102 2523 verbis
1136 2487 1320 2530 explicant
1352 2488 1398 2529 2,
1439 2488 1503 2529 15,
1537 2486 1593 2522 14.

99 2533 138 2577 y)
170 2545 239 2577 seq.
264 2537 484 2578 Interrogat.:
519 2543 560 2571 ut
584 2537 831 2582 explicemus,
863 2546 952 2580 quae
978 2534 1050 2568 sint
1076 2533 1246 2567 materiae
1271 2534 1336 2573 10,
1361 2533 1402 2574 5,
1427 2535 1460 2565 1.
1498 2536 1595 2565 tanta

100 2579 141 2613 5¹²
160 2578 397 2622 explicando,
424 2583 519 2625 quod
544 2584 657 2627 vetit,
687 2582 799 2630 gratia
827 2584 884 2624 10,
913 2584 945 2624 1,
974 2583 1051 2614 121.
1090 2590 1179 2624 quae
1208 2578 1253 2612 sit
1276 2576 1492 2619 differentia,
1523 2587 1596 2610 ex-

100 2624 246 2669 plicabit
270 2635 427 2660 summus
453 2628 543 2661 liber
566 2630 600 2671 9,
625 2628 660 2672 4,
687 2628 765 2663 146.
796 2628 856 2662 illa
880 2625 1117 2671 (aposiopesis)
1149 2623 1231 2668 quid
1257 2627 1394 2667 taceat,
1418 2621 1595 2656 incertum

100 2676 174 2712 αἲ,
209 2675 270 2703 aut
301 2676 399 2705 certe
428 2673 593 2718 longiore
616 2686 783 2709 sermone
807 2674 1061 2718 explicandum
1083 2673 1129 2715 9,
1152 2672 1196 2713 3,
1218 2669 1275 2703 60·
1309 2677 1427 2711 ne‘Ine
1450 2667 1494 2701 ab
1520 2669 1594 2702 uno

102 2716 186 2751 satis
212 2715 403 2760 explicari,
426 2720 545 2752 unde
568 2719 661 2754 risus
684 2721 721 2764 6,
743 2723 779 2763 3,
802 2723 838 2755 7.

57 2760 267 2817 Exploro·
313 2772 422 2808 variis
445 2776 772 2817 percontationibus
795 2766 1013 2820 explorandi
1036 2777 1118 2808 sunt
1142 2767 1269 2812 (ie-⁸¹²³)
1297 2767 1340 2811 5,
1365 2771 1407 2812 7,
1433 2770 1489 2821 11:
1526 2780 1595 2803 ex‘

103 2819 314 2864 plorandum
337 2824 412 2862 est,
444 2831 531 2863 quas
555 2832 678 2855 causas
707 2822 855 2855 afferant
877 2823 921 2856 ib.
950 2823 1005 2854 13.
1037 2830 1084 2853 ex
1113 2816 1296 2854 lorandum
1320 2819 1396 2859 8⁸1,
1423 2815 1484 2849 ubl
1507 2825 1595 2850 con-

104 2864 285 2918 troversia
305 2864 454 2912 incipiat
475 2869 512 2912 7,
537 2868 571 2912 1,
596 2867 631 2904 8.
663 2866 721 2905 his
744 2866 943 2922 exploratis
971 2868 1007 2910 3,
1029 2865 1077 2921 6,-
1114 2866 1146 2899 1.
