1728 3002
579 292 832 338 Artificialis
858 317 917 327 -—
943 290 1085 349 Asper
1545 294 1600 334 83

23 431 27 434 ·
75 423 89 434 >¹
109 413 175 461 qui
196 421 356 447 summos
381 419 422 445 se
442 407 601 452 iudicent
626 407 780 443 artifices
813 407 851 450 9,
874 407 912 448 3.
935 407 1015 441 100.
1049 403 1094 446 ts·
1120 403 1155 447 5,
1180 406 1236 448 13,
1259 406 1324 447 3ος
1354 403 1416 449 (zie
1439 405 1597 447 music-u)

111 462 148 504 5,
172 462 231 503 10,
258 460 336 494 125.
362 454 514 491 artifices
540 457 575 499 8,
599 454 631 496 5,
654 455 723 496 26;
770 452 815 498 β)
842 465 870 487 ο.
897 453 1028 487 Genit:
1056 451 1225 497 pingendi
1250 450 1478 498 fingendique
1501 450 1597 484 idem

111 506 223 541 mirus
260 504 391 539 artifex
427 505 491 545 12,
519 503 582 544 10,
609 502 644 535 6.
694 499 790 533 artif.
817 497 1077 543 'pronuntiandi
1111 500 1174 538 11,
1199 499 1239 539 3,
1264 500 1320 535 73,
1356 497 1423 531 106
1444 498 1491 530 Ν.
1516 499 1596 531 112.

115 550 269 598 Gorgias
293 560 352 594 ap.
375 549 468 584 Plat.
495 545 666 581 suadendi
697 547 784 590 (Sp.
810 545 998 589 persuad.)
1028 555 1067 577 se
1092 543 1186 577 artif.
1212 554 1292 577 esse
1316 542 1364 576 ait
1385 545 1426 585 2,
1454 544 1515 585 15,
1540 543 1596 581 18.

114 607 274 633 summm
291 595 354 632 ille
375 594 639 628 tractandorum
664 592 862 625 animorum
885 591 979 623 artif.
1004 588 1155 632 (Cicero)
1183 592 1237 631 11,
1264 592 1295 627 1,
1319 590 1376 624 85.
1403 594 1598 622 statuarum

114 641 268 677 artifices
290 642 333 683 5,
360 643 421 679 12,
445 642 502 673 21.
530 638 782 683 imperatorem
806 653 849 661 —-
873 636 1050 677 omnium,
1081 646 1173 679 quae
1197 646 1316 682 pugna
1338 634 1474 679 poscit,
1502 635 1600 668 artis.

114 690 219 730 ί2.3,
233 688 267 723 5.
299 686 442 721 Phidias
465 685 534 719 diis
557 695 662 729 qnam
688 683 891 717 hominibus
914 681 1111 716 efficiendis
1135 681 1265 715 melior
1287 681 1382 715 artif-
1407 684 1463 723 12,
1482 683 1538 724 10,
1559 682 1595 716 9.

79 751 85 757 ·
113 734 167 776 11)
189 734 347 776 Adia-e..-
382 731 441 766 cui
466 742 542 765 non
568 730 749 764 artifex
782 734 927 762 motus
955 736 1015 761 etc.
1049 727 1159 761 assint
1183 729 1219 769 9,
1243 726 1278 770 4,
1302 727 1338 761 8.
1369 738 1403 761 v.
1430 727 1598 762 Motus·

70 775 334 821 Artificialis.
401 789 434 830 l)
460 789 566 831 Adju
596 787 719 821 artific.
746 784 973 830 probationes
1001 786 1036 827 5,
1055 786 1089 824 1,
1111 786 1143 816 1.
1173 783 1356 818 artificiale
1377 783 1598 827 probationis

107 846 227 884 ,genus
259 838 321 877 12,
346 835 387 876 8,
413 832 469 867 14.
503 833 595 867 artif-
624 833 762 866 ratione
793 832 836 874 6,
858 831 903 871 4,
926 829 962 862 4.
1053 830 1101 870 11)
1132 831 1263 863 Subsu:
1301 835 1341 864 ut
1374 836 1598 865 commoneat

96 874 349 923 'artificialium
371 879 413 923 (ἰ.
442 892 472 913 e.
495 882 729 924 vocabulorum
754 877 852 919 ariis)
879 879 911 917 1,
937 877 973 918 8,
999 873 1054 908 14.
1081 875 1128 908 N.

68 923 376 968 Artfficialiter·
424 946 495 979 qua
523 935 563 969 in
594 945 634 968 re
664 934 752 967 alius
783 944 823 967 se
852 930 1259 975 inartificialiter,
1301 929 1390 965 alius
1424 931 1597 967 artific.

117 988 223 1029 gerat>
241 985 276 1024 2,
301 985 358 1024 17,
380 979 439 1014 42.
872 1012 875 1016 ,
1580 987 1598 1003 ν

70 1025 200 1076 Attifi
224 1027 355 1067 iosus.
398 1042 439 1070 ut
469 1036 568 1079 Cic.,
603 1046 694 1080 quae
725 1033 905 1068 rhetorice
937 1038 1111 1076 vocetur,
1151 1043 1231 1067 esse
1264 1031 1492 1067 artificiosam
1523 1035 1601 1069 elo

119 1083 297 1128 quentiam
322 1082 415 1117 dicat
438 1085 474 1124 2,
498 1085 554 1124 17,
577 1084 611 1115 2.

73 1125 328 1171 Arfifioium.
357 1157 402 1165 —
429 1148 625 1182 coquonun
650 1156 694 1163 —
719 1146 935 1183 mangonum
962 1139 998 1179 2,
1024 1137 1079 1178 15,
1102 1137 1160 1170 25.
1198 1146 1281 1170 cum
1302 1135 1365 1169 illa
1386 1135 1499 1170 verba
1521 1145 1602 1183 gra>

72 1185 263 1222 »vinium
286 1195 334 1218 ex
355 1184 480 1219 intimo
508 1183 602 1216 artic.
627 1183 878 1226 depromsisset
909 1185 991 1217 Cic.
1017 1196 1052 1226 p.
1078 1185 1250 1217 cluent.
1274 1182 1309 1223 6,
1333 1184 1369 1225 3,
1392 1180 1451 1216 40.

71 1226 217 1299 gnus·
262 1241 349 1274 nudi
371 1247 408 1275 et
431 1242 530 1275 velut
557 1251 664 1274 carne
687 1238 827 1283 spoliati
853 1245 949 1273 artus
973 1239 1007 1282 5,
1026 1241 1081 1280 12,
1096 1239 1119 1273 6
1143 1239 1191 1272 Ν.
1220 1244 1315 1272 artus
1343 1238 1449 1272 etiam
1471 1237 1604 1273 leviter

116 1286 201 1323 loeo
227 1287 315 1322 moti
337 1287 511 1331 perdunt,
539 1296 610 1331 quo
634 1286 847 1332 viguerunt,
872 1296 975 1318 usum
998 1288 1035 1329 7,
1054 1285 1113 1318 Pr.
1128 1287 1164 1318 2.
1178 1284 1255 1329 qui
1282 1294 1367 1318 suos
1390 1290 1456 1319 art.
1480 1292 1604 1320 morsu

26 1372 35 1387 ε
82 1367 90 1370 ,
117 1327 312 1368 redamet
336 1334 372 1376 8,
395 1336 432 1377 2,
454 1334 512 1366 20.
1273 1342 1277 1345 ·

70 1373 286 1443 A‘fllspex.
320 1409 368 1416 —
403 1388 485 1434 quia
510 1399 591 1433 pars
616 1388 691 1430 ejus
715 1385 896 1431 posterior
918 1397 939 1419 a
962 1387 1156 1429 spectando
1182 1391 1248 1430 est,
1276 1399 1293 1419 s
1316 1386 1455 1420 literam
1476 1386 1604 1422 tertiae

118 1435 215 1469 dabit
237 1438 272 1479 1,
283 1438 318 1478 7,
332 1436 367 1472 9.
391 1435 591 1479 aruspicum
613 1434 701 1467 fides
714 1435 749 1476 5,
761 1436 797 1477 7,
809 1433 922 1467 36.—
944 1433 1127 1476 responsis
1151 1434 1200 1476 (a.
1215 1437 1238 1465 l.
1259 1432 1418 1476 harusp.)
1431 1435 1466 1475 5,
1480 1435 1537 1477 10,
1547 1436 1606 1469 30.

137 1493 250 1527 vum·
298 1488 346 1526 ne
372 1502 460 1526 arva
482 1491 587 1525 simul
621 1496 657 1525 et
679 1489 801 1524 vineta
832 1496 895 1524 etc.
924 1491 1045 1523 colant
1069 1492 1104 1534 1,
1129 1492 1186 1534 12,
1208 1492 1244 1524 7.
1281 1490 1392 1523 rubos
1418 1489 1516 1526 arvis
1538 1501 1607 1524 ex-

74 1540 77 1541 ’
121 1537 277 1586 uidimus
293 1539 330 1580 9,
352 1536 388 1579 4,
412 1539 446 1572 5.
742 1560 748 1562 ⁷
1398 1557 1402 1558 ν

74 1579 182 1626 Arx·
226 1593 266 1627 in
287 1605 370 1628 arce
394 1605 441 1628 an
463 1593 562 1629 domi
588 1595 777 1636 (iyrqrmum
804 1593 975 1635 occiderit)
1001 1596 1036 1630 7.
1062 1591 1100 1635 4,
1123 1593 1177 1625 22.
1205 1590 1429 1638 magistratus
1453 1591 1497 1625 ab
1524 1602 1608 1626 arce

75 1655 101 1663 -r
120 1648 169 1672 18
187 1639 343 1674 discedat
367 1642 403 1682 7,
421 1643 459 1684 7,
477 1639 503 1674 4
525 1641 573 1674 Ν.
607 1639 782 1673 Cicerone
806 1650 926 1673 arcem
955 1643 1099 1673 tenente
1129 1638 1355 1681 eloquentiae
1387 1640 1444 1681 12,
1472 1640 1528 1681 11,
1548 1639 1610 1673 28.

38 1735 41 1738 ,
74 1680 154 1724 AS·
201 1699 371 1741 tanquam
392 1707 508 1730 assem
532 1695 724 1739 elephanto
748 1696 811 1729 des
833 1695 870 1739 6,
893 1697 928 1738 3,
950 1696 995 1730 59
1020 1696 1068 1729 Ν.
1094 1697 1246 1728 ex'asse
1268 1694 1374 1728 heres
1398 1697 1433 1737 7,
1458 1697 1491 1736 1,
1514 1696 1572 1728 20.

31 1791 33 1793 q
76 1735 299 1798 Ascendo..
333 1752 367 1795 l)
393 1755 548 1798 proprie.-
575 1753 636 1797 qui
658 1764 799 1787 minum
823 1751 1025 1786 ascenderit
1035 1749 1122 1794 4,4,
1135 1749 1171 1784 4·
1197 1753 1233 1792 7,
1247 1751 1280 1793 6,
1294 1751 1329 1784 6.
1399 1751 1452 1792 11)
1476 1755 1607 1785 transl..-

0 1798 22 1806 ''
124 1796 262 1831 etiamst
291 1807 367 1832 non
395 1809 461 1843 per
520 1801 627 1833 radus
665 1799 947 1841 ascendant,
993 1803 1113 1831 tamen
1146 1796 1248 1831 velut
1285 1806 1418 1830 acervo
1456 1798 1610 1841 quodam

100 1843 391 1877 —alleventur
421 1845 466 1886 8,
519 1869 530 1887 ‚
557 1846 614 1879 26.
651 1847 681 1878 ib
717 1847 751 1879 5.
786 1843 935 1878 totidem
966 1849 1048 1877 sunt
1082 1841 1480 1886 ascendentibus,
1524 1849 1611 1887 quot

126 1887 555 1932 descendentibus,
589 1892 788 1936 gradus'ib.
803 1891 861 1924 28.
889 1895 949 1923 aut
972 1890 1017 1923 ad
1039 1888 1192 1923 fortiora
1216 1887 1447 1931 ascendit,
1482 1894 1544 1922 aut
1566 1890 1611 1923 ad

85 1952 102 1966 ff·
122 1932 290 1966 maiora
314 1934 619 1968 summittitur
643 1939 699 1978 12,
724 1938 780 1978 10,
805 1937 863 1970 67.

81 1973 273 2017 Alcisscoo
321 1991 416 2032 quod
438 1987 674 2023 similitudinis
697 1990 808 2036 gratia
833 1989 1024 2024 ascivimus
1048 1991 1081 2027 8.
1095 1991 1129 2031 3,
1141 1991 1200 2024 73.
1227 1995 1327 2023 recte
1352 1988 1462 2023 ascita
1484 1979 1611 2032 (iram.

130 2033 236 2072 tenio)
255 2033 292 2074 8,
313 2033 349 2075 6,
370 2035 403 2070 5.
427 2035 582 2069 varietas
604 2036 716 2081 gratia
740 2035 1011 2079 compositionis
1038 2035 1146 2068 ascita
1173 2036 1208 2076 9,
1236 2034 1273 2078 4,
1296 2036 1354 2069 58.

82 2073 281 2118 Asci-ibo.
318 2098 423 2132 qum
442 2090 619 2131 (metm)
637 2090 765 2124 dativis
785 2091 924 2124 casibus
943 2091 982 2124 in
999 2097 1100 2134 parte
1120 2090 1243 2122 ultima
1260 2089 1440 2122 ascribunt
1457 2091 1491 2132 1,
1505 2091 1542 2132 7,
1554 2092 1613 2126 17.

129 2138 249 2176 potest
280 2134 408 2167 ascribi
438 2135 701 2179 amplificationi
730 2135 917 2186 congeries
950 2137 1144 2169 verborum
1167 2137 1211 2177 8,
1235 2134 1280 2177 4,
1303 2135 1360 2168 26.
1409 2134 1469 2178 qui
1494 2135 1615 2179 etiam,

131 2189 222 2223 quae
247 2184 328 2212 sunt
354 2185 662 2226 argumentorum,
693 2179 815 2226 figuris
839 2179 1077 2223 ascripserunt
1101 2182 1138 2222 9,
1163 2182 1197 2221 3,
1221 2180 1280 2214 99.
1315 2178 1413 2214 vitiis
1436 2180 1614 2216 ascribere
1672 2176 1679 2181 ”

130 2222 295 2257 affectum
317 2227 374 2267 12,
399 2227 434 2268 5,
457 2227 492 2263 3.

59 2265 259 2313 .A8inus.
316 2280 401 2316 Jun.
434 2282 589 2326 Bassus,
624 2281 733 2316 homo
761 2280 801 2314 in
823 2280 946 2326 primis
973 2280 1098 2323 dicax,
1128 2278 1263 2315 Asinus
1288 2281 1396 2316 -albus
1418 2282 1617 2318 vocabatur

47 2341 50 2350 ·
105 2316 168 2368 fs.
189 2326 226 2368 3,
249 2326 307 2360 57.

89 2375 309 2433 Aspectnso
354 2393 389 2436 Ι)
411 2396 567 2438 proprie.-
596 2406 671 2439 asp.
698 2394 775 2438 ipse
796 2394 872 2428 sine
892 2405 987 2428 voce
1007 2395 1196 2437 persuadet
1211 2397 1247 2438 2,
1262 2394 1319 2437 15,
1330 2395 1365 2430 6.
1393 2397 1616 2439 (miserorum)

86 2481 95 2485 -
137 2441 253 2487 mutus
276 2447 349 2481 asp.
374 2439 416 2481 6,
441 2443 481 2481 1,
502 2441 561 2475 26.
598 2447 652 2474 est
676 2441 817 2474 interim
841 2446 877 2474 et
901 2445 1113 2483 aspectus
1132 2441 1175 2474 ‘et
1201 2441 1394 2475 habitus
1422 2443 1517 2476 oris
1542 2453 1618 2476 non

136 2482 329 2516 inurbanus
350 2484 385 2525 6,
399 2486 434 2526 3,
447 2485 504 2520 26.
534 2496 623 2530 asp.
652 2497 792 2531 semper
813 2487 940 2520 eodem
957 2486 1121 2529 vertitur,
1149 2497 1219 2530 quo
1247 2492 1406 2533 gestus
1430 2491 1487 2531 11,
1504 2490 1536 2522 3.
1551 2490 1616 2532 70;

138 2526 296 2571 vultu,
330 2529 526 2574 habitu,
549 2538 750 2575 aspectu
775 2531 917 2566 moveri
942 2531 979 2573 6,
1003 2533 1037 2573 1,
1062 2532 1119 2566 14.
1155 2531 1201 2573 cs.
1224 2535 1261 2576 2,
1287 2534 1345 2575 15,
1369 2536 1406 2567 7.
1440 2534 1537 2567 oculi
1562 2534 1618 2567 di-

135 2581 318 2606 versarum
341 2581 488 2619 aspectu
508 2587 628 2610 rerum
651 2577 807 2611 maxime
834 2577 1039 2610 detinentur
1058 2577 1102 2618 9,
1125 2579 1167 2619 2,
1193 2578 1252 2612 63.
1290 2579 1442 2622 pulcher
1471 2586 1618 2623 aspectu

134 2617 267 2668 athleta
296 2620 332 2661 8,
358 2622 391 2654 3.
418 2623 473 2655 10.
509 2632 660 2666 corpora
687 2628 833 2666 aspectu
857 2622 994 2669 integra
1017 2625 1073 2664 11,
1095 2624 1131 2665 3,
1155 2623 1212 2658 55.
1302 2625 1353 2663 11)
1378 2629 1516 2660 tmnsz..-
1556 2624 1619 2669 qui

120 2663 267 2710 ¹«iacitur
289 2662 474 2710 μυνουδῆς
502 2666 569 2709 (sic
591 2673 695 2711 vulg„
724 2671 791 2712 Sp.
818 2669 939 2711 consec.
964 2668 1060 2711 quod
1082 2667 1151 2701 dic.
1176 2667 1373 2711 μονοειδές,
1400 2671 1460 2703 sed
1481 2674 1620 2714 propius

38 2741 49 2763 Ι
90 2731 96 2734 -
141 2709 245 2742 Godd.
268 2710 350 2743 erit.-
388 2721 478 2754 quae
505 2712 634 2746 dicitur
658 2710 854 2756 μυνοειδία.
881 2714 928 2746 Ν.
956 2712 1020 2756 cr.)
1047 2713 1150 2757 quasi
1173 2714 1315 2757 quidam
1338 2725 1430 2748 unus
1455 2721 1620 2759 aspectus

80 2787 84 2790 ,
137 2751 354 2801 (contr-asiam
374 2758 547 2801 variemff)
576 2762 631 2800 11,
649 2762 682 2800 3,
700 2758 755 2792 44.
780 2760 824 2791 ad
847 2759 999 2802 primum
1020 2759 1122 2793 velut
1145 2770 1219 2803 asp.
1245 2758 1416 2793 orationis
1439 2763 1495 2804 10,
1506 2763 1542 2804 2,
1562 2762 1617 2799 16.

12 2825 27 2858 ᾗ
93 2794 244 2852 Asper·
291 2811 322 2847 1)
350 2816 484 2856 proprie
511 2816 558 2847 ud
586 2827 700 2847 sensus
734 2818 895 2858 pertinet:
934 2814 1051 2859 asperi
1080 2815 1192 2848 colles
1216 2817 1281 2857 12,
1301 2816 1346 2859 9,
1368 2818 1404 2851 2.
1435 2813 1621 2851 confra-

12 2860 36 2891 ·.·
139 2854 269 2899 gosis
302 2861 406 2900 atque
440 2860 631 2903 asperis
663 2860 782 2896 evecti
818 2865 895 2894 tuto
923 2862 1080 2906 pandere
1102 2870 1290 2905 possumus
1314 2862 1398 2897 vela
1422 2862 1468 2906 6,
1490 2865 1531 2903 1,
1556 2864 1618 2905 52,

1148 2921 1213 2962 δέ
