<?xml version="1.0" encoding="UTF-8"?>
<!DOCTYPE html PUBLIC "-//W3C//DTD XHTML 1.0 Transitional//EN"
    "http://www.w3.org/TR/xhtml1/DTD/xhtml1-transitional.dtd">
<html xmlns="http://www.w3.org/1999/xhtml" xml:lang="en" lang="en">
 <head>
  <title>
</title>
<meta http-equiv="Content-Type" content="text/html;charset=utf-8" />
  <meta name='ocr-system' content='tesseract 3.04.00' />
  <meta name='ocr-capabilities' content='ocr_page ocr_carea ocr_par ocr_line ocrx_word'/>
</head>
<body>
  <div class='ocr_page' id='page_1' title='image "./lexiconquintilia06bonnuoft_1087.png"; bbox 0 0 1742 2964; ppageno 0'>
   <div class='ocr_carea' id='block_1_1' title="bbox 23 339 760 395">
    <p class='ocr_par' dir='ltr' id='par_1_1' title="bbox 23 339 760 395">
     <span class='ocr_line' id='line_1_1' title="bbox 23 339 760 395; baseline -0.011 -13"><span class='ocrx_word' id='word_1_1' title='bbox 23 345 212 395; x_wconf 66' lang='lat' dir='ltr'>cicero.</span> <span class='ocrx_word' id='word_1_2' title='bbox 245 341 371 380; x_wconf 79' lang='lat' dir='ltr'>Oratio</span> <span class='ocrx_word' id='word_1_3' title='bbox 403 351 472 387; x_wconf 85' lang='lat' dir='ltr'>pro</span> <span class='ocrx_word' id='word_1_4' title='bbox 492 341 660 384; x_wconf 80' lang='lat' dir='ltr'>Vareno,</span> <span class='ocrx_word' id='word_1_5' title='bbox 698 339 760 385; x_wconf 84' lang='lat' dir='ltr'>qui</span> 
     </span>
    </p>
   </div>
   <div class='ocr_carea' id='block_1_2' title="bbox 435 223 1556 280">
    <p class='ocr_par' dir='ltr' id='par_1_2' title="bbox 435 223 1556 280">
     <span class='ocr_line' id='line_1_2' title="bbox 435 223 1556 280; baseline -0.012 -9"><span class='ocrx_word' id='word_1_6' title='bbox 435 227 573 271; x_wconf 80' lang='lat' dir='ltr'>Index</span> <span class='ocrx_word' id='word_1_7' title='bbox 598 225 832 269; x_wconf 84' lang='lat' dir='ltr'>Nominum</span> <span class='ocrx_word' id='word_1_8' title='bbox 861 223 1148 280; x_wconf 72' lang='lat' dir='ltr'>Propi-iorum.</span> <span class='ocrx_word' id='word_1_9' title='bbox 1475 227 1556 266; x_wconf 78' lang='lat'>995</span> 
     </span>
    </p>
   </div>
   <div class='ocr_carea' id='block_1_3' title="bbox 819 333 1420 381">
    <p class='ocr_par' dir='ltr' id='par_1_3' title="bbox 819 333 1420 381">
     <span class='ocr_line' id='line_1_3' title="bbox 819 333 1420 381; baseline -0.007 -7"><span class='ocrx_word' id='word_1_10' title='bbox 819 338 1003 374; x_wconf 80' lang='lat' dir='ltr'>Cicero.</span> <span class='ocrx_word' id='word_1_11' title='bbox 1031 338 1105 381; x_wconf 72' lang='lat' dir='ltr'>ejus</span> <span class='ocrx_word' id='word_1_12' title='bbox 1128 334 1218 371; x_wconf 80' lang='lat' dir='ltr'>Cato</span> <span class='ocrx_word' id='word_1_13' title='bbox 1240 333 1276 378; x_wconf 83' lang='lat'>5,</span> <span class='ocrx_word' id='word_1_14' title='bbox 1300 334 1360 377; x_wconf 91' lang='lat'>10,</span> <span class='ocrx_word' id='word_1_15' title='bbox 1385 336 1420 373; x_wconf 86' lang='lat'><strong>9.</strong></span> 
     </span>
    </p>
   </div>
   <div class='ocr_carea' id='block_1_4' title="bbox 813 404 1555 507">
    <p class='ocr_par' dir='ltr' id='par_1_4' title="bbox 813 404 1555 507">
     <span class='ocr_line' id='line_1_4' title="bbox 813 404 1555 448; baseline -0.004 -7"><span class='ocrx_word' id='word_1_16' title='bbox 813 424 859 434; x_wconf 88' lang='lat'>—</span> <span class='ocrx_word' id='word_1_17' title='bbox 884 405 1032 442; x_wconf 87' lang='lat' dir='ltr'>Catulus</span> <span class='ocrx_word' id='word_1_18' title='bbox 1064 411 1099 439; x_wconf 90' lang='lat' dir='ltr'>et</span> <span class='ocrx_word' id='word_1_19' title='bbox 1130 404 1323 447; x_wconf 77' lang='lat' dir='ltr'>Lucullus,</span> <span class='ocrx_word' id='word_1_20' title='bbox 1361 411 1452 448; x_wconf 88' lang='lat' dir='ltr'>qnos</span> <span class='ocrx_word' id='word_1_21' title='bbox 1485 404 1555 439; x_wconf 83' lang='lat' dir='ltr'>iam</span> 
     </span>
     <span class='ocr_line' id='line_1_5' title="bbox 857 461 1554 507; baseline -0.001 -10"><span class='ocrx_word' id='word_1_22' title='bbox 857 463 972 498; x_wconf 83' lang='lat' dir='ltr'>editos</span> <span class='ocrx_word' id='word_1_23' title='bbox 1010 462 1090 496; x_wconf 86' lang='lat' dir='ltr'>aliis</span> <span class='ocrx_word' id='word_1_24' title='bbox 1130 468 1257 507; x_wconf 84' lang='lat' dir='ltr'>postea</span> <span class='ocrx_word' id='word_1_25' title='bbox 1294 461 1437 506; x_wconf 87' lang='lat' dir='ltr'>scriptis</span> <span class='ocrx_word' id='word_1_26' title='bbox 1476 462 1554 507; x_wconf 86' lang='lat' dir='ltr'>ipse</span> 
     </span>
    </p>
   </div>
   <div class='ocr_carea' id='block_1_5' title="bbox 65 398 761 616">
    <p class='ocr_par' dir='ltr' id='par_1_5' title="bbox 65 398 761 616">
     <span class='ocr_line' id='line_1_6' title="bbox 67 398 761 445; baseline -0.014 -5"><span class='ocrx_word' id='word_1_27' title='bbox 67 402 148 439; x_wconf 75' lang='lat' dir='ltr'>alii·</span> <span class='ocrx_word' id='word_1_28' title='bbox 182 401 347 438; x_wconf 82' lang='lat' dir='ltr'>omnibus</span> <span class='ocrx_word' id='word_1_29' title='bbox 363 398 636 445; x_wconf 60' lang='lat' dir='ltr'>(praeterquam</span> <span class='ocrx_word' id='word_1_30' title='bbox 671 399 761 442; x_wconf 77' lang='lat' dir='ltr'>quod</span> 
     </span>
     <span class='ocr_line' id='line_1_7' title="bbox 66 456 759 514; baseline -0.012 -19"><span class='ocrx_word' id='word_1_31' title='bbox 66 461 244 514; x_wconf 42' lang='lat' dir='ltr'>videbatur</span> <span class='ocrx_word' id='word_1_32' title='bbox 258 457 423 501; x_wconf 73' lang='lat' dir='ltr'>facinoris</span> <span class='ocrx_word' id='word_1_33' title='bbox 449 469 585 490; x_wconf 78' lang='lat' dir='ltr'>causam</span> <span class='ocrx_word' id='word_1_34' title='bbox 610 468 673 489; x_wconf 83' lang='lat' dir='ltr'>non</span> <span class='ocrx_word' id='word_1_35' title='bbox 696 456 759 487; x_wconf 79' lang='lat' dir='ltr'>ha-</span> 
     </span>
     <span class='ocr_line' id='line_1_8' title="bbox 66 513 757 560; baseline -0.01 -8"><span class='ocrx_word' id='word_1_36' title='bbox 66 514 188 560; x_wconf 63' lang='lat' dir='ltr'>lin’soe)</span> <span class='ocrx_word' id='word_1_37' title='bbox 203 515 447 560; x_wconf 82' lang='lat' dir='ltr'>premebatur:</span> <span class='ocrx_word' id='word_1_38' title='bbox 462 525 545 548; x_wconf 88' lang='lat' dir='ltr'>nam</span> <span class='ocrx_word' id='word_1_39' title='bbox 559 517 595 547; x_wconf 88' lang='lat' dir='ltr'>et</span> <span class='ocrx_word' id='word_1_40' title='bbox 610 513 757 546; x_wconf 84' lang='lat' dir='ltr'>damna-</span> 
     </span>
     <span class='ocr_line' id='line_1_9' title="bbox 65 569 754 616; baseline -0.012 -7"><span class='ocrx_word' id='word_1_41' title='bbox 65 575 207 608; x_wconf 62' lang='lat' dir='ltr'>tusest.</span> <span class='ocrx_word' id='word_1_42' title='bbox 230 576 267 616; x_wconf 89' lang='lat'>7,</span> <span class='ocrx_word' id='word_1_43' title='bbox 289 575 325 616; x_wconf 85' lang='lat'>2,</span> <span class='ocrx_word' id='word_1_44' title='bbox 348 571 405 610; x_wconf 84' lang='grc'>36.</span> <span class='ocrx_word' id='word_1_45' title='bbox 428 570 464 614; x_wconf 93' lang='grc'>4,</span> <span class='ocrx_word' id='word_1_46' title='bbox 491 573 526 614; x_wconf 89' lang='grc'>1,</span> <span class='ocrx_word' id='word_1_47' title='bbox 542 569 646 603; x_wconf 81' lang='grc' dir='ltr'><strong>74Ν.</strong></span> <span class='ocrx_word' id='word_1_48' title='bbox 673 570 754 602; x_wconf 72' lang='grc' dir='ltr'><strong>σιω.</strong></span> 
     </span>
    </p>
   </div>
   <div class='ocr_carea' id='block_1_6' title="bbox 813 519 1382 635">
    <p class='ocr_par' dir='ltr' id='par_1_6' title="bbox 813 519 1382 635">
     <span class='ocr_line' id='line_1_10' title="bbox 857 519 1248 562; baseline 0 -8"><span class='ocrx_word' id='word_1_49' title='bbox 857 519 1040 555; x_wconf 77' lang='lat' dir='ltr'>damnavit</span> <span class='ocrx_word' id='word_1_50' title='bbox 1067 520 1102 562; x_wconf 87' lang='grc'>3,</span> <span class='ocrx_word' id='word_1_51' title='bbox 1129 521 1165 561; x_wconf 87' lang='grc'>6,</span> <span class='ocrx_word' id='word_1_52' title='bbox 1190 519 1248 554; x_wconf 86' lang='grc'>63.</span> 
     </span>
     <span class='ocr_line' id='line_1_11' title="bbox 813 566 1382 635; baseline -0.005 -13"><span class='ocrx_word' id='word_1_53' title='bbox 813 574 859 615; x_wconf 74' lang='grc'>-’-</span> <span class='ocrx_word' id='word_1_54' title='bbox 880 589 919 622; x_wconf 79' lang='lat' dir='ltr'>in</span> <span class='ocrx_word' id='word_1_55' title='bbox 942 587 1105 635; x_wconf 84' lang='lat' dir='ltr'>Dialogis</span> <span class='ocrx_word' id='word_1_56' title='bbox 1130 589 1185 627; x_wconf 86' lang='lat'>11,</span> <span class='ocrx_word' id='word_1_57' title='bbox 1211 588 1244 629; x_wconf 86' lang='lat'>1,</span> <span class='ocrx_word' id='word_1_58' title='bbox 1267 587 1326 620; x_wconf 87' lang='lat'>21.</span> <span class='ocrx_word' id='word_1_59' title='bbox 1378 566 1382 571; x_wconf 69' lang='grc'><em>’</em></span> 
     </span>
    </p>
   </div>
   <div class='ocr_carea' id='block_1_7' title="bbox 0 2057 85 2710">
    <p class='ocr_par' dir='ltr' id='par_1_7' title="bbox 0 2057 85 2710">
     <span class='ocr_line' id='line_1_12' title="bbox 0 2057 25 2170; baseline 0 -100"><span class='ocrx_word' id='word_1_60' title='bbox 0 2057 25 2170; x_wconf 95' lang='lat' dir='ltr'>  </span> 
     </span>
     <span class='ocr_line' id='line_1_13' title="bbox 0 2170 37 2504; baseline 0 -47"><span class='ocrx_word' id='word_1_61' title='bbox 0 2170 37 2504; x_wconf 95' lang='lat' dir='ltr'>    </span> 
     </span>
     <span class='ocr_line' id='line_1_14' title="bbox 0 2504 85 2710; baseline 0 -151"><span class='ocrx_word' id='word_1_62' title='bbox 0 2504 85 2710; x_wconf 95' lang='lat' dir='ltr'>  </span> 
     </span>
    </p>
   </div>
   <div class='ocr_carea' id='block_1_8' title="bbox 54 626 759 732">
    <p class='ocr_par' dir='ltr' id='par_1_8' title="bbox 54 626 759 732">
     <span class='ocr_line' id='line_1_15' title="bbox 54 626 758 676; baseline -0.011 -9"><span class='ocrx_word' id='word_1_63' title='bbox 54 631 103 676; x_wconf 87' lang='grc'>-9,</span> <span class='ocrx_word' id='word_1_64' title='bbox 125 633 162 674; x_wconf 83' lang='grc'>2,</span> <span class='ocrx_word' id='word_1_65' title='bbox 185 630 243 665; x_wconf 75' lang='grc'>56.</span> <span class='ocrx_word' id='word_1_66' title='bbox 274 630 307 672; x_wconf 90' lang='grc'>5,</span> <span class='ocrx_word' id='word_1_67' title='bbox 328 631 387 672; x_wconf 88' lang='lat'>10,</span> <span class='ocrx_word' id='word_1_68' title='bbox 421 628 478 663; x_wconf 78' lang='lat'><strong>09.</strong></span> <span class='ocrx_word' id='word_1_69' title='bbox 503 626 539 670; x_wconf 87' lang='lat'>5,</span> <span class='ocrx_word' id='word_1_70' title='bbox 562 627 618 667; x_wconf 86' lang='lat'>13,</span> <span class='ocrx_word' id='word_1_71' title='bbox 640 627 698 660; x_wconf 81' lang='lat'><strong>28.</strong></span> <span class='ocrx_word' id='word_1_72' title='bbox 722 627 758 668; x_wconf 84' lang='lat'>6,</span> 
     </span>
     <span class='ocr_line' id='line_1_16' title="bbox 67 683 759 732; baseline -0.01 -9"><span class='ocrx_word' id='word_1_73' title='bbox 67 689 112 732; x_wconf 82' lang='grc'>1,</span> <span class='ocrx_word' id='word_1_74' title='bbox 134 685 192 723; x_wconf 83' lang='grc'>49.</span> <span class='ocrx_word' id='word_1_75' title='bbox 228 687 273 730; x_wconf 83' lang='grc'>7,</span> <span class='ocrx_word' id='word_1_76' title='bbox 297 689 339 730; x_wconf 87' lang='grc'>1,</span> <span class='ocrx_word' id='word_1_77' title='bbox 360 687 417 719; x_wconf 90' lang='grc'>12.</span> <span class='ocrx_word' id='word_1_78' title='bbox 445 684 481 728; x_wconf 98' lang='grc'>7,</span> <span class='ocrx_word' id='word_1_79' title='bbox 505 685 542 726; x_wconf 92' lang='grc'>2,</span> <span class='ocrx_word' id='word_1_80' title='bbox 568 684 623 718; x_wconf 82' lang='lat'>10.</span> <span class='ocrx_word' id='word_1_81' title='bbox 644 684 700 716; x_wconf 84' lang='lat'><strong>22.</strong></span> <span class='ocrx_word' id='word_1_82' title='bbox 724 683 759 723; x_wconf 88' lang='lat'>8,</span> 
     </span>
    </p>
   </div>
   <div class='ocr_carea' id='block_1_9' title="bbox 18 746 756 1126">
    <p class='ocr_par' dir='ltr' id='par_1_9' title="bbox 64 746 196 788">
     <span class='ocr_line' id='line_1_17' title="bbox 64 746 196 788; baseline -0.015 -9"><span class='ocrx_word' id='word_1_83' title='bbox 64 746 112 788; x_wconf 85' lang='grc'>3,</span> <span class='ocrx_word' id='word_1_84' title='bbox 136 746 196 779; x_wconf 88' lang='grc'>22.</span> 
     </span>
    </p>

    <p class='ocr_par' dir='ltr' id='par_1_10' title="bbox 18 794 756 902">
     <span class='ocr_line' id='line_1_18' title="bbox 18 794 756 838; baseline -0.012 -2"><span class='ocrx_word' id='word_1_85' title='bbox 18 819 68 828; x_wconf 89' lang='lat'>—</span> <span class='ocrx_word' id='word_1_86' title='bbox 88 819 137 828; x_wconf 94' lang='lat'><strong>—</strong></span> <span class='ocrx_word' id='word_1_87' title='bbox 163 800 204 834; x_wconf 90' lang='lat' dir='ltr'>in</span> <span class='ocrx_word' id='word_1_88' title='bbox 223 797 407 834; x_wconf 77' lang='lat' dir='ltr'><strong>Vatinium</strong></span> <span class='ocrx_word' id='word_1_89' title='bbox 429 801 559 831; x_wconf 84' lang='lat' dir='ltr'>testem</span> <span class='ocrx_word' id='word_1_90' title='bbox 584 794 627 838; x_wconf 93' lang='grc'>5,</span> <span class='ocrx_word' id='word_1_91' title='bbox 654 795 698 838; x_wconf 97' lang='grc'>7,</span> <span class='ocrx_word' id='word_1_92' title='bbox 720 795 756 828; x_wconf 89' lang='grc'>6.</span> 
     </span>
     <span class='ocr_line' id='line_1_19' title="bbox 66 857 283 902; baseline -0.009 -10"><span class='ocrx_word' id='word_1_93' title='bbox 66 860 133 902; x_wconf 86' lang='grc'>11,</span> <span class='ocrx_word' id='word_1_94' title='bbox 157 859 201 900; x_wconf 90' lang='grc'>1,</span> <span class='ocrx_word' id='word_1_95' title='bbox 224 857 283 890; x_wconf 88' lang='grc'>73.</span> 
     </span>
    </p>

    <p class='ocr_par' dir='ltr' id='par_1_11' title="bbox 20 906 756 1126">
     <span class='ocr_line' id='line_1_20' title="bbox 20 906 756 953; baseline -0.012 -3"><span class='ocrx_word' id='word_1_96' title='bbox 20 933 69 942; x_wconf 89' lang='grc'><strong>-</strong></span> <span class='ocrx_word' id='word_1_97' title='bbox 88 930 135 940; x_wconf 92' lang='grc'>-</span> <span class='ocrx_word' id='word_1_98' title='bbox 165 913 206 948; x_wconf 89' lang='lat' dir='ltr'>in</span> <span class='ocrx_word' id='word_1_99' title='bbox 229 913 382 948; x_wconf 79' lang='lat' dir='ltr'><strong>Verrem</strong></span> <span class='ocrx_word' id='word_1_100' title='bbox 407 908 451 953; x_wconf 94' lang='grc'>4,</span> <span class='ocrx_word' id='word_1_101' title='bbox 478 911 517 951; x_wconf 90' lang='grc'>1,</span> <span class='ocrx_word' id='word_1_102' title='bbox 540 911 599 943; x_wconf 90' lang='grc'>20.</span> <span class='ocrx_word' id='word_1_103' title='bbox 623 910 682 943; x_wconf 97' lang='grc'>31.</span> <span class='ocrx_word' id='word_1_104' title='bbox 717 906 756 951; x_wconf 88' lang='grc'>4,</span> 
     </span>
     <span class='ocr_line' id='line_1_21' title="bbox 66 964 754 1014; baseline -0.012 -8"><span class='ocrx_word' id='word_1_105' title='bbox 66 973 103 1014; x_wconf 89' lang='grc'>3,</span> <span class='ocrx_word' id='word_1_106' title='bbox 125 971 182 1005; x_wconf 80' lang='grc'>13.</span> <span class='ocrx_word' id='word_1_107' title='bbox 204 970 240 1013; x_wconf 91' lang='lat'>6,</span> <span class='ocrx_word' id='word_1_108' title='bbox 262 970 299 1012; x_wconf 83' lang='lat'>3,</span> <span class='ocrx_word' id='word_1_109' title='bbox 321 966 357 1002; x_wconf 83' lang='lat'><strong>4.</strong></span> <span class='ocrx_word' id='word_1_110' title='bbox 381 968 439 1004; x_wconf 87' lang='lat'>98.</span> <span class='ocrx_word' id='word_1_111' title='bbox 459 967 495 1010; x_wconf 87' lang='lat'>7,</span> <span class='ocrx_word' id='word_1_112' title='bbox 517 964 555 1007; x_wconf 85' lang='lat'>4,</span> <span class='ocrx_word' id='word_1_113' title='bbox 578 967 636 1000; x_wconf 84' lang='grc'>36.</span> <span class='ocrx_word' id='word_1_114' title='bbox 660 966 696 1008; x_wconf 93' lang='grc'>9,</span> <span class='ocrx_word' id='word_1_115' title='bbox 718 967 754 1007; x_wconf 88' lang='grc'>2,</span> 
     </span>
     <span class='ocr_line' id='line_1_22' title="bbox 63 1022 754 1070; baseline -0.01 -7"><span class='ocrx_word' id='word_1_116' title='bbox 63 1029 121 1063; x_wconf 87' lang='grc'>62.</span> <span class='ocrx_word' id='word_1_117' title='bbox 151 1030 217 1070; x_wconf 89' lang='grc'>11,</span> <span class='ocrx_word' id='word_1_118' title='bbox 245 1027 287 1070; x_wconf 92' lang='grc'>3,</span> <span class='ocrx_word' id='word_1_119' title='bbox 311 1027 390 1060; x_wconf 87' lang='grc'><strong>171.</strong></span> <span class='ocrx_word' id='word_1_120' title='bbox 433 1022 619 1058; x_wconf 78' lang='lat' dir='ltr'><strong>Divinatio</strong></span> <span class='ocrx_word' id='word_1_121' title='bbox 642 1022 682 1055; x_wconf 88' lang='lat' dir='ltr'>in</span> <span class='ocrx_word' id='word_1_122' title='bbox 707 1022 754 1067; x_wconf 82' lang='lat' dir='ltr'>Q.</span> 
     </span>
     <span class='ocr_line' id='line_1_23' title="bbox 66 1079 756 1126; baseline -0.012 -7"><span class='ocrx_word' id='word_1_123' title='bbox 66 1083 261 1120; x_wconf 76' lang='lat' dir='ltr'>caecilium</span> <span class='ocrx_word' id='word_1_124' title='bbox 284 1081 322 1126; x_wconf 79' lang='lat'>4,</span> <span class='ocrx_word' id='word_1_125' title='bbox 352 1084 386 1125; x_wconf 89' lang='lat'>1,</span> <span class='ocrx_word' id='word_1_126' title='bbox 409 1079 469 1116; x_wconf 82' lang='grc'>49.</span> <span class='ocrx_word' id='word_1_127' title='bbox 499 1079 534 1122; x_wconf 85' lang='grc'>5,</span> <span class='ocrx_word' id='word_1_128' title='bbox 558 1081 614 1121; x_wconf 88' lang='grc'>13,</span> <span class='ocrx_word' id='word_1_129' title='bbox 640 1080 696 1112; x_wconf 88' lang='grc'>18.</span> <span class='ocrx_word' id='word_1_130' title='bbox 719 1081 756 1119; x_wconf 89' lang='grc'>7,</span> 
     </span>
    </p>
   </div>
   <div class='ocr_carea' id='block_1_10' title="bbox 814 642 1553 688">
    <p class='ocr_par' dir='ltr' id='par_1_12' title="bbox 814 642 1553 688">
     <span class='ocr_line' id='line_1_24' title="bbox 814 642 1553 688; baseline 0.001 -9"><span class='ocrx_word' id='word_1_131' title='bbox 814 663 856 672; x_wconf 89' lang='grc'><strong>-</strong></span> <span class='ocrx_word' id='word_1_132' title='bbox 882 645 919 679; x_wconf 93' lang='lat' dir='ltr'>in</span> <span class='ocrx_word' id='word_1_133' title='bbox 942 645 1060 679; x_wconf 82' lang='lat' dir='ltr'>Libris</span> <span class='ocrx_word' id='word_1_134' title='bbox 1082 646 1128 679; x_wconf 91' lang='lat' dir='ltr'>de</span> <span class='ocrx_word' id='word_1_135' title='bbox 1147 642 1378 688; x_wconf 82' lang='lat' dir='ltr'>Philosophia</span> <span class='ocrx_word' id='word_1_136' title='bbox 1396 644 1553 686; x_wconf 72' lang='lat' dir='ltr'>Platonis</span> 
     </span>
    </p>
   </div>
   <div class='ocr_carea' id='block_1_11' title="bbox 857 700 1555 861">
    <p class='ocr_par' dir='ltr' id='par_1_13' title="bbox 857 700 1555 861">
     <span class='ocr_line' id='line_1_25' title="bbox 858 700 1554 744; baseline 0.001 -7"><span class='ocrx_word' id='word_1_137' title='bbox 858 703 1017 737; x_wconf 82' lang='lat' dir='ltr'>aemulus</span> <span class='ocrx_word' id='word_1_138' title='bbox 1036 700 1154 736; x_wconf 81' lang='lat' dir='ltr'>extitit</span> <span class='ocrx_word' id='word_1_139' title='bbox 1172 703 1229 744; x_wconf 89' lang='grc'>10,</span> <span class='ocrx_word' id='word_1_140' title='bbox 1261 703 1292 742; x_wconf 91' lang='grc'>1,</span> <span class='ocrx_word' id='word_1_141' title='bbox 1317 702 1398 735; x_wconf 82' lang='grc'><strong>123.</strong></span> <span class='ocrx_word' id='word_1_142' title='bbox 1425 702 1554 738; x_wconf 87' lang='lat' dir='ltr'>Libros</span> 
     </span>
     <span class='ocr_line' id='line_1_26' title="bbox 857 758 1555 803; baseline 0 -7"><span class='ocrx_word' id='word_1_143' title='bbox 857 761 1016 796; x_wconf 83' lang='lat' dir='ltr'>Platonis</span> <span class='ocrx_word' id='word_1_144' title='bbox 1038 764 1143 803; x_wconf 85' lang='lat' dir='ltr'>atque</span> <span class='ocrx_word' id='word_1_145' title='bbox 1166 758 1421 802; x_wconf 72' lang='lat' dir='ltr'>Xenophontis</span> <span class='ocrx_word' id='word_1_146' title='bbox 1444 760 1555 796; x_wconf 86' lang='lat' dir='ltr'>edidit</span> 
     </span>
     <span class='ocr_line' id='line_1_27' title="bbox 858 813 1553 861; baseline -0.001 -9"><span class='ocrx_word' id='word_1_147' title='bbox 858 819 1049 852; x_wconf 81' lang='lat' dir='ltr'>translatos</span> <span class='ocrx_word' id='word_1_148' title='bbox 1072 817 1130 858; x_wconf 90' lang='grc'>10,</span> <span class='ocrx_word' id='word_1_149' title='bbox 1159 815 1192 856; x_wconf 87' lang='lat'>5,</span> <span class='ocrx_word' id='word_1_150' title='bbox 1214 817 1249 848; x_wconf 86' lang='lat'>2.</span> <span class='ocrx_word' id='word_1_151' title='bbox 1282 813 1328 855; x_wconf 81' lang='lat' dir='ltr'>cs.</span> <span class='ocrx_word' id='word_1_152' title='bbox 1354 817 1390 860; x_wconf 88' lang='grc'>5,</span> <span class='ocrx_word' id='word_1_153' title='bbox 1414 819 1471 861; x_wconf 90' lang='grc'>11,</span> <span class='ocrx_word' id='word_1_154' title='bbox 1495 820 1553 853; x_wconf 75' lang='grc'>28.</span> 
     </span>
    </p>
   </div>
   <div class='ocr_carea' id='block_1_12' title="bbox 792 876 1551 931">
    <p class='ocr_par' dir='ltr' id='par_1_14' title="bbox 792 876 1551 931">
     <span class='ocr_line' id='line_1_28' title="bbox 792 876 1551 931; baseline 0.001 -12"><span class='ocrx_word' id='word_1_155' title='bbox 792 876 856 912; x_wconf 82' lang='grc'>’-</span> <span class='ocrx_word' id='word_1_156' title='bbox 879 887 918 920; x_wconf 77' lang='lat' dir='ltr'>in</span> <span class='ocrx_word' id='word_1_157' title='bbox 942 883 1165 921; x_wconf 71' lang='lat' dir='ltr'>omninibus</span> <span class='ocrx_word' id='word_1_158' title='bbox 1183 883 1232 926; x_wconf 80' lang='lat'>9,</span> <span class='ocrx_word' id='word_1_159' title='bbox 1256 880 1300 926; x_wconf 86' lang='lat'>4,</span> <span class='ocrx_word' id='word_1_160' title='bbox 1323 882 1385 919; x_wconf 83' lang='lat'>41.</span> <span class='ocrx_word' id='word_1_161' title='bbox 1421 887 1488 929; x_wconf 87' lang='lat'>11,</span> <span class='ocrx_word' id='word_1_162' title='bbox 1517 888 1551 931; x_wconf 85' lang='lat'>1,</span> 
     </span>
    </p>
   </div>
   <div class='ocr_carea' id='block_1_13' title="bbox 856 941 916 977">
    <p class='ocr_par' dir='ltr' id='par_1_15' title="bbox 856 941 916 977">
     <span class='ocr_line' id='line_1_29' title="bbox 856 941 916 977; baseline -0.017 0"><span class='ocrx_word' id='word_1_163' title='bbox 856 941 916 977; x_wconf 86' lang='grc'>24.</span> 
     </span>
    </p>
   </div>
   <div class='ocr_carea' id='block_1_14' title="bbox 811 1007 1550 1057">
    <p class='ocr_par' dir='ltr' id='par_1_16' title="bbox 811 1007 1550 1057">
     <span class='ocr_line' id='line_1_30' title="bbox 811 1007 1550 1057; baseline 0.001 -13"><span class='ocrx_word' id='word_1_164' title='bbox 811 1030 856 1039; x_wconf 86' lang='lat'>--</span> <span class='ocrx_word' id='word_1_165' title='bbox 886 1010 1112 1057; x_wconf 83' lang='lat' dir='ltr'>Epigramma</span> <span class='ocrx_word' id='word_1_166' title='bbox 1143 1007 1183 1041; x_wconf 91' lang='lat' dir='ltr'>in</span> <span class='ocrx_word' id='word_1_167' title='bbox 1211 1007 1365 1052; x_wconf 87' lang='lat' dir='ltr'>quodam</span> <span class='ocrx_word' id='word_1_168' title='bbox 1396 1009 1550 1052; x_wconf 81' lang='lat' dir='ltr'>joculari</span> 
     </span>
    </p>
   </div>
   <div class='ocr_carea' id='block_1_15' title="bbox 857 1066 1185 1109">
    <p class='ocr_par' dir='ltr' id='par_1_17' title="bbox 857 1066 1185 1109">
     <span class='ocr_line' id='line_1_31' title="bbox 857 1066 1185 1109; baseline -0.009 -8"><span class='ocrx_word' id='word_1_169' title='bbox 857 1068 981 1101; x_wconf 76' lang='lat' dir='ltr'>libello</span> <span class='ocrx_word' id='word_1_170' title='bbox 1005 1069 1040 1108; x_wconf 87' lang='lat'>8,</span> <span class='ocrx_word' id='word_1_171' title='bbox 1063 1068 1099 1109; x_wconf 85' lang='lat'>6,</span> <span class='ocrx_word' id='word_1_172' title='bbox 1126 1066 1185 1099; x_wconf 82' lang='lat'>73.</span> 
     </span>
    </p>
   </div>
   <div class='ocr_carea' id='block_1_16' title="bbox 63 1133 1551 1236">
    <p class='ocr_par' dir='ltr' id='par_1_18' title="bbox 63 1133 1551 1236">
     <span class='ocr_line' id='line_1_32' title="bbox 64 1133 1551 1184; baseline -0.008 -8"><span class='ocrx_word' id='word_1_173' title='bbox 64 1144 101 1184; x_wconf 82' lang='lat'>2,</span> <span class='ocrx_word' id='word_1_174' title='bbox 123 1143 158 1176; x_wconf 83' lang='lat'>2.</span> <span class='ocrx_word' id='word_1_175' title='bbox 180 1142 216 1183; x_wconf 83' lang='lat'>9,</span> <span class='ocrx_word' id='word_1_176' title='bbox 237 1142 274 1184; x_wconf 82' lang='lat'>2,</span> <span class='ocrx_word' id='word_1_177' title='bbox 299 1140 354 1172; x_wconf 84' lang='lat'><strong>17.</strong></span> <span class='ocrx_word' id='word_1_178' title='bbox 379 1138 436 1173; x_wconf 92' lang='grc'>59.</span> <span class='ocrx_word' id='word_1_179' title='bbox 483 1135 650 1182; x_wconf 84' lang='lat' dir='ltr'>Quinque</span> <span class='ocrx_word' id='word_1_180' title='bbox 668 1145 756 1169; x_wconf 88' lang='lat' dir='ltr'>cou-</span> <span class='ocrx_word' id='word_1_181' title='bbox 811 1156 858 1162; x_wconf 89' lang='lat'>—</span> <span class='ocrx_word' id='word_1_182' title='bbox 883 1137 929 1169; x_wconf 90' lang='lat' dir='ltr'>de</span> <span class='ocrx_word' id='word_1_183' title='bbox 960 1136 1047 1168; x_wconf 81' lang='lat' dir='ltr'>Jure</span> <span class='ocrx_word' id='word_1_184' title='bbox 1080 1142 1298 1177; x_wconf 89' lang='lat' dir='ltr'>componere</span> <span class='ocrx_word' id='word_1_185' title='bbox 1324 1133 1442 1178; x_wconf 78' lang='lat' dir='ltr'>aliqua</span> <span class='ocrx_word' id='word_1_186' title='bbox 1464 1145 1551 1171; x_wconf 72' lang='lat' dir='ltr'>coe-</span> 
     </span>
     <span class='ocr_line' id='line_1_33' title="bbox 63 1190 1184 1236; baseline -0.009 -3"><span class='ocrx_word' id='word_1_187' title='bbox 63 1204 121 1232; x_wconf 78' lang='lat' dir='ltr'>tra</span> <span class='ocrx_word' id='word_1_188' title='bbox 140 1197 294 1232; x_wconf 84' lang='lat' dir='ltr'>Verrem</span> <span class='ocrx_word' id='word_1_189' title='bbox 311 1194 462 1230; x_wconf 81' lang='lat' dir='ltr'>actionis</span> <span class='ocrx_word' id='word_1_190' title='bbox 478 1193 657 1227; x_wconf 84' lang='lat' dir='ltr'>secundae</span> <span class='ocrx_word' id='word_1_191' title='bbox 674 1190 757 1225; x_wconf 89' lang='lat' dir='ltr'>libri</span> <span class='ocrx_word' id='word_1_192' title='bbox 782 1202 792 1221; x_wconf 69' lang='grc'>1</span> <span class='ocrx_word' id='word_1_193' title='bbox 856 1197 957 1236; x_wconf 87' lang='lat' dir='ltr'>perat</span> <span class='ocrx_word' id='word_1_194' title='bbox 981 1195 1035 1234; x_wconf 85' lang='grc'>12,</span> <span class='ocrx_word' id='word_1_195' title='bbox 1061 1193 1097 1233; x_wconf 87' lang='grc'>3,</span> <span class='ocrx_word' id='word_1_196' title='bbox 1126 1193 1184 1224; x_wconf 87' lang='grc'>10.</span> 
     </span>
    </p>
   </div>
   <div class='ocr_carea' id='block_1_17' title="bbox 64 1248 756 1349">
    <p class='ocr_par' dir='ltr' id='par_1_19' title="bbox 64 1248 756 1349">
     <span class='ocr_line' id='line_1_34' title="bbox 66 1248 756 1298; baseline -0.007 -10"><span class='ocrx_word' id='word_1_197' title='bbox 66 1257 130 1298; x_wconf 87' lang='grc'>11,</span> <span class='ocrx_word' id='word_1_198' title='bbox 157 1252 294 1298; x_wconf 51' lang='grc'><strong>2,’25.</strong></span> <span class='ocrx_word' id='word_1_199' title='bbox 341 1250 540 1287; x_wconf 71' lang='lat' dir='ltr'>Consilium</span> <span class='ocrx_word' id='word_1_200' title='bbox 571 1248 756 1284; x_wconf 74' lang='lat' dir='ltr'>Ciceronis</span> 
     </span>
     <span class='ocr_line' id='line_1_35' title="bbox 64 1304 755 1349; baseline -0.012 -3"><span class='ocrx_word' id='word_1_201' title='bbox 64 1311 104 1345; x_wconf 84' lang='lat' dir='ltr'>in</span> <span class='ocrx_word' id='word_1_202' title='bbox 127 1317 253 1346; x_wconf 68' lang='lat' dir='ltr'>cnm</span> <span class='ocrx_word' id='word_1_203' title='bbox 272 1307 429 1344; x_wconf 74' lang='lat' dir='ltr'>Veri-ina</span> <span class='ocrx_word' id='word_1_204' title='bbox 451 1309 496 1349; x_wconf 82' lang='lat'>6,</span> <span class='ocrx_word' id='word_1_205' title='bbox 526 1305 569 1349; x_wconf 81' lang='lat'>⁵,</span> <span class='ocrx_word' id='word_1_206' title='bbox 601 1304 640 1342; x_wconf 84' lang='grc'>4.</span> <span class='ocrx_word' id='word_1_207' title='bbox 674 1307 755 1339; x_wconf 80' lang='lat' dir='ltr'>add.</span> 
     </span>
    </p>
   </div>
   <div class='ocr_carea' id='block_1_18' title="bbox 814 1238 1549 1294">
    <p class='ocr_par' dir='ltr' id='par_1_20' title="bbox 814 1238 1549 1294">
     <span class='ocr_line' id='line_1_36' title="bbox 814 1238 1549 1294; baseline -0.004 -9"><span class='ocrx_word' id='word_1_208' title='bbox 814 1248 1000 1285; x_wconf 80' lang='lat' dir='ltr'>Ciceronis</span> <span class='ocrx_word' id='word_1_209' title='bbox 1033 1257 1160 1281; x_wconf 84' lang='lat' dir='ltr'>manus</span> <span class='ocrx_word' id='word_1_210' title='bbox 1191 1257 1222 1280; x_wconf 87' lang='lat' dir='ltr'>s.</span> <span class='ocrx_word' id='word_1_211' title='bbox 1258 1238 1477 1292; x_wconf 61' lang='grc' dir='ltr'>ᾴότόγραφα</span> <span class='ocrx_word' id='word_1_212' title='bbox 1514 1252 1549 1294; x_wconf 92' lang='grc'>1,</span> 
     </span>
    </p>
   </div>
   <div class='ocr_carea' id='block_1_19' title="bbox 857 1308 975 1350">
    <p class='ocr_par' dir='ltr' id='par_1_21' title="bbox 857 1308 975 1350">
     <span class='ocr_line' id='line_1_37' title="bbox 857 1308 975 1350; baseline 0 -11"><span class='ocrx_word' id='word_1_213' title='bbox 857 1308 894 1350; x_wconf 88' lang='grc'>7,</span> <span class='ocrx_word' id='word_1_214' title='bbox 917 1308 975 1340; x_wconf 91' lang='grc' dir='ltr'>2ο.</span> 
     </span>
    </p>
   </div>
   <div class='ocr_carea' id='block_1_20' title="bbox 63 1358 1551 1412">
    <p class='ocr_par' dir='ltr' id='par_1_22' title="bbox 63 1358 1551 1412">
     <span class='ocr_line' id='line_1_38' title="bbox 63 1358 1551 1412; baseline -0.003 -13"><span class='ocrx_word' id='word_1_215' title='bbox 63 1371 88 1404; x_wconf 85' lang='grc'><strong>7</strong></span> <span class='ocrx_word' id='word_1_216' title='bbox 101 1378 126 1412; x_wconf 49' lang='grc'>,“</span> <span class='ocrx_word' id='word_1_217' title='bbox 142 1366 187 1410; x_wconf 72' lang='grc'>4,</span> <span class='ocrx_word' id='word_1_218' title='bbox 218 1367 280 1402; x_wconf 80' lang='grc'>33.</span> <span class='ocrx_word' id='word_1_219' title='bbox 319 1362 507 1398; x_wconf 81' lang='lat' dir='ltr'>Hortensii</span> <span class='ocrx_word' id='word_1_220' title='bbox 538 1372 606 1406; x_wconf 87' lang='lat' dir='ltr'>pro</span> <span class='ocrx_word' id='word_1_221' title='bbox 638 1362 756 1396; x_wconf 87' lang='lat' dir='ltr'>Verre</span> <span class='ocrx_word' id='word_1_222' title='bbox 810 1383 856 1390; x_wconf 91' lang='lat'><em>-</em></span> <span class='ocrx_word' id='word_1_223' title='bbox 879 1364 1049 1398; x_wconf 73' lang='lat' dir='ltr'>Iudicium</span> <span class='ocrx_word' id='word_1_224' title='bbox 1075 1362 1118 1393; x_wconf 84' lang='lat' dir='ltr'>de</span> <span class='ocrx_word' id='word_1_225' title='bbox 1142 1358 1322 1394; x_wconf 79' lang='lat' dir='ltr'>Cicerone</span> <span class='ocrx_word' id='word_1_226' title='bbox 1350 1367 1383 1393; x_wconf 77' lang='lat' dir='ltr'>et</span> <span class='ocrx_word' id='word_1_227' title='bbox 1404 1362 1551 1406; x_wconf 80' lang='lat' dir='ltr'>ejusdem</span> 
     </span>
    </p>
   </div>
   <div class='ocr_carea' id='block_1_21' title="bbox 0 1418 760 2145">
    <p class='ocr_par' dir='ltr' id='par_1_23' title="bbox 0 1418 760 2145">
     <span class='ocr_line' id='line_1_39' title="bbox 62 1418 693 1465; baseline -0.016 -5"><span class='ocrx_word' id='word_1_228' title='bbox 62 1423 180 1460; x_wconf 76' lang='lat' dir='ltr'>oratio</span> <span class='ocrx_word' id='word_1_229' title='bbox 206 1425 264 1465; x_wconf 87' lang='lat'>10,</span> <span class='ocrx_word' id='word_1_230' title='bbox 283 1423 319 1464; x_wconf 89' lang='lat'>1,</span> <span class='ocrx_word' id='word_1_231' title='bbox 344 1422 403 1455; x_wconf 83' lang='grc'>23.</span> <span class='ocrx_word' id='word_1_232' title='bbox 428 1432 462 1454; x_wconf 79' lang='lat' dir='ltr'>v.</span> <span class='ocrx_word' id='word_1_233' title='bbox 487 1419 604 1453; x_wconf 78' lang='lat' dir='ltr'>Index</span> <span class='ocrx_word' id='word_1_234' title='bbox 626 1418 693 1453; x_wconf 85' lang='lat' dir='ltr'><strong>lv.</strong></span> 
     </span>
     <span class='ocr_line' id='line_1_40' title="bbox 20 1469 756 1519; baseline -0.014 -2"><span class='ocrx_word' id='word_1_235' title='bbox 20 1503 69 1511; x_wconf 91' lang='lat'>—</span> <span class='ocrx_word' id='word_1_236' title='bbox 99 1469 199 1516; x_wconf 66' lang='lat' dir='ltr'>nituit</span> <span class='ocrx_word' id='word_1_237' title='bbox 229 1489 379 1519; x_wconf 58' lang='lat' dir='ltr'>causae,</span> <span class='ocrx_word' id='word_1_238' title='bbox 411 1476 474 1509; x_wconf 87' lang='lat' dir='ltr'>ubi</span> <span class='ocrx_word' id='word_1_239' title='bbox 505 1475 648 1519; x_wconf 80' lang='lat' dir='ltr'>quidam</span> <span class='ocrx_word' id='word_1_240' title='bbox 675 1486 756 1508; x_wconf 84' lang='lat' dir='ltr'>sua-</span> 
     </span>
     <span class='ocr_line' id='line_1_41' title="bbox 0 1529 756 1580; baseline -0.013 -8"><span class='ocrx_word' id='word_1_241' title='bbox 0 1557 1 1562; x_wconf 66' lang='lat'><em>=</em></span> <span class='ocrx_word' id='word_1_242' title='bbox 65 1536 247 1580; x_wconf 82' lang='lat' dir='ltr'>rmnipse</span> <span class='ocrx_word' id='word_1_243' title='bbox 262 1544 383 1568; x_wconf 85' lang='lat' dir='ltr'>rerum</span> <span class='ocrx_word' id='word_1_244' title='bbox 404 1533 515 1576; x_wconf 81' lang='lat' dir='ltr'>judex</span> <span class='ocrx_word' id='word_1_245' title='bbox 537 1537 637 1564; x_wconf 87' lang='lat' dir='ltr'>erant</span> <span class='ocrx_word' id='word_1_246' title='bbox 659 1529 695 1572; x_wconf 83' lang='lat'>4,</span> <span class='ocrx_word' id='word_1_247' title='bbox 722 1533 756 1572; x_wconf 87' lang='lat'>1,</span> 
     </span>
     <span class='ocr_line' id='line_1_42' title="bbox 7 1585 755 1632; baseline -0.012 -5"><span class='ocrx_word' id='word_1_248' title='bbox 7 1600 10 1602; x_wconf 75' lang='grc'>’</span> <span class='ocrx_word' id='word_1_249' title='bbox 66 1597 125 1630; x_wconf 82' lang='lat'><strong>19.</strong></span> <span class='ocrx_word' id='word_1_250' title='bbox 178 1590 392 1632; x_wconf 79' lang='lat' dir='ltr'>Orationes,</span> <span class='ocrx_word' id='word_1_251' title='bbox 428 1599 514 1632; x_wconf 86' lang='lat' dir='ltr'>quas</span> <span class='ocrx_word' id='word_1_252' title='bbox 537 1589 583 1621; x_wconf 89' lang='lat' dir='ltr'><strong>T.</strong></span> <span class='ocrx_word' id='word_1_253' title='bbox 610 1585 755 1629; x_wconf 81' lang='lat' dir='ltr'>Ampio,</span> 
     </span>
     <span class='ocr_line' id='line_1_43' title="bbox 26 1644 757 1690; baseline -0.01 -5"><span class='ocrx_word' id='word_1_254' title='bbox 26 1672 29 1678; x_wconf 57' lang='grc' dir='ltr'><strong><em>ι</em></strong></span> <span class='ocrx_word' id='word_1_255' title='bbox 69 1650 138 1687; x_wconf 88' lang='lat' dir='ltr'>Cn.</span> <span class='ocrx_word' id='word_1_256' title='bbox 176 1645 347 1690; x_wconf 81' lang='lat' dir='ltr'>Pompeio</span> <span class='ocrx_word' id='word_1_257' title='bbox 395 1646 569 1680; x_wconf 77' lang='lat' dir='ltr'>ceterisve</span> <span class='ocrx_word' id='word_1_258' title='bbox 617 1644 757 1689; x_wconf 84' lang='lat' dir='ltr'>scripsit</span> 
     </span>
     <span class='ocr_line' id='line_1_44' title="bbox 47 1701 756 1750; baseline -0.01 -8"><span class='ocrx_word' id='word_1_259' title='bbox 47 1709 114 1750; x_wconf 51' lang='grc' dir='ltr'>χ3,</span> <span class='ocrx_word' id='word_1_260' title='bbox 146 1707 195 1747; x_wconf 89' lang='grc'>8,</span> <span class='ocrx_word' id='word_1_261' title='bbox 231 1704 288 1739; x_wconf 84' lang='grc'>50.</span> <span class='ocrx_word' id='word_1_262' title='bbox 342 1701 526 1737; x_wconf 85' lang='lat' dir='ltr'>Ciceronis</span> <span class='ocrx_word' id='word_1_263' title='bbox 560 1702 756 1736; x_wconf 80' lang='lat' dir='ltr'>sententiae</span> 
     </span>
     <span class='ocr_line' id='line_1_45' title="bbox 68 1759 756 1801; baseline -0.01 -4"><span class='ocrx_word' id='word_1_264' title='bbox 68 1768 107 1798; x_wconf 88' lang='lat' dir='ltr'>et</span> <span class='ocrx_word' id='word_1_265' title='bbox 138 1760 326 1796; x_wconf 81' lang='lat' dir='ltr'>contiones</span> <span class='ocrx_word' id='word_1_266' title='bbox 364 1769 439 1793; x_wconf 88' lang='lat' dir='ltr'>non</span> <span class='ocrx_word' id='word_1_267' title='bbox 469 1759 589 1792; x_wconf 82' lang='lat' dir='ltr'>minus</span> <span class='ocrx_word' id='word_1_268' title='bbox 609 1759 756 1801; x_wconf 79' lang='lat' dir='ltr'>clarum,</span> 
     </span>
     <span class='ocr_line' id='line_1_46' title="bbox 70 1814 756 1864; baseline -0.004 -12"><span class='ocrx_word' id='word_1_269' title='bbox 70 1829 178 1864; x_wconf 83' lang='lat' dir='ltr'>quam</span> <span class='ocrx_word' id='word_1_270' title='bbox 220 1822 274 1850; x_wconf 85' lang='lat' dir='ltr'>est</span> <span class='ocrx_word' id='word_1_271' title='bbox 311 1814 351 1849; x_wconf 90' lang='lat' dir='ltr'>in</span> <span class='ocrx_word' id='word_1_272' title='bbox 392 1815 676 1850; x_wconf 77' lang='lat' dir='ltr'>accusationibus</span> <span class='ocrx_word' id='word_1_273' title='bbox 714 1826 756 1849; x_wconf 87' lang='lat' dir='ltr'>ac</span> 
     </span>
     <span class='ocr_line' id='line_1_47' title="bbox 70 1871 759 1916; baseline -0.007 -7"><span class='ocrx_word' id='word_1_274' title='bbox 70 1873 362 1915; x_wconf 79' lang='lat' dir='ltr'>defensionibus,</span> <span class='ocrx_word' id='word_1_275' title='bbox 389 1871 614 1916; x_wconf 75' lang='lat' dir='ltr'>eloquentiae</span> <span class='ocrx_word' id='word_1_276' title='bbox 637 1872 759 1905; x_wconf 90' lang='lat' dir='ltr'>lumen</span> 
     </span>
     <span class='ocr_line' id='line_1_48' title="bbox 72 1927 759 1973; baseline -0.01 -6"><span class='ocrx_word' id='word_1_277' title='bbox 72 1931 266 1967; x_wconf 78' lang='lat' dir='ltr'>ostendunt</span> <span class='ocrx_word' id='word_1_278' title='bbox 294 1931 338 1973; x_wconf 88' lang='grc'>3,</span> <span class='ocrx_word' id='word_1_279' title='bbox 370 1930 410 1971; x_wconf 88' lang='grc'>8,</span> <span class='ocrx_word' id='word_1_280' title='bbox 444 1931 502 1963; x_wconf 86' lang='grc'>65.</span> <span class='ocrx_word' id='word_1_281' title='bbox 550 1927 759 1972; x_wconf 84' lang='lat' dir='ltr'>Qrationum</span> 
     </span>
     <span class='ocr_line' id='line_1_49' title="bbox 75 1984 760 2033; baseline -0.006 -10"><span class='ocrx_word' id='word_1_282' title='bbox 75 1989 155 2033; x_wconf 86' lang='lat' dir='ltr'>ejus</span> <span class='ocrx_word' id='word_1_283' title='bbox 185 1989 304 2021; x_wconf 79' lang='lat' dir='ltr'>thema</span> <span class='ocrx_word' id='word_1_284' title='bbox 334 1985 502 2030; x_wconf 81' lang='lat' dir='ltr'>exposuit</span> <span class='ocrx_word' id='word_1_285' title='bbox 525 1984 701 2019; x_wconf 83' lang='lat' dir='ltr'>Pedianus</span> <span class='ocrx_word' id='word_1_286' title='bbox 724 1985 760 2028; x_wconf 85' lang='lat'>5,</span> 
     </span>
     <span class='ocr_line' id='line_1_50' title="bbox 73 2045 187 2087; baseline 0 -7"><span class='ocrx_word' id='word_1_287' title='bbox 73 2048 130 2087; x_wconf 85' lang='grc'>10,</span> <span class='ocrx_word' id='word_1_288' title='bbox 149 2045 187 2080; x_wconf 85' lang='lat'>9·</span> 
     </span>
     <span class='ocr_line' id='line_1_51' title="bbox 26 2095 760 2145; baseline -0.005 -9"><span class='ocrx_word' id='word_1_289' title='bbox 26 2122 74 2132; x_wconf 89' lang='lat'>-</span> <span class='ocrx_word' id='word_1_290' title='bbox 96 2100 290 2145; x_wconf 74' lang='lat' dir='ltr'>Epistulae.</span> <span class='ocrx_word' id='word_1_291' title='bbox 322 2101 358 2142; x_wconf 90' lang='lat'>1,</span> <span class='ocrx_word' id='word_1_292' title='bbox 379 2101 415 2141; x_wconf 91' lang='grc'>7,</span> <span class='ocrx_word' id='word_1_293' title='bbox 442 2095 502 2132; x_wconf 79' lang='lat'><strong>34.</strong></span> <span class='ocrx_word' id='word_1_294' title='bbox 527 2097 563 2139; x_wconf 88' lang='grc'>6,</span> <span class='ocrx_word' id='word_1_295' title='bbox 585 2098 619 2140; x_wconf 91' lang='grc'>3,</span> <span class='ocrx_word' id='word_1_296' title='bbox 642 2099 700 2131; x_wconf 87' lang='grc'>20.</span> <span class='ocrx_word' id='word_1_297' title='bbox 722 2098 760 2140; x_wconf 86' lang='grc'>9,</span> 
     </span>
    </p>
   </div>
   <div class='ocr_carea' id='block_1_22' title="bbox 71 2148 761 2203">
    <p class='ocr_par' dir='ltr' id='par_1_24' title="bbox 71 2148 761 2203">
     <span class='ocr_line' id='line_1_52' title="bbox 71 2148 761 2203; baseline -0.012 -9"><span class='ocrx_word' id='word_1_298' title='bbox 71 2161 118 2203; x_wconf 87' lang='grc'>3,</span> <span class='ocrx_word' id='word_1_299' title='bbox 140 2148 284 2199; x_wconf 70' lang='grc'><strong>(11.10,</strong></span> <span class='ocrx_word' id='word_1_300' title='bbox 310 2157 354 2198; x_wconf 82' lang='grc'>1,</span> <span class='ocrx_word' id='word_1_301' title='bbox 378 2156 459 2189; x_wconf 79' lang='grc'><strong>107.</strong></span> <span class='ocrx_word' id='word_1_302' title='bbox 483 2155 539 2195; x_wconf 88' lang='grc'>11,</span> <span class='ocrx_word' id='word_1_303' title='bbox 563 2154 600 2197; x_wconf 89' lang='grc'>7,</span> <span class='ocrx_word' id='word_1_304' title='bbox 624 2156 680 2188; x_wconf 82' lang='grc'>21.</span> <span class='ocrx_word' id='word_1_305' title='bbox 704 2155 761 2197; x_wconf 89' lang='grc'>12,</span> 
     </span>
    </p>
   </div>
   <div class='ocr_carea' id='block_1_23' title="bbox 4 2214 768 2816">
    <p class='ocr_par' dir='ltr' id='par_1_25' title="bbox 4 2214 768 2816">
     <span class='ocr_line' id='line_1_53' title="bbox 73 2214 567 2256; baseline -0.006 0"><span class='ocrx_word' id='word_1_306' title='bbox 73 2219 121 2256; x_wconf 70' lang='lat'>22</span> <span class='ocrx_word' id='word_1_307' title='bbox 145 2214 182 2250; x_wconf 74' lang='grc'>6·</span> <span class='ocrx_word' id='word_1_308' title='bbox 227 2233 230 2235; x_wconf 88' lang='grc'><strong>’</strong></span> <span class='ocrx_word' id='word_1_309' title='bbox 347 2241 352 2245; x_wconf 78' lang='lat'><em>,</em></span> <span class='ocrx_word' id='word_1_310' title='bbox 559 2248 567 2253; x_wconf 65' lang='grc'>.</span> 
     </span>
     <span class='ocr_line' id='line_1_54' title="bbox 27 2258 765 2311; baseline -0.007 -6"><span class='ocrx_word' id='word_1_311' title='bbox 27 2289 75 2301; x_wconf 89' lang='lat'>--</span> <span class='ocrx_word' id='word_1_312' title='bbox 96 2289 142 2297; x_wconf 90' lang='lat'>—</span> <span class='ocrx_word' id='word_1_313' title='bbox 164 2271 210 2304; x_wconf 77' lang='lat' dir='ltr'>ad</span> <span class='ocrx_word' id='word_1_314' title='bbox 234 2269 288 2303; x_wconf 83' lang='lat' dir='ltr'>M.</span> <span class='ocrx_word' id='word_1_315' title='bbox 308 2268 458 2302; x_wconf 80' lang='lat' dir='ltr'>Brutum</span> <span class='ocrx_word' id='word_1_316' title='bbox 481 2258 523 2308; x_wconf 78' lang='grc'>2,</span> <span class='ocrx_word' id='word_1_317' title='bbox 547 2268 612 2309; x_wconf 86' lang='grc' dir='ltr'>2ο,</span> <span class='ocrx_word' id='word_1_318' title='bbox 636 2269 692 2300; x_wconf 93' lang='lat'>10.</span> <span class='ocrx_word' id='word_1_319' title='bbox 728 2269 765 2311; x_wconf 88' lang='grc'>3,</span> 
     </span>
     <span class='ocr_line' id='line_1_55' title="bbox 41 2322 764 2376; baseline -0.007 -16"><span class='ocrx_word' id='word_1_320' title='bbox 41 2346 44 2349; x_wconf 38' lang='lat'><em>⁴</em></span> <span class='ocrx_word' id='word_1_321' title='bbox 74 2330 121 2370; x_wconf 84' lang='lat'>8,</span> <span class='ocrx_word' id='word_1_322' title='bbox 145 2325 204 2360; x_wconf 76' lang='lat'><strong>42.</strong></span> <span class='ocrx_word' id='word_1_323' title='bbox 230 2325 367 2376; x_wconf 38' lang='grc'><strong>5,,10,</strong></span> <span class='ocrx_word' id='word_1_324' title='bbox 390 2324 427 2361; x_wconf 89' lang='grc'>9.</span> <span class='ocrx_word' id='word_1_325' title='bbox 449 2324 496 2366; x_wconf 90' lang='grc'>8,</span> <span class='ocrx_word' id='word_1_326' title='bbox 521 2324 562 2366; x_wconf 89' lang='grc'>3,</span> <span class='ocrx_word' id='word_1_327' title='bbox 585 2324 620 2358; x_wconf 86' lang='grc'>6.</span> <span class='ocrx_word' id='word_1_328' title='bbox 646 2322 704 2356; x_wconf 80' lang='grc'>34.</span> <span class='ocrx_word' id='word_1_329' title='bbox 728 2325 764 2367; x_wconf 88' lang='grc'>8,</span> 
     </span>
     <span class='ocr_line' id='line_1_56' title="bbox 40 2378 766 2428; baseline -0.008 -10"><span class='ocrx_word' id='word_1_330' title='bbox 40 2405 46 2412; x_wconf 87' lang='grc'>-</span> <span class='ocrx_word' id='word_1_331' title='bbox 74 2386 112 2428; x_wconf 79' lang='lat'>6,</span> <span class='ocrx_word' id='word_1_332' title='bbox 134 2385 192 2417; x_wconf 90' lang='grc' dir='ltr'>2ο.</span> <span class='ocrx_word' id='word_1_333' title='bbox 216 2381 273 2416; x_wconf 88' lang='grc'>55.</span> <span class='ocrx_word' id='word_1_334' title='bbox 302 2382 338 2422; x_wconf 85' lang='grc'>9,</span> <span class='ocrx_word' id='word_1_335' title='bbox 364 2382 400 2423; x_wconf 84' lang='grc'>3,</span> <span class='ocrx_word' id='word_1_336' title='bbox 421 2379 480 2412; x_wconf 84' lang='grc'>41.</span> <span class='ocrx_word' id='word_1_337' title='bbox 509 2379 565 2413; x_wconf 84' lang='lat'>58.</span> <span class='ocrx_word' id='word_1_338' title='bbox 590 2381 624 2422; x_wconf 84' lang='lat'>9,</span> <span class='ocrx_word' id='word_1_339' title='bbox 649 2378 684 2422; x_wconf 87' lang='lat'>4,</span> <span class='ocrx_word' id='word_1_340' title='bbox 706 2379 766 2413; x_wconf 84' lang='lat'><strong>41.</strong></span> 
     </span>
     <span class='ocr_line' id='line_1_57' title="bbox 77 2435 767 2481; baseline -0.004 -9"><span class='ocrx_word' id='word_1_341' title='bbox 77 2439 126 2481; x_wconf 58' lang='lat' dir='ltr'><strong>tf.</strong></span> <span class='ocrx_word' id='word_1_342' title='bbox 146 2439 182 2480; x_wconf 84' lang='grc'>6,</span> <span class='ocrx_word' id='word_1_343' title='bbox 206 2439 241 2479; x_wconf 84' lang='grc'>3,</span> <span class='ocrx_word' id='word_1_344' title='bbox 263 2438 322 2471; x_wconf 83' lang='grc'>20.</span> <span class='ocrx_word' id='word_1_345' title='bbox 367 2435 510 2479; x_wconf 79' lang='lat' dir='ltr'>(Omnia</span> <span class='ocrx_word' id='word_1_346' title='bbox 541 2449 583 2469; x_wconf 80' lang='lat' dir='ltr'>ex</span> <span class='ocrx_word' id='word_1_347' title='bbox 610 2439 767 2480; x_wconf 75' lang='lat' dir='ltr'>epistola-</span> 
     </span>
     <span class='ocr_line' id='line_1_58' title="bbox 43 2490 501 2536; baseline -0.009 -6"><span class='ocrx_word' id='word_1_348' title='bbox 43 2520 49 2529; x_wconf 58' lang='lat'><strong>.</strong></span> <span class='ocrx_word' id='word_1_349' title='bbox 76 2508 151 2530; x_wconf 79' lang='lat' dir='ltr'>rum</span> <span class='ocrx_word' id='word_1_350' title='bbox 179 2496 270 2527; x_wconf 78' lang='lat' dir='ltr'>libris</span> <span class='ocrx_word' id='word_1_351' title='bbox 293 2490 501 2536; x_wconf 76' lang='lat' dir='ltr'>deperditis.)</span> 
     </span>
     <span class='ocr_line' id='line_1_59' title="bbox 39 2549 653 2596; baseline -0.008 -10"><span class='ocrx_word' id='word_1_352' title='bbox 39 2593 44 2596; x_wconf 85' lang='lat'><strong>.</strong></span> <span class='ocrx_word' id='word_1_353' title='bbox 103 2571 151 2579; x_wconf 94' lang='lat'>—</span> <span class='ocrx_word' id='word_1_354' title='bbox 173 2551 217 2585; x_wconf 88' lang='lat' dir='ltr'>ad</span> <span class='ocrx_word' id='word_1_355' title='bbox 242 2549 430 2585; x_wconf 88' lang='lat' dir='ltr'>Gerelliam</span> <span class='ocrx_word' id='word_1_356' title='bbox 456 2550 492 2592; x_wconf 90' lang='grc'>6,</span> <span class='ocrx_word' id='word_1_357' title='bbox 514 2550 548 2591; x_wconf 90' lang='grc'>3,</span> <span class='ocrx_word' id='word_1_358' title='bbox 573 2550 653 2582; x_wconf 89' lang='grc'><strong>112.</strong></span> 
     </span>
     <span class='ocr_line' id='line_1_60' title="bbox 100 2598 594 2646; baseline -0.008 -5"><span class='ocrx_word' id='word_1_359' title='bbox 100 2598 148 2635; x_wconf 54' lang='grc' dir='ltr'>-ὲ</span> <span class='ocrx_word' id='word_1_360' title='bbox 170 2608 214 2641; x_wconf 84' lang='lat' dir='ltr'>ad</span> <span class='ocrx_word' id='word_1_361' title='bbox 238 2606 366 2640; x_wconf 82' lang='lat' dir='ltr'>Filium</span> <span class='ocrx_word' id='word_1_362' title='bbox 391 2608 425 2646; x_wconf 88' lang='lat'>1,</span> <span class='ocrx_word' id='word_1_363' title='bbox 448 2608 482 2645; x_wconf 87' lang='lat'>7,</span> <span class='ocrx_word' id='word_1_364' title='bbox 507 2603 594 2638; x_wconf 49' lang='grc' dir='ltr'>34Α</span> 
     </span>
     <span class='ocr_line' id='line_1_61' title="bbox 101 2660 768 2709; baseline -0.009 -10"><span class='ocrx_word' id='word_1_365' title='bbox 101 2663 262 2709; x_wconf 74' lang='lat' dir='ltr'>epistolis</span> <span class='ocrx_word' id='word_1_366' title='bbox 291 2663 387 2696; x_wconf 87' lang='lat' dir='ltr'>nulla</span> <span class='ocrx_word' id='word_1_367' title='bbox 419 2661 601 2695; x_wconf 85' lang='lat' dir='ltr'>contentio</span> <span class='ocrx_word' id='word_1_368' title='bbox 625 2666 679 2694; x_wconf 85' lang='lat' dir='ltr'>est</span> <span class='ocrx_word' id='word_1_369' title='bbox 706 2660 768 2695; x_wconf 88' lang='lat' dir='ltr'>Ci-</span> 
     </span>
     <span class='ocr_line' id='line_1_62' title="bbox 4 2708 768 2816; baseline -0.008 -59"><span class='ocrx_word' id='word_1_370' title='bbox 4 2708 42 2816; x_wconf 57' lang='lat'>1</span> <span class='ocrx_word' id='word_1_371' title='bbox 70 2720 224 2767; x_wconf 72' lang='lat' dir='ltr'>coronis</span> <span class='ocrx_word' id='word_1_372' title='bbox 261 2733 303 2754; x_wconf 81' lang='lat' dir='ltr'>ac</span> <span class='ocrx_word' id='word_1_373' title='bbox 339 2717 593 2753; x_wconf 83' lang='lat' dir='ltr'>Demosthenis</span> <span class='ocrx_word' id='word_1_374' title='bbox 632 2720 697 2760; x_wconf 89' lang='grc'>10,</span> <span class='ocrx_word' id='word_1_375' title='bbox 734 2721 768 2761; x_wconf 87' lang='grc'>1,</span> 
     </span>
     <span class='ocr_line' id='line_1_63' title="bbox 9 2779 166 2813; baseline 0.025 -4"><span class='ocrx_word' id='word_1_376' title='bbox 9 2780 13 2809; x_wconf 83' lang='grc'>1</span> <span class='ocrx_word' id='word_1_377' title='bbox 84 2779 166 2813; x_wconf 89' lang='grc'><strong>107.</strong></span> 
     </span>
    </p>
   </div>
   <div class='ocr_carea' id='block_1_24' title="bbox 849 1418 1585 2823">
    <p class='ocr_par' dir='ltr' id='par_1_26' title="bbox 849 1418 1585 2823">
     <span class='ocr_line' id='line_1_64' title="bbox 857 1418 1549 1465; baseline 0.001 -13"><span class='ocrx_word' id='word_1_378' title='bbox 857 1433 929 1454; x_wconf 75' lang='lat' dir='ltr'>cum</span> <span class='ocrx_word' id='word_1_379' title='bbox 944 1418 1189 1452; x_wconf 74' lang='lat' dir='ltr'>Demosthene</span> <span class='ocrx_word' id='word_1_380' title='bbox 1206 1421 1410 1460; x_wconf 72' lang='lat' dir='ltr'>comparmio</span> <span class='ocrx_word' id='word_1_381' title='bbox 1434 1422 1492 1462; x_wconf 91' lang='grc'>10,</span> <span class='ocrx_word' id='word_1_382' title='bbox 1514 1424 1549 1465; x_wconf 88' lang='grc'>1,</span> 
     </span>
     <span class='ocr_line' id='line_1_65' title="bbox 857 1475 1550 1519; baseline 0.003 -11"><span class='ocrx_word' id='word_1_383' title='bbox 857 1476 879 1510; x_wconf 87' lang='grc'><strong>5</strong></span> <span class='ocrx_word' id='word_1_384' title='bbox 905 1488 994 1519; x_wconf 78' lang='lat' dir='ltr'>seqq.</span> <span class='ocrx_word' id='word_1_385' title='bbox 1023 1482 1054 1506; x_wconf 76' lang='lat' dir='ltr'>et</span> <span class='ocrx_word' id='word_1_386' title='bbox 1078 1475 1160 1507; x_wconf 83' lang='lat'><strong>123.</strong></span> <span class='ocrx_word' id='word_1_387' title='bbox 1188 1475 1254 1515; x_wconf 83' lang='lat'>12,</span> <span class='ocrx_word' id='word_1_388' title='bbox 1289 1475 1353 1514; x_wconf 87' lang='grc'>11,</span> <span class='ocrx_word' id='word_1_389' title='bbox 1384 1477 1442 1510; x_wconf 85' lang='grc'>26.</span> <span class='ocrx_word' id='word_1_390' title='bbox 1475 1477 1550 1510; x_wconf 86' lang='lat' dir='ltr'>dis-</span> 
     </span>
     <span class='ocr_line' id='line_1_66' title="bbox 857 1528 1550 1577; baseline 0.006 -13"><span class='ocrx_word' id='word_1_391' title='bbox 857 1530 991 1565; x_wconf 83' lang='lat' dir='ltr'>sentire</span> <span class='ocrx_word' id='word_1_392' title='bbox 1021 1528 1087 1563; x_wconf 80' lang='lat' dir='ltr'>vix</span> <span class='ocrx_word' id='word_1_393' title='bbox 1111 1529 1227 1562; x_wconf 85' lang='lat' dir='ltr'>audeo</span> <span class='ocrx_word' id='word_1_394' title='bbox 1262 1540 1283 1562; x_wconf 91' lang='lat' dir='ltr'>a</span> <span class='ocrx_word' id='word_1_395' title='bbox 1310 1529 1488 1567; x_wconf 84' lang='lat' dir='ltr'>Cicerone</span> <span class='ocrx_word' id='word_1_396' title='bbox 1513 1538 1550 1577; x_wconf 89' lang='lat'>7,</span> 
     </span>
     <span class='ocr_line' id='line_1_67' title="bbox 858 1584 1549 1634; baseline 0.003 -15"><span class='ocrx_word' id='word_1_397' title='bbox 858 1589 902 1630; x_wconf 85' lang='lat'>3,</span> <span class='ocrx_word' id='word_1_398' title='bbox 933 1587 969 1620; x_wconf 90' lang='grc'>8.</span> <span class='ocrx_word' id='word_1_399' title='bbox 1015 1584 1211 1629; x_wconf 84' lang='lat' dir='ltr'>Apollonio</span> <span class='ocrx_word' id='word_1_400' title='bbox 1244 1586 1409 1627; x_wconf 86' lang='lat' dir='ltr'>Moloni,</span> <span class='ocrx_word' id='word_1_401' title='bbox 1442 1601 1549 1634; x_wconf 84' lang='lat' dir='ltr'>quem</span> 
     </span>
     <span class='ocr_line' id='line_1_68' title="bbox 858 1641 1559 1682; baseline 0.003 -5"><span class='ocrx_word' id='word_1_402' title='bbox 858 1646 991 1677; x_wconf 85' lang='lat' dir='ltr'>Romae</span> <span class='ocrx_word' id='word_1_403' title='bbox 1014 1643 1084 1676; x_wconf 86' lang='lat' dir='ltr'>iam</span> <span class='ocrx_word' id='word_1_404' title='bbox 1110 1641 1271 1675; x_wconf 84' lang='lat' dir='ltr'>audierat</span> <span class='ocrx_word' id='word_1_405' title='bbox 1293 1644 1411 1677; x_wconf 87' lang='lat' dir='ltr'>Rhodi</span> <span class='ocrx_word' id='word_1_406' title='bbox 1426 1643 1559 1682; x_wconf 39' lang='lat' dir='ltr'>rursus*</span> 
     </span>
     <span class='ocr_line' id='line_1_69' title="bbox 858 1699 1551 1748; baseline 0.004 -13"><span class='ocrx_word' id='word_1_407' title='bbox 858 1711 898 1735; x_wconf 83' lang='lat' dir='ltr'>se</span> <span class='ocrx_word' id='word_1_408' title='bbox 920 1699 1145 1734; x_wconf 81' lang='lat' dir='ltr'>formandum</span> <span class='ocrx_word' id='word_1_409' title='bbox 1166 1710 1207 1731; x_wconf 85' lang='lat' dir='ltr'>ac</span> <span class='ocrx_word' id='word_1_410' title='bbox 1222 1700 1323 1733; x_wconf 77' lang='lat' dir='ltr'>velut</span> <span class='ocrx_word' id='word_1_411' title='bbox 1346 1711 1551 1748; x_wconf 85' lang='lat' dir='ltr'>recoquen-</span> 
     </span>
     <span class='ocr_line' id='line_1_70' title="bbox 859 1755 1553 1798; baseline -0.001 -8"><span class='ocrx_word' id='word_1_412' title='bbox 859 1758 943 1790; x_wconf 87' lang='lat' dir='ltr'>dum</span> <span class='ocrx_word' id='word_1_413' title='bbox 966 1755 1062 1789; x_wconf 86' lang='lat' dir='ltr'>dedit</span> <span class='ocrx_word' id='word_1_414' title='bbox 1094 1757 1158 1798; x_wconf 84' lang='lat'>12,</span> <span class='ocrx_word' id='word_1_415' title='bbox 1187 1755 1229 1798; x_wconf 83' lang='lat'>6,</span> <span class='ocrx_word' id='word_1_416' title='bbox 1252 1759 1288 1789; x_wconf 90' lang='grc'>7.</span> <span class='ocrx_word' id='word_1_417' title='bbox 1333 1757 1411 1792; x_wconf 74' lang='lat' dir='ltr'>Sex</span> <span class='ocrx_word' id='word_1_418' title='bbox 1436 1766 1472 1794; x_wconf 89' lang='lat' dir='ltr'>et</span> <span class='ocrx_word' id='word_1_419' title='bbox 1494 1762 1553 1796; x_wconf 79' lang='lat' dir='ltr'>vi.</span> 
     </span>
     <span class='ocr_line' id='line_1_71' title="bbox 859 1813 1551 1861; baseline 0.01 -15"><span class='ocrx_word' id='word_1_420' title='bbox 859 1813 948 1861; x_wconf 82' lang='lat' dir='ltr'>ginti</span> <span class='ocrx_word' id='word_1_421' title='bbox 980 1818 1083 1846; x_wconf 83' lang='lat' dir='ltr'>natus</span> <span class='ocrx_word' id='word_1_422' title='bbox 1113 1821 1226 1846; x_wconf 86' lang='lat' dir='ltr'>annos</span> <span class='ocrx_word' id='word_1_423' title='bbox 1258 1824 1325 1857; x_wconf 90' lang='lat' dir='ltr'>pro</span> <span class='ocrx_word' id='word_1_424' title='bbox 1352 1815 1390 1849; x_wconf 90' lang='lat' dir='ltr'><strong>S.</strong></span> <span class='ocrx_word' id='word_1_425' title='bbox 1418 1818 1551 1853; x_wconf 86' lang='lat' dir='ltr'>Roscio</span> 
     </span>
     <span class='ocr_line' id='line_1_72' title="bbox 861 1867 1585 1915; baseline 0.008 -11"><span class='ocrx_word' id='word_1_426' title='bbox 861 1870 955 1904; x_wconf 79' lang='lat' dir='ltr'>dixit</span> <span class='ocrx_word' id='word_1_427' title='bbox 979 1873 1035 1912; x_wconf 86' lang='lat'>12,</span> <span class='ocrx_word' id='word_1_428' title='bbox 1059 1870 1094 1911; x_wconf 87' lang='grc'>6,</span> <span class='ocrx_word' id='word_1_429' title='bbox 1121 1867 1155 1901; x_wconf 84' lang='grc'>4.</span> <span class='ocrx_word' id='word_1_430' title='bbox 1183 1870 1272 1904; x_wconf 86' lang='lat' dir='ltr'>Inde</span> <span class='ocrx_word' id='word_1_431' title='bbox 1296 1873 1470 1915; x_wconf 84' lang='lat' dir='ltr'>quaedam</span> <span class='ocrx_word' id='word_1_432' title='bbox 1487 1876 1551 1910; x_wconf 86' lang='lat' dir='ltr'>de·-</span> <span class='ocrx_word' id='word_1_433' title='bbox 1580 1881 1585 1883; x_wconf 73' lang='grc'><em>”</em></span> 
     </span>
     <span class='ocr_line' id='line_1_73' title="bbox 858 1926 1552 1975; baseline 0.007 -14"><span class='ocrx_word' id='word_1_434' title='bbox 858 1926 1036 1962; x_wconf 74' lang='lat' dir='ltr'>ferbuisse</span> <span class='ocrx_word' id='word_1_435' title='bbox 1052 1932 1213 1969; x_wconf 83' lang='lat' dir='ltr'>tempore</span> <span class='ocrx_word' id='word_1_436' title='bbox 1232 1933 1267 1960; x_wconf 88' lang='lat' dir='ltr'>et</span> <span class='ocrx_word' id='word_1_437' title='bbox 1284 1928 1386 1962; x_wconf 84' lang='lat' dir='ltr'>annis</span> <span class='ocrx_word' id='word_1_438' title='bbox 1405 1930 1552 1975; x_wconf 87' lang='lat' dir='ltr'>liquata,</span> 
     </span>
     <span class='ocr_line' id='line_1_74' title="bbox 858 1983 1554 2031; baseline 0.007 -13"><span class='ocrx_word' id='word_1_439' title='bbox 858 1984 930 2018; x_wconf 82' lang='lat' dir='ltr'>iam</span> <span class='ocrx_word' id='word_1_440' title='bbox 953 1983 1075 2017; x_wconf 88' lang='lat' dir='ltr'>senior</span> <span class='ocrx_word' id='word_1_441' title='bbox 1095 1983 1191 2017; x_wconf 82' lang='lat' dir='ltr'>idem</span> <span class='ocrx_word' id='word_1_442' title='bbox 1219 1985 1351 2018; x_wconf 75' lang='lat' dir='ltr'>fatetur</span> <span class='ocrx_word' id='word_1_443' title='bbox 1373 1988 1416 2020; x_wconf 79' lang='lat' dir='ltr'>ib.</span> <span class='ocrx_word' id='word_1_444' title='bbox 1442 1988 1554 2031; x_wconf 83' lang='lat' dir='ltr'>Dicit,</span> 
     </span>
     <span class='ocr_line' id='line_1_75' title="bbox 859 2041 1553 2089; baseline 0.006 -14"><span class='ocrx_word' id='word_1_445' title='bbox 859 2041 1058 2075; x_wconf 85' lang='lat' dir='ltr'>orationem</span> <span class='ocrx_word' id='word_1_446' title='bbox 1080 2051 1178 2073; x_wconf 83' lang='lat' dir='ltr'>suam</span> <span class='ocrx_word' id='word_1_447' title='bbox 1203 2052 1394 2076; x_wconf 85' lang='lat' dir='ltr'>canescere</span> <span class='ocrx_word' id='word_1_448' title='bbox 1426 2046 1468 2078; x_wconf 88' lang='lat'>11</span> <span class='ocrx_word' id='word_1_449' title='bbox 1481 2070 1493 2088; x_wconf 93' lang='lat'>,</span> <span class='ocrx_word' id='word_1_450' title='bbox 1519 2049 1553 2089; x_wconf 88' lang='lat'>1,</span> 
     </span>
     <span class='ocr_line' id='line_1_76' title="bbox 849 2098 1556 2137; baseline 0.01 -8"><span class='ocrx_word' id='word_1_451' title='bbox 849 2099 917 2132; x_wconf 69' lang='lat'><strong>31.</strong></span> <span class='ocrx_word' id='word_1_452' title='bbox 964 2098 1047 2131; x_wconf 86' lang='lat' dir='ltr'>Non</span> <span class='ocrx_word' id='word_1_453' title='bbox 1069 2102 1204 2130; x_wconf 85' lang='lat' dir='ltr'>tantum</span> <span class='ocrx_word' id='word_1_454' title='bbox 1228 2108 1267 2131; x_wconf 91' lang='lat' dir='ltr'>se</span> <span class='ocrx_word' id='word_1_455' title='bbox 1291 2099 1424 2134; x_wconf 88' lang='lat' dir='ltr'>debere</span> <span class='ocrx_word' id='word_1_456' title='bbox 1447 2102 1556 2137; x_wconf 75' lang='lat' dir='ltr'>scho-</span> 
     </span>
     <span class='ocr_line' id='line_1_77' title="bbox 861 2154 1556 2198; baseline 0.009 -11"><span class='ocrx_word' id='word_1_457' title='bbox 861 2154 906 2188; x_wconf 88' lang='lat' dir='ltr'>lis</span> <span class='ocrx_word' id='word_1_458' title='bbox 925 2155 1128 2196; x_wconf 87' lang='lat' dir='ltr'>rhetorum,</span> <span class='ocrx_word' id='word_1_459' title='bbox 1154 2159 1323 2198; x_wconf 84' lang='lat' dir='ltr'>quantum</span> <span class='ocrx_word' id='word_1_460' title='bbox 1338 2155 1556 2194; x_wconf 80' lang='lat' dir='ltr'>Academiae</span> 
     </span>
     <span class='ocr_line' id='line_1_78' title="bbox 863 2210 1555 2256; baseline 0.009 -13"><span class='ocrx_word' id='word_1_461' title='bbox 863 2210 1005 2254; x_wconf 83' lang='lat' dir='ltr'>spatiis,</span> <span class='ocrx_word' id='word_1_462' title='bbox 1046 2211 1256 2254; x_wconf 78' lang='lat' dir='ltr'>frequenter</span> <span class='ocrx_word' id='word_1_463' title='bbox 1292 2211 1370 2256; x_wconf 89' lang='lat' dir='ltr'>ipse</span> <span class='ocrx_word' id='word_1_464' title='bbox 1409 2219 1555 2250; x_wconf 84' lang='lat' dir='ltr'>testatus</span> 
     </span>
     <span class='ocr_line' id='line_1_79' title="bbox 864 2268 1556 2316; baseline 0.006 -14"><span class='ocrx_word' id='word_1_465' title='bbox 864 2273 919 2302; x_wconf 79' lang='lat' dir='ltr'>est</span> <span class='ocrx_word' id='word_1_466' title='bbox 956 2270 1025 2310; x_wconf 88' lang='lat'>12,</span> <span class='ocrx_word' id='word_1_467' title='bbox 1063 2270 1108 2311; x_wconf 83' lang='lat'>2,</span> <span class='ocrx_word' id='word_1_468' title='bbox 1138 2269 1197 2302; x_wconf 90' lang='grc'>23.</span> <span class='ocrx_word' id='word_1_469' title='bbox 1243 2268 1302 2301; x_wconf 82' lang='lat' dir='ltr'>Ex</span> <span class='ocrx_word' id='word_1_470' title='bbox 1330 2268 1556 2316; x_wconf 83' lang='lat' dir='ltr'>Philosophis</span> 
     </span>
     <span class='ocr_line' id='line_1_80' title="bbox 864 2324 1558 2371; baseline 0.009 -14"><span class='ocrx_word' id='word_1_471' title='bbox 864 2324 1054 2368; x_wconf 87' lang='lat' dir='ltr'>plurimum</span> <span class='ocrx_word' id='word_1_472' title='bbox 1084 2335 1123 2357; x_wconf 85' lang='lat' dir='ltr'>se</span> <span class='ocrx_word' id='word_1_473' title='bbox 1154 2324 1309 2359; x_wconf 82' lang='lat' dir='ltr'>traxisse</span> <span class='ocrx_word' id='word_1_474' title='bbox 1332 2327 1558 2371; x_wconf 86' lang='lat' dir='ltr'>eloquentiae</span> 
     </span>
     <span class='ocr_line' id='line_1_81' title="bbox 865 2380 1559 2423; baseline 0.009 -9"><span class='ocrx_word' id='word_1_475' title='bbox 865 2380 1055 2414; x_wconf 83' lang='lat' dir='ltr'>confitetur</span> <span class='ocrx_word' id='word_1_476' title='bbox 1079 2383 1135 2423; x_wconf 93' lang='grc'>10,</span> <span class='ocrx_word' id='word_1_477' title='bbox 1159 2382 1192 2419; x_wconf 82' lang='lat'><strong>1.</strong></span> <span class='ocrx_word' id='word_1_478' title='bbox 1218 2381 1276 2415; x_wconf 88' lang='grc'>81.</span> <span class='ocrx_word' id='word_1_479' title='bbox 1322 2383 1478 2418; x_wconf 85' lang='lat' dir='ltr'>Dicendi</span> <span class='ocrx_word' id='word_1_480' title='bbox 1500 2387 1559 2420; x_wconf 83' lang='lat' dir='ltr'>fa-</span> 
     </span>
     <span class='ocr_line' id='line_1_82' title="bbox 866 2436 1560 2482; baseline 0.007 -11"><span class='ocrx_word' id='word_1_481' title='bbox 866 2438 1030 2471; x_wconf 86' lang='lat' dir='ltr'>cultatem</span> <span class='ocrx_word' id='word_1_482' title='bbox 1049 2447 1096 2470; x_wconf 84' lang='lat' dir='ltr'>ex</span> <span class='ocrx_word' id='word_1_483' title='bbox 1111 2436 1244 2470; x_wconf 87' lang='lat' dir='ltr'>intimis</span> <span class='ocrx_word' id='word_1_484' title='bbox 1259 2438 1454 2482; x_wconf 83' lang='lat' dir='ltr'>sapientiae</span> <span class='ocrx_word' id='word_1_485' title='bbox 1474 2441 1560 2476; x_wconf 78' lang='lat' dir='ltr'>fon-</span> 
     </span>
     <span class='ocr_line' id='line_1_83' title="bbox 866 2493 1559 2539; baseline 0.003 -11"><span class='ocrx_word' id='word_1_486' title='bbox 866 2493 961 2528; x_wconf 79' lang='lat' dir='ltr'>tibus</span> <span class='ocrx_word' id='word_1_487' title='bbox 983 2493 1096 2527; x_wconf 84' lang='lat' dir='ltr'>fluere</span> <span class='ocrx_word' id='word_1_488' title='bbox 1118 2498 1265 2526; x_wconf 84' lang='lat' dir='ltr'>testatur</span> <span class='ocrx_word' id='word_1_489' title='bbox 1290 2497 1352 2538; x_wconf 82' lang='lat'>12,</span> <span class='ocrx_word' id='word_1_490' title='bbox 1378 2498 1422 2539; x_wconf 90' lang='grc'>2,</span> <span class='ocrx_word' id='word_1_491' title='bbox 1445 2497 1480 2533; x_wconf 87' lang='grc'>6.</span> <span class='ocrx_word' id='word_1_492' title='bbox 1510 2497 1559 2534; x_wconf 83' lang='lat' dir='ltr'>Se</span> 
     </span>
     <span class='ocr_line' id='line_1_84' title="bbox 866 2548 1561 2589; baseline 0.003 -5"><span class='ocrx_word' id='word_1_493' title='bbox 866 2556 980 2584; x_wconf 81' lang='lat' dir='ltr'>totum</span> <span class='ocrx_word' id='word_1_494' title='bbox 1009 2550 1054 2583; x_wconf 88' lang='lat' dir='ltr'>ad</span> <span class='ocrx_word' id='word_1_495' title='bbox 1084 2548 1315 2583; x_wconf 85' lang='lat' dir='ltr'>imitationem</span> <span class='ocrx_word' id='word_1_496' title='bbox 1342 2551 1561 2589; x_wconf 77' lang='lat' dir='ltr'>Graecorum</span> 
     </span>
     <span class='ocr_line' id='line_1_85' title="bbox 869 2606 1561 2652; baseline 0 -12"><span class='ocrx_word' id='word_1_497' title='bbox 869 2606 1019 2640; x_wconf 89' lang='lat' dir='ltr'>contulit</span> <span class='ocrx_word' id='word_1_498' title='bbox 1043 2607 1103 2647; x_wconf 92' lang='grc'>10,</span> <span class='ocrx_word' id='word_1_499' title='bbox 1131 2608 1168 2647; x_wconf 95' lang='grc'>1,</span> <span class='ocrx_word' id='word_1_500' title='bbox 1194 2607 1273 2640; x_wconf 85' lang='grc'><strong>108.</strong></span> <span class='ocrx_word' id='word_1_501' title='bbox 1317 2607 1457 2652; x_wconf 80' lang='lat' dir='ltr'>Ubique</span> <span class='ocrx_word' id='word_1_502' title='bbox 1477 2612 1561 2645; x_wconf 77' lang='lat' dir='ltr'>Pla-</span> 
     </span>
     <span class='ocr_line' id='line_1_86' title="bbox 869 2662 1560 2702; baseline 0.009 -6"><span class='ocrx_word' id='word_1_503' title='bbox 869 2662 964 2696; x_wconf 88' lang='lat' dir='ltr'>tonis</span> <span class='ocrx_word' id='word_1_504' title='bbox 981 2663 1138 2696; x_wconf 84' lang='lat' dir='ltr'>aemulus</span> <span class='ocrx_word' id='word_1_505' title='bbox 1160 2664 1205 2696; x_wconf 71' lang='lat' dir='ltr'><strong>fb.</strong></span> <span class='ocrx_word' id='word_1_506' title='bbox 1230 2664 1308 2698; x_wconf 80' lang='lat'><strong>123.</strong></span> <span class='ocrx_word' id='word_1_507' title='bbox 1353 2664 1401 2699; x_wconf 91' lang='lat' dir='ltr'>Se</span> <span class='ocrx_word' id='word_1_508' title='bbox 1416 2667 1459 2700; x_wconf 83' lang='lat' dir='ltr'>ab</span> <span class='ocrx_word' id='word_1_509' title='bbox 1482 2668 1560 2702; x_wconf 84' lang='lat' dir='ltr'>aliis</span> 
     </span>
     <span class='ocr_line' id='line_1_87' title="bbox 871 2718 1560 2769; baseline 0.01 -18"><span class='ocrx_word' id='word_1_510' title='bbox 871 2729 1015 2764; x_wconf 85' lang='lat' dir='ltr'>quoque</span> <span class='ocrx_word' id='word_1_511' title='bbox 1053 2718 1304 2754; x_wconf 81' lang='lat' dir='ltr'>vetustissimis</span> <span class='ocrx_word' id='word_1_512' title='bbox 1343 2724 1560 2769; x_wconf 80' lang='lat' dir='ltr'>auctoribus,</span> 
     </span>
     <span class='ocr_line' id='line_1_88' title="bbox 870 2775 1561 2823; baseline 0.007 -13"><span class='ocrx_word' id='word_1_513' title='bbox 870 2775 1066 2823; x_wconf 82' lang='lat' dir='ltr'>ingeniosis</span> <span class='ocrx_word' id='word_1_514' title='bbox 1089 2775 1234 2822; x_wconf 79' lang='lat' dir='ltr'>quidem</span> <span class='ocrx_word' id='word_1_515' title='bbox 1255 2778 1320 2813; x_wconf 76' lang='lat' dir='ltr'>sed</span> <span class='ocrx_word' id='word_1_516' title='bbox 1341 2784 1417 2815; x_wconf 82' lang='lat' dir='ltr'>arte</span> <span class='ocrx_word' id='word_1_517' title='bbox 1434 2791 1561 2817; x_wconf 84' lang='lat' dir='ltr'>caren-</span> 
     </span>
    </p>
   </div>
   <div class='ocr_carea' id='block_1_25' title="bbox 1043 2842 1123 2879">
    <p class='ocr_par' dir='ltr' id='par_1_27' title="bbox 1043 2842 1123 2879">
     <span class='ocr_line' id='line_1_89' title="bbox 1043 2842 1123 2879; baseline 0 -16"><span class='ocrx_word' id='word_1_518' title='bbox 1043 2842 1123 2879; x_wconf 64' lang='grc'>63*</span> 
     </span>
    </p>
   </div>
  </div>
 </body>
</html>
