1728 3002
603 255 611 266 x
644 225 800 280 Quoad
826 248 880 258 -—
906 225 1035 280 Quod
1522 228 1603 267 753

124 341 164 377 in
194 342 319 378 schola
346 341 532 390 finguntur
556 341 703 376 affectus
730 342 798 385 11,
822 342 862 384 1,
885 341 942 377 55.
980 339 1025 383 ej:
1052 341 1118 383 12,
1139 340 1185 384 9,
1207 341 1265 374 20.
1307 339 1408 384 pejus
1434 340 1605 382 adhuc,

124 399 212 434 quo
236 387 346 437 magis
372 389 501 432 falsum
524 393 578 423 est
598 389 642 432 8,
665 388 707 429 5,
730 389 789 422 20.
819 387 909 422 haec
940 386 1017 432 ipsa
1042 385 1155 432 magis
1187 385 1415 430 pertinaciter
1444 385 1606 428 haerent,

123 445 196 479 quo
220 433 298 478 (Sp.
320 433 426 479 quae)
449 433 627 469 deteriora
654 437 738 467 sunt
762 436 795 476 1,
821 435 855 476 1,
878 434 901 468 5
929 437 972 468 Z.
1004 431 1183 480 grandiori
1211 431 1356 474 similis,
1394 442 1466 477 qno
1489 432 1607 467 minus

123 479 265 523 strictus
288 486 343 514 est
366 482 423 522 10,
448 482 482 522 1,
506 483 563 516 77.
608 480 689 514 Jam
712 480 868 513 secunda
890 478 1078 523 respiratio
1100 477 1277 513 increscat
1305 483 1459 522 oportet,
1483 483 1518 512 et
1542 490 1607 511 na-

122 525 227 560 turali
250 526 358 570 quod.
384 531 533 569 conatu,
556 536 648 569 quo
670 525 820 559 minus
843 525 971 568 pavide
995 524 1157 567 dicimus,
1186 530 1222 558 et
1249 525 1377 569 quod
1399 524 1607 571 magnitudo

121 571 230 606 animi
256 570 405 606 Milonis
439 572 637 606 ostenditur
664 574 726 615 11,
749 573 790 614 3,
820 571 879 607 49.
910 582 1000 616 quo
1032 571 1172 615 saepius
1203 569 1403 613 monuerit,
1439 571 1524 604 hoc
1547 582 1607 604 ra-

120 617 196 655 rius
221 617 403 663 castigabit
429 621 472 661 2,
497 621 542 660 2,
566 619 599 652 5.
631 628 722 663 quo
748 617 827 662 quis
853 617 999 663 ingenio
1023 616 1139 651 minus
1164 618 1282 658 valet,
1314 616 1404 650 hoc
1432 627 1471 650 se
1494 615 1607 663 magis

123 664 285 698 attollere
306 668 456 698 conatur
477 666 512 706 2,
536 665 571 706 3,
591 663 628 698 8.
654 674 832 708 quoque
856 663 940 708 quid
962 669 1087 698 natura
1111 669 1165 698 est
1186 662 1299 709 magis
1322 673 1500 705 asperum,
1525 663 1609 697 hoo

94 710 99 713 '
121 708 281 753 pluribus
303 709 540 744 condiendum
563 714 618 743 est
639 709 881 754 voluptatibus
906 710 939 752 5,
965 709 1021 754 14,
1044 710 1102 745 35.
1131 708 1175 750 cs.
1201 708 1237 751 4,
1261 711 1298 752 2,
1323 708 1403 743 125.
1431 709 1466 751 9,
1490 707 1526 750 4,
1550 709 1608 744 83.

122 757 180 798 11,
204 756 239 798 3,
263 753 322 789 42.
351 766 406 790 eo
428 757 507 790 solo
523 755 640 789 minu·
666 761 731 799 est,
758 757 855 800 quod
878 755 1000 790 literae
1023 755 1281 800 perpoliernnt‚
1305 764 1395 799 quo
1418 754 1544 788 melius
1572 758 1607 797 2,

122 802 179 843 12,
202 801 238 835 8.
261 809 450 846 quoque
475 807 529 835 est
553 801 710 842 dulcius,
733 801 843 848 magis
867 802 959 845 perit
983 805 1025 844 9,
1050 801 1094 845 4,
1123 800 1201 836 143·
1234 811 1306 846 quo
1334 800 1493 834 minores
1521 810 1608 844 opes

120 846 287 889 fuerunt,
313 846 359 890 (S
368 860 402 890 p.
425 850 524 882 inser.
546 848 610 889 eo)
630 847 802 891 majorem
825 847 916 882 bene
942 847 1045 882 factis
1069 847 1219 894 gloriam
1243 845 1337 891 parit
1359 848 1395 889 3,
1423 849 1457 889 7,
1483 847 1527 880 13
1541 849 1608 889 Z.;

121 894 155 926 in
166 895 319 927 transitu.-
342 893 423 938 Quo
436 892 638 937 diligentius
650 892 894 939 distinguenda
909 898 990 926 sunt
1002 893 1152 939 singula,
1165 893 1446 927 nt—ostendam
1456 890 1491 935 4,
1503 895 1539 935 2,
1549 894 1609 927 33.

122 938 206 984 Quo
227 937 339 984 magis
361 937 532 984 signanda
554 944 608 973 est
631 938 815 982 utriusque
837 938 892 972 rei
919 938 1118 972 differentia
1142 940 1188 982 9,
1215 940 1257 981 1,
1279 937 1315 973 4.
1342 937 1388 979 cs.
1414 939 1459 980 8,
1483 938 1527 981 6,
1551 937 1610 973 74.

122 983 328 1028 quominus
350 984 479 1018 mirum
504 990 580 1027 est,
604 986 700 1028 quod
728 991 789 1017 etc.
817 987 881 1026 12,
906 987 974 1027 10,
998 982 1055 1019 74.
1080 983 1126 1025 qs.
1151 985 1193 1027 9,
1219 982 1265 1026 4,
1291 984 1370 1019 139.
1399 983 1610 1019 v.Miror.

119 1029 160 1070 b)
181 1042 212 1064 c.
240 1030 434 1074 Coniuncta
459 1041 531 1074 quo
558 1036 678 1064 essent
703 1031 747 1063 ad
771 1030 947 1075 agendum
973 1029 1168 1064 erectiores
1190 1030 1227 1071 9,
1245 1028 1280 1072 4,
1303 1032 1360 1063 12.
1407 1028 1489 1063 Non
1514 1029 1610 1064 euim

118 1075 283 1121 recidffire
310 1086 372 1117 ea,
406 1086 526 1120 neque
547 1076 662 1121 polire
685 1086 891 1120 possumus,
925 1086 996 1120 qno
1020 1074 1082 1119 (α.
1104 1079 1127 1109 1.
1156 1075 1274 1120 quae)
1298 1080 1543 1121 coagmentata
1569 1086 1610 1111 se

118 1127 231 1167 magt„
260 1122 410 1168 jungant
434 1123 480 1166 8,
509 1123 550 1165 6,
583 1122 643 1156 63.
689 1118 851 1165 Neque
882 1126 1000 1156 tamen
1034 1121 1196 1165 protinus
1232 1120 1439 1155 cesserit
1474 1126 1609 1165 orator,

120 1177 215 1211 quo
241 1166 385 1202 minu·
411 1172 448 1202 et
471 1167 603 1202 amicus
627 1177 694 1211 pro
719 1167 833 1202 amico
856 1167 969 1211 possit
990 1177 1117 1202 verum
1140 1166 1261 1201 dicere
1285 1166 1330 1210 5,
1350 1167 1397 1209 ’7,
1420 1169 1443 1200 2
1459 1169 1506 1200 N.
1541 1167 1611 1201 ni-

119 1211 190 1247 hit
219 1213 394 1256 obstat,
423 1225 459 1258 q.
483 1213 632 1247 minus
654 1213 785 1255 justum
818 1212 1081 1248 matrimonium
1113 1212 1158 1247 sit
1187 1217 1306 1246 mente
1343 1211 1550 1246 coeuntium
1573 1214 1609 1257 5,

120 1261 180 1300 11,
202 1259 260 1293 32.
285 1257 331 1300 «όί
356 1261 413 1300 12,
438 1262 473 1301 7,
496 1259 531 1294 6.
558 1270 639 1293 cum
662 1258 818 1293 sermoni
842 1259 974 1292 deest
1001 1258 1148 1303 aliquid,
1174 1268 1262 1303 quo
1285 1256 1337 1301 (a.
1356 1262 1378 1291 l.
1403 1257 1610 1302 quod)n1i·

119 1313 207 1337 nus
229 1305 363 1348 plenus
385 1305 433 1338 sit
462 1306 508 1346 8,
535 1306 580 1348 3,
611 1306 668 1339 50.
702 1303 837 1349 aliquas
861 1305 986 1343 etiam,
1026 1315 1119 1349 quae
1157 1310 1239 1338 sunt
1271 1303 1436 1350 egregiae
1467 1305 1609 1340 dicendi

117 1348 291 1392 virtutes,
323 1360 418 1394 quo
446 1350 598 1384 minus
628 1351 799 1393 deceant,
823 1350 919 1384 effici
944 1350 1159 1385 condicione
1185 1360 1371 1384 causarum
1395 1353 1458 1391 11,
1474 1354 1523 1394 -1,
1549 1351 1610 1386 48.

117 1405 237 1439 neque
256 1406 346 1440 spe,
370 1407 487 1440 neque
513 1402 610 1430 metu
630 1396 826 1431 declinatus
851 1396 1007 1440 animus,
1032 1407 1105 1442 qno
1129 1396 1247 1431 minus
1270 1396 1411 1440 optimis
1435 1407 1474 1431 se
1497 1397 1610 1442 parti-

116 1439 184 1474 bus
206 1440 372 1488 jungeret
399 1445 454 1486 12,
483 1445 517 1486 1,
543 1443 600 1478 16.

73 1493 240 1548 Quoad·
290 1520 326 1555 q.
351 1509 598 1556 intinguuntur
622 1509 750 1545 calami
777 1511 843 1553 10,
871 1511 918 1553 3,
944 1511 1001 1544 31.
1025 1520 1062 1554 q.
1085 1507 1180 1545 vixit
1203 1511 1261 1552 11,
1285 1510 1318 1552 3,
1345 1509 1380 1544 8.
1413 1522 1447 1544 v.
1475 1509 1607 1547 Dum.

118 1565 153 1598 q.
172 1553 263 1589 licet
286 1558 320 1599 1,
341 1556 378 1600 6,
403 1558 462 1590 20.

74 1606 305 1702 Οὲιὲῦίἑέἃι
356 1622 403 1668 Q.
432 1620 521 1656 mihi
555 1632 603 1675 ne
634 1621 696 1657 hio
729 1621 872 1667 quidem
902 1622 1005 1657 locus
1036 1621 1189 1656 intactus
1223 1626 1278 1655 est
1308 1620 1525 1657 omittendus
1550 1625 1607 1667 12,

172 1690 185 1709 ,
265 1687 277 1699 .

75 1718 357 1776 Quocunque.
388 1744 423 1778 q,
450 1733 530 1777 vis,
552 1733 716 1778 imprime
743 1733 848 1777 (hanc
870 1732 1019 1777 manum)
1047 1732 1083 1776 9,
1109 1735 1145 1775 2,
1168 1731 1225 1766 42.
1260 1745 1296 1777 q.
1323 1733 1484 1779 respexit
1506 1735 1558 1777 (ω
1582 1739 1606 1772 1,

119 1778 359 1822 respexerit),
386 1779 519 1814 intueri
538 1780 687 1823 desinit,
712 1781 809 1824 quod
831 1780 1052 1824 propositum
1077 1785 1153 1813 erat
1177 1781 1232 1822 10,
1259 1781 1294 1822 3,
1319 1781 1377 1814 23.
1493 1807 1496 1808 ⁷

77 1832 222 1886 Quod.
268 1844 312 1887 Ι)
335 1845 366 1890 c)
394 1849 537 1880 Iudicat.
565 1847 607 1889 α)
637 1845 678 1889 a)
712 1847 925 1892 abnegatam?
956 1846 990 1881 ei
1021 1846 1195 1891 pecuniae
1221 1852 1380 1890 partem,
1418 1849 1535 1892 quod
1569 1848 1608 1883 in

121 1890 245 1924 laudes
269 1890 426 1925 Castoris
449 1904 491 1927 ac
513 1892 668 1926 Pollucis
693 1893 880 1927 exierat
902 1895 959 1936 11,
986 1895 1022 1936 2,
1049 1896 1105 1927 11.
1143 1892 1186 1934 cs.
1212 1895 1246 1936 3,
1272 1895 1306 1936 5,
1335 1895 1391 1928 15.
1424 1901 1609 1937 appareat-

123 1946 217 1980 que,
246 1947 326 1970 eum
348 1937 485 1980 (lucum)
510 1948 586 1972 non
608 1944 680 1972 tam
701 1938 872 1976 insertum
901 1950 1008 1983 quam
1033 1938 1261 1982 applicitum3
1301 1940 1361 1973 vel
1390 1941 1508 1984 quod
1535 1940 1610 1974 dis-

122 1980 246 2015 similis
270 1987 324 2015 est
349 1984 490 2027 ceteris,
513 1986 575 2019 vel
603 1985 723 2028 qnod
745 1986 955 2028 plerumque
979 1985 1109 2018 assumi
1134 1996 1257 2028 parum
1282 1991 1362 2027 apte
1390 1986 1494 2028 solet,
1519 1996 1610 2020 non
1637 2003 1642 2009 ·

122 2027 230 2071 quia
264 2027 504 2077 desideratur,
537 2031 600 2063 sed
632 2031 739 2074 quia
763 2036 903 2074 paratus
930 2035 986 2064 est
1006 2033 1051 2073 2,
1074 2029 1114 2073 4,
1145 2032 1201 2065 30.
1229 2030 1329 2073 cujus
1353 2029 1407 2064 rei
1429 2031 1517 2064 fides
1543 2038 1608 2071 est,

122 2085 158 2117 q.
182 2073 259 2115 ejus
283 2073 413 2118 scripta
429 2081 571 2109 »tantum
602 2074 695 2110 intra
727 2076 858 2109 famam
880 2080 984 2119 sunt,
1019 2082 1060 2109 ut
1094 2083 1154 2109 etc.
1190 2079 1255 2118 11,
1280 2078 1325 2118 3,
1348 2077 1382 2110 8.
1423 2077 1524 2119 cujus
1555 2077 1610 2111 rei

122 2118 284 2162 probatio
308 2126 386 2163 est,
409 2131 443 2164 q.
465 2121 641 2164 exemplis
665 2132 791 2156 eornm
816 2121 999 2156 veteribus
1019 2127 1167 2155 utuntur
1191 2122 1231 2160 5,
1262 2124 1325 2165 10,
1351 2123 1428 2154 120.
1456 2122 1540 2155 huic
1562 2123 1610 2156 si·
1655 2150 1663 2155 a

122 2163 207 2197 mile
231 2169 305 2206 est,
336 2177 371 2209 ‹1-
391 2164 430 2198 in
453 2166 602 2212 epilogis
625 2167 768 2212 quidam
794 2184 840 2193 -—
863 2168 1132 2202 accommodant
1158 2170 1192 2208 7,
1217 2169 1260 2208 2,
1291 2166 1349 2200 56.
1397 2167 1610 2211 Euphrano-

123 2220 202 2256 rem
228 2210 468 2244 admirandum
490 2213 596 2251 facit,
621 2224 655 2255 q.
677 2229 724 2237 —
743 2212 816 2246 -suit
840 2215 895 2251 12.
921 2215 978 2254 10,
1001 2213 1035 2248 6.
1058 2212 1150 2246 fallit
1173 2213 1401 2255 plerumque,
1428 2225 1462 2257 q.
1489 2214 1610 2257 probi-

121 2260 177 2288 tas
199 2261 365 2297 vocatur,
390 2268 480 2301 quae
506 2263 559 2291 est
580 2257 803 2291 imbecillitas
825 2258 861 2301 6,
885 2257 921 2300 4,
947 2261 987 2292 11
1013 2270 1046 2292 v.
1071 2258 1219 2291 Fallo.
1252 2257 1342 2290 nihil
1365 2258 1545 2303 proderit,
1573 2271 1610 2305 q.

122 2300 395 2344 prudentissima
426 2302 552 2337 civitas
584 2302 857 2338 Atheniensium
890 2314 965 2337 11011
995 2314 1074 2338 eam
1103 2313 1171 2347 pro
1208 2301 1334 2336 affectu
1362 2304 1424 2337 sed
1450 2315 1516 2348 pro
1540 2317 1611 2339 nu·-

123 2345 220 2396 1111118
241 2346 377 2390 accepit
400 2347 442 2389 5,
468 2351 525 2391 11,
548 2350 604 2383 38.
632 2349 802 2393 adjiciunt
824 2348 900 2390 his,
926 2361 960 2393 ‹1-
985 2360 1093 2393 saepe
1116 2353 1256 2383 actores
1280 2358 1464 2382 causarum
1489 2352 1612 2391 eadem

125 2400 165 2422 111
193 2390 269 2442 aliis
296 2390 491 2427 defendunt
516 2396 551 2436 2,
577 2396 632 2436 17,
654 2393 712 2429 40.
738 2407 772 2428 v.
795 2394 993 2438 Adjicio.
1018 2395 1133 2435 mitto,
1158 2406 1192 2438 ‹1-
1217 2395 1343 2438 quaed.
1372 2395 1478 2428 nullis
1500 2397 1613 2430 simu-

124 2435 232 2468 lacris
256 2436 446 2484 significari
467 2445 615 2483 possunt
643 2442 708 2482 11,
730 2443 776 2482 2,
800 2441 857 2474 25.
895 2439 1020 2483 rideo,
1046 2453 1081 2484 q.
1105 2439 1157 2473 illi
1183 2438 1235 2472 sic
1262 2439 1386 2473 timent
1408 2442 1454 2483 9,
1481 2444 1526 2485 2,
1550 2443 1610 2478 86.

126 2485 302 2533 esc-epto,
337 2485 431 2527 qnod
456 2495 521 2528 pes
548 2484 634 2518 mihi
655 2484 719 2526 tris
751 2486 905 2529 syllabas
934 2497 1009 2519 non
1032 2486 1176 2521 videtur
1207 2486 1383 2520 excedere
1405 2487 1449 2530 9,
1473 2485 1515 2531 4,
1539 2489 1608 2532 79;

124 2526 216 2560 1111111
249 2526 378 2570 video,
416 2529 510 2564 nisi
546 2530 665 2574 quod
700 2529 812 2575 iniqui
852 2530 989 2574 judices
1025 2532 1107 2566 adv.
1141 2540 1208 2564 nos
1241 2540 1362 2564 sumus
1389 2532 1434 2574 8,
1467 2534 1514 2575 3,
1548 2536 1609 2570 33.

123 2583 158 2606 v.
188 2571 291 2607 Nisi
321 2575 386 2617 IV,
418 2576 463 2617 b;
513 2571 657 2619 Quid?
700 2577 817 2620 quod
859 2577 983 2620 quaed.
1023 2575 1194 2621 requisita
1227 2587 1266 2610 se
1306 2578 1512 2613 occultant?
1550 2583 1607 2624 11,

67 2640 70 2642 v
123 2619 219 2660 2‚v7
247 2630 282 2652 v.
310 2620 427 2666 Quis
452 2622 490 2663 1,
526 2618 558 2656 δ.
586 2621 631 2665 b)
654 2623 688 2654 in
712 2624 921 2655 circuitione.-
964 2622 1070 2667 Quod
1098 2626 1214 2656 autem
1241 2623 1345 2666 posui
1368 2624 1505 2658 referre
1529 2633 1607 2667 etc..

125 2659 196 2696 huc
218 2664 372 2707 pertinet
394 2669 435 2709 5,
465 2669 529 2711 13,
554 2669 611 2702 25.
638 2665 683 2708 cs.
711 2669 766 2710 10,
790 2666 826 2710 4,
851 2665 885 2700 4.
930 2666 976 2712 ῥ’)
1003 2670 1212 2701 antecedente
1237 2670 1526 2716 Demonstraiivo:
1553 2670 1611 2705 cui

127 2710 266 2744 accedit
286 2712 376 2746 hoc
404 2723 566 2758 quoqne,
600 2713 723 2757 quod
758 2722 870 2760 genus
897 2729 937 2736 —
962 2712 1052 2746 nihil
1077 2714 1185 2747 habet
1210 2713 1393 2757 proprium
1417 2717 1462 2758 ὃ,
1485 2716 1526 2756 6,
1552 2717 1609 2752 58.

125 2752 172 2793 ‘ef-
198 2756 255 2799 12,
278 2758 323 2800 3,
351 2759 386 2793 3.
412 2760 476 2793 sed
499 2762 585 2794 hoc
612 2759 783 2802 interest,
815 2757 928 2804 qnod
955 2759 1125 2806 rhythmo
1149 2758 1355 2795 indifferens
1379 2764 1452 2803 est,
1487 2763 1614 2806 dacty-

110 2797 228 2835 lusne
245 2808 310 2836 etc.
332 2802 370 2847 9,
381 2802 429 2849 ἶ4,
455 2803 511 2840 48.
536 2810 591 2840 est
613 2811 650 2839 et
667 2804 763 2840 circa
786 2806 877 2839 hoc
903 2805 1077 2850 quaestio,
1101 2805 1220 2853 quod
1241 2806 1448 2841 memoriam
1470 2808 1612 2852 quidam

177 2868 259 2905 Lex.
291 2870 406 2912 Quint.
1243 2871 1290 2907 48
