1728 3002
426 249 478 290 de
496 247 796 293 Grammatica
828 245 1133 300 Quintilianea.
1428 239 1571 289 vau

0 357 5 370 '
37 363 225 427 Tullio)
247 364 412 419 nescio
435 381 504 411 an
524 362 635 411 ulla
648 378 779 428 pars
798 362 963 427 operis
984 362 1140 428 hujus
1159 363 1230 411 sit
1246 364 1410 425 magis
1442 365 1502 412 el
1507 383 1571 414 a-

27 443 178 492 bora
189 453 280 493 ta:
303 416 479 511 ’fiam
502 448 650 510 apud
674 442 802 491 alias
826 442 1024 492 Passivi
1045 444 1255 503 formaS,
1275 458 1338 491 ut
1363 460 1403 498 1,
1431 463 1475 505 7,
1506 462 1564 493 12

17 524 94 591 ju
107 510 241 574 dici
255 527 361 592 (Sp.
382 543 416 574 a
426 526 625 591 judice)
646 524 804 572 allam
816 524 1170 590 probationem
1192 525 1569 574 desiderari

24 607 84 654 Z.
126 622 200 667 12,
230 625 270 665 ι,
294 611 328 661 A
357 603 604 654 neminem
633 606 825 654 malum
857 623 959 654 esse
986 605 1091 653 m‘sc'
1110 606 1326 654 stultum
1349 607 1562 655 eundem

23 704 122 734 non
142 688 286 735 modo
305 705 415 752 sap
426 688 483 735 ie
493 705 526 734 n
540 696 560 735 t
569 686 668 734 ibn
678 705 701 735 s
722 687 759 734 d
768 687 823 735 e'c
835 687 887 735 it
898 705 933 735 u
946 704 975 734 r
985 723 999 747 ‚
1038 687 1128 734 sed
1148 705 1178 734 v
1194 705 1226 734 u
1238 687 1303 751 lg
1314 704 1342 734 o
1366 705 1560 753 quoque

22 784 214 833 semper
246 777 343 817 est
374 769 706 817 creditum.

8 835 30 851 '¹‘
156 849 486 897 Graecarum
522 866 716 899 vocum
759 849 994 914 ipsarum
1022 846 1289 896 Dativum
1318 848 1559 899 Ablativi

15 927 208 976 Latini
250 911 371 979 vice
412 930 568 997 fungi
598 930 706 996 jam
740 929 797 976 in
827 926 1322 995 Praepositionibus
1353 928 1558 978 dietum

20 1025 191 1073 quum
224 1009 317 1071 sit,
358 1010 691 1065 hietantum
720 1007 1127 1057 memorabimus
1164 1012 1221 1067 4,
1249 1023 1278 1053 2
1293 1045 1306 1063 ,
1344 1010 1436 1056 128
1475 1011 1564 1058 uti

19 1087 335 1151 ἐπιδιηγήσει.
365 1118 431 1128 -
468 1091 570 1139 Sed
596 1088 838 1156 poeticas
863 1105 1089 1154 quoque
1110 1089 1414 1140 Verborum
1434 1091 1556 1139 bre-

20 1169 191 1218 vior'es
226 1170 652 1218 constructiones
687 1173 837 1234 apud
871 1171 1131 1217 Nostrum
1170 1170 1419 1217 nonnihil
1454 1189 1553 1220 va-

15 1249 150 1310 lere,
182 1248 365 1300 videre
388 1250 515 1299 licet
536 1269 602 1298 ex
620 1249 665 1310 5,
691 1266 765 1311 10,
783 1269 808 1312 7
836 1249 1152 1314 enthymema
1173 1251 1551 1314 syllogismo

5 1329 210 1377 ‘distorre
228 1366 243 1390 ‚
304 1332 417 1378 solo
466 1330 896 1393 Guelferbytano
949 1349 984 1378 a
1023 1331 1313 1395 syllogismo
1365 1335 1548 1395 dante,

15 1425 327 1476 quanquam
366 1410 478 1459 aliis
518 1411 763 1459 omnibus
795 1412 923 1460 locis
957 1411 1320 1472 Quintilianus
1358 1413 1552 1461 distare

17 1506 140 1543 eum
167 1491 456 1559 abjungit.
502 1491 791 1540 ·Differo
824 1505 878 1539 et
906 1492 1232 1542 Diversus
1257 1511 1306 1542 v.
1331 1493 1388 1541 in
1410 1495 1545 1544 Lex.

430 1647 472 1684 4.
538 1640 626 1683 DE
659 1640 1125 1685 ACCUSATIVO.

143 1731 434 1780 Laxiorem
462 1748 751 1800 argenteae
779 1731 968 1781 aetatis
990 1750 1150 1780 usum
1178 1732 1338 1800 hujus
1370 1734 1547 1790 Casus,

10 1810 112 1886 §etsi
130 1829 269 1874 raro,
298 1827 482 1860 tamen
504 1814 690 1879 aliquo
724 1813 947 1880 vestigio
974 1815 1342 1878 deprehendes
1371 1830 1445 1874 12,
1474 1829 1548 1870 10,

15 1902 94 1952 79.
113 1891 164 1938 si
190 1890 342 1940 haec
372 1911 562 1959 quoque
584 1897 700 1959 jam
728 1895 891 1943 lenius
923 1894 1158 1959 supina
1177 1895 1551 1959 perseveranti-

18 1969 107 2033 bus
127 1972 309 2020 studh's
327 1991 469 2021 evas
482 1992 507 2021 e
520 1975 624 2023 ris.
676 1975 833 2024 Alter
856 1975 1053 2023 deinde
1074 1976 1346 2023 fluctuans
1367 1974 1551 2023 Accu-

18 2048 246 2108 sativus,
305 2052 400 2116 qui
439 2054 571 2100 nihil
617 2057 780 2103 habet
801 2091 815 2115 ‚
871 2073 983 2120 quo
1032 2055 1241 2103 nitatur
1261 2093 1274 2114 ‚
1328 2053 1555 2102 forsitan

22 2124 358 2176 Gernhardio
389 2133 528 2178 duce
550 2131 655 2180 sisti
675 2134 864 2197 possit,
901 2134 941 2180 si
969 2136 1120 2181 locus
1149 2134 1225 2180 sic
1257 2133 1554 2182 constitua-

19 2219 134 2270 tur:
169 2222 214 2270 9,
237 2207 283 2273 3,
309 2208 385 2270 76.
414 2227 492 2273 77.
569 2212 866 2260 Cleosteleus
894 2211 1014 2276 πάρ
1028 2229 1124 2262 ισο
1138 2233 1168 2262 ν
1198 2214 1551 2273 existimat,

21 2288 154 2352 quod
175 2289 246 2336 sit
269 2306 295 2337 e
316 2291 547 2340 membris
575 2310 676 2341 non
703 2292 1060 2350 delssz'mile'buae
1093 2295 1332 2341 secund
1340 2312 1375 2341 u
1389 2311 1463 2355 m,
1494 2302 1556 2343 ut

50 2367 252 2417 lausula
282 2371 515 2420 similiter
537 2415 539 2417 .
555 2375 723 2435 cadat,
766 2402 832 2411 —-
886 2373 913 2424 ὁ
925 2395 964 2435 μ
978 2393 1005 2423 o
1015 2396 1035 2424 ι
1048 2393 1075 2423 ο
1090 2394 1118 2423 τ
1128 2372 1152 2422 ἑ
1164 2376 1194 2422 λ
1208 2394 1231 2424 ε
1244 2395 1274 2423 v
1285 2395 1312 2423 τ
1323 2394 1351 2423 o
1368 2395 1397 2422 ν
1409 2411 1423 2434 ,
1470 2390 1495 2421 s
1507 2374 1553 2420 z·-

80 2449 105 2494 ι’
110 2448 132 2495 l
140 2463 224 2497 em
268 2451 492 2500 duarum
530 2456 900 2503 sententiarum
936 2443 1017 2501 vel
1052 2454 1287 2518 plurium
1327 2454 1441 2516 fin
1454 2471 1554 2512 em,

0 2548 7 2583 ς
64 2542 86 2576 t
107 2529 375 2579 similem
392 2534 684 2597 —finem
704 2539 944 2602 pendeat
973 2549 1027 2582 et
1046 2535 1219 2600 ipsum
1242 2536 1308 2581 ab
1340 2534 1558 2582 existi-

80 2619 159 2659 at.
190 2636 256 2650 --
299 2612 571 2662 Attractio
603 2619 738 2669 haec
758 2614 1086 2664 -Aceusativi
1133 2630 1208 2669 10,
1244 2631 1284 2669 1,
1316 2615 1378 2660 62
1429 2615 1557 2661 Ste-

38 2677 360 2752 'schoa-um,
393 2712 543 2759 quam
564 2696 635 2744 sit
660 2696 863 2759 ingenio
892 2696 1116 2755 validus,
1151 2693 1399 2743 materiae
1431 2709 1559 2758 quo-

49 2788 111 2820 ue
159 2774 460 2832 ostendunt,
509 2777 732 2824 laudata
772 2791 827 2823 et
872 2777 1090 2824 defensa
1135 2793 1167 2822 a
1188 2776 1252 2821 F
1255 2775 1559 2833 rotschero‚

1067 2858 1179 2884 werse*
1204 2869 1231 2899 2
