1728 3002
521 199 803 270 Syllogismus
831 224 888 231 —
904 199 1077 245 Tabula
1481 206 1562 244 883

0 341 6 350 .
82 322 183 362 putat
212 315 320 351 etiam
352 326 402 352 ex
429 315 541 351 tribus
571 315 959 361 vocalibus‘syllabam
994 315 1072 350 fieri
1100 319 1141 358 1,
1166 315 1210 358 4,
1239 317 1293 350 10.
1328 315 1424 349 nulia
1446 326 1504 350 me
1528 328 1559 350 s.

0 358 3 404 ’ῑ
83 363 225 410 effugiat
242 366 298 405 11,
321 365 356 406 2,
372 361 435 398 45.
457 374 486 397 s.
512 367 654 396 nostrae
677 362 715 395 in
737 363 768 396 B
788 363 929 397 literam
951 368 986 397 et
1005 363 1040 396 D
1059 362 1256 396 innituntur
1278 373 1403 406 aspere
1423 365 1478 406 12,
1503 365 1559 405 10,

0 406 2 428 ¹*
83 412 147 452 323
172 407 315 452 (voces)
343 419 435 454 quae
465 413 547 442 sunt
577 420 606 442 s.
628 408 733 442 unius
758 410 804 453 1,
827 410 869 451 5,
893 411 950 443 31.
990 409 1142 452 plurium
1166 420 1195 442 s.
1221 409 1341 443 verbis
1364 410 1410 451 9,
1435 409 1476 450 4,
1500 409 1559 443 66.

82 455 241 490 clausula
266 455 370 489 unius
388 465 423 489 xs.
445 455 490 498 8,
512 456 554 497 3,
580 456 638 488 20.
672 454 787 489 coitus
809 455 1023 500 syllabarum
1048 456 1090 497 9,
1113 455 1155 498 4,
1180 455 1237 490 59.
1266 466 1294 488 s.
1319 455 1498 500 copulatio
1524 456 1562 498 8,

83 503 128 544 3,
158 501 217 542 16;
245 500 391 546 syllabis
413 501 548 534 nullum
572 500 822 544 compendium
849 506 902 534 est
931 504 969 544 1,
995 504 1035 542 1,
1063 503 1125 543 30;
1152 500 1182 535 si
1206 501 1343 534 acuitur
1365 501 1475 544 prima
1498 500 1561 542 (s.)

84 549 119 589 1,
142 549 179 590 5,
198 547 255 580 23.
269 546 458 591 ¹breviavit
483 547 674 583 secundam
697 548 773 590 ejus
797 546 950 581 nominis
973 558 1002 580 s.
1029 549 1084 588 12,
1106 549 1163 589 10,
1185 547 1239 581 57.
1264 558 1327 591 pes
1352 547 1415 581 tris
1439 559 1468 581 s.
1487 558 1562 581 non

82 592 226 628 videtur
249 593 428 627 excedere
450 593 492 635 9,
518 592 561 634 4,
582 593 641 627 79.
666 594 795 625 dixti·
818 596 970 627 excussa]
992 593 1127 636 syllaba
1151 594 1197 635 9,
1226 595 1267 635 3,
1291 596 1347 626 22.
1375 593 1504 638 quinae
1531 605 1561 627 s.

0 658 9 683 p
82 643 274 673 nectuntur
295 639 338 681 9,
360 637 408 681 4,
440 637 496 672 65.
529 639 789 682 perpendendis
825 650 851 672 s.
886 641 929 672 ib.
962 641 1039 672 112.
1070 638 1162 672 intra
1197 649 1324 682 paucas
1362 650 1391 673 s.
1427 642 1470 674 ib.
1502 642 1562 674 72.

27 718 30 724 ,
81 695 188 730 quam
217 695 268 718 ex
298 684 433 718 duabus
461 694 491 716 s.
513 682 551 718 in
583 695 689 718 unam
722 691 891 731 cogentes
927 690 962 718 et
994 683 1122 718 deinde
1151 685 1334 719 flectentes
1359 688 1401 729 1,
1426 687 1468 729 5,
1491 687 1561 728 233

22 726 163 781 ‚qu'sspum
193 729 342 776 singulis
370 740 484 774 paene
518 740 548 763 s.
575 731 817 764 commorandi
841 732 885 773 8,
909 731 967 764 Pr.
993 733 1049 765 31.
1082 742 1163 764 cnm
1199 737 1364 766 constent
1397 737 1574 776 quattuor

75 772 191 820 'pedes
213 776 305 817 lu'nis
332 787 362 810 s.
386 776 430 818 9,
453 774 499 817 4,
522 771 588 813 80.‘
606 775 652 818 qs.
680 777 758 812 136.
784 776 954 811 extremis
977 788 1006 811 s.
1032 787 1233 811 consonans
1256 779 1300 822 9,
1325 779 1369 820 3,
1392 779 1451 813 ¹75.
1476 777 1562 823 ipsis

59 833 111 861 as.
134 822 247 856 verba
274 820 461 872 complecti
486 823 527 864 1,
550 823 589 865 1,
611 824 667 857 32.
698 835 732 856 v.
755 822 927 857 Litera.

33 863 329 922 syllogismus.
368 876 595 922 syllogismos
617 878 709 923 (Sp.
728 896 771 904 —
786 882 889 918 mus)
913 882 953 922 3,
981 880 1027 923 6,
1050 878 1107 914 43.
1133 882 1189 914 77.
1212 881 1269 915 88.
1295 881 1373 914 103.
1398 891 1428 913 s.
1453 879 1560 914 habet

0 557 4 595 ἰ
24 575 25 578 ,

76 969 220 1005 nititur:
250 971 314 1003 sed
338 971 410 1004 hoc
434 969 601 1012 interest,
633 971 727 1014 quod
751 971 824 1005 illic
850 972 977 1005 dicitur
1001 978 1124 1006 contra
1147 973 1336 1015 scriptum,
1370 972 1429 1005 hic
1454 984 1559 1016 supra

76 1016 247 1059 scriptum
271 1019 316 1058 7,
339 1017 383 1059 8,
406 1018 441 1049 1.
478 1027 510 1048 v.
536 1016 778 1060 Scriptum.
814 1017 1047 1064 syllogismon
1070 1018 1339 1061 (Sp.—mum)
1363 1020 1406 1060 3,
1434 1019 1477 1059 6,
1500 1019 1557 1054 99.

75 1073 106 1096 8.
130 1062 361 1106 imperfectus
384 1061 427 1104 5,
454 1063 517 1104 10,
541 1063 574 1095 3.
600 1063 632 1103 5,
659 1061 724 1105 14,
749 1065 781 1096 1.
805 1064 979 1097 oratorius
1004 1075 1034 1097 s.
1063 1065 1105 1106 5,
1131 1063 1195 1104 14,
1224 1065 1280 1097 24.
1306 1063 1507 1097 rhetoricus
1531 1076 1559 1098 s.

77 1110 121 1150 1,
144 1110 208 1149 10,
234 1109 292 1145 38.
318 1108 366 1150 9,
385 1105 433 1148 4,
457 1109 514 1141 57.
544 1117 572 1140 ε.
601 1107 660 1151 qni
691 1113 745 1141 est
774 1109 930 1142 maxime
965 1108 1140 1153 qualitatis
1167 1111 1213 1151 3,
1239 1110 1280 1151 6,
1314 1110 1371 1144 88.
1404 1111 1490 1153 quin
1524 1115 1560 1144 et

19 1181 25 1188 .
77 1153 279 1187 contrariae
299 1154 399 1199 leges
421 1157 456 1186 et
479 1151 866 1190 ratiocinativus
889 1154 1120 1197 status5id
1146 1160 1221 1196 est,
1246 1156 1559 1201 syllogismos

0 1201 19 1211 ’·
75 1218 122 1225 —
145 1209 260 1243 aequo
289 1198 448 1232 nitantur
470 1199 512 1241 3,
537 1198 581 1240 6,
603 1198 647 1232 43
672 1203 716 1233 Ζ.
749 1199 792 1242 qs.
817 1204 862 1243 7,
887 1203 952 1244 10,
978 1204 996 1234 1
1021 1213 1110 1245 seqq.
1145 1201 1437 1253 eigichirema
1461 1203 1559 1236 nullo

77 1243 196 1278 differt
218 1255 241 1278 a
262 1243 546 1289 syllogismo
571 1246 604 1288 5,
630 1243 686 1287 14,
712 1244 766 1278 14.
788 1246 889 1289 prior
915 1246 1048 1290 (stains)
1073 1247 1306 1292 syllogismon
1330 1248 1437 1281 habet
1460 1249 1495 1288 3,
1522 1249 1558 1291 6,

74 1291 122 1327 99
142 1294 186 1325 Ζ.
216 1289 256 1324 in
278 1290 486 1336 syllogismo
511 1294 588 1323 tota
616 1290 840 1326 ratiocinatio
863 1293 908 1325 ab
938 1302 982 1326 eo
1007 1298 1079 1334 est,
1113 1293 1173 1336 qui
1196 1292 1347 1327 intendit
1370 1295 1413 1327 ib.
1440 1294 1484 1328 15
1510 1295 1555 1328 N.

244 1335 399 1371 omnium
422 1340 590 1369 tractatus
613 1343 777 1371 versatur
798 1337 837 1371 in
864 1337 1080 1385 syllogismis
1103 1339 1146 1381 5,
1174 1341 1237 1382 10,
1261 1340 1335 1374 88..
1352 1340 1558 1383 (exemplum

74 1346 223 1381 quarum

31 1418 33 1420 .
63 1380 274 1426 num)
294 1383 331 1425 3,
351 1382 388 1425 6,
410 1384 456 1416 77
478 1382 528 1415 N.

0 1492 1 1501 ἵ
29 1431 342 1493 syllogisticus·
392 1441 520 1482 statum
543 1449 654 1493 syll.
683 1450 1088 1487 ratiocinativum
1112 1453 1265 1496 appellat
1291 1454 1358 1486 Cic.
1387 1453 1422 1498 5,
1446 1455 1502 1498 10,
1522 1454 1557 1488 6.

13 1502 299 1561 Symposion.
326 1517 429 1551 Plato
452 1515 491 1549 in
514 1517 695 1560 symposio
713 1520 748 1562 8,
771 1517 808 1562 4,
831 1522 889 1553 23.
1254 1554 1259 1559 ,

0 1591 1 1595 ’
25 1569 309 1626 synaloephe·
345 1593 375 1616 s.
395 1582 495 1625 facit,
519 1588 559 1615 ut
581 1584 672 1618 duae
693 1586 839 1619 ultimae
863 1586 1020 1630 syllabae
1046 1596 1112 1628 pro
1133 1597 1213 1619 una·
1224 1593 1353 1621 sonent
1370 1588 1406 1630 9,
1423 1587 1458 1631 4,
1483 1590 1558 1625 109·

0 1637 2 1681 ἰ
27 1634 319 1691 synecdoche·
359 1650 450 1683 haec
472 1649 613 1685 variare
638 1662 836 1686 sermonem
860 1658 998 1696 potest,
1028 1658 1069 1685 ut
1095 1665 1142 1686 ex
1171 1664 1244 1687 uno
1273 1655 1393 1698 plnres
1423 1656 1558 1691 intelli-

0 1703 2 1736 ῑ
71 1705 196 1740 gamus
217 1702 280 1728 etc.
307 1696 349 1737 8,
375 1696 419 1736 6,
445 1696 500 1730 18.
527 1698 583 1731 19.
619 1703 673 1731 est
694 1698 779 1732 huic
804 1704 909 1743 tropo
931 1698 980 1742 (ι’.
1006 1711 1033 1732 e.
1059 1703 1296 1743 metonymice)
1324 1703 1450 1746 quaed.
1476 1714 1557 1738 cum

0 1768 1 1779 ,
56 1741 301 1784 ,εγιιεοᾱοοὶιθ
322 1739 456 1787 vicinia
480 1743 526 1774 ib.
551 1742 610 1777 28.
1395 1746 1402 1750 '

0 1810 1 1850 ξ
27 1783 258 1838 Syntonus.
291 1802 527 1842 syntonorum
549 1798 666 1834 modis
689 1799 885 1836 saltitantes
913 1800 955 1843 9,
978 1799 1020 1844 4,
1050 1799 1116 1835 142
1140 1802 1187 1835 N.

0 1991 3 2047 ἶ
29 1995 84 2039 Τ.
115 2007 219 2045 υ.’Β.
762 1937 817 1986 Τ.

28 2064 224 2119 Τὲὶδθῃῦο
271 2077 524 2124 relinquendae
548 2082 587 2116 in
611 2082 792 2117 utrolibet>
814 2093 946 2130 genere
970 2089 1096 2118 contra
1120 2090 1224 2119 erunt
1245 2096 1380 2120 vacuae
1405 2086 1555 2122 tabellae
1595 2074 1599 2076 ‚

76 2126 132 2165 10,
158 2125 201 2166 3,
226 2125 284 2158 32.
307 2136 341 2159 v.
363 2126 524 2161 Abies.
552 2128 698 2171 (literas)
726 2130 876 2164 tabellae
903 2141 1007 2174 quam
1030 2129 1163 2175 optime
1185 2131 1335 2175 insculpi
1363 2136 1405 2175 1,
1430 2135 1469 2176 1,
1497 2136 1553 2168 27.

31 2166 318 2210 Tabellaria&
362 2192 453 2226 cras,
479 2183 605 2228 inquit,
631 2185 804 2220 tabellarii
828 2186 998 2230 (Ellipsis)
1025 2190 1112 2222 Cic.
1134 2189 1171 2232 9,
1195 2190 1229 2231 3,
1258 2188 1314 2223 58.

29 2233 246 2276 Taberna·
291 2248 462 2285 tabernae
486 2258 586 2286 erant
610 2252 706 2287 circa
730 2253 849 2288 forum
871 2255 907 2296 6,
931 2257 965 2299 3,
990 2257 1047 2291 38.

30 2301 388 2369 Taberpaculum.
437 2321 464 2351 t.
502 2318 855 2372 ducis-augurale
890 2324 934 2366 8,
964 2326 1008 2366 2,
1038 2324 1062 2357 8
1085 2324 1134 2357 Ν.
1165 2337 1212 2357 cr.
1247 2335 1295 2358 ex
1328 2325 1557 2360 tabernaculo
1623 2341 1628 2347 «

74 2360 199 2439 ξάωὲῐ
224 2359 279 2404 (m
301 2360 380 2406 1¹⁴⁸)
403 2362 448 2406 7,
470 2363 518 2407 8,
544 2366 579 2400 6.
607 2376 646 2400 ιιι
678 2368 906 2403 tabernaculo
941 2369 994 2403 uti
1027 2368 1287 2404 exercitatione
1326 2370 1466 2405 dicendi
1499 2374 1555 2416 10,

14 2442 19 2446 <
109 2429 122 2446 ἱ
191 2428 202 2440 ⁰

31 2446 214 2512 Tabula·
258 2461 300 2504 1)
326 2464 372 2496 ad
398 2466 616 2517 pingendum.-
651 2467 824 2512 depictam
846 2468 886 2502 in
909 2470 1076 2504 tabula
1099 2471 1337 2516 sipariove
1366 2472 1555 2521 imaginem

75 2517 131 2540 rei
153 2507 266 2559 6,.1,
293 2509 350 2546 32.
383 2510 585 2546 describere
615 2513 752 2547 tabulas
783 2514 958 2549 mensuris
988 2527 1029 2550 ac
1051 2516 1156 2551 lineis
1183 2520 1246 2560 10,
1269 2521 1312 2562 2,
1338 2519 1372 2554 6.
1403 2520 1554 2555 artifices
1599 2528 1602 2533 ’

31 2567 34 2569 >
75 2553 179 2596 plura
204 2564 243 2605 ¹.¹²
270 2565 376 2588 unam
408 2556 561 2590 tabulam
593 2567 702 2601 opera
728 2561 956 2594 contulerunt
981 2562 1025 2603 8,
1051 2563 1092 2604 5,
1115 2563 1181 2605 26;
1215 2565 1257 2596 de
1278 2567 1432 2608 pictura.-
1467 2567 1553 2610 tab„

11 2615 19 2641 ·.
77 2609 148 2642 qua
171 2599 380 2634 Timanthes
404 2600 554 2636 Coloten
578 2603 666 2638 vicit
687 2607 723 2647 2,
748 2607 804 2648 13,
829 2608 885 2640 13.
910 2618 943 2639 υ.
962 2607 1165 2653 Signum.
1210 2610 1268 2652 11)
1290 2613 1384 2646 Plur.
1406 2614 1448 2646 de
1469 2616 1554 2646 sen·-

11 2677 18 2682 ,
77 2645 154 2687 ptis.
201 2644 243 2688 a)
268 2647 314 2678 ad
336 2649 558 2689 probandum.-
579 2650 721 2688 tabulae
745 2650 968 2694 (probationes
989 2653 1232 2698 inartificiales)
1257 2656 1292 2698 5,
1318 2659 1353 2699 1,
1376 2660 1409 2691 2.
1431 2663 1555 2692 contra

77 2689 213 2741 tabulas
241 2701 383 2744 quoque
418 2704 525 2746 saepe
552 2694 739 2730 dicendum
767 2702 840 2739 est,
873 2707 954 2731 cum
983 2699 1047 2732 eas'
1072 2709 1156 2733 non*
1178 2702 1292 2735 solum
1318 2703 1457 2746 refelli,
1490 2706 1553 2738 sed

80 2739 185 2787 etiam
207 2747 387 2789 accusari,
420 2749 572 2774 sciamus
595 2741 635 2783 5,
659 2741 702 2784 5,
728 2744 759 2776 1.
785 2753 875 2786 quae
908 2744 1187 2780 testimonia
1220 2748 1482 2784 tabulaeve
1518 2749 1556 2783 in

82 2785 221 2816 actione
247 2784 467 2829 recitandae,
492 2789 844 2835 quaepeservaudae
866 2792 900 2832 7,
931 2792 987 2833 10,
1010 2793 1066 2826 13.
1090 2802 1133 2826 ea
1158 2793 1369 2837 (testimonia)
1393 2795 1558 2830 dicuntur

1168 2861 1253 2895 56*

0 936 41 975 2¹³·
79 924 213 968 aliquid
235 924 351 958 simile
373 924 563 967 scripto
586 927 622 958 et
642 925 900 968 voluntati,
926 925 1008 970 quia
1031 936 1174 969 semper
1196 937 1277 969 pars
1299 926 1337 959 in
1361 936 1405 959 eo
1427 926 1559 970 scripto
1597 952 1608 958 .
1636 919 1644 928 ’
