1728 3002
161 170 243 209 278
656 168 845 213 Elimino
888 196 943 203 —-
960 188 961 191 ’
987 170 1205 228 Eloquens

212 284 246 364 ,3.
273 280 528 365 4‹5⁴)58Parti‹=.:
567 285 674 319 electi
713 286 787 321 loci
821 289 854 330 1,
883 290 916 330 1,
941 286 998 322 36.
1032 287 1145 322 verba
1171 287 1245 332 jam
1266 288 1469 332 probata
1494 294 1531 324 et
1555 291 1705 325 electa

168 354 372 417 Eli’mi'no.
397 417 401 426 .
429 387 578 423 memini
599 388 740 433 juvenis
765 390 958 423 admodum
982 389 1076 424 inter
1087 390 1324 435 Pomponium
1340 402 1382 425 ac
1401 392 1575 426 Senecam
1599 391 1707 427 etiam

213 433 493 487 praefationibus
521 445 600 469 esse
623 441 823 479 tractatum,
852 447 897 469 an
921 437 1086 483 gradus
1111 436 1323 472 eliminat
1345 429 1609 485 inff'ragoedia
1635 437 1707 473 dici

214 486 435 523 oportuisset
467 483 510 526 8,
534 483 570 525 3,
598 483 641 516 31
667 483 714 517 Ν.
1591 483 1596 486 ’

148 521 327 585 κΕῙῘῙΠΟ·
375 550 456 573 cum
476 538 610 584 aliquid
635 539 857 574 commodius
886 539 1110 576 elimaverint
1144 542 1179 584 2,
1205 543 1240 584 7,
1267 540 1301 576 5.

168 579 359 637 EfflPSiS·
431 598 583 631 verbum
613 608 661 632 ex
689 597 805 632 verbo
831 596 983 644 intelligi
997 622 1007 641 ,
1040 599 1136 643 quod
1163 597 1258 632 inter
1284 596 1373 634 vitia
1401 597 1536 643 ellipsis
1558 603 1710 642 vocatur

215 637 268 680 (α.
296 644 320 674 l.
350 641 504 687 eclipsis)
529 645 564 687 8,
588 644 622 684 6,
651 646 693 677 21
723 645 772 678 Ν.
799 657 845 679 cr.
1483 659 1485 662 ’

170 682 382 728 Elocutio.
436 699 484 744 a)
508 700 706 736 elocutioni
733 707 900 746 quattuor
924 701 1008 736 libri
1031 700 1209 735 dabuntur
1231 701 1288 735 Pr.
1315 702 1373 736 22.
1396 680 1639 736 elocutionem
1665 721 1712 728 —

214 749 352 785 partem
384 746 503 790 operis
529 747 771 782 difficillimam
798 749 840 791 8,
875 750 934 782 Pr.
964 749 1021 782 13.
1055 758 1162 792 quam
1196 747 1325 782 Graeci
1357 744 1449 793 φρᾰ
1461 759 1533 783 σιν
1564 754 1711 791 vocant,

217 790 342 825 Latine
367 792 517 827 dicimus
542 794 876 830 elocutionem
899 796 934 838 8,
959 797 992 838 1,
1019 796 1052 828 1.
1077 794 1259 836 (figurae)
1288 790 1427 836 λέξεως,
1456 793 1494 827 id
1519 799 1585 837 est,
1609 805 1712 830 ver-

218 836 239 868 b
256 847 409 882 orum,
434 841 497 874 vel
521 840 777 884 dictionis,
809 842 871 877 vel
907 839 1228 884 elocutionis,
1262 840 1325 876 vel
1354 840 1615 883 sermonis,
1649 841 1712 875 vel

217 884 450 919 orationis
474 887 509 930 9,
536 890 569 929 1,
596 890 651 922 17.
678 888 794 922 omnis
818 887 944 922 orandi
970 886 1064 921 ratio
1088 886 1245 932 quinque
1270 886 1431 931 partibus
1458 891 1619 929 constat,
1643 885 1712 920 in-

216 930 460 976 ventione,
485 931 820 978 dispositione,
845 933 1134 968 elocutione
1155 938 1216 968 eto.
1241 935 1276 976 3,
1297 934 1332 975 3,
1358 934 1391 966 1.
1418 931 1651 967 inventio
1676 938 1713 967 et

218 977 438 1012 elocutio
468 978 561 1023 (pars
586 979 779 1024 rhetorices)
805 983 840 1024 3,
863 981 900 1023 9,
924 983 956 1014 2.
981 981 1073 1014 Nam
1097 979 1157 1014 hic
1183 977 1235 1022 (in
1258 979 1371 1020 dictis)
1395 987 1540 1023 quoque
1565 983 1621 1012 est
1642 977 1714 1012 in-

215 1032 241 1074 y
256 1023 390 1058 entio
415 1030 451 1059 et
474 1026 715 1069 elocutio,
743 1033 848 1071 atque
871 1026 984 1071 ipsius
1007 1025 1221 1060 elocutionis
1245 1025 1302 1060 vis
1328 1023 1397 1059 alia
1418 1024 1458 1058 in
1479 1023 1624 1067 verbis,
1645 1024 1715 1059 alia

214 1078 253 1100 in
275 1068 398 1116 figuris
426 1071 461 1114 6,
489 1073 524 1114 3,
549 1072 604 1107 36.
628 1073 982 1116 inventionem,
1015 1083 1106 1118 quae
1133 1072 1212 1106 sine
1248 1070 1530 1106 elocutione
1558 1081 1635 1105 non
1658 1075 1714 1105 est

216 1115 380 1149 oratio
417 1120 451 1159 2,
481 1118 538 1160 15,
566 1121 620 1153 13.
659 1130 772 1163 eaque
802 1119 922 1154 omnia
950 1118 1205 1154 invention
1217 1129 1237 1152 e
1281 1123 1388 1162 atque
1428 1116 1612 1152 elocuti
1626 1127 1713 1151 one

215 1166 298 1211 sunt
316 1161 530 1204 explicanda
560 1165 619 1197 Pr,
647 1167 702 1198 12.
723 1165 768 1207 rs.
786 1169 821 1208 2,
838 1166 872 1209 5,
888 1170 921 1201 7.
943 1165 982 1199 in
999 1166 1108 1200 rebus
1127 1164 1334 1199 intuendam
1350 1163 1619 1198 invention
1630 1173 1652 1197 e
1663 1173 1714 1207 m,

216 1216 255 1238 111
270 1207 391 1241 verbis
409 1209 589 1243 elocuti
602 1220 624 1242 0
637 1221 661 1243 n
673 1222 734 1244 em
752 1214 787 1254 8,
801 1211 860 1244 Pr.
878 1212 913 1246 6.
931 1217 1011 1255 apte
1025 1212 1146 1246 dicere
1164 1221 1240 1245 nou
1260 1209 1473 1244 elocutio
1485 1208 1560 1243 nis
1576 1214 1715 1243 tantum

216 1261 350 1297 genere
370 1260 521 1298 constat,
542 1256 604 1289 sed
620 1262 674 1290 est
692 1256 798 1290 etiam
815 1268 896 1290 cum
914 1255 1200 1292 inventione
1226 1266 1417 1290 commune
1435 1258 1492 1298 11,
1515 1258 1549 1299 1,
1563 1258 1600 1291 7.
1619 1256 1715 1300 quod

215 1299 276 1332 illa
291 1298 483 1344 (memoria)
511 1308 696 1346 acceptum
713 1303 757 1336 ab
776 1302 821 1336 in
832 1302 1055 1337 ventione
1079 1302 1129 1346 (a.
1151 1306 1175 1335 1.
1193 1300 1410 1346 intentione)
1430 1299 1539 1334 tradit
1557 1301 1715 1335 elocu-

214 1344 284 1378 tio
295 1344 339 1379 ni
364 1348 418 1385 11.
439 1351 472 1389 2,
489 1349 522 1383 3.
545 1347 587 1391 β)
606 1348 806 1396 argumenti
820 1348 977 1384 elocutio
993 1351 1028 1392 5,
1052 1347 1107 1391 14,
1127 1351 1166 1391 13
1190 1347 1252 1381 illa
1265 1345 1483 1382 translucida
1497 1352 1534 1380 et
1549 1346 1714 1381 versico-

215 1392 273 1424 lor
300 1394 525 1436 quorundam
547 1395 642 1428 eloc.
664 1396 699 1437 8,
723 1395 780 1430 Pr.
794 1397 851 1429 20.
878 1397 970 1429 eloc.
992 1400 1068 1429 tum
1090 1394 1170 1428 sine
1189 1393 1299 1428 dubio
1326 1391 1474 1437 optima,
1494 1392 1560 1427 sed
1583 1392 1715 1427 nostris

214 1438 434 1481 temporibus
462 1439 579 1474 aliena
614 1443 649 1483 2,
674 1441 708 1483 5,
736 1444 795 1475 21.
829 1441 1024 1486 quamlibet
1057 1441 1208 1486 pulchra
1233 1440 1329 1476 eloe.
1362 1444 1373 1481 ζ
1387 1441 1456 1483 Sp.
1483 1435 1583 1482 loc.)
1616 1441 1655 1482 2,
1678 1437 1715 1482 4,

216 1486 262 1517 32
286 1488 327 1518 Ζ.
341 1498 349 1527 ;
376 1486 590 1520 elocutionis
616 1493 806 1531 praecepta
838 1491 873 1528 7,
898 1490 955 1531 10,
980 1489 1040 1524 17.
1067 1505 1109 1513 —
1135 1491 1347 1520 ornamenta
1371 1485 1407 1528 6,
1429 1483 1466 1528 4,
1498 1487 1532 1519 1.
1553 1503 1603 1511 —·
1622 1484 1714 1519 ratio

214 1531 250 1572 8,
274 1531 308 1573 6,
334 1534 390 1566 22.
415 1538 455 1566 ut
478 1533 637 1567 dicamus
668 1539 750 1576 apte
762 1559 774 1578 ,
812 1545 919 1578 quam
940 1532 1113 1567 virtutem
1145 1537 1306 1577 quartam
1341 1529 1558 1566 elocutionis
1584 1529 1714 1566 Cicero

214 1577 433 1611 demonstrat
457 1581 512 1622 11,
539 1582 573 1622 1,
599 1582 631 1613 1.
659 1578 703 1620 cf.
729 1580 764 1622 6,
790 1580 825 1622 5,
851 1582 906 1613 11.
935 1580 994 1613 De
1017 1579 1150 1614 virtute
1174 1577 1389 1613 elocutionis
1413 1578 1449 1620 8,
1474 1577 1535 1611 Pr.
1565 1583 1597 1610 et
1625 1575 1728 1620 Cap..

218 1625 253 1659 1.
293 1635 431 1658 summa
460 1624 499 1659 in
531 1626 604 1660 hoc
639 1626 697 1660 vis
725 1625 939 1660 elocutionis
973 1627 1030 1669 10,
1057 1628 1089 1669 1,
1116 1625 1174 1659 60.
1199 1623 1246 1665 cf·
1267 1624 1303 1668 6,
1327 1626 1362 1667 3,
1386 1623 1444 1658 36.
1466 1633 1514 1656 ne
1536 1621 1575 1656 in
1610 1634 1715 1667 pares

217 1670 550 1705 elocutionum
581 1677 713 1706 tractus
749 1672 947 1706 incidamus
969 1670 1005 1714 4,
1028 1674 1064 1714 2,
1094 1672 1162 1706 118
1186 1671 1235 1704 Ν.
1285 1667 1333 1715 γ)
1369 1668 1454 1714 quid
1477 1667 1634 1703 elocutio
1661 1674 1716 1702 at-

214 1716 315 1749 tollat
338 1722 398 1750 aut
421 1717 596 1761 deprimat
620 1719 655 1761 8,
679 1720 715 1761 3,
741 1719 811 1761 90,-
841 1719 944 1762 cujus
969 1716 1154 1760 (sermonis
1178 1713 1368 1759 conjuncti)
1391 1719 1539 1748 ornatus
1563 1713 1604 1748 in
1624 1711 1716 1748 haec

216 1762 286 1795 duo
310 1763 426 1806 prima
453 1763 646 1807 dividitur,
673 1775 779 1808 quam
803 1763 1047 1808 concipiamus
1074 1761 1333 1804 elocutionem,
1358 1770 1431 1805 quo
1453 1755 1716 1812 modo-effera-

214 1819 292 1841 mus
320 1811 364 1844 ib.
392 1808 450 1843 40.
474 1815 592 1843 manet
616 1821 788 1844 sensus
817 1821 838 1844 e
853 1808 1104 1844 locutione
1129 1812 1264 1841 mutata
1285 1807 1321 1850 9,
1349 1809 1383 1848 1,
1411 1805 1477 1848 163
1503 1807 1715 1849 periculum,

215 1856 312 1898 quod
339 1860 394 1888 est
419 1855 457 1888 in
482 1854 685 1889 elocutione
710 1858 746 1898 2,
773 1859 828 1898 12,
855 1856 887 1891 5.
920 1853 1216 1889 declamationem
1247 1852 1359 1900 magis
1382 1851 1546 1896 proprias
1571 1851 1610 1886 in
1635 1853 1720 1886 elo-2

216 1901 362 1934 cutione
386 1906 506 1945 partes
530 1901 664 1935 habere
686 1902 722 1943 8,
747 1902 805 1934 Pr.
831 1904 868 1938 7.
891 1906 931 1934 ut
953 1920 1001 1926 —
1029 1899 1171 1944 saepius
1201 1899 1245 1932 ad
1279 1909 1445 1932 curam
1480 1898 1717 1933 r‘erum.‚ab

219 1948 500 1980 elocutione
524 1946 721 1990 respiceret
751 1950 807 1989 10,
833 1949 865 1988 1,
891 1949 976 1990 1203
1002 1956 1075 1990 quo
1099 1944 1306 1991 pulchriora
1329 1950 1366 1979 et
1389 1955 1532 1979 sensu
1555 1949 1592 1978 et
1622 1945 1719 1983 elo-⁴

216 1992 410 2026 cutione
432 1994 467 2035 9,
492 1991 527 2035 4,
558 1993 614 2027 15.
640 1999 677 2027 et
703 1993 960 2028 sententiis
982 2004 1098 2038 parva
1130 1997 1167 2027 et
1190 1990 1473 2027 elocutione
1499 1990 1643 2025 modica
1669 1992 1714 2024 ὶό.

217 2040 275 2073 13.
291 2051 324 2072 υ.
344 2038 639 2083 Eloquentia
670 2036 701 2073 ὃ.

171 2083 434 2126 Elocutoria.
489 2099 524 2139 2,
550 2094 606 2139 14,
632 2098 666 2129 2.

172 2140 409 2184 Elocutrix.
455 2155 491 2196 2,
520 2151 576 2196 14,
602 2156 637 2187 2.

171 2197 411 2290 Ellpgiglomiv
463 2211 495 2245 si
528 2211 787 2246 exheredatum
824 2221 844 2243 a
876 2220 916 2243 se
946 2208 1059 2242 filium
1099 2215 1203 2252 pater
1236 2213 1384 2242 testatus
1408 2206 1517 2245 fuerit
1539 2205 1660 2254 elogio
1679 2187 1728 2250 7,·Ξ

250 2282 261 2298 ἳ
411 2282 418 2289 “
771 2279 774 2282 ’

172 2298 405 2356 Eloquens·
461 2314 514 2348 Μ.
540 2313 720 2348 Antonius
748 2323 769 2346 a
795 2323 834 2346 se
861 2312 1078 2346 disertos
1099 2310 1204 2345 visos
1229 2320 1309 2344 esse
1333 2311 1486 2353 multos,
1519 2308 1588 2352 ait,
1619 2308 1728 2343 elo-2

218 2365 442 2401 quentem
473 2365 591 2394 autem
621 2359 800 2393 neminem
831 2359 875 2401 8,
897 2359 956 2391 Pr.
992 2359 1050 2392 13.
1083 2355 1129 2397 cf.
1168 2358 1232 2398 12,
1262 2359 1304 2398 1,
1331 2359 1388 2393 21.
1421 2354 1558 2400 quoin
1580 2362 1728 2401 genere!

220 2404 255 2445 (i.
276 2416 305 2436 e.
326 2407 358 2437 in
377 2406 602 2449 philosophia)
623 2404 857 2449 paucissimos
875 2405 991 2437 adhuc
1011 2404 1224 2446 eloquentes
1246 2402 1350 2436 litere
1369 2403 1471 2436 Rom.
1486 2401 1644 2453 tulerunt
1657 2401 1728 2446 105&

219 2452 252 2487 1,
282 2452 360 2483 123.
387 2452 445 2485 hic
467 2452 522 2485 illi
546 2453 770 2496 eloquentes,
796 2450 996 2495 quibusque
1020 2459 1100 2490 n08,
1129 2447 1224 2482 circa
1254 2447 1336 2482 lites
1362 2458 1460 2481 raras
1489 2446 1703 2481 solicitiores

219 2494 363 2528 ridiculi
397 2497 584 2540 videmur,
615 2498 788 2532 invadent
821 2506 994 2540 personas
1027 2493 1248 2529 favorabiles
1279 2497 1314 2536 7,
1344 2497 1377 2535 1,
1401 2494 1460 2527 43.
1483 2498 1524 2526 ut
1555 2492 1670 2526 Asian

220 2541 393 2584 eloquens
423 2543 545 2577 Attico
578 2542 733 2586 (differt)
770 2545 826 2584 12,
854 2543 910 2584 10,
937 2544 969 2575 1.
1004 2539 1092 2574 Cato
1124 2541 1298 2584 eloquens
1331 2544 1477 2573 senator
1502 2535 1572 2571 fuit
1597 2539 1654 2579 11,

221 2586 278 2620 36.
313 2588 514 2631 eloquentis
548 2591 664 2623 oratio
702 2601 779 2632 opp.
798 2598 926 2622 *sermo
956 2585 1117 2633 vulgaris
1150 2588 1208 2628 12,
1235 2587 1290 2627 10,
1317 2585 1375 2618 43.
1410 2583 1449 2616 in
1484 2581 1667 2617 contionib
1720 2594 1723 2598 ·

220 2643 326 2676 supra
353 2644 459 2676 quam
489 2635 645 2668 enarrari
672 2640 792 2679 potest
834 2635 1061 2678 eloquentem
1086 2633 1143 2675 10,
1172 2634 1215 2674 1„
1232 2632 1317 2671 101;
1357 2628 1418 2672 qui
1445 2627 1514 2662 sibi
1537 2629 1667 2673 eloque
1726 2641 1728 2649 ¹

220 2678 331 2712 tiores
357 2678 547 2722 videntur,
583 2690 689 2724 quam
716 2687 756 2714 ut
783 2691 906 2715 causas
934 2683 1039 2726 agant
1064 2680 1119 2720 12,
1144 2677 1180 2720 6,
1203 2677 1245 2718 63
1284 2673 1721 2718 eloquentissimus

221 2726 255 2767 5,
281 2727 338 2766 13,
363 2726 397 2758 3.
429 2741 473 2749 -
496 2725 555 2759 vir
576 2724 612 2766 4,
636 2730 669 2768 2,
695 2728 750 2761 58.
783 2727 924 2760 futurus
961 2722 1193 2768 eloquentiss.
1233 2723 1266 2764 1,
1293 2723 1325 2764 1,
1351 2723 1410 2755 21.
1446 2725 1569 2755 ornate
1596 2719 1721 2773 dicere*

221 2770 404 2815 proprium
429 2781 509 2805 esse
538 2771 824 2815 eloquentissimi
850 2774 885 2815 8,
912 2773 968 2805 Pr.
1001 2773 1056 2804 13.
1698 2774 1713 2807 ἲ
