1728 3002
187 255 272 296 498
743 251 928 294 Locutio
957 277 1014 286 --
1042 252 1196 311 Longe

236 371 524 411 argumentor
537 378 601 400 um
625 371 663 401 lo
677 366 736 401 ci.-
763 377 814 402 ex
840 366 898 401 his
913 367 1077 403 omnibus
1094 367 1208 413 prima
1223 359 1393 415 quattudr
1406 370 1454 406 ad
1481 374 1634 405 status
1654 379 1728 415 per-

237 414 377 456 tinere,
410 419 532 448 cetera
571 413 616 446 ad
642 413 814 456 quosdam
843 415 983 449 locos
1017 422 1398 462 argumentorum
1424 416 1594 453 videntur
1625 418 1663 461 3,
1700 417 1725 451 6

234 460 293 495 24.
325 458 370 502 cf.
397 459 433 503 5,
460 460 497 503 8,
519 458 555 493 4.
581 460 616 502 5,
643 461 701 503 10,
723 462 782 494 20.
805 463 863 494 22.
890 462 948 496 53.
972 463 1030 496 71.
1056 464 1135 496 113.
1173 466 1208 506 7,
1238 466 1274 506 2,
1301 464 1358 498 53.
1389 475 1423 498 v.
1456 463 1618 498 Sedes.
1672 463 1728 496 Es!

235 511 526 554 argumentorum
548 506 649 539 locus
669 517 718 540 ex
748 506 922 541 similibus
949 525 995 533 —
1019 519 1069 542 ex
1094 508 1322 544 dissimilibus
1345 527 1391 534 -—-
1414 519 1463 544 ex
1487 508 1680 549 contrariis
1699 509 1728 552 5¹

239 555 294 596 10,
319 555 375 587 73.
399 569 446 575 -
468 563 516 586 ex
539 552 788 598 (pugnantibus
810 573 857 580 -—
879 565 930 587 ex
953 555 1255 599 consequentibus
1279 558 1320 589 ib.
1346 553 1406 590 74.
1452 554 1560 590 certis
1590 554 1728 590 inveni-

236 600 411 634 endorum
441 609 515 645 arg.
554 598 645 632 locis
685 599 720 640 5,
754 601 813 641 13,
856 599 914 635 60.
962 612 1028 645 per
1060 612 1187 635 omues
1212 612 1286 648 arg.
1310 603 1415 636 locos
1437 607 1495 635 eat
1528 603 1586 645 12,
1609 603 1645 644 8,
1670 603 1728 643 133

237 645 509 692 argumentandi
533 650 569 678 et
592 645 774 679 afficiendi
796 646 897 680 locos
920 647 957 690 8,
987 648 1046 682 Pr.
1077 649 1135 681 12.
1185 650 1218 690 s)
1253 649 1384 681 dicendi
1415 650 1559 681 lumina.-
1601 648 1728 682 exectos

235 703 286 727 ex
309 691 428 736 poetis
451 692 553 725 locos
583 693 617 734 1,
644 693 678 734 1,
706 692 764 727 36.
790 693 890 726 locos
914 704 962 727 ex
986 692 1110 727 intima
1135 694 1383 738 quaestionum
1414 693 1630 727 naturalium
1652 694 1728 727 sub-

234 737 364 772 tilitate
387 738 560 782 repetitos
586 741 620 776 1.
647 735 684 781 4,
710 737 745 772 4.
791 738 864 772 loci
903 740 947 773 ad
985 740 1149 774 forenses
1178 740 1340 774 actiones
1374 740 1594 784 pertinentes
1631 742 1668 783 2,
1696 738 1728 782 4,

234 787 292 819 27.
321 783 511 818 continuos
539 789 575 818 et
596 784 829 819 decurrentes
853 785 878 818 1.
905 788 964 828 11,
992 787 1026 827 3,
1050 785 1106 820 84.
1155 797 1260 831 quam
1282 785 1484 821 laetissimis
1506 787 1600 831 loc.
1629 795 1728 820 sen-

234 830 408 865 tentiis
421 842 489 874 que
517 830 696 865 dicentem
722 833 780 871 11,
804 834 835 874 1,
858 829 917 866 49.
962 831 1147 866 numerosi
1169 834 1192 866 l.
1219 833 1256 875 6,
1279 835 1315 874 3,
1339 834 1397 867 36.
1444 834 1572 876 plenos
1595 832 1728 879 singula

233 878 306 910 loc.
331 877 466 911 habent
488 877 523 920 8,
550 875 587 920 4,
617 875 670 911 14.
715 876 806 911 locis
841 877 1015 921 speciosis
1047 879 1156 913 modo
1189 880 1251 913 vel
1285 878 1375 912 nihil
1405 879 1450 912 ad
1484 877 1728 922 probationem

233 923 503 957 conferentibus
525 925 560 962 7,
591 925 626 963 1,
656 921 718 957 41.
765 923 923 958 maxime
958 925 1089 959 uberes
1117 926 1144 960 l.
1178 930 1373 959 nascuntur
1406 925 1442 969 5,
1477 927 1531 967 13,
1565 923 1624 958 42.
1650 934 1728 959 ver-

231 969 411 1003 bosissimi
433 970 460 1007 1.
483 972 520 1012 2,
543 967 579 1010 4,
606 970 664 1003 31.
711 968 746 1011 ζ)
769 973 860 1003 locus
885 974 1086 1005 commum‘s:
1121 970 1188 1006 vix
1209 973 1306 1005 ullus
1340 976 1394 1005 est
1425 976 1498 1004 tam
1532 980 1728 1008 commn-

234 1015 304 1050 nis
327 1017 372 1049 lo
386 1026 442 1057 c.,
479 1014 540 1059 qui
563 1014 678 1058 possit
701 1016 896 1050 cohaerere
920 1028 1002 1051 cum
1025 1029 1154 1061 causa,
1187 1017 1258 1052 nisi
1280 1017 1400 1061 aliquo
1436 1016 1585 1060 proprio

234 1062 360 1096 stionis
382 1061 532 1096 vinculo
557 1062 743 1105 copulatus
766 1064 802 1104 2,
825 1061 861 1104 4,
886 1065 945 1098 30.
969 1062 1015 1105 cf.
1041 1066 1075 1106 3,
1104 1065 1140 1107 9,
1175 1062 1212 1097 4.
1260 1073 1520 1098 communes
1538 1064 1567 1096 1.
1591 1061 1631 1096 in
1655 1073 1728 1096 me-

234 1108 302 1142 diis
327 1107 441 1142 litium
465 1107 632 1141 medullis
648 1113 844 1150 ,versantur
865 1111 902 1151 2,
931 1112 964 1152 1,
991 1112 1047 1144 11.
1078 1110 1122 1152 cs.
1146 1110 1181 1152 5,
1212 1111 1247 1152 1,
1286 1111 1318 1143 3.
1341 1111 1374 1150 5,
1400 1112 1457 1152 12,
1484 1109 1528 1144 15
1563 1110 1612 1142 N.
1652 1121 1728 1152 opp.

234 1153 425 1198 proprii
448 1155 473 1192 1,
500 1154 535 1197 5,
562 1155 618 1196 13,
644 1154 702 1190 57.
729 1155 831 1189 locos
856 1166 985 1189 comm.
1010 1156 1130 1191 dicere
1152 1159 1189 1198 2,
1215 1158 1249 1198 1,
1277 1157 1312 1191 9.
1344 1154 1508 1199 [cetera‚
1533 1166 1624 1200 quae
1647 1164 1728 1198 pro-

232 1206 435 1244 ponuntur,
470 1211 677 1235 communes
699 1201 800 1234 locos
824 1202 957 1236 habent
981 1204 1014 1242 5,
1042 1205 1099 1246 13,
1131 1203 1187 1237 19.
1213 1214 1246 1235 υ.
1281 1201 1420 1235 Ratio
1445 1202 1475 1243 Ι,
1507 1214 1544 1241 α,
1568 1199 1624 1244 8.]
1661 1202 1728 1234 loo.

234 1257 466 1290 communes,
499 1257 590 1290 quos
614 1246 719 1281 eliam
743 1247 896 1292 scriptos
922 1249 965 1284 ab
993 1248 1195 1283 oratoribus
1218 1247 1348 1281 scimus
1378 1250 1435 1290 10,
1459 1248 1493 1292 5,
1519 1250 1566 1280 12
1587 1247 1636 1281 N.
1661 1247 1728 1280 ho-

233 1303 313 1325 rum
335 1292 442 1336 primi
472 1302 603 1326 comm.
635 1294 737 1326 locos
760 1298 931 1328 tractasse
965 1295 1132 1329 dicuntur
1162 1295 1400 1341 Protagoras,
1440 1293 1592 1340 Gorgias
1627 1294 1663 1336 3,
1700 1294 1728 1336 1,

233 1341 277 1371 12
302 1340 338 1372 S.
383 1339 453 1372 loc.
478 1339 726 1371 communibus
746 1339 957 1383 responderi
981 1343 1016 1381 5,
1040 1345 1076 1382 7,
1110 1339 1167 1373 24.
1215 1342 1254 1383 η)’
1278 1343 1423 1374 Locus
1455 1342 1646 1383 simpliciter
1669 1344 1728 1382 prsj

231 1386 445 1417 communi
468 1387 590 1417 loco:
615 1383 649 1423 4,
677 1387 712 1426 2,
741 1386 807 1419 117
832 1387 880 1423 N,
929 1386 964 1428 5,
989 1390 1024 1428 7,
1050 1388 1104 1420 32.
1128 1387 1162 1426 9,
1186 1385 1222 1427 4,
1245 1386 1303 1419 83.
1352 1385 1414 1419 alii
1441 1396 1464 1418 a
1485 1383 1728 1429 propositione

227 1429 247 1473 (
260 1431 330 1474 Sp.
355 1429 424 1462 alia
446 1445 492 1455 -
515 1428 586 1471 tio)
618 1429 836 1463 accusatoris
860 1437 1057 1475 contraque
1081 1431 1178 1474 (Sp.
1203 1436 1328 1464 contra
1352 1429 1484 1474 quam)
1509 1430 1580 1463 loci
1605 1430 1728 1463 oriun-

227 1481 287 1510 tur
309 1479 344 1518 7,
370 1477 406 1518 2,
432 1475 453 1508 3
478 1478 522 1508 Ζ.
549 1477 618 1509 loc.
646 1475 795 1518 alicujus
821 1476 1039 1511 executione
1064 1476 1098 1520 5,
1125 1478 1181 1519 13,
1205 1479 1273 1519 273
1299 1478 1461 1510 locorum
1483 1476 1588 1520 copia
1611 1479 1646 1516 5.
1670 1476 1728 1523 1111

229 1522 286 1557 55.
332 1520 511 1555 communi
535 1526 689 1555 tractatu
711 1523 825 1557 locor.
858 1525 915 1565 12,
947 1524 984 1566 8,
1015 1526 1050 1556 2.
1098 1524 1213 1556 locor.
1247 1522 1417 1556 naturalis
1447 1522 1592 1556 ubertas
1624 1520 1659 1559 4.
1694 1523 1728 1571 ¹¹5

188 1577 192 1580 ·
230 1569 297 1603 59..
333 1577 408 1601 non
431 1565 469 1605 in
493 1577 657 1601 causas
685 1568 748 1602 sed
771 1567 810 1601 in
833 1569 969 1603 locos
1002 1569 1292 1603 laboremsumn
1323 1569 1515 1602 intendunt
1547 1571 1586 1612 2,
1613 1565 1727 1607 11,.(ὓ

230 1625 310 1648 cum
334 1614 380 1647 ad
407 1619 682 1658 argumenta
705 1619 743 1647 et
763 1615 904 1648 locos
926 1620 1076 1650 ventum
1105 1622 1160 1649 est
1186 1617 1240 1655 11.
1281 1617 1315 1656 3,
1365 1613 1444 1649 144.
1497 1625 1572 1649 non
1607 1613 1667 1653 ins.

230 1660 281 1707 git
304 1659 394 1694 locis
423 1659 671 1702 (Demosth.)?
709 1663 765 1697 12.
796 1662 852 1704 10,
880 1663 938 1695 23.
985 1671 1060 1695 non
1084 1672 1226 1697 causa
1254 1660 1423 1696 universa
1452 1659 1490 1693 in
1526 1665 1687 1705 quaest

230 1716 347 1740 ones
376 1716 419 1739 ac
441 1706 578 1739 locos
605 1705 806 1740 diducenda
836 1712 890 1741 est
913 1710 949 1752 7,
982 1710 1039 1751 10,
1077 1709 1112 1743 5.
1155 1707 1195 1741 in
1223 1707 1315 1741 locis
1350 1717 1394 1741 ac
1427 1705 1684 1751 descriptionib
1726 1708 1728 1716 ’

227 1751 299 1786 fusi
322 1763 365 1786 ac
387 1751 539 1786 fluentes
562 1763 683 1786 sumus
705 1754 742 1796 9,
768 1751 805 1796 4,
830 1754 910 1788 138.
1690 1753 1696 1759 ’
1715 1750 1720 1758 “

181 1820 382 1864 Locutio.
431 1830 529 1878 Quid
560 1836 633 1865 tam
666 1831 911 1866 necessariiun
945 1843 1051 1876 quam
1082 1837 1188 1866 recta
1214 1832 1286 1866 loc.
1319 1829 1374 1875 (ι’.
1411 1837 1454 1874 ε.)
1476 1814 1719 1883 deficiebam}

226 1882 264 1959 ἐ,
287 1879 415 1958 ἂὲἳς
448 1877 591 1957 qutidam
614 1877 735 1913 dicere
756 1880 959 1913 maluerunt
985 1877 1267 1929 locutiones
1289 1878 1417 1924 (quam
1440 1874 1604 1923 verba)
1632 1880 1666 1920 1,
1711 1867 1713 1870 ⁴

273 1937 306 1960 υ.
395 1934 479 1958 ocu
510 1934 567 1958 10.
1701 1933 1713 1960 -3

179 1981 339 2024 Lodix·
365 1981 442 2026 'hos
464 1991 601 2026 lodices
630 1994 779 2027 Pollio
810 1995 844 2038 1,
868 1994 903 2037 6,
927 1990 987 2027 42.
1702 2019 1710 2032 ,-

180 2053 347 2106 Longe·
393 2062 428 2103 Ι)
456 2061 562 2095 Posit.
587 2059 630 2104 α)
657 2072 678 2095 a
701 2057 819 2095 nitore
844 2056 1032 2096 Ciceronis
1059 2059 1110 2095 ita
1132 2060 1156 2096 l.
1180 2058 1281 2095 abest
1307 2058 1363 2101 10,
1387 2060 1421 2101 1,
1459 2057 1538 2093 113.
1570 2069 1603 2092 v.
1641 2055 1711 2095 Ab.

225 2119 336 2142 sum.
362 2118 410 2141 ne
433 2108 459 2142 1.
487 2106 638 2141 nimimn
660 2118 727 2142 nos
756 2109 862 2142 ducat
884 2107 975 2141 haec
999 2106 1058 2142 via
1096 2109 1130 2149 5,
1152 2108 1203 2150 ’9,
1241 2105 1296 2140 14.
1343 2107 1367 2141 l.
1401 2116 1431 2138 a.
1464 2103 1613 2138 materia
1642 2103 1688 2136 du

223 2151 442 2198 (prooemia)
465 2154 499 2193 3,
527 2155 564 2196 8,
596 2155 631 2190 9.
677 2165 727 2188 ex
765 2155 910 2201 longe
947 2153 1127 2197 positis
1159 2153 1203 2186 ad
1239 2151 1465 2196 propiora
1498 2152 1534 2194 5,
1574 2151 1630 2192 10,
1701 2185 1706 2188 ,

223 2200 354 2245 pedem
375 2201 403 2237 1.
430 2200 594 2243 proferre
621 2201 677 2239 11.
701 2201 735 2240 3,
762 2201 841 2234 160.
887 2199 999 2234 ceteri
1022 2200 1048 2234 l.
1073 2204 1268 2242 sequentur
1295 2199 1351 2237 10,
1385 2201 1418 2240 1,
1443 2198 1502 2232 87.
1518 2194 1573 2236 vs.
1603 2195 1638 2238 5,
1665 2192 1707 2236 12

223 2248 259 2282 9.
303 2257 378 2280 non
403 2246 428 2281 1.
456 2245 627 2290 subsequi
655 2248 688 2286 1,
712 2248 746 2288 1,
776 2243 831 2278 14.
879 2246 904 2279 1.
927 2246 1143 2290 praecedunt
1169 2245 1224 2285 10,
1252 2245 1286 2285 1,
1309 2244 1366 2279 96.
1414 2244 1440 2277 1.
1464 2239 1706 2287 praeferendd

221 2295 266 2326 ib.
292 2294 351 2327 73.
400 2291 483 2336 Qui,
509 2303 590 2325 cum
615 2293 641 2325 Ι.
672 2290 717 2324 sit
742 2303 763 2324 a
786 2292 972 2326 voluntate
997 2289 1244 2324 infamantium
1269 2292 1312 2331 2,
1345 2290 1407 2332 15,
1436 2287 1488 2331 '43
1524 2289 1558 2320 in
1591 2280 1703 2333 ellipd

223 2339 321 2383 quod
345 2347 414 2383 ego
438 2338 531 2372 adeo
559 2338 705 2383 longe
731 2343 819 2382 puto
843 2338 886 2370 ab
911 2342 1054 2371 oratore
1080 2334 1242 2380 perfecto
1271 2338 1324 2374 12,
1350 2335 1385 2377 9,
1419 2335 1452 2370 8.
1500 2329 1538 2367 in
1562 2328 1704 2417 ebore-,23

224 2384 314 2419 citra
336 2385 515 2418 aemulum
541 2385 599 2426 12,
625 2386 680 2425 10,
705 2384 742 2418 9.
785 2384 827 2427 β)
854 2396 884 2417 c.
909 2383 1066 2423 Athea-t..-
1091 2383 1116 2415 1.
1143 2381 1287 2416 diversa
1317 2383 1352 2424 5,
1377 2383 1435 2423 11,
1459 2380 1518 2414 26.
1545 2381 1579 2423 1,
1603 2379 1640 2422 6,

223 2432 249 2464 1.
272 2429 440 2474 princeps
465 2431 523 2473 10,
548 2432 580 2465 1.
606 2430 675 2471 983
710 2429 735 2462 l.
761 2427 874 2474 magis
899 2426 1043 2474 probari
1068 2429 1110 2461 ib.
1139 2430 1196 2462 70.
1227 2429 1251 2461 l.
1278 2426 1407 2460 clarius
1431 2425 1474 2462 ib.
1498 2426 1556 2460 67.
1580 2425 1606 2459 l.
1629 2420 1700 2475 fwi

221 2476 293 2510 lior
315 2476 351 2519 6,
374 2474 411 2519 4,
438 2478 497 2509 21.
543 2474 724 2508 utiliorem
746 2474 774 2506 1.
798 2476 856 2516 10,
880 2477 914 2516 1,
938 2475 996 2508 67.
1044 2474 1068 2506 l.
1093 2474 1303 2508 venustiora
1325 2473 1360 2515 6,
1386 2475 1423 2515 3,
1458 2473 1522 2514 13;
1556 2468 1699 2510 erudi&

221 2521 350 2555 simum
373 2522 397 2555 l.
427 2522 462 2564 9,
478 2523 523 2563 ·2,
546 2521 606 2557 97.
652 2521 676 2555 1.
702 2519 940 2566 ingratissima
963 2520 999 2562 8,
1023 2521 1058 2562 3,
1083 2520 1128 2554 52
1151 2518 1196 2554 Ζ.
1242 2520 1267 2553 1.
1294 2516 1538 2563 potentissima
1563 2520 1600 2559 7,
1622 2514 1658 2558 4,
1680 2513 1698 2551 Ι

222 2567 247 2600 1.
270 2566 461 2610 plurimum
486 2569 542 2609 10,
566 2566 602 2608 3,
633 2568 667 2600 1.
714 2567 766 2610 11)
795 2568 1007 2610 Comparat:
1040 2564 1071 2599 si
1110 2565 1195 2609 quid
1230 2564 1372 2611 longius
1403 2561 1696 2737 circumduxen5

223 2614 282 2654 10,
307 2615 342 2654 2,
371 2615 429 2648 17.
476 2624 558 2647 cum
580 2611 722 2647 decoris
747 2611 860 2659 gratia
884 2611 1104 2645 contrahitur
1126 2613 1223 2658 long.
1247 2610 1398 2645 verbum
1421 2611 1457 2652 8,
1491 2609 1527 2651 6,
1553 2608 1611 2643 65.
1678 2651 1680 2654 ,

222 2657 316 2690 haec
337 2657 414 2701 ipsa
441 2659 595 2693 dulcedo
618 2657 761 2702 longius
785 2657 888 2691 duxit
911 2660 945 2699 1,
971 2660 1026 2700 12,
1054 2659 1108 2692 19.
1155 2658 1180 2691 l.
1209 2657 1364 2691 eundum
1400 2660 1455 2689 est
1491 2657 1558 2696 12,
1590 2654 1648 2688 Pr.

224 2703 251 2736 1.
277 2709 425 2737 evectus
448 2715 528 2738 sum
550 2706 586 2748 9,
609 2706 644 2747 3,
668 2705 726 2739 87.
771 2703 799 2737 l.
824 2703 986 2738 exeritur
1010 2703 1141 2750 digitus
1162 2705 1219 2745 11,
1243 2704 1278 2745 3,
1300 2703 1357 2737 92.
1402 2699 1427 2734 l.
1451 2697 1601 2743 petitum
1621 2699 1674 2746 8,

227 2750 286 2781 20.
314 2759 347 2782 v.
372 2749 506 2783 Peto.
551 2751 577 2784 1.
602 2751 755 2784 fortasse
778 2749 989 2797 progredior
1014 2751 1049 2789 7,
1079 2750 1136 2791 10,
1162 2751 1219 2783 17.
1264 2742 1429 2792 provecti
1452 2744 1478 2780 l.
1511 2747 1568 2789 12,
1593 2735 1668 2781 Pr:

229 2804 312 2827 cum
334 2793 504 2840 cogitatio
526 2796 620 2829 ultra
641 2794 698 2839 id,
732 2796 831 2841 quod
855 2801 930 2838 est,
962 2795 988 2829 1.
1017 2793 1158 2839 quaerit
1182 2795 1239 2836 11,
1271 2795 1307 2836 2,
1341 2794 1375 2827 3.
1420 2793 1446 2826 l.
1477 2797 1626 2828 recessit

227 2841 265 2884 2,
287 2839 324 2876 6.
366 2840 394 2875 1.
416 2845 581 2884 repetere
607 2841 643 2887 5,
667 2843 726 2886 11,
746 2843 806 2878 23.
850 2839 924 2886 111)
948 2842 1142 2886 superlata
1171 2840 1301 2884 ludus,
1334 2836 1418 2884 quia
1441 2837 1487 2872 sit
1508 2838 1664 2886 longissv
