1728 3002
132 199 215 238 234
653 194 875 237 Dictatura
899 191 962 227 ἶ-
990 196 1168 241 Dictum

179 302 213 343 1,
238 301 293 334 11.
314 300 388 342 ,12‚
414 299 454 342 3,
481 300 514 334 9.
545 297 583 333 in
617 297 686 334 dic.
719 299 908 343 quamlibet
937 302 1120 337 abundans
1143 314 1262 337 rerum
1286 304 1390 349 copia
1414 310 1450 350 7,
1474 307 1531 340 Pr.
1565 309 1591 340 1.
1619 307 1670 340 in-

179 346 291 380 fantia
313 345 352 379 in
379 345 448 379 dic.
479 345 513 388 5,
539 347 595 388 13,
620 346 677 380 38.
712 348 900 380 commoda
927 349 1306 393 pronuntiandi,
1341 353 1403 385 vel
1428 352 1675 398 potentissima

180 392 218 427 in
243 392 352 436 dic.‚
388 391 480 425 ratio
507 394 561 433 10,
602 394 636 433 1,
662 394 718 427 17.
747 392 795 426 Ν.
821 393 859 426 in
887 393 955 428 dic.
978 396 1200 438 voluptatem
1224 398 1258 438 8,
1290 399 1323 439 5,
1350 399 1409 435 32.
1511 398 1577 439 IX)
1606 402 1676 432 Su-

180 442 347 483 pinum.-
379 438 514 472 dictu
535 436 682 481 (verbum
705 441 930 482 participiaze)
956 443 990 484 1,
1008 440 1042 483 4,
1059 444 1122 481 293
1149 442 1331 485 asperiora
1355 443 1452 478 dictu
1475 447 1532 488 12,
1558 448 1590 488 1,
1615 449 1674 484 37.

179 485 276 526 dictu
306 484 483 519 deformia
519 486 553 526 1,
589 486 623 526 3,
659 484 703 518 16
753 485 789 528 8,
816 486 850 527 6,
879 487 936 520 59.
975 497 1047 520 non
1075 487 1220 521 difficile
1245 490 1278 523 d.
1307 485 1342 531 ’7,
1367 493 1400 531 1,
1430 491 1463 524 5.
1485 490 1614 524 mirum
1638 493 1672 526 d.

127 543 129 545 ¹
179 534 241 574 11,
269 535 309 574 2,
334 532 392 564 43.
423 541 483 564 res
517 530 658 564 modica
692 531 728 564 d.
762 534 796 575 1,
824 533 857 575 1,
881 534 937 567 37.
966 534 1173 578 pudendum
1200 535 1234 568 d.
1261 537 1296 578 6,
1324 535 1361 579 4,
1386 539 1422 571 7.
1449 535 1496 577 cf.
1522 539 1555 580 1,
1579 541 1613 581 2,
1637 539 1671 572 8.

175 590 301 623 parum
324 576 488 622 speciosa
512 577 547 610 d.
571 578 606 620 8,
631 577 666 619 6,
690 578 723 612 8.

130 637 373 680 Dictatura.
405 659 463 665 -
492 644 657 689 deposita
690 645 732 687 5,
763 647 828 689 10,
853 648 910 682 71.
945 646 1156 682 dictaturam
1194 649 1406 693 deponentis
1431 653 1465 696 3,
1491 652 1527 697 8,
1551 652 1608 688 53.
1632 655 1677 691 de

175 694 260 727 dict.
290 692 356 727 Cn.
381 691 543 736 Pompeji
577 692 614 734 9,
643 693 678 734 3,
707 691 764 727 95.
1631 738 1636 739 ⁷
1682 700 1689 717 ¹

129 739 292 782 Dicti0.
345 749 379 793 Ι)
403 752 426 783 ἰ.
457 762 489 794 ‹1-
515 751 712 793 vrerbum:
740 747 905 792 (schema)
930 747 1056 791 λέξεως
1084 751 1121 785 id
1147 757 1201 786 est
1225 755 1500 798 verborum,
1531 757 1593 791 vel
1615 757 1676 791 ‹ti-

178 795 382 839 ctionis‚
420 797 482 830 vel
511 795 830 839 elocutionis,
866 797 1205 841 velsermonis,
1232 801 1548 841 velorationis
1571 804 1614 846 9,
1642 808 1675 847 1,

178 847 233 878 17.
271 842 378 876 dictio
412 842 455 875 ab
496 852 540 876 eo
565 844 671 885 loco,
706 841 745 874 in
770 853 840 887 quo
865 843 1012 887 propria
1042 847 1312 891 estntranslata
1338 849 1382 880 ib.
1410 846 1445 882 4.
1470 845 1675 891 (verborum)

176 891 311 933 duplex
338 889 540 922 intellectus
565 894 635 930 est,
670 889 780 930 alter,
819 888 878 932 qui
907 889 1046 932 omnia,
1074 902 1139 934 per
1165 903 1255 935 quae
1278 903 1397 928 sermo
1421 893 1594 938 nectitur,
1627 896 1675 930 si-

175 936 320 983 gnificat
344 947 411 976 -;
441 936 543 977 aller,
567 934 605 969 in
624 945 697 978 quo
723 940 776 968 est
799 947 869 968 una
895 947 977 979 pars
1001 936 1172 970 orationis
1196 950 1262 972 --:
1291 951 1396 983 quam
1419 939 1576 975 vitantes
1600 953 1674 976 am-

175 982 382 1029 biguitatem
401 981 543 1025 quidam
568 981 688 1014 dicere
711 983 911 1015 maluerunt
935 994 957 1016 v
973 993 1096 1024 oces,
1126 984 1413 1028 locutiones,
1441 985 1677 1022 dictiones

176 1032 208 1072 13
238 1031 271 1071 5,
299 1031 333 1064 2,
369 1029 420 1070 ll)
445 1031 468 1061 i.
493 1041 522 1072 q.
553 1029 748 1071 phrasis.
764 1043 773 1060 .-
813 1027 1011 1072 interrupta
1034 1029 1177 1064 silentio
1207 1031 1316 1065 dictio
1339 1033 1374 1074 9,
1398 1035 1434 1075 2,
1458 1035 1516 1067 71.
1558 1034 1628 1076 ΠΙ)
1649 1036 1674 1070 ἰ.

172 1090 204 1121 «1.
232 1077 405 1109 declam
416 1076 544 1107 atio..-
570 1073 824 1118 discipulorum
852 1074 1066 1109 dictionibus
1095 1079 1127 1118 1,
1145 1077 1179 1119 5,
1196 1079 1230 1110 2.
1256 1080 1290 1120 2,
1309 1080 1344 1121 2,
1363 1079 1395 1113 6.
1421 1079 1468 1112 Ν.
1498 1078 1674 1115 dictiones

173 1122 437 1165 extemporales
462 1123 496 1163 2,
523 1119 560 1163 4,
585 1123 643 1154 27.
1607 1150 1610 1154 ι
1652 1151 1658 1154 -

125 1178 306 1220 Dictito.
367 1189 488 1221 Deum
519 1192 605 1221 tunc
642 1187 807 1231 affuisse,
838 1199 919 1222 cum
955 1188 992 1223 id
1026 1188 1227 1233 evenisset,
1255 1197 1398 1227 veteres
1426 1192 1607 1238 oratores,
1635 1201 1674 1229 ut

171 1235 300 1270 Cicero
330 1233 395 1275 ait,
421 1233 628 1267 dictitabant
660 1237 715 1277 10,
741 1238 777 1276 7,
810 1234 863 1268 14.
1214 1255 1219 1256 ν
1391 1277 1395 1280 ⁴

125 1282 268 1328 Dicto.
325 1291 354 1335 l)
381 1296 592 1336 proprie:
621 1296 716 1325 totas
745 1291 879 1324 dictare
906 1291 1069 1326 materias
1096 1296 1130 1335 2,
1157 1292 1192 1336 4,
1226 1296 1280 1328 12.
1307 1295 1388 1337 ille,
1414 1295 1472 1330 cui
1497 1297 1672 1332 dictamus

172 1341 243 1382 1o,·
258 1342 292 1383 3,
318 1341 381 1381 19;
416 1338 574 1373 dictandi
611 1336 760 1371 deliciae
799 1340 855 1381 10,
881 1339 914 1380 3,
944 1340 1000 1372 18.
1026 1356 1071 1362 —-
1093 1340 1196 1373 labor
1230 1343 1262 1382 1,
1289 1344 1322 1384 1,
1348 1344 1404 1376 28,
1431 1349 1609 1376 secretum
1634 1343 1672 1378 in

171 1385 340 1422 dictando
376 1385 468 1429 perit
505 1388 560 1427 10,
593 1386 628 1426 3,
653 1386 712 1418 22.
754 1383 805 1428 ΙΙ)
830 1386 853 1420 i.
879 1397 910 1428 q.
932 1388 1199 1428 praecipio.-
1225 1385 1446 1431 ineptissime
1467 1388 1564 1431 fieri,
1590 1401 1671 1424 cum

171 1432 268 1467 inter
297 1443 414 1466 moras
442 1430 686 1465 laudationmn
712 1449 759 1457 ·—-
783 1440 1040 1474 nonnunquam
1072 1432 1115 1465 ad
1142 1431 1308 1467 librarios
1336 1444 1421 1468 suos
1447 1433 1497 1469 ita
1522 1435 1672 1479 respici-

169 1485 256 1522 unt,
290 1484 331 1512 ut
368 1480 564 1523 sportulam
599 1477 736 1511 dictare
771 1477 964 1511 videantur
999 1480 1064 1520 11,
1099 1480 1133 1520 3,
1171 1480 1234 1512 131
1263 1480 1309 1512 Ν.
1354 1479 1418 1523 111)
1447 1485 1562 1514 transl.
1589 1485 1612 1515 i.
1638 1496 1668 1527 q.

170 1537 378 1567 suggero.-
405 1525 533 1568 ‹suibus
563 1524 684 1558 sordet
709 1534 834 1563 omne,
859 1524 954 1567 quod
982 1522 1068 1566 (Sp.
1095 1525 1242 1558 sordent
1267 1526 1386 1560 omnia
1409 1525 1516 1571 quae)
1542 1533 1668 1562 natura

170 1571 320 1606 dictavit
344 1573 379 1615 ὃ,
405 1572 463 1605 Pr.
489 1571 534 1605 26
561 1574 605 1604 Z.
632 1569 692 1615 qui
716 1570 835 1614 pudor
856 1587 900 1592 --
926 1567 1037 1613 ipsius
1061 1570 1152 1605 lucis
1177 1572 1298 1617 fugam
1322 1578 1357 1606 et
1382 1573 1537 1613 taedium
1560 1574 1668 1608 dictat
1708 1576 1711 1579 ’

171 1621 211 1660 1,
236 1620 280 1661 3,
310 1618 361 1652 16.
398 1617 446 1651 ita
481 1618 626 1652 videtur
662 1616 754 1651 ratio
785 1614 919 1651 dictare
947 1618 987 1659 23,
1012 1615 1056 1658 4,
1086 1620 1138 1650 11.
1168 1623 1332 1662 aspectus
1357 1617 1464 1653 etiam
1489 1619 1566 1662 ipse
1591 1620 1668 1654 sine

168 1675 262 1698 voce
296 1663 530 1707 (persuadet),
564 1673 636 1707 quo
664 1663 727 1697 vel
760 1661 964 1695 recordatio
992 1662 1201 1696 meritorum
1240 1664 1433 1710 cujusque,
1467 1666 1528 1700 vel
1554 1665 1667 1700 facies

169 1710 288 1754 aliqua
315 1709 527 1744 miserabilis
561 1717 622 1744 etc.
658 1707 872 1743 senteutiam
897 1708 1006 1742 dictat
1027 1711 1063 1753 2,
1093 1709 1149 1752 15,
1174 1709 1208 1744 6.

121 1769 309 1812 Dictum.
372 1777 406 1822 I)
436 1780 518 1820 Sing
531 1802 542 1820 ‚
562 1779 698 1810 verbum
721 1777 857 1821 aliquod
876 1782 934 1808 aut
952 1778 1134 1810 sententia.-
1160 1787 1239 1819 nos,
1261 1782 1405 1820 praeter
1421 1777 1668 1813 auctoritatem

167 1832 350 1861 oratorum
373 1831 479 1868 atque
509 1823 775 1863 historicorum,
803 1822 964 1867 analogia
991 1832 1134 1866 quoque
1159 1822 1290 1856 dictum
1313 1824 1386 1857 hoc
1409 1824 1486 1868 (Sp.
1512 1837 1598 1868 om.,·
1623 1834 1669 1860 est

168 1879 278 1905 autem
295 1873 378 1904 illud
400 1884 421 1914 p
434 1877 560 1903 acius
585 1869 687 1911 sum)
704 1869 890 1902 tuebamur
909 1873 942 1911 1,
962 1868 997 1910 6,
1017 1871 1057 1901 11
1078 1872 1120 1901 Ζ.
1136 1881 1169 1902 v.
1191 1869 1219 1901 E
1231 1868 1458 1913 xceptio.,·
1483 1882 1574 1915 quae
1598 1871 1668 1913 (os-

162 1917 291 1960 sensio)
308 1928 383 1951 non
408 1927 456 1951 ex
483 1916 525 1949 fa
540 1920 611 1948 cto
636 1915 746 1948 modo
772 1913 839 1947 dic
851 1919 965 1949 tove
990 1913 1123 1958 aliquo,
1144 1915 1208 1948 sed
1225 1917 1327 1949 vultu
1343 1922 1405 1950 etc.
1419 1916 1561 1960 moveri
1576 1919 1667 1952 solet

166 1965 202 2007 6,
217 1967 251 2006 1,
264 1962 357 1998 142.
383 1962 487 2003 risus,
511 1960 572 2005 qui
596 1971 671 1994 non
697 1961 811 1994 solum
836 1961 969 1993 facto
995 1960 1115 2004 aliquo
1143 1961 1186 1995 di
1199 1967 1312 1996 ctov
1325 1972 1345 1996 e
1358 1988 1370 2005 ‚
1403 1962 1465 1995 sed
1489 1962 1666 1998 interdum

168 2012 325 2056 quodam
340 2009 446 2043 etiam
463 2006 624 2051 corporis
640 2011 755 2039 tractu
770 2006 958 2040 lacessitur
970 2006 1005 2050 6,
1019 2009 1052 2048 3,
1067 2010 1088 2041 7
1097 2010 1141 2041 Z.
1159 2018 1240 2041 cum
1253 2018 1300 2041 ex
1309 2007 1428 2052 aliquo
1442 2008 1537 2043 dicto
1553 2010 1666 2044 latens

168 2056 312 2100 aliquod
328 2055 464 2089 eruitur
477 2055 556 2096 9‚2,
567 2052 625 2088 64.
643 2063 714 2096 quo
729 2052 824 2086 dicio
835 2052 992 2086 flendum
1004 2058 1039 2086 et
1051 2051 1278 2087 irascendum
1289 2060 1384 2088 esset
1400 2054 1435 2097 6,
1444 2056 1508 2097 2,3
1521 2056 1569 2090 Ν.
1585 2063 1615 2089 et
1630 2058 1667 2092 S.

167 2114 240 2147 quo
259 2103 369 2143 iudex
394 2101 488 2134 dicto
504 2105 695 2134 moveatur
712 2100 746 2141 6,
768 2097 803 2141 4,
825 2100 880 2134 19.
907 2099 998 2132 haec
1024 2105 1083 2132 aut
1110 2100 1357 2143 ostenduntur,
1382 2106 1441 2133 aut
1468 2107 1666 2145 narrantur,

166 2155 227 2182 aut
246 2149 341 2182 dicto
365 2147 415 2190 (a.
438 2151 461 2181 1.
483 2145 612 2193 digito)
634 2151 803 2179 notantur
819 2146 855 2187 6,
875 2147 909 2186 3,
928 2147 972 2179 37
983 2146 1034 2181 N.
1055 2159 1100 2179 cr.
1120 2146 1190 2180 hoc
1206 2157 1318 2192 genus
1337 2145 1422 2180 dicti
1441 2157 1665 2192 consequens

165 2201 299 2229 vocant
317 2195 426 2229 ib-76.
453 2192 677 2238 propositum
700 2192 807 2225 illud:
833 2191 955 2225 Potius
978 2190 1129 2225 amicum
1153 2200 1259 2236 quam
1275 2192 1409 2226 dictum
1425 2194 1598 2236 perdendi
1617 2197 1661 2228 ib.

167 2243 223 2275 23.
244 2240 285 2282 cf.
298 2243 364 2280 :50;
392 2239 525 2273 (lictum
542 2239 631 2272 illud
640 2237 833 2273 ‘Ciceronis
853 2238 885 2280 5,
902 2240 957 2279 11,
971 2240 1017 2272 25
1029 2239 1074 2271 N.
1097 2237 1225 2282 judicis
1241 2249 1383 2282 quoque
1402 2246 1463 2272 eto.
1486 2239 1662 2274 'dictum
1690 2271 1693 2274 ,

166 2286 309 2330 aliquod
336 2292 395 2320 aut
418 2288 589 2319 factum
618 2296 798 2318 assumere
825 2286 866 2317 ib.
889 2282 954 2326 43;
984 2284 1096 2318 breve
1122 2284 1256 2317 dictum
1277 2286 1432 2318 Domit.
1455 2288 1593 2320 Jvlars.
1619 2288 1662 2321 ib.

168 2332 244 2366 104.
270 2333 363 2365 idem
383 2332 515 2365 dictum
535 2330 689 2374 saepein
708 2330 778 2364 alio
796 2330 960 2372 liberum,
983 2329 1020 2362 in
1040 2330 1110 2363 alio
1126 2329 1313 2372 furiosum,
1330 2330 1368 2363 in
1388 2330 1458 2364 alio
1473 2333 1662 2375 superbum

165 2384 219 2411 est
244 2381 298 2420 11,
320 2382 352 2419 1,
371 2380 428 2412 37.
454 2377 644 2410 ridiculum
659 2377 793 2410 dictum
806 2378 1017 2420 plerumque
1038 2377 1169 2410 falsum
1185 2381 1250 2418 est,
1266 2376 1336 2409 hoc
1351 2380 1493 2420 semper
1508 2378 1662 2422 humile3

166 2435 274 2467 saepe
299 2430 351 2456 est
375 2423 549 2456 industria
574 2424 818 2467 depravauun,
848 2427 1033 2466 praeterea
1056 2432 1239 2466 nunquam
1262 2422 1498 2456 honorificum
1522 2426 1557 2467 6,
1573 2425 1660 2467 3,,6.

167 2469 300 2502 dictum
333 2481 398 2512 per
432 2480 475 2507 'se
507 2470 683 2502 urbanum
716 2472 759 2502 ib.
793 2467 857 2511 543
885 2468 980 2500 unde
1007 2467 1170 2501 Vatinius
1200 2468 1382 2502 dixithoc
1408 2469 1540 2503 dictum
1566 2472 1601 2511 6,
1627 2471 1660 2511 3,

166 2516 226 2550 60.
265 2516 317 2554 ΙΙ)
340 2518 452 2548 Plan:
479 2514 510 2547 si
533 2514 663 2548 Atticis
686 2513 843 2554 Dorica,
871 2512 1011 2555 Jonica,
1036 2513 1187 2547 Aeolica
1214 2515 1321 2548 etiam
1347 2514 1440 2548 dicta
1466 2515 1663 2549 confundas

165 2562 200 2602 8,
225 2562 260 2600 3,
286 2561 342 2595 59.
387 2571 468 2593 cum
496 2561 706 2595 occasiones
733 2566 769 2594 et
796 2570 844 2594 ex
869 2559 972 2592 dictis
1001 2559 1290 2594 adversariormn
1314 2560 1473 2594 oriantur
1494 2561 1529 2602 6,
1555 2563 1588 2603 1,
1616 2562 1660 2602 53

166 2609 324 2650 imprimis
352 2606 394 2638 de
411 2604 608 2646 facetiis
633 2620 675 2639 ac
698 2607 948 2650 leporibus.-
987 2606 1082 2650 Quin
1100 2606 1182 2639 illae
1203 2606 1299 2650 ipsae
1325 2605 1387 2648 (sc.
1412 2612 1663 2640 controver-

167 2652 305 2694 siae),
340 2662 431 2695 quae
458 2650 581 2685 dicta
607 2658 687 2685 sunt
713 2658 748 2686 et
775 2657 969 2694 vocantur,
998 2663 1086 2696 quas
1113 2652 1175 2695 (ad
1201 2653 1535 2685 controversias
1555 2650 1697 2697 περί-,χ’ῚΑ

168 2702 222 2740 cit,
249 2701 364 2743 itaque
388 2700 517 2735 inutiles
535 2705 610 2729 sunt
632 2699 665 2731 h.
684 2702 704 2731 l.
733 2700 952 2731 dubitationes
974 2705 1005 2732 et
1024 2698 1252 2742 conjecturae)
1271 2695 1377 2730 certis
1401 2696 1526 2731 diebus
1549 2693 1697 2732 festa&¹

166 2744 331 2778 licentiae
370 2742 491 2776 dicere
525 2743 726 2777 solebamus
759 2761 804 2768 -—
834 2743 1022 2786 plurimum
1046 2748 1210 2796 poterant
1233 2741 1392 2775 utilitatis
1417 2743 1544 2777 afferre
1568 2745 1603 2786 6,
1619 2745 1660 2786 ’3,

169 2792 212 2826 16
240 2792 284 2826 Ν.
322 2796 352 2822 ei
382 2791 418 2823 S.
447 2799 566 2832 neque
596 2787 690 2822 enim
725 2788 842 2822 minus
880 2789 1062 2824 numerosi
1097 2794 1179 2823 sunt
1207 2785 1279 2822 loci
1291 2813 1302 2831 ‚
1334 2799 1381 2822 ex
1415 2788 1542 2833 quibus
1572 2791 1659 2824 haee
