1728 3002
677 136 878 180 Actutum
907 158 963 168 —-
990 133 1058 177 Ad
1408 202 1409 205 Ἴ
1585 136 1637 175 17

68 272 84 293 :a
150 255 340 308 ingenii
366 256 534 291 famam
558 250 786 298 componitur
813 252 871 293 1ο,
896 252 930 293 1,
953 250 1012 283 31.
1039 244 1215 300 longioris
1238 251 1340 301 actu?
1366 245 1639 282 controversiae

11 322 14 323 ⁷
84 320 90 342 ;
149 309 188 348 2,
210 307 258 341 10
292 304 329 341 9.
367 313 444 338 non
473 301 515 336 in
534 300 604 335 hac
626 299 765 334 inclusa
788 295 950 331 breviter
970 294 1192 335 urbanitate,
1227 293 1292 328 sed
1314 304 1354 327 ιιι
1376 293 1533 338 quodam
1556 294 1640 327 lon-

70 353 73 360 ‘
150 330 271 400 giore’
281 355 365 385 actu
391 349 428 392 6,
454 349 490 390 3,
516 345 575 381 43.
611 345 651 380 in
677 344 798 396 aliquo
823 342 991 394 graviore
1026 345 1111 375 actu
1143 330 1200 382 12,
1234 342 1270 382 2,
1298 337 1355 373 14.
1383 337 1430 380 cs.
1455 339 1493 383 6,
1516 341 1554 389 2,
1579 339 1639 374 35.

107 420 117 432 .
150 408 257 437 auum
281 395 412 440 cuique
433 403 581 436 eorum,
598 402 698 437 *quae
725 391 841 431 dicet,
864 389 980 423 colon
1001 385 1276 421 accommodare
1303 391 1421 438 actum
1443 387 1479 428 2,
1499 387 1556 427 12,
1581 387 1639 419 10.

152 442 200 486 qs.
228 446 265 486 2,
289 444 348 485 13,
369 441 406 476 9.
429 440 536 475 rebus
562 448 671 473 sensu
703 435 906 470 carentibus
932 438 1052 468 actum
1077 432 1256 477 quendam
1281 436 1322 466 et
1348 441 1487 466 ammos
1513 432 1641 466 damus

151 490 189 531 8,
211 489 248 533 6,
278 490 335 522 11.
359 496 472 532 quae,
498 490 539 518 ut
562 490 662 518 actus
683 480 911 527 poposcerit,
939 479 1117 533 fingentur
1143 481 1201 521 11,
1226 480 1262 521 3,
1288 478 1348 513 75.
1373 476 1522 511 amictus
1548 487 1642 522 quo-

203 546 224 570 e
254 534 362 568 habet
393 532 571 577 quendam
605 535 723 564 actum
748 529 850 563 velut
884 526 1122 570 proeliantem
1154 526 1200 558 ib.
1235 522 1316 559 145.
1374 522 1420 568 β)
1455 526 1489 556 in
1520 536 1639 558 scena.-

198 586 304 616 ctus
340 577 554 614 histrionum
578 574 676 612 veris
709 572 976 609 affectibus
1005 566 1158 615 (minor)
1191 572 1257 613 10,
1281 571 1326 614 2,
1354 571 1411 604 11.
1445 568 1642 604 histriones

99 642 101 644 ·
151 632 260 672 atque
284 624 500 667 comoedos,
537 633 619 657 cum
641 631 690 656 ex
716 620 837 665 aliquo
863 617 1032 665 graviore
1058 622 1140 650 actu
1161 626 1354 662 personam
1380 615 1642 660 deposuissent,

150 673 279 708 flentes
304 671 420 706 adhuc
447 668 570 717 egredi
591 668 627 710 6,
653 670 689 711 2,
714 667 774 703 35.
796 666 941 700 fabulae
963 664 1010 700 ad
1035 668 1154 698 actum
1177 662 1230 705 (α.
1258 666 1283 697 1.
1308 660 1426 706 actus)
1452 672 1643 698 scenarum

153 717 372 763 compositae
395 718 430 760 5,
455 718 512 758 10,
537 715 574 753 9.

15 769 19 779 “
73 800 76 801 ⁷
110 769 373 832 [Actutum-⁴
394 786 440 819 2.
465 781 523 818 Ao
547 787 663 816 totum
688 779 725 825 4,
748 781 784 823 3,
813 780 869 815 13.
891 778 940 814 N.
959 791 1007 812 cr.
1033 783 1066 811 a
1089 774 1145 821 3.]

12 843 22 850 ’
54 885 58 888 ⁴
106 838 314 885 Acumen.
350 854 487 885 transl„-
522 860 674 884 acumen
698 847 862 882 naturale
889 844 924 888 5,
950 847 985 887 7,
1011 845 1071 879 28.
1100 854 1293 878 acumen
1317 855 1360 878 ac
1382 844 1426 880 vi
1468 843 1644 881 ilantia

90 902 95 911 ¹
155 901 200 934 ib.
226 901 283 934 10.
309 903 410 932 tanta
433 897 473 930 in
496 906 542 930 eo
566 895 624 931 vis
649 899 726 935 est,
750 893 788 926 id
814 901 1028 933 acumen,
1053 901 1098 924 ea
1122 889 1390 924 concitatio
1418 893 1436 926 1
1463 916 1476 935 ‚
1502 894 1537 935 1,
1561 891 1644 926 114.

153 945 254 982 valet
279 943 318 978 in
342 943 549 979 altercando
573 952 627 975 ac.
654 938 846 984 plurimum
867 937 904 980 6,
927 936 966 980 4,
991 939 1048 990 12.
1074 946 1129 970 ac.
1149 935 1299 980 Sulpicii
1324 938 1373 980 (in
1398 938 1482 981 dic.)
1504 940 1561 980 12,
1587 940 1644 978 10,

158 991 215 1024 11.
237 988 279 1024 in
304 989 468 1023 docendo
496 998 551 1021 ac.
577 989 622 1021 ib.
650 987 717 1029 593
766 994 858 1029 quae
883 994 967 1018 cum
991 982 1248 1016 mtellexerunt
1274 980 1521 1027 (auditores),
1557 995 1646 1018 acu-

101 1047 103 1050 ⁴
154 1035 253 1072 mine
278 1045 344 1069 suo
367 1035 588 1069 delectantur
610 1033 645 1074 8,
670 1034 705 1074 2,
728 1033 788 1065 21.
811 1034 947 1076 pugnat
966 1027 1030 1063 ille
1055 1026 1268 1081 acumine
1296 1039 1460 1074 semper,
1483 1029 1544 1064 hic
1567 1031 1646 1064 fre..

157 1086 310 1126 quanter
343 1086 380 1115 et
414 1080 630 1124 pondere
657 1079 721 1121 10,
748 1078 790 1120 1,
829 1075 908 1110 106.
942 1073 1023 1109 sive
1055 1083 1269 1108 acumine
1302 1073 1524 1117 disserendi,
1564 1076 1645 1112 sive

155 1124 349 1172 eloquendi
373 1125 611 1165 facultate
635 1125 679 1158 ib.
700 1123 758 1158 81.
794 1119 990 1166 eloquendi
1014 1118 1290 1166 suavitate,
1324 1131 1371 1156 an
1393 1121 1646 1159 inventionum

156 1171 372 1212 acumine
393 1173 438 1207 ib.
459 1172 518 1206 83.

67 1230 77 1269 5
98 1227 246 1273 Aeno.
302 1238 338 1286 1)
364 1239 408 1281 .)
430 1238 463 1274 si
488 1237 628 1273 acuitur
647 1236 763 1282 prima
787 1235 912 1281 (syn.)
941 1238 975 1280 1,
998 1236 1034 1279 5,
1065 1237 1124 1270 22.
1161 1234 1286 1272 brevis
1307 1253 1354 1262 —
1375 1236 1532 1281 positam
1562 1241 1647 1272 ante

56 1312 59 1329 ;
155 1298 199 1323 oe
215 1305 266 1314 —-
291 1291 398 1321 acuet·
418 1287 463 1320 ib.
490 1287 548 1320 30.
603 1285 648 1329 β)
674 1283 754 1318 acui
776 1282 920 1330 ingenia
950 1285 983 1324 1.
1009 1285 1067 1325 10,
1091 1281 1149 1317 34.
1177 1300 1224 1309 -
1246 1292 1443 1327 puerorum
1466 1285 1501 1326 1,
1523 1284 1558 1326 3,
1587 1286 1647 1318 11.

103 1346 107 1349 *
154 1348 203 1359 «—
221 1332 384 1378 puerilia„
396 1329 478 1374 1,4,
492 1331 527 1366 6.
552 1330 744 1375 praecipue
767 1329 863 1364 acuit
882 1330 927 1363 ad
950 1328 1182 1373 cupiditatem
1199 1328 1384 1362 literarum
1406 1339 1509 1363 amor
1528 1329 1647 1364 laudis

110 1371 116 1376 “
149 1380 221 1422 12,
243 1381 284 1423 1,
307 1380 342 1415 8.
434 1376 486 1421 11)
522 1379 648 1410 Panic.
686 1379 863 1410 Aemus.
907 1373 949 1419 a)
977 1376 1021 1408 de
1042 1373 1176 1416 forma.-
1211 1375 1314 1408 Luna
1345 1376 1563 1422 globosa,
1599 1387 1647 1410 aa

88 1438 93 1441 ·
154 1425 314 1470 plana,
339 1435 386 1458 an
409 1427 543 1458 acuta
566 1425 609 1465 7,
635 1424 678 1464 2,
703 1422 739 1457 6.
781 1433 803 1455 a
828 1421 992 1466 pinna,
1026 1421 1125 1465 quod
1156 1425 1210 1455 est
1237 1426 1423 1455 acutum
1450 1423 1492 1463 1,
1517 1420 1560 1465 4,
1586 1424 1647 1456 12.

127 1469 200 1516 ⁸5)
227 1472 270 1504 «le
291 1482 390 1504 sono.-
427 1474 551 1503 acutus
575 1478 685 1502 sonus
711 1470 751 1510 1,
775 1468 815 1511 5,
837 1469 896 1502 25.
942 1477 997 1513 ac.
1024 1473 1133 1501 tenor
1158 1469 1200 1510 1,
1226 1467 1269 1509 5,
1295 1467 1355 1502 26.
1399 1471 1505 1501 acuta
1531 1467 1649 1512 prim-3

156 1517 193 1558 1,
224 1517 260 1559 5,
287 1514 347 1550 24.
377 1515 503 1549 ultima
533 1515 671 1558 syllaba
704 1524 775 1547 nec
809 1517 949 1547 acuta
984 1524 1143 1557 unquam
1170 1513 1371 1556 excitatur,
1409 1524 1479 1548 nec
1512 1514 1648 1548 flexa

157 1560 434 1596 circumducitur
459 1563 517 1604 12,
544 1562 601 1603 10,
625 1562 683 1595 33.
714 1570 898 1604 nunquam
930 1559 971 1593 in
1004 1560 1085 1593 ead.
1119 1558 1237 1603 (voce)
1270 1560 1403 1594 flexa
1439 1565 1476 1594 et
1509 1566 1648 1594 acuta

157 1606 283 1652 (aya),
308 1607 476 1652 quoniam
500 1607 579 1641 ead.
602 1606 739 1640 flexa
765 1611 802 1640 et
828 1610 964 1640 acuta
988 1607 1022 1647 1,
1045 1605 1080 1647 5,
1104 1607 1147 1640 31
1176 1609 1220 1639 Ζ.
1250 1611 1438 1649 acutae,
1467 1605 1647 1652 gravis,

140 1651 325 1688 'flexae
359 1650 501 1696 (vocis)
538 1654 595 1695 11,
619 1653 736 1696 3,,17.
773 1651 930 1686 miscens
954 1651 1122 1698 gravia
1149 1651 1303 1685 acutis
1334 1650 1491 1695 (sermo)
1517 1654 1562 1686 ib.
1586 1650 1646 1687 43.

155 1697 276 1744 (vax)
309 1699 405 1733 inter
440 1703 627 1732 acutum
659 1708 788 1731 sonum
820 1703 858 1732 et
882 1707 1077 1745 gravem
1106 1698 1225 1731 media
1244 1699 1288 1731 ib.
1313 1696 1370 1732 64.
1396 1709 1514 1742 neque
1540 1709 1650 1752 gra-

123 1763 130 1786 2,
157 1744 387 1781 vincimus
410 1744 451 1778 in
475 1743 611 1778 musica
643 1754 776 1786 sonus,
817 1755 887 1778 nec
914 1742 1111 1777 acutiss.
1141 1742 1365 1777 orationibus
1399 1751 1575 1779 convenit
1604 1747 1647 1779 ib.

155 1789 218 1829 41.
264 1796 303 1836 y)
328 1793 371 1824 de
393 1793 536 1833 ingenio.
584 1788 623 1833 a)
645 1790 791 1823 hebes
824 1794 961 1824 acuto
987 1789 1171 1823 diversum
1192 1790 1227 1831 8,
1254 1791 1290 1832 3,
1315 1788 1374 1825 49.
1404 1796 1531 1825 acutae
1557 1801 1650 1825 con-

133 1836 338 1871 ›--elusiones
363 1839 400 1880 2,
427 1838 486 1878 20,
512 1836 547 1870 5.
580 1846 635 1869 ac.
661 1835 895 1882 interrogatio
927 1835 962 1878 5,
989 1838 1026 1877 7,
1052 1835 1111 1871 29.
1150 1834 1334 1869 acutior
1364 1841 1420 1870 est
1448 1836 1511 1870 illa
1542 1842 1650 1881 atque

158 1882 383 1918 velocior
405 1881 445 1916 in
466 1881 666 1915 urbanitate
690 1881 849 1916 brevitas
874 1882 910 1924 6,
934 1883 971 1923 3,
996 1879 1056 1915 45.
1079 1892 1236 1915 summus
1258 1881 1341 1924 ille,
1368 1887 1405 1916 et
1431 1892 1504 1927 quo
1529 1884 1651 1916 nullus

160 1932 216 1962 est
237 1927 276 1960 in
295 1932 437 1961 oratore
460 1927 598 1960 acutior
620 1926 762 1969 (gradus
785 1928 987 1961 accendendi
1007 1926 1148 1971 judicis)
1173 1930 1228 1970 11,
1242 1927 1359 1971 3,166
1375 1928 1425 1962 JV·
1475 1927 1517 1972 b)
1540 1928 1652 1963 Acuti

124 1978 216 2019 gest
240 1972 402 2015 inprimis
429 1972 577 2014 videre,
618 1982 691 2016 quo
716 1973 828 2016 judex
859 1973 956 2006 dicto
991 1979 1184 2007 moveatur
1217 1974 1259 2014 6,
1282 1972 1325 2015 4,
1359 1974 1417 2009 19.
1460 1974 1574 2008 dulcis
1609 1974 1651 2008 in

160 2015 285 2061 primis
309 2023 344 2050 et
371 2023 493 2050 acutus
523 2017 726 2060 Hyperides
754 2020 811 2059 10,
838 2021 872 2058 1,
896 2022 958 2054 77.
985 2019 1092 2052 rebus
1120 2019 1255 2052 acuti
1276 2019 1406 2065 magis,
1430 2031 1536 2064 quam
1565 2031 1650 2054 ora-

161 2061 263 2096 tione
300 2061 553 2108 magnifici
589 2061 735 2104 (Stoici)
770 2065 813 2095 ib.
846 2062 904 2098 84.
940 2062 981 2096 in
1016 2064 1166 2107 privatis
1201 2069 1238 2098 et
1272 2070 1462 2106 acutus,
1502 2071 1539 2098 et
1573 2076 1649 2100 non

164 2117 331 2151 asper,
359 2112 396 2140 et
416 2116 491 2139 non
516 2105 839 2140 indistinctus
866 2115 929 2141 etc.
953 2109 1008 2142 M.
1033 2109 1176 2143 Tunius
1202 2111 1261 2152 12,
1284 2112 1343 2152 10,
1367 2111 1425 2146 39.
1457 2111 1650 2146 acutior

165 2159 271 2198 atque
293 2151 511 2186 habilior
537 2151 582 2186 ad
606 2151 862 2186 inveniendum
882 2153 921 2196 6,
944 2154 980 2196 3,
1007 2155 1065 2187 12.

115 2207 248 2253 Acus·
288 2219 425 2254 inustas
450 2230 570 2255 comas
597 2230 665 2254 acu
691 2229 836 2254 comere
857 2221 893 2262 2,
907 2218 941 2263 5,
964 2220 1010 2253 12
1035 2220 1084 2255 N.
1108 2219 1149 2254 in
1174 2231 1279 2256 acum
1303 2231 1415 2268 grana
1437 2221 1566 2260 ciceris
1591 2223 1650 2259 in-

42 2270 49 2277 ”
161 2265 305 2301 serebat
325 2268 362 2310 2,
384 2267 445 2311 20,
467 2268 502 2301 3.

119 2321 269 2365 Aeute.
310 2331 373 2367 illa
406 2338 510 2368 acute
541 2333 851 2378 reprehenduntur
882 2332 917 2376 5,
950 2320 1008 2376 13,
1034 2331 1093 2368 34.
1122 2345 1241 2379 neque
1274 2341 1411 2371 acute
1440 2341 1578 2371 tantum
1608 2349 1651 2372 ac

97 2416 101 2417 ⁷
162 2384 382 2422 venuste,
409 2380 474 2414 sed
502 2382 652 2415 stulte
676 2387 740 2414 etc.
764 2379 860 2415 dicta
883 2383 942 2412 aut
968 2380 1065 2414 facta
1096 2379 1260 2415 ridentur
1280 2382 1316 2424 6,
1335 2384 1371 2424 3,
1397 2385 1442 2425 7;
1498 2383 1651 2418 Acutius

162 2423 189 2506 ἑ
196 2425 264 2504 813.
301 2428 431 2505 ἔδονται
469 2436 493 2459 α
503 2438 522 2459 c
530 2427 571 2458 ri
582 2439 603 2459 u
612 2425 654 2471 s)
693 2425 808 2460 adhuc
840 2425 880 2459 in
911 2426 1096 2470 Polydoro
1149 2426 1277 2471 (Virg.
1311 2429 1491 2474 hyperbato
1525 2431 1650 2474 utitur)

195 2494 209 2514 2
263 2492 276 2512 ¹
349 2493 360 2504 ⁶

24 2544 59 2588 ᾗ,
116 2523 202 2569 Ad·
241 2538 308 2571 ma
333 2543 477 2574 servata
498 2543 554 2573 est
577 2549 599 2573 a
620 2539 740 2574 multis
768 2538 987 2582 differentia,
1012 2545 1054 2573 ut
1076 2538 1165 2584 Ad,
1193 2552 1277 2575 cum
1300 2547 1395 2577 esset
1417 2541 1650 2587 praepositio,

94 2587 106 2625 ,ᾗ
128 2609 137 2619 ,
165 2583 191 2616 d
211 2580 372 2627 literam3
408 2595 491 2619 cum
514 2589 632 2620 autem
658 2585 885 2630 conjunctio,
918 2590 934 2618 t
960 2585 1141 2630 acciperet
1166 2590 1200 2631 1,
1225 2591 1263 2631 7,
1285 2589 1320 2623 5.
1392 2589 1428 2631 Ι)
1450 2591 1574 2622 indicat
1601 2591 1650 2631 id,

134 2663 138 2665 .
163 2640 229 2674 quo
257 2631 413 2663 tenditur.
460 2629 503 2674 α)
528 2632 571 2665 de
602 2635 688 2666 loco.
734 2631 770 2675 a)
797 2633 953 2675 proprie.-
989 2631 1111 2678 Quare
1137 2633 1183 2667 ad
1214 2634 1364 2677 Troiam
1398 2633 1665 2681 quinquaginta.

163 2683 269 2721 reges
291 2674 566 2723 navigaverint?
594 2679 632 2721 7,
654 2679 691 2722 2,
713 2677 750 2711 3.
785 2677 863 2723 ipse
890 2675 1036 2722 (pollex)
1069 2678 1249 2723 prioribus
1283 2681 1424 2722 (digitis)
1448 2681 1493 2714 ad
1517 2680 1654 2714 medios

163 2721 335 2757 articulos
367 2721 526 2769 jungitur
551 2724 610 2767 11,
637 2724 673 2768 3,
701 2723 767 2767 99;
838 2734 937 2758 arma
968 2724 1103 2760 habere
1138 2726 1183 2760 ad
1218 2736 1364 2760 manum
1396 2728 1453 2771 12,
1481 2727 1516 2772 5,
1544 2729 1578 2761 1.
1610 2727 1655 2761 ad

209 2791 295 2824 Lex.
324 2792 441 2834 Quini.
1263 2796 1285 2813 s'

1262 2817 1285 2827 ιι
