1742 2964
467 118 604 162 Index
637 117 868 162 Nominum
895 117 1187 175 Propi-iorum.
1512 120 1596 161 999

105 215 344 275 haze-‘ama‘
363 246 402 268 eo
428 236 492 277 ιο,
525 230 572 277 1,
593 232 654 271 so.
699 233 798 270 ver-

51 295 58 304 *
101 292 258 327 sicoloee
284 294 391 332 'reste
422 290 608 326 dicebatur
627 290 680 326 uti
706 289 796 336 (ti-o-

100 344 272 394 ptulit),
295 352 331 392 1,
354 348 414 383 33.
444 344 582 383 Primus
601 347 793 384 inclinasse

100 405 342 452 eloquentiam
365 404 494 439 dicitur
517 407 575 450 10,
601 408 636 450 1,
661 407 719 441 80.

52 463 165 498 Hem
173 467 241 497 etr
250 462 296 496 iu
305 473 334 496 s.
346 465 540 506 statuerim,
550 461 790 496 similitudinis

97 529 203 564 quam
230 517 503 564 pulchritudinis
534 518 708 553 amantior
730 521 787 562 12,

97 578 165 619 1ο,
187 577 223 611 9.

49 633 323 668 Demoleos.
367 633 411 676 8,
432 631 480 676 4,
502 630 562 667 24.

46 689 395 724 Demosthenes
427 691 463 733 2,
488 689 523 734 5,
547 689 603 724 16.
625 689 660 732 3,
685 688 721 732 6,
748 690 784 724 3.

93 747 135 790 5,
159 744 227 789 14,
251 747 309 781 32.
330 745 375 791 6,
398 735 440 789 ι’,
462 748 519 779 21.
543 747 586 789 s,
608 746 643 788 5,
669 747 726 780 33.
750 746 786 788 9,

92 803 210 846 2,-96.
234 804 280 846 9,
305 800 349 845 4,
373 805 430 837 17.
454 803 512 836 31.
535 803 592 837 36.
615 803 675 838 97.
702 801 782 837 146.

92 860 161 902 10,
185 861 227 902 1,
251 858 408 902 39.12,
430 861 476 902 2,
498 861 557 893 22.
589 862 654 902 12,
677 859 722 901 6,
745 862 781 894 7.

91 918 151 959 12,
173 917 210 958 9,
235 917 291 950 15.
315 917 370 954 12,
395 917 452 959 1ο,
475 917 535 950 26.
561 915 617 951 52.
643 915 699 950 54.
722 918 780 959 12,

39 971 53 979 ²
88 975 148 1016 11,
169 974 227 1006 26.
256 971 445 1019 diligenter
462 983 520 1017 ap.
532 971 780 1008 Andronicum

87 1028 302 1075 hypocriten
327 1029 461 1063 studuit
483 1031 539 1072 11,
563 1031 598 1071 3,
622 1032 657 1063 7.
676 1030 780 1064 ’Puer
800 1027 804 1032 ’

87 1087 278 1120 admodum
309 1085 467 1120 actiones
497 1085 690 1129 pupillares
712 1087 779 1120 ha-

86 1144 164 1178 buit
195 1146 270 1187 12„
286 1143 334 1185 6,
358 1145 392 1177 1.
431 1144 603 1178 adversus
630 1142 779 1178 Andro-

57 1200 222 1234 ·tionem
253 1199 296 1241 5,
332 1198 397 1243 14,
429 1197 454 1233 4
470 1200 518 1233 Ν.
557 1209 624 1243 pro
659 1199 777 1235 Ctesi-

83 1258 220 1302 phonte
242 1266 274 1291 s.
290 1261 415 1290 contra
430 1255 646 1290 Aeschinem
661 1267 689 1291 s.
709 1267 776 1301 pro

84 1313 229 1348 Corona
255 1310 302 1356 4,
327 1316 370 1357 1,
396 1314 454 1347 32.
485 1313 543 1347 66.
578 1313 636 1348 68.
670 1312 715 1354 ff·
738 1313 774 1357 5,

82 1372 142 1415 13,
165 1368 224 1406 42.
246 1372 285 1412 7,
308 1372 347 1417 1,
365 1371 400 1403 2.
426 1371 460 1410 9,
487 1371 524 1412 2,
550 1369 604 1404 55.
623 1370 688 1405 98.
714 1372 773 1414 10,

82 1430 127 1471 1,
158 1429 217 1461 22.
258 1428 327 1469 11,
348 1424 401 1468 ’3,
439 1426 518 1461 168.
549 1426 588 1459 in
619 1426 682 1460 illo
705 1437 771 1470 pro

82 1484 315 1527 Ctesiphonte
361 1481 487 1515 timido
525 1482 771 1525 submissoque

80 1538 256 1585 principio
284 1541 341 1580 11,
366 1540 402 1581 3,
425 1539 485 1573 97.
518 1539 562 1572 de
586 1539 770 1571 Haloneso

81 1599 124 1640 3,
154 1597 206 1638 8,
224 1596 256 1630 5.
291 1595 462 1629 adversus
490 1593 639 1627 Midiam
663 1596 706 1637 6,
734 1596 769 1637 1,

81 1656 139 1689 17.
169 1651 385 1696 Philippicae
418 1652 459 1694 3,
479 1646 524 1694 8,
546 1651 604 1685 65.
628 1670 675 1676 -
698 1650 770 1685 eis-

81 1712 185 1752 dem,
219 1708 346 1753 quibus
374 1707 516 1741 habitae
552 1706 592 1740 in
630 1707 769 1752 judiciis

81 1766 285 1808 orationes,
321 1763 477 1798 eminent
508 1763 699 1799 virtutibus
732 1766 768 1808 3,

81 1826 119 1868 8,
141 1825 198 1858 65.
242 1820 436 1866 Epistulae,
460 1820 498 1854 in
522 1821 649 1865 quibus
670 1821 769 1855 nulla

80 1882 159 1926 ejus
192 1890 272 1913 cum
302 1877 479 1913 Cicerone
509 1877 690 1912 contentio
717 1883 771 1912 est

82 1939 151 1980 10,
184 1941 224 1979 1,
262 1935 339 1970 105.
386 1936 553 1969 Iudicium
580 1936 622 1967 de
649 1947 688 1968 eo
712 1938 770 1979 10,

84 1997 121 2037 1,
142 1993 202 2028 76.
226 1990 271 2033 cs.
298 1994 362 2034 12,
387 1993 452 2033 10,
474 1993 518 2025 23
542 2004 630 2036 seqq.
657 1999 688 2025 et
710 1991 769 2026 26.

86 2054 306 2094 eomparatur
333 2046 503 2082 Ciceroni
533 2050 600 2092 10,
632 2050 674 2091 1,
702 2049 769 2083 105

83 2120 170 2153 seqq.
199 2105 362 2140 strictior
383 2105 494 2142 multo
517 2110 571 2139 est
594 2104 770 2139 Cicerone

84 2168 144 2208 12,
168 2165 226 2206 10,
250 2163 304 2197 52.
349 2161 461 2195 Dedit
473 2172 617 2206 operam
629 2161 769 2196 Platoni

85 2223 143 2264 12,
169 2222 207 2262 2,
234 2221 290 2252 22.
321 2220 377 2260 12,
401 2219 457 2261 ιο,
480 2217 537 2254 24.
571 2221 771 2253 νῖκαι-σαι...

82 2279 126 2311 ab
151 2277 421 2310 obtrectatoribus
447 2278 650 2320 eloquentiae
672 2278 771 2319 pari-

82 2341 135 2367 ier
157 2345 199 2365 ae
223 2334 314 2365 vitae
337 2344 419 2365 suae
452 2334 517 2375 12,
545 2334 591 2375 1,
615 2331 663 2367 14
682 2345 770 2378 seqq.

82 2387 141 2424 22.
174 2387 220 2430 es.
254 2390 324 2431 12,
361 2390 432 2431 10,
459 2388 517 2423 26.
562 2390 679 2423 Paene
709 2391 771 2423 lex

84 2444 211 2481 orandi
236 2447 291 2488 10,
316 2447 351 2487 1,
371 2446 429 2479 76.
458 2444 622 2489 Inprimis
650 2447 774 2492 legen-

88 2503 156 2536 dus
180 2503 242 2537 vel
267 2501 477 2535 ediscendus
506 2501 622 2544 potius
646 2504 714 2545 10,
738 2505 772 2546 1,

87 2559 167 2594 105.
221 2559 379 2592 Graecae
403 2559 638 2601 eloquentiae
671 2559 774 2603 prin-

90 2627 177 2660 ceps
198 2616 243 2658 6,
266 2617 309 2658 3,
335 2616 367 2648 1.
391 2615 455 2655 12,
477 2615 524 2658 2,
545 2617 601 2648 22.
646 2615 774 2662 Longe

91 2671 368 2717 perfectissimus
400 2671 616 2707 Graecorum
648 2673 715 2716 10,
737 2675 773 2717 2,

899 230 960 268 24.
1003 233 1131 278 Neque
1161 231 1231 277 ipsi
1255 230 1424 268 Ciceroni
1447 229 1592 269 videtur

894 291 982 326 satis
1015 301 1096 325 esse
1127 291 1330 335 perfectus,
1363 301 1469 335 quem
1504 291 1591 324 dor-

892 345 1018 382 mitare
1054 346 1196 381 interim
1231 346 1317 382 dicit
1353 350 1416 392 10,
1454 350 1494 390 1,
1527 346 1588 382 24.

892 407 958 449 12,
992 407 1037 448 1,
1068 407 1126 440 22.
1170 403 1301 450 Aliqua
1334 404 1369 439 ei
1398 405 1590 439 defuerimt

893 465 955 503 12,
981 465 1043 505 10,
1067 463 1127 496 26.
1153 460 1199 503 qr.
1226 465 1289 505 10,
1313 465 1361 506 2,
1383 462 1441 500 24.
1490 461 1590 496 Con-

890 516 1009 552 silium
1034 519 1106 561 ejus
1132 519 1167 562 6,
1192 520 1226 563 5,
1255 522 1277 554 7
1300 532 1348 565 sq.
1398 519 1515 565 Quam
1539 519 1599 553 ob'

887 585 966 609 rem
998 575 1170 619 juraverit
1201 587 1268 619 per
1300 575 1513 615 interfectos
1545 575 1587 610 iu

886 630 1111 680 marathone·
1125 638 1161 667 et
1187 633 1365 668 Salamine
1389 635 1433 676 9,
1458 636 1503 676 2,
1524 634 1583 668 62.

886 689 932 731 ess.
962 691 1009 724 ib.
1032 690 1090 725 98.
1116 692 1173 734 11,
1197 692 1233 733 3,
1258 691 1338 725 168.
1363 693 1420 734 12,
1446 692 1503 733 10,
1526 688 1586 725 24.

888 749 1031 781 Coactus
1063 754 1111 780 est
1137 750 1278 790 glor-fari
1310 750 1353 781 de
1378 754 1479 780 semet
1509 749 1583 792 ipso

885 805 949 847 11,
974 807 1015 846 1,
1037 806 1097 838 22.
1143 804 1294 838 Amator
1316 803 1447 839 secreti
1471 811 1504 836 et
1525 816 1580 837 se-

883 873 993 893 cessus
1019 863 1123 904 ipsius
1147 863 1213 904 10,
1253 863 1298 905 3,
1334 863 1391 896 30.
1438 863 1578 895 Exerci-

880 921 1022 951 tationes
1044 921 1135 951 vocis
1163 925 1194 952 et
1217 925 1328 961 gestus
1366 920 1430 961 11,
1455 920 1497 961 3,
1520 916 1577 953 54.

883 975 940 1009 68.
975 977 1053 1012 130.
1108 974 1394 1009 Pronuntiationi
1424 975 1578 1018 palmam

881 1031 979 1065 dedit
1007 1038 1070 1065 etc.
1097 1034 1155 1074 11,
1179 1033 1214 1075 3,
1241 1033 1265 1066 6
1288 1043 1356 1076 seq.
1402 1030 1577 1066 Δεινῶσει

878 1094 1022 1132 praeter
1055 1087 1144 1123 alios
1180 1089 1372 1133 plurimum
1396 1087 1512 1124 valuit
1538 1090 1575 1131 6,

878 1148 920 1185 2,
947 1144 1002 1181 24.
1026 1151 1056 1180 s.
1079 1147 1122 1181 vi
1146 1147 1201 1188 10,
1227 1148 1261 1188 1,
1286 1147 1363 1180 108.
1410 1145 1576 1179 Fulmina

877 1202 955 1244 ejus
996 1202 1155 1236 numeris
1196 1207 1362 1237 contorta
1410 1203 1575 1237 feruntur

874 1259 910 1301 9,
934 1258 972 1302 4,
995 1258 1055 1293 55.
1104 1262 1319 1303 Quapropter
1347 1261 1481 1305 quidam
1504 1271 1574 1304 pu·-

874 1319 951 1349 tent
965 1316 1044 1358 ejus
1059 1315 1300 1360 eloquentiam
1321 1316 1477 1351 maxime
1491 1327 1572 1351 esse

873 1371 1089 1405 laudabilem
1110 1373 1146 1413 9,
1170 1374 1206 1415 2,
1232 1371 1291 1407 40.
1338 1373 1485 1407 Modice
1508 1385 1569 1408 re-

873 1427 993 1471 spexit
1030 1429 1075 1461 ad
1107 1442 1300 1462 concursum
1333 1434 1498 1464 vocalium
1531 1432 1569 1474 9,

873 1483 915 1525 4,
957 1487 1014 1518 39.
1069 1485 1240 1529 Spondeo
1285 1486 1476 1529 plurimum
1514 1493 1569 1522 est

870 1551 956 1573 usus
978 1541 1014 1582 9,
1041 1538 1078 1583 4,
1103 1542 1160 1574 97.
1208 1542 1293 1584 Ejus
1316 1554 1566 1588 severacom-

873 1595 1004 1640 positio
1045 1599 1087 1637 9,
1117 1596 1161 1639 4,
1204 1599 1260 1632 63.
1306 1600 1499 1637 Laboravit
1520 1601 1567 1636 li-

869 1658 948 1686 tera
968 1654 999 1686 R
1028 1655 1071 1695 1,
1099 1655 1155 1697 11,
1183 1655 1215 1689 5.
1263 1656 1344 1690 Non
1374 1657 1565 1702 displicue-

870 1715 955 1743 runt
976 1709 1029 1743 illi
1051 1709 1136 1753 joci,
1161 1705 1229 1745 sed*
1247 1723 1321 1746 non
1341 1715 1566 1761 contigerunt
1594 1755 1596 1757 ,

871 1769 910 1808 6,
937 1769 978 1807 3,
1000 1770 1035 1802 2.
1081 1768 1263 1801 Urbanum
1291 1769 1402 1804 fuisse
1428 1773 1561 1816 dicunt,

869 1824 1030 1858 dicacem
1061 1830 1194 1871 negant
1230 1827 1272 1868 6,
1314 1828 1355 1869 3,
1390 1830 1450 1861 22.
1500 1833 1563 1863 Ait

875 1882 1050 1916 Oratorem
1084 1884 1201 1914 decere
1234 1882 1373 1926 dicere,
1410 1883 1442 1918 si
1473 1897 1562 1920 con-

870 1937 1006 1985 tingat,
1030 1944 1067 1973 et
1089 1940 1226 1982 sculpta
1251 1942 1312 1982 12,
1337 1941 1383 1983 9,
1412 1938 1469 1976 15.

824 1994 990 2029 Diana.
1021 1996 1180 2029 Latonae
1196 1997 1386 2041 progenies
1413 2000 1448 2042 3,
1472 2002 1508 2044 7,
1524 2001 1560 2036 8.

823 2051 1011 2086 Didius.
1049 2064 1083 2087 v.
1112 2053 1285 2086 Gallus.

823 2108 960 2142 Dido.
1008 2109 1053 2143 de
1075 2109 1302 2144 matrimonio
1335 2112 1496 2156 queritur
1523 2116 1560 2160 9,

871 2168 907 2209 2,
933 2163 993 2198 64.

824 2222 1078 2265 Didymus.
1117 2232 1188 2265 quo
1216 2233 1324 2258 nemo
1347 2226 1449 2269 plura
1475 2228 1563 2263 scri-

871 2279 942 2323 psit
968 2282 1001 2321 1,
1023 2280 1058 2321 8,
1083 2280 1130 2312 20
1154 2279 1220 2312 Ν.·

826 2335 998 2369 Diiove
1028 2334 1171 2370 victore
1202 2346 1277 2370 non
1308 2337 1434 2374 Diiovi
1470 2341 1559 2386 (Sp.

873 2391 1007 2434 Dijove
1032 2397 1068 2426 et
1090 2392 1233 2436 Vejove
1266 2405 1334 2437 pro
1365 2396 1491 2441 Dijovi
1524 2405 1561 2434 et

874 2447 1034 2491 Veiovi)
1057 2452 1091 2491 1,
1118 2447 1153 2490 4,
1180 2446 1223 2484 17
1241 2451 1277 2484 S.

827 2503 1073 2549 Diogenes
1109 2505 1332 2550 Babylonius
1356 2510 1390 2553 1,
1414 2511 1450 2555 1,
1477 2511 1513 2548 9.

828 2561 1099 2596 Diomedes.
1133 2564 1187 2604 11,
1218 2565 1251 2605 1,
1275 2565 1321 2599 37

829 2617 968 2654 Dion.
999 2610 1033 2660 1,
1061 2620 1118 2661 10,
1140 2617 1187 2652 48
1210 2619 1258 2653 Ν.

830 2693 875 2701 -
903 2676 1013 2709 rhetor
1033 2675 1069 2719 3,
1096 2676 1119 2710 3
1137 2675 1190 2711 ’8.
1254 2716 1257 2718 ,
