1728 3002
147 242 230 283 286
677 268 679 272 ι
714 243 780 286 Eo
813 269 870 275 —
902 244 1111 304 Epilogus

191 369 248 394 ex
271 358 382 392 altera
402 362 504 402 parte
525 357 627 393 multi
650 364 771 406 gestus
794 369 945 396 necesse
969 367 1023 396 est
1046 361 1093 396 in
1118 361 1301 399 sinistrum
1325 371 1409 401 eant
1437 369 1479 402 11
1493 393 1505 413 ,
1533 370 1577 412 3,
1606 370 1687 405 135.

189 406 240 440 in
263 404 379 440 rixam
402 415 476 438 non
497 404 627 439 ibimus
650 407 685 449 6,
709 405 745 450 4,
772 409 837 450 133
861 413 902 442 ut
928 409 1105 455 gaudeant
1127 411 1297 455 materia,
1326 417 1363 447 et
1391 413 1494 458 quasi
1521 414 1568 449 in
1603 427 1687 451 cor-

188 464 255 497 pus
280 457 363 486 eant
389 451 559 496 (juvenes)
584 455 619 495 2,
648 455 705 496 10,
730 454 763 488 5.
793 452 854 487 An
879 454 910 488 si
935 455 1013 499 quis
1034 455 1183 503 ingenio
1206 464 1395 503 corruptus
1422 467 1484 495 eto.
1506 459 1687 507 inciderit,

188 500 236 533 in
257 500 328 533 hoc
356 509 438 532 eum
467 497 522 532 ire
552 498 752 543 patiemur?
774 502 811 543 2,
832 501 867 544 8,
889 502 912 537 9
933 503 978 535 Ν.
1002 513 1070 536 nec
1094 503 1163 536 alia
1181 503 1243 538 via
1263 505 1376 553 magis
1397 505 1446 540 in
1466 506 1686 552 καοζηλίαν

186 545 259 580 itur
279 547 315 588 8,
337 545 372 587 6,
394 547 451 579 73.
473 544 522 578 in
553 547 700 579 eosdem
724 557 866 590 semper
887 549 999 592 pedes
1020 548 1075 583 ire
1108 549 1192 594 (non
1218 552 1313 585 debet
1338 550 1560 596 compositio)
1589 554 1625 596 9,
1648 553 1684 597 4,

186 592 265 626 142.
283 591 328 625 in
350 596 540 635 quaternas
555 603 597 626 ac
615 593 736 636 plures
754 594 845 628 haec
860 594 951 628 ratio
970 594 1023 629 ire
1039 596 1235 631 sententias
1255 603 1376 643 potest
1396 600 1431 642 9,
1454 601 1491 643 3,
1517 602 1574 635 77.
1593 609 1686 644 quse

182 635 318 682 (verba)
341 639 417 672 tota
434 637 623 682 positionis
640 639 799 682 ejusdem
815 639 864 674 in
886 641 1050 676 diversos
1071 642 1189 676 flexus
1203 650 1289 678 eunt
1306 644 1319 690 (
1333 646 1401 689 Sp.
1424 643 1579 689 exeunt)
1596 650 1629 689 1,
1648 644 1684 689 6,

185 686 231 720 15
249 689 289 719 Ζ,
310 684 379 727 111)
396 683 719 729 nequeinfitias
750 697 795 720 eo
816 700 885 733 seq.
900 689 935 731 3,
954 691 988 731 7,
1008 690 1040 722 3.
1055 690 1202 723 ultum
1225 689 1293 726 ire
1315 692 1455 727 scelera
1486 695 1552 736 11,2
1567 694 1606 738 1,
1624 690 1683 726 42.

136 732 218 774 ΕΟ.
282 744 375 776 Ado.
426 741 460 786 Ι)
485 745 530 775 in
558 745 754 795 mli-quem
779 747 941 779 locum.-
976 756 1021 780 eo
1041 751 1162 781 'tamen
1185 747 1350 791 pervenit
1382 748 1454 789 (vis
1478 747 1685 793 cogitandi),

181 795 231 823 ut
264 796 324 823 etc.
360 790 418 831 10,
441 790 477 831 6,
499 787 534 822 4.
564 795 744 823 smistrum
768 790 954 825 brachium
975 803 1197 838 eousque
1227 794 1455 829 allevandum
1491 801 1547 830 est
1569 798 1625 839 11,
1647 798 1682 839 3,

181 835 261 871 141.
283 846 352 879 nec
384 845 592 879 eousque
626 838 784 870 trahatur
816 837 1020 882 (spiritus),
1054 840 1199 874 donec
1233 840 1374 875 deficiat
1405 843 1450 876 il».
1474 843 1530 877 53.
1565 842 1684 876 unde

183 893 392 926 eousque
426 892 637 926 processum
658 889 732 927 est,
766 889 817 917 ut
845 891 906 918 etc.
930 886 967 927 9,
990 889 1025 928 3,
1048 888 1103 920 12.
1128 896 1288 931 eousque
1310 886 1483 923 scientiae
1513 887 1683 935 progredi

179 933 217 973 2,
241 931 274 972 1,
297 930 331 963 6.
355 926 403 970 Il)
422 935 687 972 propterea:
714 940 863 974 eoque
885 936 921 965 et
942 932 1309 970 Lacedaemoniorum
1324 933 1470 970 civitate
1493 936 1684 979 expulsam

179 996 228 1002 --
255 973 385 1027 orandi
414 980 631 1028 potestatem
663 978 699 1018 2,
737 977 795 1020 16,
817 975 851 1011 4.
884 976 930 1018 cs.
955 980 992 1021 2,
1018 981 1075 1023 17,
1097 982 1132 1014 7.
1160 976 1195 1022 4,
1215 981 1250 1023 2,
1277 981 1357 1015 119.
1387 978 1424 1023 4,
1445 982 1482 1023 3,
1506 982 1541 1016 3.
1566 983 1622 1024 11,
1643 982 1681 1024 3,

178 1024 236 1058 29.
270 1032 315 1056 eo
339 1027 446 1055 etlam
467 1031 655 1065 prooemia
677 1028 759 1056 sunt
780 1040 827 1047 ——
851 1035 1075 1068 supervacua
1095 1023 1131 1068 4,
1152 1027 1188 1068 2,
1207 1026 1265 1061 80.
1293 1027 1366 1068 hoc
1389 1036 1442 1060 eo
1462 1037 1539 1062 non
1560 1025 1680 1071 omisi,

179 1068 300 1113 quod
324 1075 387 1101 etc.
413 1070 445 1110 1,
460 1071 496 1110 7,
517 1070 574 1102 10.
597 1067 642 1109 cf.
668 1071 722 1112 12,
747 1071 780 1112 1,
805 1071 861 1104 13.
886 1081 1003 1115 eoque
1024 1071 1140 1114 distat,
1167 1073 1262 1116 quod
1275 1079 1339 1107 ete·
1361 1073 1397 1116 8,
1415 1073 1451 1116 6,
1473 1074 1510 1108 8.
1534 1084 1579 1108 eo
1596 1085 1681 1118 per-

178 1114 430 1156 niciosissima,
454 1115 552 1158 quod
572 1121 635 1148 etc.
658 1117 714 1159 10,
732 1118 764 1156 1,
792 1117 871 1151 129.
888 1127 933 1150 eo
947 1118 1256 1162 reprehendenda,
1280 1119 1377 1163 quod
1399 1126 1461 1153 eto.
1487 1122 1544 1163 12,
1565 1122 1599 1162 1,
1620 1122 1678 1154 11.

178 1162 275 1206 quod
296 1171 372 1194 non
388 1170 407 1193 e
421 1170 443 1192 o
467 1159 561 1202 dico,
590 1160 700 1204 quia
716 1171 793 1195 non
809 1163 898 1196 illud
918 1174 1061 1208 quoque
1080 1165 1235 1198 solutum
1253 1165 1384 1199 habeat
1402 1175 1488 1200 suos
1506 1166 1678 1210 quosdam

175 1208 286 1252 pedes
302 1208 338 1249 9,
359 1204 395 1248 4,
412 1207 478 1248 20;
499 1216 550 1239 eo
565 1207 709 1249 quidam
726 1208 919 1242 exordium
933 1209 972 1243 in
989 1211 1075 1244 duas
1093 1210 1260 1245 dividunt
1275 1217 1409 1255 parteS,
1430 1217 1480 1245 ut
1497 1212 1544 1246 sit
1565 1220 1627 1246 etc.
1642 1212 1679 1255 4,

178 1258 210 1297 1,
226 1253 285 1288 42.
300 1264 375 1287 non
390 1257 511 1285 tamen
527 1252 599 1285 hoc
618 1263 638 1286 e
649 1263 672 1286 o
691 1255 802 1296 valet,
821 1259 866 1287 ut
886 1254 1078 1302 fugiendae
1097 1256 1169 1290 sint
1183 1256 1332 1291 omnino
1347 1258 1493 1291 scholae
1511 1261 1546 1301 1,
1565 1261 1600 1302 7,
1618 1260 1675 1292 10.

126 1299 308 1391 Εῗάθῖῐί.
337 1357 357 1390 3
381 1308 556 1391 Figlimae
587 1309 669 1343 eod.
705 1309 789 1346 viae
821 1310 958 1346 ducunt
993 1314 1058 1356 10,
1080 1313 1120 1356 5,
1143 1315 1178 1347 7.
1214 1314 1296 1348 eod.
1321 1313 1563 1358 spectantibus
1586 1325 1678 1349 ocu-

124 1369 344 1458 Eoffisqu’ess
360 1381 405 1452 ⁹21,
427 1379 503 1447 Eo.

124 1458 414 1517 Epichirema.
485 1470 533 1514 (a.
555 1475 578 1505 l.
608 1468 853 1514 epicherema)
877 1471 912 1513 5,
937 1472 995 1513 10,
1016 1472 1050 1504 2.
1082 1472 1129 1505 Ν.
1154 1484 1200 1507 σν.
1226 1491 1274 1499 —
1293 1472 1545 1518 imperfectum
1569 1475 1611 1510 ib.
1637 1478 1672 1510 7.

173 1517 553 1562 epichirematos
586 1522 622 1551 et
651 1522 841 1561 quattuor,
874 1521 910 1551 et
945 1516 1123 1562 quinque,
1158 1523 1194 1552 et
1226 1530 1296 1554 sex
1323 1519 1429 1554 etiam
1452 1521 1569 1555 factae
1591 1527 1675 1555 sunt

170 1569 291 1609 partes
313 1575 334 1598 a
373 1563 584 1608 quibusdam
611 1564 646 1606 5,
672 1561 728 1605 14,
752 1564 785 1598 5.
820 1562 1194 1606 epichirematis
1225 1566 1451 1610 frequentior
1475 1566 1572 1602 circa
1593 1579 1672 1602 cre-

171 1609 292 1644 dibilia
317 1616 370 1644 est
391 1621 477 1643 usus
498 1612 542 1643 ib.
569 1607 625 1643 14.
648 1608 788 1643 initium
819 1615 880 1643 aut
901 1610 1095 1643 clausulam
1117 1610 1381 1655 epichirematis
1404 1613 1476 1656 8,5,
1495 1612 1530 1647 4.

80 1657 82 1660 ’
123 1656 406 1712 Epicoenum.
463 1666 761 1712 promiscua,
794 1678 886 1711 quae
909 1666 1146 1711 epicoena
1168 1668 1336 1702 dicuntur
1360 1671 1394 1712 1,
1415 1668 1451 1712 4,
1475 1669 1535 1704 24.

122 1713 297 1769 EPiCUS·
357 1724 451 1769 epici
476 1724 641 1758 carminis
666 1735 778 1758 onera
802 1725 883 1769 lyra
904 1724 1138 1758 sustinentem
1163 1727 1220 1768 10,
1247 1727 1280 1768 1,
1303 1726 1362 1761 62.
1385 1725 1447 1759 hic
1469 1727 1670 1768 (Homerus)

169 1782 294 1805 omnes
325 1771 402 1805 sine
434 1770 543 1805 dubio
579 1777 614 1805 et
646 1770 685 1804 in
716 1770 815 1804 omni
840 1781 972 1817 genere
995 1770 1223 1814 eloquentiae
1246 1771 1374 1815 procul
1397 1782 1417 1805 a
1440 1782 1480 1806 se
1503 1772 1669 1818 reliquit,-

169 1817 293 1861 epicos
319 1819 366 1862 (a.
394 1822 414 1851 l.
441 1817 628 1857 heroicos)
651 1822 773 1850 tamen
794 1815 989 1860 praecipue
1011 1819 1069 1859 10,
1094 1819 1126 1860 1,
1149 1818 1191 1851 51
1217 1818 1264 1851 Ν.
1295 1830 1342 1851 cr.

120 1863 412 1919 Epigramma·
488 1886 558 1919 qua
582 1875 628 1908 de
649 1885 690 1907 re
718 1872 848 1908 Catulli
869 1873 992 1907 nobile
1013 1872 1125 1920 epigr.
1150 1879 1205 1908 est
1243 1877 1278 1918 1,
1307 1876 1343 1917 5,
1366 1876 1424 1909 20.
1456 1885 1525 1911 nec
1548 1868 1667 1911 minus

164 1926 251 1954 noto
283 1921 470 1954 Sallustius
494 1920 744 1967 epigrammate
764 1918 956 1953 incessitur
976 1920 1012 1963 8,
1036 1922 1071 1963 3,
1097 1920 1153 1955 29.

118 1965 345 2022 Epilogus.
425 1977 475 2020 α)
509 1987 556 2011 eo
580 1976 712 2011 distare
741 1975 1035 2020 prooemium
1065 1978 1109 2011 ab
1145 1977 1356 2023 epilogo,
1390 1978 1489 2022 quod
1517 1976 1558 2011 in
1592 1979 1666 2013 hoc

163 2023 377 2068 praeterita,
411 2022 450 2056 in
480 2023 544 2057 illo
576 2024 696 2056 futura
735 2022 898 2056 dicantur
925 2022 962 2066 4,
987 2026 1021 2067 1,
1044 2024 1109 2066 28;
1152 2023 1238 2068 quid
1268 2023 1334 2057 ulli
1359 2023 1493 2070 epilogi
1514 2031 1666 2067 possunt

163 2069 277 2151 2¹3³g³⁸
298 2068 1129 2160 ·{¹³¹³ef‘31211ffiae53bss‘113211143332ssttsssslfimff
1152 2069 1506 2161 (“}„²'‚JZ*’211·3‚¹.'”{'
1508 2069 1665 2151 {32ss

162 2126 384 2206 εοῐεὲξιξῗ
395 2127 441 2205 4⁰,
481 2128 536 2198 193.
566 2127 733 2209 Ιθρίῗεῗςιιε
770 2162 849 2207 quis
881 2128 1042 2206 unquenti
1072 2129 1204 2207 pii-teerit
1234 2161 1306 2196 illis
1325 2129 1474 2196 ei’riemei
1503 2171 1547 2196 ro
1572 2162 1687 2204 antis-

159 2208 342 2242 Achillem
367 2208 533 2252 precibus
556 2208 729 2253 aequari?
756 2211 813 2251 10,
839 2210 873 2251 1,
901 2209 960 2244 50·
985 2208 1133 2254 (qualem
1149 2211 1449 2253 pronuntiationem
1475 2210 1546 2241 desi
1590 2216 1662 2242 rent

161 2254 306 2298 epilogi)
343 2258 398 2298 11,
423 2257 458 2297 3,
489 2257 568 2290 170.
627 2253 679 2301 β)
710 2256 843 2290 Genit..·
879 2254 986 2289 etiam
1015 2255 1193 2289 discutere
1224 2253 1491 2288 miserationem
1525 2253 1659 2302 epilogi

161 2305 216 2333 est
239 2300 424 2344 proprium
447 2302 482 2344 6,
508 2304 542 2344 1,
567 2300 624 2336 46.
650 2300 834 2348 epilogi
858 2306 894 2335 et
914 2300 1244 2346 perorationis
1268 2299 1416 2334 nomina
1437 2299 1517 2345 ipsa
1536 2307 1658 2344 aperte

160 2346 246 2379 satis
268 2349 481 2390 ostendunt,
513 2349 609 2381 hanc
641 2359 720 2382 esse
752 2347 1097 2382 consummationem
1123 2346 1295 2381 orationis
1321 2349 1365 2380 ib.
1390 2348 1448 2381 35.
1483 2346 1522 2380 id
1543 2350 1655 2380 unum

159 2391 292 2438 epilogi
315 2403 428 2438 genus
462 2393 580 2428 visum
607 2399 661 2428 est
691 2393 873 2438 plerisque
897 2393 1102 2428 Atticorum
1129 2398 1165 2427 et
1192 2392 1416 2437 philosophis
1439 2393 1518 2427 fere
1539 2392 1659 2427 omni-

158 2437 225 2470 bus
248 2440 290 2471 ib.
315 2442 349 2472 7.
374 2439 464 2473 nihil
484 2439 546 2474 illa
567 2439 663 2474 circa
682 2439 852 2484 Cepasios
869 2438 1056 2474 Ciceronis
1079 2439 1201 2473 fabula
1223 2438 1403 2473 efficacius
1429 2439 1474 2472 ad
1494 2438 1655 2483 pericula

155 2483 380 2530 epilogorum
411 2487 452 2519 ib.
470 2484 527 2519 41.
555 2487 652 2531 quod
671 2485 821 2528 indocti,
845 2491 881 2520 et
901 2484 1055 2528 barbari,
1079 2490 1116 2520 et
1137 2484 1247 2528 servi,
1268 2495 1335 2529 pro
1357 2495 1396 2519 se
1411 2485 1655 2529 cumloquan-

155 2533 226 2571 tur,
255 2529 388 2573 aliquid
415 2531 535 2565 dicant
556 2532 671 2566 simile
694 2531 871 2577 principio
893 2549 939 2556 —
961 2537 997 2566 et
1011 2531 1128 2576 (quod
1139 2531 1215 2567 vim
1230 2532 1338 2566 habet
1355 2529 1502 2577 epilogi)
1524 2531 1655 2574 depre-

155 2580 282 2610 centur
309 2578 345 2617 2,
369 2578 426 2618 17,
448 2577 483 2611 6.
518 2576 558 2621 γ)
586 2581 669 2612 Dat.
698 2587 729 2612 et
749 2582 892 2612 Aoous..·
916 2589 1035 2622 neque
1055 2577 1189 2612 humile
1211 2583 1317 2622 atque
1334 2575 1551 2610 cotidianum
1575 2586 1655 2609 ser-

151 2620 269 2655 monis
293 2631 405 2667 genus
430 2622 579 2669 epilogis
602 2625 764 2659 dabimus
782 2627 839 2667 11,
855 2627 890 2668 1,
904 2624 948 2667 ὃς
967 2624 1123 2659 sortasse
1145 2623 1309 2671 epilogos
1329 2622 1382 2655 illi
1406 2620 1653 2667 (Demostheni)

152 2678 232 2701 mos
259 2666 412 2702 civitatis
440 2668 623 2703 abstulerit
652 2673 717 2714 10,
748 2673 782 2714 1,
808 2673 897 2714 1073
927 2669 1050 2715 pueris
1073 2670 1111 2704 in
1135 2670 1316 2717 epilogum
1338 2667 1522 2712 productis
1553 2667 1590 2710 6,
1616 2670 1650 2711 1,

150 2712 210 2748 47.
256 2710 294 2755 δ)
318 2715 459 2747 Λόῖαι..·
486 2714 539 2747 uti
565 2715 727 2758 pluribus
751 2716 853 2760 quasi
875 2715 1025 2764 epilogis
1049 2716 1096 2761 (in
1121 2729 1226 2751 causa
1246 2712 1436 2757 multiplici)
1457 2714 1492 2757 6,
1520 2715 1555 2756 1,
1581 2711 1649 2757 543

150 2758 189 2793 in
212 2757 296 2803 epil.
323 2758 417 2794 filios
440 2759 516 2804 ejus
542 2761 729 2805 alloquens
756 2764 791 2804 8,
816 2764 849 2806 5,
878 2764 933 2798 16.
960 2762 1005 2804 os.
1030 2761 1067 2807 4,
1091 2766 1126 2806 2,
1145 2765 1224 2796 111.
1249 2763 1308 2804 11,
1333 2761 1370 2803 3,
1398 2761 1494 2802 125;
1519 2759 1648 2806 ingens

150 2805 199 2839 in
234 2803 438 2853 epilogis
487 2806 582 2841 verti
618 2807 833 2851 discrimen,
867 2809 1048 2853 quomodo
1085 2819 1125 2842 se
1161 2806 1313 2849 dicenti,
1360 2804 1422 2849 qui
1457 2805 1647 2847 excitatur,

151 2852 396 2886 accommodet
420 2852 463 2893 6,
490 2854 531 2895 1,
555 2854 612 2887 37.
645 2854 794 2886 multum
819 2860 855 2887 et
885 2854 923 2888 in
956 2854 1038 2899 epil.
1068 2855 1181 2898 pollet
1214 2849 1423 2898 (periodus)
1446 2852 1482 2894 9,
1506 2850 1541 2894 4,
1567 2852 1645 2885 128.
