1728 3002
208 156 292 195 446
685 149 912 193 Inter-vello
942 174 997 183 —
1035 128 1273 208 Introduco,

250 267 298 301 ita
323 267 451 301 horum
485 265 756 300 intervalla
790 271 896 309 sunt,
934 272 1040 311 atque
1064 266 1160 302 inter
1183 269 1273 303 haec
1287 269 1375 317 *ipsa
1397 269 1550 307 mixtum
1573 271 1702 318 quidda

250 325 297 348 ex
322 315 460 346 duobus
484 311 682 346 medium
703 318 757 345 est
782 323 908 346 eorum
932 315 988 356 12,
1019 315 1072 356 10,
1097 314 1154 351 66.
1187 327 1223 350 v.
1243 315 1415 352 Nodus'.

202 357 448 400 Intervello.
496 380 589 413 quae
611 368 661 402 ita
685 374 766 403 sunt
788 375 913 405 natura
937 371 1188 415 copulata,
1226 377 1267 406 nt
1292 373 1464 420 mutari
1495 381 1556 410 ant
1577 375 1722 412 inter·

250 417 367 452 velli
392 426 466 449 non
492 415 630 459 possint
653 418 717 457 10,
741 419 786 458 7,
808 417 841 450 5.
880 428 963 450 num
988 415 1120 461 aliquid
1143 429 1192 452 ex
1215 417 1285 453 illis
1310 419 1552 467 (praeparatis)
1580 422 1716 458 inter

248 462 394 504 velli,
420 467 489 506 atq.
517 474 566 495 ex
584 467 746 506 tempore
770 461 930 496 dicendis
954 462 1107 497 inseri
1131 464 1244 508 possit
1267 467 1322 507 12,
1346 467 1380 509 9,
1407 469 1463 502 17.
1591 503 1595 507 ,

202 507 462 549 Interveni0.
510 518 550 562 Ι)
580 522 601 553 ἱ.
628 533 660 565 q.
691 521 949 554 intercedo.-
986 531 1187 565 quanquam
1209 521 1261 555 illi
1285 521 1441 566 (iambo)
1464 523 1600 568 epo'dos
1623 524 1719 560 inter

249 565 351 601 venit
376 567 441 608 10,
471 567 512 608 1,
544 566 590 600 96
638 578 669 599 v.
695 566 888 609 Epodos.
941 566 1199 601 continuationi
1231 568 1405 602 sermonis
1441 570 1579 604 medius
1609 572 1728 616 aliquit¹

246 623 371 646 sensus
395 610 590 646 intervenit
618 612 655 655 9,
678 613 713 651 3,
737 614 794 646 23.
839 612 869 645 si
892 611 997 646 litura
1021 619 1081 646 aut
1105 613 1256 657 adjectio
1282 614 1399 661 aliqua
1423 621 1483 649 aut
1504 617 1654 651 mutatio
1678 619 1728 668 in]

246 658 424 693 terveniat
451 660 505 699 11,
525 661 558 700 2,
577 660 640 701 323
666 663 741 691 tum
759 663 812 692 est
834 658 1037 693 necessaria
1059 659 1119 693 illa
1143 670 1279 693 summa
1302 661 1496 704 connexio,
1519 674 1602 708 cum
1621 663 1728 705 intem

246 704 349 740 venit
371 703 463 737 ratio
484 704 627 750 longior
652 704 737 748 (Sp.
763 704 878 739 oratio
901 704 1060 752 longior)
1084 707 1119 748 5,
1144 704 1201 748 14,
1229 709 1271 741 17
1295 710 1339 740 Ζ.
1385 707 1437 751 Π)
1465 710 1487 741 ι’.
1505 721 1540 753 9.·
1562 704 1728 746 accido]

245 763 326 786 cum
350 750 603 784 intervenisset
627 751 860 795 emancipatio
891 754 926 784 11
942 776 952 793 ,
977 754 1016 794 1,
1039 751 1107 794 65;
1141 762 1269 786 causae
1292 751 1573 789 intervenientes
1597 753 1728 790 extriti-4

243 808 348 832 secus
371 799 406 839 3,
433 798 468 840 8,
496 798 551 832 18.
588 796 851 832 interveniente
877 797 994 842 aliqua
1016 803 1192 842 potestate
1214 801 1250 841 7,
1278 800 1310 842 1,
1331 801 1388 834 32.
1726 807 1728 822 ³

197 853 482 895 Interventus.
519 881 563 889 -
583 863 732 909 alicujus
755 863 790 908 4,
814 866 924 908 3,16.
956 864 1001 907 cs.
1029 868 1063 910 1,
1087 868 1122 909 2,
1145 867 1204 903 12.
1230 865 1488 911 -aliquorum
1509 868 1566 911 11,
1582 870 1618 912 2,
1631 869 1690 904 39.
1727 845 1728 848 ¹

196 910 439 952 Intestatus·
486 927 671 966 parentum
692 921 939 957 intestatorum
965 925 1008 966 3,
1032 924 1076 965 6,
1100 923 1157 959 96.
1195 928 1297 968 pater
1319 924 1474 959 decessit
1495 922 1615 959 intest.
1638 929 1677 968 7,
1701 927 1728 960 1

240 969 298 1002 42.
324 967 482 1002 intestati
504 969 609 1002 lieres
635 970 668 1010 3,
686 969 721 1010 6,
738 970 815 1002 102.
841 975 923 1002 uter
946 969 991 1002 sit
1019 969 1188 1004 intestato
1210 969 1358 1014 propior
1383 969 1419 1014 4,
1442 969 1479 1014 4,
1504 971 1551 1015 83
1583 974 1728 1008 Femin„

239 1014 333 1048 filius
361 1025 406 1048 an
429 1015 541 1048 frater
569 1015 697 1048 debeat
722 1026 801 1049 esse
826 1014 1014 1050 intestatae
1037 1016 1144 1050 heres
1169 1013 1206 1060 4,
1227 1017 1264 1060 2,
1289 1015 1312 1052 5
1340 1017 1389 1052 Ν.
1414 1023 1446 1051 et
1474 1018 1512 1051 S.

193 1059 440 1102 Intestinus.
485 1077 624 1116 pestem
646 1071 713 1106 int.
742 1074 798 1115 12,
828 1075 862 1115 7,
889 1074 924 1107 3.

197 1116 429 1174 [InteXtUS·
463 1139 544 1162 cum
569 1128 658 1162 citra
683 1127 948 1163 distinctionem
971 1128 1113 1163 intextu
1134 1125 1187 1172 (ιι.
1200 1132 1224 1163 1.
1238 1128 1277 1163 in
1291 1135 1481 1174 contextn3
1505 1130 1725 1176 Zintextu]

241 1181 276 1208 et
299 1186 404 1208 cursu
429 1185 570 1219 semper
596 1174 730 1219 aliquid
753 1175 873 1219 priore
899 1176 1014 1219 majus
1036 1174 1236 1219 insequitur
1261 1177 1296 1220 8,
1318 1174 1356 1221 4,
1379 1175 1432 1221 8.]

192 1218 407 1274 Intlnguo·
456 1232 573 1273 quoad
597 1231 845 1278 intinguuntur
868 1231 993 1265 calami
1018 1234 1063 1266 10
1075 1257 1086 1275 ,
1111 1233 1151 1275 3,
1177 1234 1235 1267 31.
1622 1264 1624 1266 ,

191 1274 528 1316 Intoleralibllis·
575 1299 598 1334 g
607 1299 626 1322 r
636 1299 656 1321 a
665 1299 743 1322 ves
773 1294 809 1322 et
838 1288 883 1322 in
894 1294 908 1321 t
917 1290 961 1322 ol
972 1299 991 1322 e
1001 1299 1020 1321 r
1029 1287 1157 1322 abile
1168 1299 1186 1322 s
1209 1287 1450 1333 (adversarios)
1481 1290 1520 1334 6,
1543 1293 1580 1334 2,
1605 1291 1662 1326 16.

190 1331 504 1424 ΙηὲοῙὲιῗὲἀυε.
549 1349 590 1377 ut
613 1342 740 1386 etiam,
768 1355 858 1388 quae
881 1346 994 1379 multo
1022 1343 1161 1378 minora
1184 1350 1287 1387 sunt,
1323 1345 1548 1381 intoleranda
1571 1343 1728 1383 dicamufi

189 1415 404 1476 Intonsus.
433 1446 496 1480 int.
524 1451 631 1490 caput
663 1448 719 1489 12,
749 1448 805 1488 10,
826 1445 884 1481 47.

188 1496 319 1534 Intra.
361 1502 396 1545 Ι)
421 1506 583 1546 Praepos,
633 1502 670 1545 α)
696 1505 738 1537 de
762 1507 858 1537 loco.-
894 1502 988 1537 intra
1011 1503 1198 1537 humerum
1222 1505 1279 1547 11,
1303 1505 1338 1547 3,
1362 1493 1442 1539 113.
1459 1532 1464 1534 .
1479 1503 1520 1539 in
1541 1510 1657 1540 utram

234 1555 370 1594 partem
395 1554 518 1582 tenera
546 1551 720 1593 quaedam
746 1550 809 1583 sed
838 1549 863 1583 i.
889 1560 1015 1583 manus
1041 1555 1161 1583 tamen
1187 1565 1232 1573 --
1255 1550 1440 1584 translatio
1462 1553 1508 1585 ib.
1534 1551 1612 1587 165.
1649 1563 1686 1587 m
1708 1549 1711 1555 ’

232 1606 318 1629 num
345 1595 369 1628 i.
396 1595 541 1638 pallium
567 1595 793 1630 continentes
819 1598 875 1638 12,
893 1598 952 1638 -10,
975 1598 1033 1629 21.
1066 1594 1186 1642 gladio
1207 1593 1234 1631 i.
1259 1595 1426 1642 vaginam
1446 1607 1546 1630 suam
1565 1598 1699 1640 haeren

232 1643 269 1684 8,
298 1642 446 1682 Pr..15;
484 1642 596 1676 breve
620 1641 645 1675 i.
673 1642 824 1685 spatium
852 1643 999 1684 1o,1‚7.
1025 1640 1198 1685 i.paucas
1221 1642 1375 1686 syllabas
1398 1643 1434 1686 9,
1461 1641 1497 1685 4,
1521 1645 1580 1677 72.
1624 1651 1717 1689 ειοιιῑΙ

232 1687 345 1725 intra,
355 1698 542 1720 numerum
566 1687 672 1721 trium
695 1688 910 1732 syllabarum
936 1687 1139 1721 continetur
1162 1689 1205 1730 1,
1234 1687 1279 1731 5,
1306 1689 1363 1722 30.
1399 1687 1424 1720 i.
1452 1687 1587 1732 primos
1608 1690 1728 1741 stetit*

232 1744 360 1768 versus
385 1735 440 1775 10,
455 1732 556 1775 1‚41.
605 1732 644 1778 β)
672 1735 714 1767 de
731 1741 899 1777 1empore:
927 1744 1039 1767 unum
1061 1733 1085 1766 i.
1103 1743 1235 1767 annum
1250 1735 1307 1776 11,
1329 1736 1363 1776 2,
1382 1735 1436 1768 50.
1460 1734 1484 1768 i.
1505 1734 1728 1780 trigesimum

233 1779 328 1814 diem
342 1781 377 1822 9,
387 1782 421 1821 2,
434 1781 490 1814 90.
516 1778 638 1812 intra
653 1779 849 1821 biennium,
875 1791 897 1823 q
907 1791 931 1812 n
942 1791 1006 1813 am
1023 1779 1135 1814 verba
1145 1784 1245 1813 recte
1255 1779 1411 1814 formare
1423 1784 1725 1828 potueruntsl,12,

231 1827 255 1861 9
269 1827 314 1859 Ν.
343 1828 509 1870 y)1ransl.
522 1840 531 1858 .-
549 1825 643 1859 intra
661 1825 914 1860 deliberativas
930 1824 1185 1870 iudicialesque
1199 1825 1364 1860 materias
1381 1827 1417 1869 2,
1428 1829 1462 1868 1,
1474 1829 1508 1861 2.
1530 1825 1656 1870 i-haec
1669 1829 1728 1871 est

231 1871 347 1906 omnis
363 1871 580 1915 vituperatio
599 1872 634 1914 6,
647 1873 681 1914 3,
695 1874 752 1906 37.
783 1873 858 1916 ejus
883 1871 1012 1915 scripta
1032 1877 1169 1906 tantum
1183 1870 1209 1906 i.
1224 1871 1353 1905 famam
1376 1871 1470 1915 sunt,
1493 1883 1563 1917 qua
1583 1881 1644 1907 etc.
1666 1877 1728 1920 fle

232 1920 267 1961 3,
283 1919 317 1952 8.
346 1929 392 1952 ne
416 1918 575 1951 dicamus
591 1917 710 1951 omnia
736 1919 948 1952 clamose
963 1937 1011 1944 —
1035 1923 1095 1951 aut
1111 1917 1134 1951 i.
1152 1917 1385 1962 loquendi
1413 1919 1591 1952 modum
1606 1921 1649 1953 ib.
1663 1921 1725 1957 45.·

225 1964 251 1998 i.
277 1965 368 1998 haec
394 1963 567 1997 consistet
590 1966 624 2005 1,
650 1965 684 2006 5,
711 1967 747 1998 7.
786 1963 831 2005 cs.
861 1966 896 2007 2,
922 1967 956 2007 1,
982 1962 1017 1997 4.
1051 1965 1087 2007 3,
1110 1962 1146 2005 4,
1171 1965 1228 1998 13.
1267 1962 1292 1998 i.
1316 1973 1422 2008 quem
1445 1965 1589 1998 modum
1612 1959 1728 2010 pleri-2

227 2021 298 2055 que
325 2026 371 2033 —-
395 2009 631 2044 constiterunt
657 2012 692 2052 3,
718 2012 752 2052 1,
780 2013 798 2043 1
825 2011 870 2043 Ν.
904 2020 974 2044 nec
995 2009 1019 2043 i.
1045 2008 1185 2043 initium
1209 2009 1306 2043 stetit
1330 2019 1388 2043 ars
1413 2011 1468 2052 10,
1485 2011 1521 2053 2,
1539 2011 1574 2045 8.
1619 2007 1654 2053 ὅ)
1679 2003 1728 2058 ‹1ss

228 2059 360 2090 animo.-
398 2055 498 2100 quasi
526 2055 620 2089 dicat
646 2054 771 2089 intra
799 2055 849 2099 (a.
870 2060 892 2089 l.
919 2055 1062 2100 contra)
1088 2066 1136 2090 se
1161 2054 1309 2099 ipsum
1333 2057 1389 2099 10,
1403 2057 1441 2097 7,
1457 2056 1503 2090 25
1523 2057 1570 2090 N.
1603 2062 1723 2102 neque¹

226 2112 318 2136 vero
341 2113 462 2136 rerum
485 2102 647 2135 ordinem
673 2103 782 2136 modo
821 2102 847 2135 i.
882 2112 932 2136 se
968 2101 1015 2146 ip
1029 2113 1077 2135 sa
1111 2099 1322 2146 (cogitatio)
1349 2101 1506 2145 disponit
1529 2104 1592 2145 10,
1615 2103 1659 2145 6,

227 2159 369 2192 semper
394 2148 575 2181 habebunt
602 2147 627 2181 i.
657 2159 729 2190 se,
756 2149 851 2192 quod
874 2146 1056 2182 imitentur
1082 2150 1118 2189 2,
1141 2151 1178 2190 7,
1206 2149 1240 2181 3.
1270 2146 1295 2180 i.
1321 2157 1367 2182 se
1392 2147 1543 2192 quisque
1565 2149 1627 2184 vel
1649 2149 1702 2188 ho,

224 2195 288 2229 vel
312 2193 408 2227 aliud
428 2199 551 2228 verset
577 2196 633 2236 11,
649 2196 683 2237 3,
701 2194 779 2228 176.
814 2204 904 2238 quae
927 2193 951 2228 i.
975 2198 1160 2227 nosmet
1185 2192 1315 2235 ipsos
1340 2193 1603 2237 composuimus
1626 2196 1669 2229 ib.

222 2239 281 2283 11)
307 2242 398 2274 Ado.
414 2254 424 2272 .·
451 2240 683 2286 quadraginta
714 2251 794 2284 per
825 2250 971 2282 oram,
1012 2239 1134 2273 intra
1160 2244 1300 2272 centum
1325 2245 1430 2272 erunt
1454 2243 1497 2284 1,
1521 2241 1576 2284 10,
1599 2239 1646 2275 43

221 2287 368 2331 paulum
391 2285 622 2320 inferioribus
647 2284 805 2330 (digitis)
833 2285 925 2319 intra
949 2283 1188 2330 spectantibus
1212 2286 1269 2327 11,
1295 2285 1329 2327 3,
1353 2285 1410 2319 98.
1466 2307 1471 2311 -

178 2341 312 2384 Intro·
352 2355 444 2388 Λιῐυ.
494 2353 622 2387 intro
660 2358 696 2388 et
729 2353 870 2387 intus
905 2352 978 2387 loci
1010 2350 1205 2388 adverbia:
1244 2351 1311 2386 Eo
1341 2357 1459 2388 tamen
1486 2351 1646 2397 intus,
1682 2338 1728 2388 etl

226 2402 357 2434 Intro
388 2411 489 2433 sum
514 2399 716 2434 soloecismi
740 2405 823 2433 sunt
847 2402 880 2442 1,
905 2399 940 2441 5,
964 2399 1021 2434 50.
1714 2403 1728 2452 ἴ,

179 2444 320 2496 Intro,
351 2459 439 2493 are.
487 2456 518 2499 Ι)
546 2459 704 2500 proprie„-
729 2456 790 2499 qui
812 2456 978 2490 intrasset
1001 2455 1036 2497 8,
1061 2455 1096 2497 3,
1119 2453 1176 2489 66.
1209 2454 1411 2489 cubiculum
1433 2454 1610 2489 intrarunt
1631 2453 1718 2503 4,22

223 2505 280 2536 72.
318 2508 358 2535 ut
380 2502 513 2536 intrare
536 2508 679 2546 portum
706 2501 830 2546 navis,
858 2501 926 2535 nisi
950 2500 1090 2535 lenibus
1113 2501 1232 2536 ventis
1259 2507 1386 2544 vecta,
1417 2511 1492 2535 nou
1514 2500 1626 2544 possit
1649 2481 1728 2637 (si-Z

227 2551 269 2580 Ζ.
295 2561 336 2580 ex
362 2550 427 2590 Sp.
455 2550 703 2591 emendatione;
727 2553 816 2590 vulg.
841 2554 880 2582 ut
899 2552 1099 2581 monstrare
1123 2558 1173 2591 p.,
1202 2548 1246 2580 ad
1263 2558 1368 2592 quem
1391 2548 1621 2589 maccadere,
1644 2545 1711 2579 nis'

226 2593 307 2634 etc.)
338 2596 401 2635 10,
427 2597 468 2635 7,
495 2598 512 2627 1
541 2595 587 2628 N.
615 2607 661 2628 cr.
688 2601 718 2627 et
743 2595 779 2631 S.
829 2594 879 2635 11)
904 2597 1043 2627 transl„-
1082 2592 1171 2626 nihil
1193 2593 1324 2627 intrare
1346 2597 1464 2637 potest
1490 2591 1529 2625 in
1552 2591 1716 2634 affectus,

225 2638 319 2680 quod
343 2637 382 2671 in
405 2650 489 2672 aure
513 2640 631 2674 statim
659 2639 807 2674 offendit
834 2641 869 2682 9,
889 2638 924 2682 4,
951 2641 1017 2680 10;
1057 2652 1086 2673 c.
1110 2642 1238 2673 Aecus.
1266 2642 1287 2672 ι’.
1311 2651 1340 2683 q.
1369 2650 1474 2671 occu
1480 2650 1560 2681 po.-
1594 2638 1647 2682 si,
1669 2640 1728 2725 ro}

223 2693 299 2716 non
326 2688 407 2716 ante
431 2685 635 2729 proposita,
667 2697 832 2720 securum
856 2684 996 2719 intrarit
1024 2684 1139 2719 oratio
1164 2683 1199 2728 4,
1225 2685 1259 2728 5,
1284 2685 1320 2719 5.

176 2726 418 2769 Introduco.
466 2740 548 2776 ficta
573 2743 732 2778 narratio
758 2742 900 2779 interim
923 2741 1102 2778 introduci
1126 2744 1219 2778 solet
1243 2741 1280 2786 4,
1306 2743 1340 2785 2,
1369 2741 1423 2777 19.
1456 2745 1599 2775 nostros
1627 2723 1728 2788 cunr}
