1728 3002
629 83 642 101 k

554 173 570 199 ο.

158 265 240 306 734
590 236 994 320 Quantuluscunque
1033 287 1085 295 -
1116 263 1257 314 Quare

207 378 347 460 ‹gibuls7
357 383 481 426 negata
506 387 583 413 vox
600 383 677 421 est,
702 378 981 422 quantulum
1012 379 1155 423 adjuvat
1179 380 1316 416 animus
1344 382 1406 417 ille
1430 384 1620 420 coelestis?
1652 389 1686 429 2,

261 451 274 469 ,
350 449 359 457 .

159 479 580 536 Quantuluscunque-
627 492 976 537 quantulumcunque
1000 499 1053 528 est
1088 497 1121 538 1,
1149 497 1180 536 1,
1207 496 1260 530 18.
1299 497 1538 540 quantutumc.
1565 497 1610 532 iis
1634 497 1688 533 vi-

203 539 295 573 rium
319 544 373 572 est
398 541 464 581 12,
489 540 530 580 9,
554 541 610 572 11.
647 538 792 574 inventa
820 541 1020 583 quantulae.
1049 551 1178 575 causae
1209 541 1407 577 differentia
1430 545 1470 585 5,
1494 546 1540 587 2,
1565 545 1596 578 5.

160 598 368 650 Quantus.
415 607 451 651 α)
477 605 514 651 a)
538 609 753 650 interrogat..·
781 608 989 652 Quantum?
1015 610 1058 651 3,
1083 609 1126 651 6,
1150 610 1207 644 90.
1247 622 1279 644 v.
1305 610 1482 657 Qualis.
1508 612 1687 657 Quantum

203 654 274 688 sit?
301 656 342 696 3,
368 654 412 696 6,
439 653 496 688 48.
524 665 556 688 v.
592 652 671 687 An.
700 659 850 698 quantus
881 655 1095 698 Demoleos,
1127 656 1187 699 qui
1222 655 1368 692 indutus
1391 659 1462 692 ea?
1497 659 1540 700 8,
1563 657 1606 702 4,
1629 658 1688 692 24.

204 701 431 746 Quantum
459 699 542 733 satis
570 699 634 742 sit,
661 706 706 734 et
734 706 948 744 quantum
971 701 1145 745 recipiant
1169 713 1272 736 aures
1302 706 1356 746 11,
1386 707 1418 747 1,
1442 705 1500 739 91.
1525 709 1601 738 tum
1623 714 1689 738 co-

202 747 336 793 gitent,
361 752 579 790 quantam
602 757 678 779 rem
703 752 842 790 petant,
875 758 1105 792 quamque
1130 749 1248 782 nullus
1277 749 1322 783 sit
1344 750 1562 784 recusandus
1586 751 1688 784 labor

203 796 266 836 12,
295 795 361 835 11,
389 794 444 826 10.
468 791 514 833 cs.
535 793 579 835 8,
607 791 648 835 4,
677 795 735 826 20.
762 792 889 826 mirum
911 792 1006 826 dictu
1033 799 1104 836 est,
1132 799 1350 838 quantum
1376 790 1452 830 nox
1477 795 1687 840 interposita

201 839 326 874 afferat
347 837 592 872 firmitatis
618 841 674 882 11,
702 841 742 882 2,
763 836 818 872 43.
851 845 1080 883 quantum
1103 840 1296 876 virtutis
1320 842 1492 884 habeant,
1523 843 1584 876 vel
1611 842 1683 875 hoc

201 882 282 930 ipso
315 884 565 931 cognoscimus
603 887 667 927 10,
692 886 737 927 5,
762 886 795 919 8.
844 883 891 927 b)
922 890 1044 919 relat..·
1083 897 1133 920 ex
1165 897 1292 934 magna
1327 893 1427 932 parte
1461 887 1688 930 Ciceronem,

201 937 398 976 quantus
422 938 506 975 est,
530 930 616 965 fecit
636 933 692 973 10,
719 933 752 974 1,
778 932 854 965 108.
879 931 1087 965 conceditur
1106 933 1200 966 enim
1225 935 1417 979 amplius
1443 933 1581 974 dicere.
1607 933 1689 978 quia

201 977 296 1020 dici,
326 983 537 1022 quantum
565 983 630 1020 est,
656 987 731 1011 non
754 982 872 1021 potest
898 978 940 1020 8,
968 978 1012 1021 6,
1041 979 1098 1016 76.
1137 985 1305 1022 quantum
1328 979 1366 1013 in
1389 979 1468 1024 ipso
1492 979 1559 1014 fuit
1582 981 1628 1023 8,
1650 982 1687 1022 2,

201 1025 258 1059 16.
286 1023 410 1063 vocis,
448 1029 611 1068 quantam
634 1022 674 1056 in
695 1025 795 1057 nullo
830 1023 1006 1070 cognovi,
1038 1024 1189 1059 felicitas
1225 1027 1268 1060 ib.
1294 1027 1372 1062 119.
1403 1036 1479 1060 non
1515 1031 1688 1059 tantam

201 1071 335 1104 habent
366 1071 542 1114 speciem,
580 1076 782 1114 quantam
806 1069 1016 1116 religionem
1041 1073 1084 1104 ib.
1109 1071 1167 1106 88.
1215 1083 1248 1105 v.
1279 1073 1475 1106 Tantus.
1517 1077 1686 1116 quanta

202 1115 404 1151 maxima
427 1115 585 1160 possit
610 1116 764 1150 adhibita
789 1116 970 1162 diligentia
995 1119 1031 1159 2,
1053 1116 1088 1159 4,
1119 1118 1174 1152 15.
1221 1115 1264 1162 β)
1293 1119 1412 1152 Neutr.
1443 1119 1686 1152 adverbialiter.

202 1161 239 1206 a)
267 1168 490 1207 quantum
518 1162 562 1196 ab
585 1163 656 1196 illis
682 1168 819 1195 tantu
831 1175 866 1196 m
891 1163 933 1196 ab
961 1162 1115 1197 Horatio
1139 1163 1309 1198 dissentio
1334 1166 1391 1206 10,
1416 1166 1449 1207 1,
1473 1163 1530 1199 94.
1556 1175 1590 1214 q.
1610 1174 1689 1197 mea

200 1209 272 1242 fert
290 1207 412 1252 opinio
436 1209 470 1251 9,
492 1209 528 1250 4,
554 1211 630 1242 122.
661 1221 693 1252 q.
719 1209 797 1242 fieri
821 1214 939 1251 potest
965 1211 1021 1252 10,
1044 1211 1080 1252 2,
1107 1211 1163 1244 20.
1192 1221 1226 1254 q.
1251 1220 1319 1256 ego
1342 1210 1502 1257 intelligo
1525 1208 1561 1254 4,
1576 1212 1611 1252 2,
1626 1208 1686 1244 64.

203 1260 443 1298 quantumque
468 1253 634 1295 interest,
670 1266 794 1288 sensus
821 1255 915 1288 idem
940 1254 1066 1298 quibus
1095 1255 1215 1290 verbis
1241 1257 1407 1290 efferatur
1427 1257 1474 1299 9,
1497 1256 1540 1299 4,
1570 1257 1626 1289 13.
1652 1267 1688 1299 q.

202 1301 247 1334 ad
278 1300 514 1346 cognitionem
538 1300 692 1343 pertinet
717 1304 777 1342 12,
801 1299 845 1343 4,
869 1303 905 1333 2.
942 1312 976 1344 q.
1001 1301 1247 1344 plurimum
1272 1302 1403 1347 poterit
1429 1304 1484 1345 12,
1508 1302 1545 1345 9,
1570 1301 1626 1335 15.
1655 1313 1690 1345 q.

203 1346 255 1389 (a.
283 1350 305 1380 1.
332 1344 480 1389 quanto)
507 1345 681 1387 plurim
692 1357 761 1378 um
785 1351 932 1388 possunt
955 1352 1076 1380 erecto
1101 1347 1211 1392 digito
1237 1351 1293 1390 11,
1322 1350 1355 1390 3,
1380 1350 1459 1382 120.
1484 1359 1518 1391 ‹1-
1543 1357 1691 1391 proces-

203 1390 314 1434 seris,
341 1391 539 1425 mollior
568 1391 681 1425 clivus
707 1401 747 1424 ac
775 1391 951 1424 laetius
979 1393 1093 1425 solum
1122 1396 1176 1435 12,
1205 1395 1260 1435 10,
1284 1394 1340 1428 78.
1368 1405 1403 1436 q.
1434 1393 1562 1426 Graeci
1577 1388 1689 1436 ”prae-

203 1437 315 1482 ceptis
341 1439 485 1479 valent,
510 1441 690 1469 tantum
712 1436 861 1469 Romani
885 1437 1057 1480 exemplis
1084 1439 1138 1479 12,
1165 1441 1200 1480 2,
1227 1440 1274 1472 30
1308 1450 1341 1471 υ.
1363 1439 1519 1472 Valeo.
1543 1450 1577 1482 q.
1600 1438 1689 1471 emi-

201 1483 367 1518 nentibus
399 1482 576 1518 vincimur
610 1485 673 1525 10,
711 1485 754 1524 1,
780 1483 847 1525 86;
902 1482 1134 1526 declamatio,
1158 1483 1203 1517 in
1226 1489 1451 1528 qnantum
1483 1484 1688 1518 maxime

201 1535 382 1574 potest,
409 1529 566 1563 imitetur
588 1539 647 1562 eas
671 1528 830 1562 actiones
854 1531 897 1571 2,
926 1530 989 1571 10,
1014 1527 1049 1563 4.
1082 1528 1132 1562 in
1163 1542 1199 1574 q,
1226 1535 1323 1572 patet
1344 1529 1532 1576 longitudo
1565 1532 1628 1573 11,
1651 1531 1687 1573 3,

203 1577 282 1611 118.
315 1575 364 1609 in
391 1587 426 1619 q.
452 1576 566 1608 adhuc
593 1575 822 1618 profecerant
844 1575 885 1617 9,
912 1572 956 1617 4,
982 1576 1038 1610 16.
1071 1574 1126 1608 in'
1145 1586 1178 1619 q.
1209 1575 1322 1610 dictus
1352 1581 1476 1620 tropus
1509 1581 1687 1610 oratorem

203 1627 372 1667 sequatur
395 1623 436 1664 8,
461 1622 502 1663 6,
527 1619 584 1655 24.
631 1618 667 1662 b)
695 1622 826 1655 Genii„-
868 1620 1039 1665 quanti
1064 1621 1234 1664 veheret,
1260 1621 1479 1668 interrogavi
1503 1621 1540 1664 4,
1565 1622 1602 1664 2,
1627 1620 1687 1656 41.

203 1670 241 1711 c)
268 1670 408 1702 Abzat..·
440 1672 613 1711 quanto
637 1666 803 1700 libentius
830 1668 866 1708 2,
890 1668 925 1708 2,
950 1667 984 1701 8.
1012 1679 1056 1711 q.
1082 1667 1236 1708 maiores
1259 1668 1306 1702 acv
1325 1667 1547 1712 pulchriores
1570 1669 1628 1710 12,
1650 1670 1687 1711 2,

201 1714 236 1749 9.
269 1713 375 1758 [Nam
398 1719 530 1758 quanto
554 1711 681 1756 (Codd.
708 1711 802 1757 quo)
823 1711 939 1746 minus
967 1730 1010 1738 -
1037 1713 1178 1747 oderint
1203 1714 1296 1748 hanc
1321 1712 1558 1748 maledicendi
1580 1713 1688 1747 lasci-

202 1760 323 1804 viam,
347 1759 377 1794 si
399 1761 497 1795 velle
523 1769 589 1793 nos
613 1759 787 1793 credant?
813 1760 856 1802 9,
883 1761 929 1801 2,
953 1760 1000 1793 76
1017 1757 1080 1802 Ν.]
1107 1771 1142 1804 q.
1167 1760 1246 1803 plus
1279 1759 1525 1794 delectationis
1546 1758 1688 1792 habitu-

202 1806 288 1840 rus?
315 1809 348 1850 1,
376 1808 430 1849 12,
457 1807 511 1840 18.
537 1804 582 1846 cs.
611 1808 668 1848 11,
694 1808 727 1848 1,
755 1803 812 1839 48.
837 1810 1099 1849 quantoque
1123 1811 1243 1839 essent
1261 1805 1532 1848 miserabiliora,
1555 1809 1687 1839 tanto

203 1859 285 1887 sunt
311 1869 356 1877 -
377 1851 577 1896 potentiora
601 1851 643 1893 6,
669 1854 686 1884 1
704 1877 715 1893 ,
739 1851 796 1885 26.
830 1861 980 1895 quorum
1005 1857 1199 1885 concentus
1223 1857 1391 1896 quanto
1413 1857 1470 1886 est
1490 1852 1688 1886 'vehemen-

202 1900 285 1942 tior,
308 1904 481 1932 tantum
505 1899 663 1931 Romana
685 1896 724 1930 in
746 1896 848 1931 bellis
871 1897 984 1943 gloria
1008 1897 1136 1931 ceteris
1158 1903 1312 1941 praestat
1335 1901 1368 1940 1,
1393 1895 1530 1940 1o,.14.
1556 1907 1688 1941 quan-

203 1951 252 1980 to
277 1944 322 1979 sit
345 1944 440 1978 aliud
465 1944 669 1988 proximum
693 1954 785 1987 esse,
813 1942 908 1976 aliud
930 1944 1123 1977 secundum
1147 1946 1203 1988 10,
1229 1947 1263 1988 1,
1290 1944 1349 1978 53.
1385 1955 1418 1978 υ.
1443 1942 1554 1977 Aliu
1564 1953 1595 1978 s.

160 2002 535 2057 Quantuscunque.
585 2023 785 2057 quanquam
811 2012 997 2046 Demaden
1028 2011 1196 2045 continua
1220 2010 1360 2046 dicendi
1384 2009 1595 2046 exercitatio
1611 2020 1688 2055 ,po-

204 2061 311 2095 tuerit
333 2066 488 2102 tantum,
522 2065 811 2103 quantuscunque
835 2064 960 2102 postea
983 2057 1074 2100 suit,
1108 2057 1238 2092 fecisse
1261 2061 1304 2100 2,
1330 2060 1396 2100 17,
1421 2059 1478 2092 12.
1518 2055 1688 2102 quibus
1719 2071 1724 2081 ³

203 2113 301 2141 certe
330 2111 573 2151 quantusc.
606 2115 774 2138 numerus
806 2104 1110 2146 adhibeatur,
1141 2109 1260 2137 tamen
1294 2103 1538 2148 unusquisque
1571 2107 1686 2136 totum

202 2154 295 2187 feret
323 2156 363 2195 1,
387 2155 428 2195 2,
454 2154 510 2186 13.
544 2162 601 2185 me
631 2156 752 2193 certe,
788 2155 950 2194 quantac-
990 2148 1121 2184 nostris
1153 2149 1409 2194 experimentis
1438 2149 1600 2189 habenda
1633 2153 1688 2183 est

203 2199 303 2241 fides,
327 2198 460 2233 fecisse
485 2198 555 2231 hoc
578 2196 616 2230 in
638 2198 720 2231 foro
745 2196 780 2238 4,
806 2199 841 2239 2,
864 2197 910 2230 86
935 2196 982 2230 Ν.
1007 2202 1038 2229 et
1060 2197 1095 2229 S.
1122 2196 1211 2229 haec
1235 2195 1487 2236 dissimulanda
1510 2193 1597 2228 mihi
1612 2203 1688 2229 non

204 2246 370 2287 fuerunt,
399 2243 526 2289 quibus
550 2241 648 2286 ipse,
674 2248 857 2287 quantusc.
885 2246 1049 2276 sumvaut
1073 2240 1138 2284 fui,
1162 2241 1370 2286 pervenisse
1395 2251 1453 2276 me
1478 2241 1524 2275 ad
1545 2239 1688 2285 aliquod

204 2301 338 2324 nomen
361 2289 497 2335 ingenii
520 2289 628 2323 credo
656 2289 692 2332 6,
716 2290 751 2332 2,
775 2288 833 2322 36.

162 2345 476 2396 Quantuslibet.
532 2357 686 2402 quantal.
712 2355 807 2390 enim
832 2355 889 2391 vis
914 2354 1072 2402 ingruat,
1104 2354 1236 2400 aliquid
1263 2355 1416 2389 fortasse
1442 2350 1517 2398 pati
1541 2362 1688 2387 necesse
1706 2363 1715 2371 ¹

207 2405 287 2447 erit,
312 2404 400 2438 nihil
425 2405 546 2438 facere
571 2405 605 2446 3,
629 2403 663 2445 8,
688 2405 746 2435 22.
793 2402 838 2435 Et
860 2403 1020 2443 hercule,
1044 2402 1237 2445 quantuml.
1261 2406 1398 2435 secreta
1422 2399 1538 2434 studia
1561 2403 1689 2432 contu-

205 2450 339 2493 lerint‘,¹
367 2456 420 2485 est
442 2456 559 2483 tamen
584 2448 748 2493 proprius
780 2447 920 2492 quidam
944 2447 1017 2481 fori
1038 2448 1222 2492 profectus
1244 2450 1309 2491 12,
1331 2447 1375 2491 6,
1397 2444 1434 2481 4.
1464 2442 1688 2489 multiplicari

208 2496 298 2529 haec
323 2496 361 2529 in
385 2494 641 2541 quantumlibet
664 2499 812 2539 possunt
834 2494 869 2537 4,
893 2493 928 2537 4,
955 2496 990 2527 7.
1660 2507 1665 2511 -

164 2547 444 2606 quapropter.
498 2575 533 2608 q.
558 2569 635 2598 utra
686 2574 706 2597 e
729 2562 964 2607 appellatione
986 2560 1228 2595 indifferenter
1251 2559 1303 2594 uti
1329 2557 1414 2594 licet
1438 2560 1491 2598 11,
1514 2558 1550 2598 3,
1573 2551 1687 2609 1..οῇ

207 2608 268 2640 Pr.
292 2608 349 2641 26.
375 2614 409 2651 1,
434 2611 466 2651 1,
493 2612 548 2643 11.
577 2613 611 2650 2,
659 2635 669 2651 ,
697 2611 731 2644 8.
757 2610 792 2651 6,
815 2610 872 2642 Pr.
897 2610 930 2643 8.
955 2612 991 2650 7,
1013 2609 1070 2641 Pr.
1094 2605 1128 2639 4.
1157 2608 1212 2648 10,
1234 2607 1268 2647 2,
1298 2604 1351 2639 14.
1378 2606 1433 2647 11,
1458 2605 1492 2653 1,
1521 2602 1584 2637 58³
1602 2611 1639 2651 ιι.
1657 2612 1688 2643 q.

209 2665 449 2697 quanquam
476 2667 536 2696 pro
560 2662 722 2688 tamen.-
759 2655 890 2700 Quapr.
917 2655 1006 2688 haec
1029 2652 1231 2688 exhortatio
1255 2661 1334 2685 mea
1354 2660 1428 2683 non
1455 2657 1500 2682 eo
1522 2649 1688 2690 pertinet,

206 2703 247 2731 ut
270 2708 348 2732 esse
372 2705 550 2733 oratorem
578 2700 830 2744 philosophum
853 2700 963 2736 velim
990 2702 1046 2743 12,
1070 2702 1106 2742 2,
1129 2698 1165 2733 6.
1706 2703 1708 2705 ’

167 2763 327 2816 Quare·
374 2775 425 2818 α)
448 2779 625 2819 interrog.:
660 2780 778 2824 Quare
802 2780 847 2812 ad
868 2778 1015 2821 Troiam
1043 2774 1294 2820 quinquaginta
1311 2781 1419 2824 ‘reges
1442 2766 1690 2822 navigaverint

210 2826 246 2864 7,
269 2825 304 2866 2,
331 2823 364 2856 3.
391 2832 499 2867 quare
522 2824 655 2857 bonuin
677 2824 740 2865 sit,
766 2823 855 2857 sciat
880 2826 935 2865 10,
960 2825 996 2865 2,
1022 2824 1077 2856 18.
1101 2822 1217 2855 adhuc
1235 2819 1340 2853 nobis
1362 2817 1626 2863 ignorantibus,
1652 2825 1689 2858 q.

212 2868 305 2904 dicta
331 2867 402 2903 sint
429 2870 493 2910 10,
519 2871 562 2910 1,
589 2871 645 2903 21.
681 2871 819 2913 qualem
848 2879 989 2902 causam
1024 2865 1082 2901 vir
1112 2866 1227 2901 bonus
1259 2864 1321 2898 sed
1352 2864 1458 2898 etiam
1482 2873 1537 2906 qu
1548 2871 1626 2895 are
1653 2863 1687 2893 et
