1728 3002
120 206 204 248 614
634 202 945 262 Ornamentum
976 225 1030 234 -—
1060 201 1154 244 Oro

124 315 450 360 Ornamentum·
492 327 531 363 ai
555 329 749 365 Marcellus
773 333 981 364 ornamenta
989 324 1392 382 syracusanishostibus
1400 326 1554 370 restituit
1565 325 1599 371 5,
1613 329 1672 370 11,

172 379 208 411 7.
235 380 442 409 ornamenta
462 375 676 410 feminarum
699 379 755 419 11,
781 379 815 419 1,
830 377 864 411 3.
888 375 932 421 β)
955 377 987 408 in
1000 376 1159 409 dicendo.-
1196 379 1316 409 cetera
1355 373 1395 408 in
1426 373 1590 409 auxili
1601 384 1624 406 u
1637 385 1674 408 m

171 427 278 467 atque
296 431 317 454 o
330 432 349 455 r
360 432 410 454 na
421 433 456 455 m
467 432 520 455 en
533 427 547 455 t
557 435 581 456 u
592 434 628 456 m
653 429 941 469 argumentorum
964 426 1215 466 comparantur
1235 421 1269 463 5,
1284 421 1320 463 8,
1342 423 1378 454 2.
1411 420 1464 454 ad
1493 429 1572 455 orn.
1595 420 1674 454 elo-

174 466 342 513 quentiae
369 469 447 511 1,8,
458 470 503 502 10
525 480 558 503 υ.
586 468 632 502 Fi
646 469 668 502 d
679 480 698 503 e
709 481 737 503 s.
764 480 854 514 quae
878 468 921 502 in
945 478 1025 502 orn.
1052 467 1171 512 operis
1198 467 1373 501 accedunt
1391 468 1426 509 2,
1438 467 1472 510 3,
1480 465 1516 501 6.
1540 470 1586 500 ut*
1603 465 1674 500 sint

102 543 109 545 .
174 520 480 557 ornamento,
518 526 591 549 non
615 515 962 559 impedimento
998 515 1043 557 5,
1077 512 1141 553 14,
1180 513 1236 548 35.
1270 524 1303 547 v.
1337 510 1668 555 Adiutorinm3

175 571 293 604 eoque
317 570 396 594 orn.
420 561 526 595 unice
553 566 607 595 est
630 573 716 595 usus
750 561 923 609 Virgilius
957 561 991 604 8,
1034 562 1056 594 3
1067 586 1077 603 ,
1109 557 1177 603 24,
1221 557 1437 594 elocutionis
1466 563 1675 592 ornaments

176 607 214 651 6,
238 605 271 649 4,
303 609 334 640 1.
383 605 575 652 ἐνάργειαν
597 607 692 642 inter
726 619 804 642 orn.
841 617 1016 651 ponamus
1046 607 1083 650 8,
1116 608 1153 651 3,
1182 605 1244 641 61.
1288 615 1364 639 non
1396 614 1480 639 orn
1492 615 1559 638 am
1570 608 1647 638 ent
1658 613 1679 636 a

176 654 239 687 sed
267 654 279 686 1
293 664 313 687 e
324 662 378 687 no
389 663 408 687 c
418 652 432 687 i
444 665 468 687 n
480 653 521 688 ia
545 654 746 699 quaerimus
763 654 806 698 8,
829 655 888 688 Pr.
911 654 969 689 26.

132 707 311 751 ornate·
357 720 720 769 significanter
747 727 993 766 ornateque
1018 719 1161 755 dicendi
1187 721 1222 765 1,
1244 722 1281 764 7,
1308 721 1366 755 32.
1415 718 1487 754 nisi
1509 716 1683 764 quidis-

178 767 366 812 posite,
402 774 595 811 ornate,
632 771 826 813 copiose
850 768 936 803 dicit
970 770 1026 811 10,
1060 771 1096 811 7,
1131 769 1198 810 123
1243 766 1312 801 alia
1345 764 1584 808 ornatius,
1613 763 1683 798 tilia

178 813 413 860 gracilius
440 826 519 849 esse
545 815 696 849 dicenda
729 817 764 858 9,
800 814 836 859 4,
872 817 950 849 130.
999 819 1060 858 ut,
1103 811 1187 857 quia
1216 811 1372 847 narratio
1406 810 1571 847 brevis
1603 820 1684 845 esse

182 860 311 903 debet,
346 861 504 896 fusius
529 867 565 896 et
592 861 815 896 ornatius
837 872 896 896 res
920 866 1042 906 posset
1064 857 1199 904 exponi
1222 857 1258 903 4,
1281 861 1318 902 2,
1346 858 1428 894 1oe.

137 903 343 947 Ornatus·
392 919 434 960 α)
458 919 516 952 De
541 924 670 953 ornatu
696 920 731 962 8,
765 917 854 963 cap.
879 920 901 953 3
939 926 971 952 et
994 917 1028 953 4.
1055 927 1134 952 orn.
1159 916 1276 951 omnis
1293 926 1367 950 non
1389 920 1462 949 tam
1479 924 1557 957 sua,
1579 923 1686 958 quam

180 962 259 1007 rei,
283 963 341 997 cui
364 965 574 1008 adhibetur,
602 965 817 1000 condicione
842 970 982 999 constat
1010 966 1066 1007 11,
1091 966 1125 1006 1,
1151 966 1187 999 7.
1215 963 1350 996 nullum
1372 968 1451 996 orn.
1475 960 1523 994 iis
1542 958 1687 1003 (rebus),

189 1010 253 1054 qui
275 1011 383 1044 modo
408 1021 482 1045 non
507 1012 686 1055 obscuret,
709 1012 987 1046 subtrahendum
1010 1016 1099 1055 puto
1121 1010 1156 1052 5,
1177 1007 1233 1053 14,
1248 1007 1304 1043 34.
1324 1020 1357 1042 v.
1383 1007 1685 1041 Intellectus.

186 1056 225 1091 in
248 1055 328 1090 iisd.
352 1057 431 1091 sere
470 1057 638 1102 (tropis),
672 1057 733 1102 qui
763 1057 1085 1103 significandi
1116 1055 1229 1102 gratia
1263 1053 1492 1094 adhibentur,
1534 1063 1613 1087 esse
1650 1056 1687 1086 et

189 1107 409 1137 ornatum
434 1104 470 1147 8,
494 1106 529 1147 6,
556 1106 589 1140 3.
614 1104 735 1139 dicere
759 1110 839 1148 apte
862 1103 1025 1148 plerique
1048 1101 1190 1137 ornatui
1213 1100 1405 1146 subjiciunt
1429 1102 1461 1141 1,
1485 1098 1520 1143 5,
1550 1101 1582 1142 13
1608 1099 1688 1132 elo-

190 1148 322 1192 quendi
348 1161 427 1182 cum
452 1156 580 1184 ornatu
607 1153 642 1194 2,
669 1151 725 1194 15,
754 1151 808 1185 16.
856 1150 1026 1195 quidquid
1059 1161 1141 1183 cum
1176 1158 1256 1182 orn.
1290 1146 1396 1181 latius
1430 1144 1628 1180 ostenditur
1650 1145 1686 1188 8,

152 1229 163 1238 N
189 1195 226 1236 6,
255 1195 313 1229 61.
361 1198 403 1239 ῥ’)
429 1208 456 1228 ο.
482 1199 630 1231 Attrib..-
667 1207 745 1231 orn.
771 1197 932 1241 pressior
965 1201 1001 1231 et
1032 1194 1218 1238 severior,
1264 1198 1300 1227 et
1338 1191 1456 1226 minus
1487 1190 1688 1233 confessus,

191 1239 385 1284 praecipue
409 1242 580 1276 materiae
603 1244 891 1277 accommodatus
914 1244 949 1286 8,
974 1244 1009 1285 3,
1047 1243 1091 1276 13
1125 1244 1170 1276 Ζ.
1217 1240 1348 1274 decens
1371 1249 1452 1272 orn.
1476 1240 1511 1281 2,
1537 1237 1594 1279 15,
1627 1238 1688 1270 21·

195 1287 369 1320 honestus
394 1297 473 1320 orn.
510 1289 545 1330 8,
579 1290 613 1329 3,
651 1292 705 1322 11.
754 1300 833 1323 orn.
868 1288 1044 1323 oratorius
1074 1289 1107 1329 3,
1140 1290 1173 1330 1,
1207 1288 1262 1320 12.
1307 1285 1370 1319 illa
1397 1280 1551 1329 ἅφέλεια
1582 1282 1690 1317 habet

193 1333 325 1376 quend.
353 1344 502 1376 purum,
538 1333 651 1377 qualis
676 1334 780 1368 etiam
809 1334 847 1368 in
870 1334 1014 1368 feminis
1049 1339 1206 1376 amatur,
1249 1342 1328 1366 orn.
1364 1332 1399 1374 8,
1433 1331 1469 1373 3,
1504 1330 1564 1364 87.
1608 1338 1690 1366 orn.

191 1378 308 1412 virilis
337 1384 372 1412 et
398 1379 502 1412 fortis
528 1385 561 1413 et
590 1386 732 1413 sanctus
756 1383 800 1414 ib.
825 1380 867 1420 63
909 1379 1155 1423 hyperbolen,
1190 1376 1390 1411 audacioris
1419 1380 1566 1410 ornatus
1590 1375 1624 1414 8,
1651 1374 1688 1415 6,

193 1424 251 1459 67.
301 1421 335 1468 γ)
360 1437 390 1457 c.
421 1427 552 1460 Gonia.-
596 1425 768 1459 orationis
805 1431 876 1459 tam
913 1430 1110 1458 ornatus
1135 1434 1240 1466 quam
1262 1420 1591 1466 perspicuitas
1630 1425 1690 1453 aut

192 1469 233 1504 in
256 1469 405 1516 singulis
431 1470 553 1506 verbis
577 1477 631 1505 est
655 1477 714 1505 aut
737 1471 774 1504 in
798 1470 956 1515 pluribus
980 1470 1118 1515 positus
1144 1470 1178 1510 8,
1207 1470 1242 1510 3,
1267 1468 1322 1502 15.
1346 1465 1515 1500 libentius
1543 1466 1691 1509 empha-

197 1515 264 1550 sim
287 1516 472 1550 retulerim
501 1518 543 1550 ad
583 1527 662 1551 orn.
699 1516 870 1551 orationis
907 1518 942 1559 8,
975 1519 1010 1559 2,
1045 1518 1101 1549 11.
1149 1514 1194 1547 de
1225 1524 1306 1548 orn.
1342 1510 1513 1547 orationis
1545 1511 1692 1557 gravior

193 1563 385 1598 videbatur
407 1564 509 1597 locus
532 1565 567 1606 8,
594 1564 628 1607 5,
652 1564 708 1598 35.
753 1565 879 1608 parum
902 1562 1024 1596 decori
1050 1565 1133 1603 sunt
1156 1559 1318 1604 plerique
1341 1556 1512 1593 orationis
1528 1567 1606 1591 orn.
1631 1560 1690 1600 11,

194 1611 242 1652 1,
268 1611 324 1643 33.
362 1611 424 1645 vel
456 1609 634 1644 maximus
658 1609 828 1644 orationis
862 1619 939 1643 orn.
970 1609 1006 1651 8,
1036 1610 1072 1650 2,
1105 1607 1140 1641 6.
1188 1616 1267 1640 orn.
1299 1602 1471 1639 orationis
1500 1602 1623 1639 varius
1656 1608 1694 1636 et

195 1656 387 1736 mu¹29¹ex
413 1659 469 1700 11,
506 1658 538 1700 1,
573 1658 606 1691 2.
652 1656 746 1691 ratio
781 1654 955 1691 sermonis
988 1651 1194 1698 conjuncti,
1239 1651 1340 1695 cujus
1373 1655 1518 1685 ornatus
1555 1656 1618 1684 etc.
1655 1650 1691 1692 8,

193 1703 240 1746 3,
301 1704 335 1736 O.

149 1755 286 1801 Orno.
348 1769 390 1815 α)
415 1769 660 1816 (personam),
694 1768 724 1803 si
749 1775 870 1804 nostra
894 1767 957 1813 sit,
989 1767 1184 1802 ornandam
1209 1765 1246 1809 4,
1273 1767 1310 1808 2,
1338 1764 1407 1800 129
1436 1775 1470 1798 v.
1500 1762 1692 1800 Infamo.

194 1823 299 1852 ornat
323 1814 504 1851 ἐπίθετον
522 1819 556 1860 8,
577 1818 612 1861 6,
640 1816 697 1851 40.
723 1828 780 1850 res
806 1814 1114 1861 amplificare
1143 1818 1178 1847 et
1202 1822 1367 1846 ornare
1393 1812 1428 1854 3,
1451 1812 1488 1853 7,
1511 1809 1546 1844 6.
1572 1819 1693 1842 rerum

195 1864 410 1908 optimarum
433 1863 597 1898 inventio
622 1882 666 1887 —
690 1862 773 1897 satis
798 1869 924 1896 natura
950 1872 1015 1895 sua
1042 1864 1188 1894 ornatur
1217 1861 1272 1901 12,
1310 1860 1343 1900 1,
1379 1859 1437 1894 30.
1480 1867 1515 1889 v.
1545 1855 1630 1888 Len
1641 1864 1691 1888 o-

200 1909 386 1944 cinium.
413 1910 505 1944 sieut
530 1915 703 1943 ornent
732 1909 945 1951 orationem,
978 1907 1027 1940 ita
1050 1903 1383 1949 ineptissimas
1411 1912 1490 1936 esse
1515 1898 1690 1945 (figuras)

198 1956 234 1999 9,
259 1958 295 2000 3,
318 1957 398 1990 100.
446 1956 594 1992 totidem
620 1955 809 2002 generibus
847 1952 1162 1997 corrumpitur
1199 1950 1334 1989 oratio,
1375 1954 1463 1994 quot
1501 1952 1692 1981 ornatur

179 2002 235 2044 x8,
279 2005 322 2046 3,
357 2003 423 2045 583
468 2013 542 2036 non
579 2001 893 2048 significandi
924 1998 1057 2047 gratia,
1097 1998 1159 2031 sed
1193 1995 1536 2048 adornandam
1569 1993 1690 2046 modo,

197 2058 273 2082 non
305 2049 564 2095 augendam
602 2047 799 2082 orationem
837 2049 871 2090 8,
902 2047 938 2089 6,
972 2046 1028 2081 39.
1059 2056 1093 2078 v.
1127 2043 1302 2077 Oratio.
1350 2051 1510 2092 omnium
1541 2039 1691 2074 ornandi

197 2094 370 2128 virtutum
394 2096 429 2137 8,
453 2096 487 2137 3,
517 2095 575 2129 66.
622 2105 696 2128 non
731 2093 932 2128 docendi
965 2090 1094 2138 gratia,
1139 2090 1201 2122 sed
1238 2087 1438 2122 ornandi
1472 2088 1506 2128 9,
1524 2085 1574 2138 5²2
1610 2085 1688 2118 127.

197 2142 240 2185 β)
266 2144 414 2175 Pariis-..-
453 2141 681 2175 Ornatum
707 2146 784 2183 est,
825 2140 921 2184 quod
953 2134 1213 2186 perspicuo
1253 2139 1289 2168 et
1327 2132 1576 2186 probablli
1610 2131 1691 2182 plus

198 2192 264 2220 est.
312 2188 397 2231 Ejus
422 2186 526 2231 primi
551 2193 632 2220 sunt
656 2188 786 2232 gradus
815 2187 853 2220 in
889 2195 953 2228 eo,
982 2183 1078 2228 quod
1110 2183 1223 2224 velis,
1259 2179 1517 2223 exprnnendo:
1552 2181 1691 2217 tertius,

197 2232 260 2277 qui
282 2234 373 2268 haec
398 2233 566 2268 nitidiora
590 2233 718 2275 saciat3
757 2233 854 2278 quod
878 2229 1022 2276 proprie
1052 2226 1188 2261 dixeris
1224 2227 1400 2260 cultum
1437 2224 1543 2276 8,.«3,
1572 2223 1615 2257 61
1649 2225 1693 2257 Ζ.

198 2278 372 2323 sciamus,
402 2278 494 2313 nihil
528 2285 747 2313 ornatum
779 2277 872 2322 (Sp.
899 2288 950 2311 sc.
974 2274 1195 2315 inornatum)
1219 2283 1312 2315 esse,
1337 2271 1434 2315 quod
1457 2276 1502 2304 sit
1524 2278 1693 2313 impro-

189 2325 355 2368 prium
378 2326 412 2367 8,
437 2327 472 2369 3,
502 2325 547 2360 15
571 2329 614 2360 Ζ.
663 2324 796 2359 ornatis
819 2326 944 2369 longas
968 2321 1079 2368 magis
1105 2318 1260 2364 syllabas
1285 2315 1480 2370 conuenire
1503 2315 1540 2357 9,
1563 2313 1599 2357 4,
1625 2315 1690 2348 131

197 2382 232 2404 v.
260 2371 443 2405 Gravis.
489 2371 647 2405 maxime
670 2371 919 2415 jucundam
945 2373 981 2402 et
1004 2377 1103 2401 orn.
1127 2365 1264 2398 faciunt
1291 2369 1489 2397 orationem
1513 2359 1548 2414 4,
1573 2362 1608 2404 3,
1633 2361 1691 2394 15.

196 2426 244 2450 ne
269 2428 450 2461 speremus
476 2427 575 2454 orn.
604 2418 685 2452 fore
708 2417 923 2458 orationem,
958 2424 1049 2458 quae
1073 2409 1352 2456 probabilis
1384 2419 1459 2443 non
1493 2412 1561 2442 erit
1595 2406 1630 2450 8,
1655 2407 1691 2449 3,

198 2459 256 2496 42.
285 2462 443 2507 (oratio)
469 2465 735 2504 emendata,
772 2461 1028 2502 dilucida,
1052 2468 1162 2500 orn.‚
1186 2462 1292 2501 apta
1317 2465 1398 2490 esse
1432 2453 1539 2488 debet
1572 2454 1628 2494 11,
1655 2453 1692 2494 3,

198 2509 255 2542 30.
282 2508 327 2549 cs.
357 2512 390 2551 1,
414 2512 447 2549 5,
474 2512 506 2543 1.
535 2519 615 2544 orn.
640 2507 883 2554 pronuntiatio
908 2510 964 2548 11,
988 2507 1024 2548 3,
1047 2503 1105 2538 40.
1131 2514 1209 2537 orn.
1234 2511 1353 2536 sermo
1377 2502 1410 2543 5,
1434 2498 1491 2540 14,
1515 2499 1572 2534 33.
1596 2497 1717 2542 «Ῑιιοείι

197 2553 350 2587 verbum
376 2555 645 2598 proprium,
678 2566 789 2597 orn.,
828 2551 1032 2588 sublime
1057 2553 1093 2592 2,
1122 2552 1156 2592 5,
1184 2550 1219 2583 9.
1245 2546 1291 2588 cs.
1316 2548 1351 2589 8,
1379 2547 1437 2583 Pr.
1470 2545 1531 2580 26.
1562 2545 1620 2586 10,
1657 2545 1690 2584 1,

197 2598 232 2632 6.
256 2599 450 2642 Latina,
482 2600 852 2647 significantia,
885 2609 984 2633 orn.
1008 2595 1159 2640 (verba)
1183 2596 1218 2637 8,
1246 2594 1308 2629 Pr.
1332 2594 1389 2628 31.
1428 2590 1474 2633 cs.
1510 2591 1547 2634 8,
1589 2592 1624 2632 1,
1646 2586 1688 2629 1;

197 2644 314 2679 oratio
338 2665 383 2671 —
404 2648 589 2682 sententiis
613 2648 720 2682 debet
743 2645 902 2681 ornatior
925 2654 1004 2679 esse
1032 2653 1138 2687 quam
1160 2639 1281 2676 verbis
1304 2640 1340 2683 3,
1363 2639 1401 2682 8,
1422 2637 1481 2673 65.

153 2697 260 2741 Oro-
318 2712 357 2753 α)
386 2714 518 2758 loqui
543 2720 579 2748 et
606 2726 747 2750 orare
769 2717 804 2755 2,
833 2713 890 2756 16,
915 2713 959 2747 19
982 2723 1016 2746 v.
1041 2711 1240 2755 Loquor.
1275 2717 1342 2740 nos
1374 2705 1429 2740 sic
1451 2713 1530 2739 esse
1551 2701 1596 2735 ab
1616 2697 1686 2733 ini-

140 2777 148 2779 —
197 2757 249 2791 tio
273 2759 468 2802 formatos,
498 2765 538 2793 ut
560 2771 746 2804 possemus
769 2770 872 2794 orare
897 2767 982 2803 pro
1012 2755 1140 2798 nobis,
1183 2752 1321 2788 etiamsi
1353 2762 1427 2785 non
1459 2747 1619 2797 perfecte
1650 2748 1686 2787 2,

197 2805 255 2850 20»
279 2805 313 2840 5·
362 2804 423 2850 qui
446 2811 550 2840 orant
575 2809 631 2850 10,
656 2809 689 2850 1,
724 2806 780 2841 16.
824 2804 868 2850 β)
901 2806 1048 2838 Panic..-
1085 2803 1147 2839 vel
1177 2794 1483 2834 declamantis
1515 2791 1686 2835 habitum,
