1728 3002
448 271 467 279 e
489 277 501 295 .
526 247 715 290 Consero
743 270 799 279 -
828 243 1062 287 Consilium
1477 249 1557 289 163

47 368 49 370 ’
82 360 320 407 ιὶἱὲηιπ11,
349 364 390 407 1,
411 362 471 401 93.
499 359 755 405 -utrumque
780 361 838 402 10,
859 360 898 405 7,
915 355 975 393 '22-
1006 377 1055 386 --
1077 357 1198 394 omnia
1222 360 1277 403 10,
1299 361 1336 404 2,
1358 360 1416 396 25.
1442 358 1555 404 (utro-

82 411 179 457 bique
204 423 238 445 a.
260 413 284 443 1.
311 409 411 454 seq.)
446 407 484 442 id
508 406 745 451 consequi,
779 403 875 449 quod
907 403 1104 439 imiteris
1133 406 1197 447 10,
1218 407 1266 448 2,
1292 407 1327 439 7.
1365 405 1423 444 id.
1459 407 1556 452 quod

81 462 206 491 natura
227 454 381 489 hominis
403 465 574 488 summum
588 453 713 493 habet,
736 455 947 485 consecutos
971 453 1027 492 12,
1052 453 1088 493 2,
1113 451 1167 485 18.
1197 449 1242 491 cs.
1267 453 1303 493 7,
1329 453 1363 495 1,
1387 451 1440 498 14.
1468 462 1558 497 quae

81 513 150 537 neo
173 498 400 535 scribentium
424 504 551 534 curam‘
570 510 636 534 nec
663 496 854 532 dicentium
875 496 1043 540 impetum
1071 502 1334 545 consequantur
1355 499 1412 539 10,
1437 500 1471 540 3,
1498 500 1557 533 20.

84 545 375 586 exercitationem
397 545 570 580 modicam
593 549 804 579 consecutus
830 544 885 584 10,
909 543 944 584 5,
969 542 1023 578 19-
1055 541 1099 583 cs.
1123 544 1159 585 2,
1185 543 1240 585 12,
1267 545 1321 576 11.
1351 543 1558 588 ampliorem

84 591 226 627 dicendi
250 593 454 627 facultatem
479 597 560 625 sunt
586 589 767 625 consecuti
790 591 835 631 2,
859 590 902 631 3,
928 586 962 621 4.
987 586 1036 629 ὀί.
1063 590 1125 631 11,
1155 590 1171 621 1
1187 613 1199 631 ,
1227 590 1285 623 20.
1320 590 1462 634 quando
1488 589 1558 624 sint

82 638 191 672 finem
220 643 434 679 consecutae
460 637 601 680 (ar-tes)
627 639 668 677 2,
699 638 762 677 17,
789 635 847 668 26.
883 632 1033 682 Achillis
1056 634 1206 680 gloriam
1227 634 1265 669 in
1287 635 1394 669 rebus
1422 635 1559 670 bellicis

85 683 257 729 consequi
281 686 338 727 12,
367 686 424 726 11,
447 685 504 718 27.
539 681 723 717 consecuti
745 678 1042 714 immortalitatem
1063 682 1100 720 3,
1125 682 1161 723 7,
1184 681 1218 715 9.
1252 691 1359 725 quam
1386 681 1560 726 (jucundi-

84 727 208 772 inim)
236 730 333 763 nulla
359 727 531 774 consequi
555 736 611 769 (a.
638 732 660 762 1.
685 725 784 771 seq.)
815 725 990 759 affectatio
1012 724 1123 770 possit
1151 726 1216 768 10,
1245 729 1288 767 1,
1313 728 1371 761 82.
1410 724 1561 771 'justiora

78 774 216 821 judicia
240 779 323 811 sunt
345 774 527 809 consecuti
551 776 586 817 3,
609 777 644 816 7,
669 774 724 807 18.
761 771 903 805 diversa
913 770 1038 822 ‘virtus
1062 771 1203 805 laudem
1225 782 1338 816 paene
1361 778 1414 806 est
1438 785 1560 817 parem

50 823 55 827 ”
84 824 278 855 consecuta
301 822 358 862 10,
384 821 418 862 1,
441 822 499 855 73.
530 832 564 853 v.
589 819 720 853 Laus.
760 827 886 852 servus
911 816 1025 851 invito
1052 816 1197 850 domino
1226 827 1300 852 non
1325 825 1564 863 consequetur

85 866 135 910 (α.
159 869 183 899 1.
208 867 310 911 adjie.
334 863 549 909 libertatem)
568 867 609 900 ¹7.
633 866 667 902 3.
695 866 739 897 27
764 864 812 897 Ν.
836 875 882 896 cr.
907 869 937 895 et
961 863 998 896 S.
1029 860 1123 896 inter
1145 862 1259 906 prima
1279 864 1455 899 'elementa
1477 875 1565 899 con-

86 911 189 956 sequi
210 923 287 946 rem
313 914 354 954 1,
380 914 421 951 1,
442 913 501 946 35.
533 916 665 945 mutam
688 909 818 953 quand.
841 906 1023 942 scientiam
1050 913 1260 949 consecutos
1286 909 1320 951 5,
1344 912 1402 951 10,
1426 911 1500 946 119.
1527 914 1564 954 2,

86 960 147 1000 21,
174 953 231 991 14.
258 956 325 992 vix
351 958 471 991 levem
496 955 746 999 consequimur
762 954 929 991 ,umbram
954 949 1011 995 10,
1038 956 1070 996 1,
1095 955 1173 988 100.
1202 953 1233 988 si
1250 953 1338 1003 vitia
1355 966 1564 1001 magnorum

88 1005 350 1047 consequantur
370 1005 427 1045 10,
453 1005 486 1043 1,
508 1004 567 1036 25.
596 1000 641 1042 cs.
662 1002 698 1042 8,
723 1003 757 1042 2,
782 1000 824 1034 19
846 1000 896 1034 Ν.
950 1000 991 1044 β)
1016 999 1137 1043 adjeci.
1161 1001 1278 1033 Amat.
1302 1008 1361 1033 aui
1383 1004 1565 1045 Praeposa

87 1049 160 1083 hoc
182 1049 300 1082 nullus
329 1047 399 1082 nisi
422 1054 497 1082 arte
519 1045 690 1091 consequi
712 1050 830 1089 potest
851 1045 887 1088 8,
911 1046 972 1078 Pr·
997 1045 1052 1079 16.
1082 1044 1149 1079 vix
1172 1044 1312 1092 singula
1334 1045 1568 1082 intentissima

90 1105 178 1128 cura
203 1093 374 1138 consequi
399 1095 464 1136 10,
486 1095 526 1135 1,
551 1095 629 1126 111.
669 1101 872 1125 successum
895 1091 1175 1134 extemporalem
1201 1091 1373 1136 consequi
1398 1103 1484 1127 cura
1510 1095 1567 1137 10,

89 1142 135 1182 7,
159 1139 215 1173 13.
250 1139 436 1174 effectivae
459 1137 593 1182 aliquid
615 1136 731 1171 simile
754 1135 892 1180 scriptis
915 1135 1136 1174 orationibus
1164 1138 1227 1171 vel
1255 1136 1414 1172 historiis
1438 1149 1568 1173 conse-

91 1190 221 1230 quetur
241 1187 277 1227 2,
295 1186 356 1228 18,
383 1187 414 1219 5.
449 1181 698 1229 (eloquentiam)
724 1181 909 1216 intellectu
929 1181 1100 1226 consequi
1124 1184 1167 1224 2,
1191 1183 1233 1220 3.
1259 1185 1293 1217 7.
1327 1183 1442 1227 prima
1464 1197 1570 1229 prae-

90 1235 192 1274 cepta
216 1231 398 1276 rhetorum
424 1235 543 1263 mente
571 1239 714 1272 conseq.
739 1230 774 1270 2,
797 1229 833 1270 2,
860 1230 891 1261 1.
926 1228 995 1261 hac
1020 1226 1319 1272 (pronuntiatione)
1346 1228 1413 1264 Cn.
1434 1231 1570 1265 Lemu-

89 1277 165 1314 lum
186 1277 265 1320 plus
288 1274 467 1320 opinionis
492 1280 744 1316 consecutum,
778 1284 892 1317 quarn
905 1272 1106 1318 eloquentia
1131 1275 1171 1307 11
1187 1298 1199 1316 ,
1224 1275 1268 1318 3,
1296 1277 1331 1309 8.
1374 1286 1455 1309 cum
1478 1277 1571 1311 hano

88 1320 298 1356 felicitatem
329 1331 403 1355 non
438 1331 545 1365 prosa
574 1321 684 1354 modo
712 1318 812 1352 multi
852 1318 922 1352 sint
950 1318 1156 1361 consecuti,
1196 1321 1260 1353 sed
1282 1319 1389 1354 etiam
1415 1322 1572 1358 carmine

93 1369 161 1409 10,
182 1369 226 1409 7,
253 1368 308 1403 19.
354 1366 415 1411 qui
440 1366 485 1400 sit
508 1366 624 1401 studio
647 1364 736 1398 nihil
761 1370 972 1398 consecutus
998 1367 1015 1398 1
1031 1390 1043 1407 ,
1069 1368 1107 1406 1,
1134 1367 1168 1398 2.
1214 1364 1449 1402 immortalem
1474 1367 1573 1403 illam

94 1412 251 1447 Sallustii
278 1412 507 1448 velocitatem
536 1411 687 1446 diversis
716 1410 905 1444 virtutibus
936 1415 1146 1444 consecutus
1177 1413 1243 1460 10,
1277 1415 1316 1454 1,
1350 1415 1426 1446 102.
1464 1413 1507 1455 qs.
1536 1416 1572 1458 6,

95 1456 154 1499 12,
177 1460 220 1500 2;
248 1457 286 1492 id
300 1469 558 1502 consequemur
570 1457 703 1501 optima
719 1457 871 1501 legendo
888 1462 993 1500 atque
1013 1455 1188 1490 audiendo
1206 1459 1260 1498 10,
1286 1461 1319 1500 1,
1343 1459 1374 1492 8.
1404 1465 1573 1503 quantum

95 1505 252 1538 notando
274 1503 446 1548 consequi
475 1508 638 1547 poterant
665 1503 724 1535 Pr.
747 1505 790 1544 73
841 1512 898 1535 ex
929 1513 997 1546 qua
1028 1500 1181 1546 (poena)
1211 1503 1327 1536 minus
1356 1503 1575 1540 incommodi

66 1550 68 1552 ’
97 1555 352 1584 consecuturus
377 1560 481 1593 quam
505 1560 553 1583 ex
577 1549 672 1582 facto
696 1546 814 1594 gaudii
837 1550 879 1587 7,
906 1550 948 1589 2,
973 1546 1044 1590 42;
1092 1547 1175 1592 quid
1201 1549 1427 1583 consecuturi
1453 1550 1576 1595 simus,

88 1600 136 1630 *et
156 1606 239 1641 per
261 1595 374 1639 quid?
402 1596 446 1636 3,
469 1596 511 1638 8,
534 1593 591 1628 34.
643 1592 681 1638 γ)
705 1606 772 1638 seq.
797 1600 842 1625 ut
865 1596 918 1626 vel
944 1605 1012 1626 ne.-
1042 1603 1110 1626 nec
1131 1594 1250 1640 legum
1271 1601 1472 1638 repertores
1500 1597 1576 1633 sine

99 1650 236 1675 summa
265 1641 306 1675 vi
335 1640 460 1674 orandi
490 1645 723 1681 consecutos,
757 1643 806 1671 ut
836 1649 875 1672 se
900 1637 969 1682 ipsi
994 1638 1159 1672 homines
1184 1640 1229 1672 ad
1252 1640 1458 1674 servitutem
1490 1643 1577 1686 juris

100 1685 335 1732 asu-ingerent
351 1688 386 1728 2,
407 1686 462 1727 16,
482 1686 519 1721 9.
548 1684 593 1726 cs.
617 1686 654 1727 8,
673 1686 707 1723 3,
729 1686 785 1718 70.
811 1695 867 1727 ap.
886 1689 1052 1727 posteros
1072 1684 1108 1717 id
1126 1691 1350 1728 consecutus,
1378 1692 1426 1720 ut
1449 1687 1578 1724 Cicero

99 1732 171 1776 jam
198 1741 272 1766 non
301 1731 457 1765 hominis
486 1741 639 1772 nomen,
680 1730 743 1763 sed
773 1729 997 1773 eloquentiae
1028 1730 1200 1763 habeatur
1226 1733 1289 1774 10,
1319 1734 1337 1764 1
1353 1756 1364 1772 ,
1393 1736 1470 1767 112.
1508 1735 1580 1769 hoc

101 1777 358 1812 exercitatione
379 1778 490 1810 multa
516 1775 821 1819 consequendlun,
859 1780 905 1808 ut
928 1782 989 1808 etc.
1017 1776 1060 1816 5,
1084 1778 1150 1817 10,
1180 1778 1264 1818 125;
1301 1776 1391 1811 sicut
1416 1778 1475 1813 hic
1502 1779 1579 1815 Cic.

100 1822 348 1902 ξοῃὲηέ-ὲω,
380 1833 436 1857 „e
459 1839 503 1848 ...
525 1822 602 1866 ipse
633 1831 775 1867 quoque
806 1831 928 1855 earum
954 1831 1074 1855 rerum
1098 1821 1276 1856 studiosus
1309 1833 1388 1858 esse
1418 1826 1582 1860 credatur

133 1893 147 1910 ,
201 1891 212 1908 ,
283 1893 292 1902 .

61 1920 268 1964 consero·
313 1933 349 1979 Ι)
374 1934 584 1969 consitus
610 1945 655 1968 an
676 1933 880 1968 incultus
904 1932 1022 1977 (locus)
1044 1935 1080 1978 5,
1099 1937 1156 1978 10,
1172 1937 1230 1970 37.
1277 1933 1329 1980 11)
1353 1937 1443 1971 ordo
1462 1947 1582 1973 rerum

105 1979 219 2014 tribus
242 1979 431 2013 momentis
454 1986 700 2014 consertus
723 1986 777 2014 est
800 1981 835 2023 5,
863 1982 918 2023 10,
943 1984 1002 2014 71.

63 2035 356 2078 Conservatio.
399 2062 439 2073 .-
456 2046 638 2080 bonorum
661 2058 739 2089 opp.
760 2047 933 2080 malorum
955 2046 1175 2081 liberatio
1202 2049 1236 2089 ⁵,
1264 2050 1322 2090 10,
1350 2050 1408 2083 33.

66 2103 296 2146 conservo·
336 2113 709 2148 conse'rvavisse
732 2115 776 2155 1,
800 2114 842 2155 6,
865 2115 923 2146 21.
946 2114 1228 2147 .conservandus
1255 2120 1309 2148 est
1334 2114 1394 2148 hic
1422 2117 1484 2151 vel
1507 2128 1583 2151 am..

108 2159 201 2193 bitus
224 2161 261 2201 3,
282 2159 327 2202 8,
349 2159 407 2194 45.
442 2159 479 2192 in
499 2165 628 2193 senatu
649 2159 892 2192 conservanda
915 2158 1126 2199 auctoritas,
1159 2159 1251 2201 apud
1273 2162 1444 2204 populum
1467 2161 1586 2210 digni..

0 2241 1 2244 Ἴ
106 2210 162 2238 tas
184 2204 222 2238 in
247 2204 394 2248 privatis
421 2206 549 2239 modus
577 2207 639 2246 11,
663 2206 704 2243 3,
729 2204 806 2237 153.
847 2204 963 2248 legem
985 2205 1264 2236 conservandam
1287 2206 1333 2247 9,
1360 2209 1404 2249 2,
1433 2208 1492 2242 83.
1526 2208 1585 2245 vi-

0 2245 2 2286 ?
75 2279 79 2282 .
109 2250 209 2284 ribus
232 2250 487 2286 conservandis
509 2254 552 2294 2,
579 2252 641 2292 10,
662 2250 698 2284 6.
735 2253 945 2283 conservata
967 2247 1187 2282 sanctissime
1209 2249 1331 2293 opinio
1356 2254 1390 2295 1,
1414 2255 1450 2296 2,
1473 2252 1509 2288 4.

68 2305 315 2348 considero.
352 2317 392 2351 in
415 2327 486 2362 quo
509 2316 775 2359 consideratur,
803 2315 888 2360 quid
910 2314 996 2358 juris
1020 2314 1065 2349 sit
1094 2317 1178 2350 Cic.
1203 2317 1238 2359 3,
1265 2317 1301 2358 6,
1328 2318 1383 2353 58.
1422 2320 1588 2356 conside-

113 2361 184 2395 rari
207 2362 331 2404 debet,
370 2374 461 2407 quae
494 2360 764 2406 (controversia)
795 2361 944 2405 primam
976 2360 1217 2404 quaestionem
1243 2362 1330 2397 facit
1351 2367 1395 2407 7,
1423 2369 1465 2407 1,
1492 2368 1515 2402 8
1538 2369 1586 2402 Ν.

115 2405 202 2451 quid
222 2412 383 2450 separata
406 2408 534 2450 (verba)
562 2408 726 2455 exigant,
752 2407 1016 2441 consideremus
1039 2407 1083 2448 8,
1106 2407 1147 2448 3,
1172 2408 1227 2442 15.
1260 2409 1448 2454 praecipue
1472 2413 1590 2447 decla-

114 2451 308 2486 matoribus
335 2452 647 2496 considerandum,
687 2452 771 2497 quid
800 2452 929 2496 cuique
959 2461 1132 2495 personae
1157 2453 1348 2488 conveniat
1378 2458 1422 2498 3,
1452 2458 1499 2502 8,
1531 2459 1588 2494 51.

116 2497 269 2542 primum
292 2498 588 2532 considerandum
610 2503 682 2542 est,
711 2498 789 2543 quis
814 2506 874 2532 etc.
902 2496 995 2530 dicat
1020 2497 1056 2540 6,
1081 2499 1116 2540 3,
1140 2499 1197 2532 28.
1396 2516 1401 2518 -

74 2541 366 2633 Οἳιῖεἰλξηειῐίο.
408 2554 582 2601 promittit
611 2554 768 2602 litigator
799 2572 842 2580 —
874 2553 1107 2599 paratissimas
1138 2554 1426 2602 consignationes
1453 2560 1522 2603 12,
1552 2560 1590 2602 8,

31 2673 35 2676 ’
76 2651 325 2717 Consilium.
363 2664 414 2709 νΙ)
441 2673 590 2701 coetus
615 2665 1196 2701 deliberantium:-consilium
1228 2665 1404 2702 bonorum
1436 2672 1506 2714 atq.
1537 2681 1594 2704 sa-

121 2710 294 2754 luentium
315 2712 360 2753 3,
381 2713 423 2754 8,
447 2715 470 2745 2
492 2714 538 2746 Ν.
575 2731 622 2740 -—
643 2712 799 2756 judicum
825 2711 1033 2756 sapientium
1057 2714 1120 2753 12,
1147 2714 1209 2754 10,
1234 2713 1292 2746 52.
1339 2712 1490 2748 Catilina
1513 2726 1592 2750 curn

124 2765 189 2789 suo
218 2765 316 2790 cons.
340 2757 558 2791 nefariorum
588 2758 770 2792 hominum
797 2760 885 2792 cic.
910 2760 956 2801 5,
986 2759 1054 2800 10,
1079 2758 1125 2793 99
1152 2757 1200 2791 Ν.
1238 2757 1279 2791 in
1300 2758 1470 2802 ampliore
1494 2770 1593 2795 cons.

124 2797 160 2843 4,
186 2802 221 2845 1,
241 2803 301 2836 21.
336 2802 382 2837 de
403 2812 479 2837 uno
498 2811 564 2838 reo
589 2803 776 2838 consilium
798 2802 938 2850 cogitur
958 2802 1064 2837 etiam
1089 2805 1125 2846 7,
1148 2805 1184 2845 2,
1213 2803 1269 2839 19.
1302 2805 1348 2838 ed
1371 2813 1470 2840 cons.
1492 2807 1596 2842 nobis
1627 2824 1633 2828 -

1148 2868 1236 2903 11⁸
