<?xml version="1.0" encoding="UTF-8"?>
<!DOCTYPE html PUBLIC "-//W3C//DTD XHTML 1.0 Transitional//EN"
    "http://www.w3.org/TR/xhtml1/DTD/xhtml1-transitional.dtd">
<html xmlns="http://www.w3.org/1999/xhtml" xml:lang="en" lang="en">
 <head>
  <title>
</title>
<meta http-equiv="Content-Type" content="text/html;charset=utf-8" />
  <meta name='ocr-system' content='tesseract 3.04.00' />
  <meta name='ocr-capabilities' content='ocr_page ocr_carea ocr_par ocr_line ocrx_word'/>
</head>
<body>
  <div class='ocr_page' id='page_1' title='image "./lexiconquintilia06bonnuoft/lexiconquintilia06bonnuoft_0878.png"; bbox 0 0 1728 3002; ppageno 0'>
   <div class='ocr_carea' id='block_1_1' title="bbox 158 124 1226 198">
    <p class='ocr_par' dir='ltr' id='par_1_1' title="bbox 158 124 1226 198">
     <span class='ocr_line' id='line_1_1' title="bbox 158 124 1226 198; baseline -0.003 -12"><span class='ocrx_word' id='word_1_1' title='bbox 158 124 244 187; x_wconf 49' lang='lat'><strong>⁷⁷86</strong></span> <span class='ocrx_word' id='word_1_2' title='bbox 638 141 874 198; x_wconf 76' lang='lat' dir='ltr'>Responsio</span> <span class='ocrx_word' id='word_1_3' title='bbox 906 163 957 170; x_wconf 89' lang='lat'><em>—</em></span> <span class='ocrx_word' id='word_1_4' title='bbox 991 139 1226 184; x_wconf 65' lang='lat' dir='ltr'><strong>Restitutor-</strong></span> 
     </span>
    </p>
   </div>
   <div class='ocr_carea' id='block_1_2' title="bbox 157 253 1728 1384">
    <p class='ocr_par' dir='ltr' id='par_1_2' title="bbox 157 253 1728 1384">
     <span class='ocr_line' id='line_1_2' title="bbox 205 253 1701 302; baseline -0.001 -10"><span class='ocrx_word' id='word_1_5' title='bbox 205 268 238 292; x_wconf 75' lang='grc' dir='ltr'><strong>υ.</strong></span> <span class='ocrx_word' id='word_1_6' title='bbox 265 268 369 302; x_wconf 82' lang='lat' dir='ltr'><strong>supra</strong></span> <span class='ocrx_word' id='word_1_7' title='bbox 394 269 431 292; x_wconf 80' lang='grc' dir='ltr'><strong>α.</strong></span> <span class='ocrx_word' id='word_1_8' title='bbox 478 255 516 299; x_wconf 91' lang='lat' dir='ltr'><strong>b)</strong></span> <span class='ocrx_word' id='word_1_9' title='bbox 540 268 670 290; x_wconf 84' lang='lat' dir='ltr'><strong>rerum.-</strong></span> <span class='ocrx_word' id='word_1_10' title='bbox 701 255 760 300; x_wconf 86' lang='lat' dir='ltr'><strong>id,</strong></span> <span class='ocrx_word' id='word_1_11' title='bbox 785 255 844 290; x_wconf 87' lang='lat' dir='ltr'><strong>cui</strong></span> <span class='ocrx_word' id='word_1_12' title='bbox 871 255 1078 300; x_wconf 86' lang='lat' dir='ltr'><strong>responsuri</strong></span> <span class='ocrx_word' id='word_1_13' title='bbox 1102 264 1236 299; x_wconf 67' lang='lat' dir='ltr'><strong>sumna,</strong></span> <span class='ocrx_word' id='word_1_14' title='bbox 1263 253 1447 301; x_wconf 79' lang='lat' dir='ltr'><strong>proprium</strong></span> <span class='ocrx_word' id='word_1_15' title='bbox 1469 253 1515 290; x_wconf 81' lang='lat' dir='ltr'><strong>sit</strong></span> <span class='ocrx_word' id='word_1_16' title='bbox 1538 255 1616 300; x_wconf 77' lang='lat' dir='ltr'><strong>ejus</strong></span> <span class='ocrx_word' id='word_1_17' title='bbox 1642 256 1701 299; x_wconf 72' lang='lat' dir='ltr'><strong>jn-</strong></span> 
     </span>
     <span class='ocr_line' id='line_1_3' title="bbox 206 300 1700 347; baseline -0.001 -9"><span class='ocrx_word' id='word_1_18' title='bbox 206 303 303 347; x_wconf 83' lang='lat' dir='ltr'><strong>dicii,</strong></span> <span class='ocrx_word' id='word_1_19' title='bbox 328 315 374 337; x_wconf 89' lang='lat' dir='ltr'><strong>an</strong></span> <span class='ocrx_word' id='word_1_20' title='bbox 397 303 443 337; x_wconf 89' lang='lat' dir='ltr'><strong>ad</strong></span> <span class='ocrx_word' id='word_1_21' title='bbox 468 313 612 336; x_wconf 85' lang='lat' dir='ltr'><strong>causam</strong></span> <span class='ocrx_word' id='word_1_22' title='bbox 636 307 741 337; x_wconf 85' lang='lat' dir='ltr'><strong>extra</strong></span> <span class='ocrx_word' id='word_1_23' title='bbox 766 302 973 337; x_wconf 84' lang='lat' dir='ltr'><strong>arcessitum</strong></span> <span class='ocrx_word' id='word_1_24' title='bbox 995 303 1029 345; x_wconf 91' lang='lat'><strong>5,</strong></span> <span class='ocrx_word' id='word_1_25' title='bbox 1055 304 1111 345; x_wconf 88' lang='lat'><strong>13,</strong></span> <span class='ocrx_word' id='word_1_26' title='bbox 1132 300 1170 336; x_wconf 82' lang='lat'><strong>4.</strong></span> <span class='ocrx_word' id='word_1_27' title='bbox 1193 302 1505 347; x_wconf 84' lang='lat' dir='ltr'><strong>respondebat</strong></span> <span class='ocrx_word' id='word_1_28' title='bbox 1527 301 1700 346; x_wconf 84' lang='lat' dir='ltr'><strong>invidiae,</strong></span> 
     </span>
     <span class='ocr_line' id='line_1_4' title="bbox 206 346 1698 393; baseline -0.002 -9"><span class='ocrx_word' id='word_1_29' title='bbox 206 350 266 385; x_wconf 86' lang='lat' dir='ltr'><strong>cui</strong></span> <span class='ocrx_word' id='word_1_30' title='bbox 292 355 411 383; x_wconf 85' lang='lat' dir='ltr'><strong>tamen</strong></span> <span class='ocrx_word' id='word_1_31' title='bbox 435 359 523 383; x_wconf 92' lang='lat' dir='ltr'><strong>non</strong></span> <span class='ocrx_word' id='word_1_32' title='bbox 551 347 646 382; x_wconf 81' lang='lat' dir='ltr'><strong>fuit</strong></span> <span class='ocrx_word' id='word_1_33' title='bbox 670 359 747 393; x_wconf 86' lang='lat' dir='ltr'><strong>par</strong></span> <span class='ocrx_word' id='word_1_34' title='bbox 773 352 830 392; x_wconf 89' lang='lat'><strong>11,</strong></span> <span class='ocrx_word' id='word_1_35' title='bbox 860 352 893 392; x_wconf 87' lang='grc'><strong>1,</strong></span> <span class='ocrx_word' id='word_1_36' title='bbox 921 349 978 383; x_wconf 79' lang='grc'><strong>18.</strong></span> <span class='ocrx_word' id='word_1_37' title='bbox 1004 348 1062 382; x_wconf 84' lang='lat' dir='ltr'><strong>oni</strong></span> <span class='ocrx_word' id='word_1_38' title='bbox 1090 347 1252 393; x_wconf 87' lang='lat' dir='ltr'><strong>opinioni</strong></span> <span class='ocrx_word' id='word_1_39' title='bbox 1274 346 1521 392; x_wconf 72' lang='lat' dir='ltr'><strong>respondimus</strong></span> <span class='ocrx_word' id='word_1_40' title='bbox 1543 347 1578 392; x_wconf 88' lang='grc'><strong>4,</strong></span> <span class='ocrx_word' id='word_1_41' title='bbox 1601 348 1637 391; x_wconf 84' lang='grc'><strong>4,</strong></span> <span class='ocrx_word' id='word_1_42' title='bbox 1664 351 1698 382; x_wconf 90' lang='grc'><strong>1.</strong></span> 
     </span>
     <span class='ocr_line' id='line_1_5' title="bbox 205 392 1702 441; baseline -0.001 -12"><span class='ocrx_word' id='word_1_43' title='bbox 205 396 291 441; x_wconf 84' lang='lat' dir='ltr'><strong>quid</strong></span> <span class='ocrx_word' id='word_1_44' title='bbox 316 402 388 429; x_wconf 90' lang='lat' dir='ltr'><strong>tam</strong></span> <span class='ocrx_word' id='word_1_45' title='bbox 413 406 548 439; x_wconf 84' lang='lat' dir='ltr'><strong>aequae</strong></span> <span class='ocrx_word' id='word_1_46' title='bbox 573 395 803 439; x_wconf 81' lang='lat' dir='ltr'><strong>postulationi</strong></span> <span class='ocrx_word' id='word_1_47' title='bbox 826 395 1084 439; x_wconf 84' lang='lat' dir='ltr'><strong>respondeatur</strong></span> <span class='ocrx_word' id='word_1_48' title='bbox 1107 398 1143 438; x_wconf 92' lang='lat'><strong>7,</strong></span> <span class='ocrx_word' id='word_1_49' title='bbox 1169 397 1202 438; x_wconf 88' lang='lat'><strong>1,</strong></span> <span class='ocrx_word' id='word_1_50' title='bbox 1227 392 1284 429; x_wconf 87' lang='lat'><strong>47.</strong></span> <span class='ocrx_word' id='word_1_51' title='bbox 1316 393 1544 439; x_wconf 82' lang='lat' dir='ltr'><strong>respondebo</strong></span> <span class='ocrx_word' id='word_1_52' title='bbox 1563 405 1702 439; x_wconf 85' lang='lat' dir='ltr'><strong>propo-</strong></span> 
     </span>
     <span class='ocr_line' id='line_1_6' title="bbox 207 439 1703 486; baseline -0.001 -10"><span class='ocrx_word' id='word_1_53' title='bbox 207 442 283 477; x_wconf 81' lang='lat' dir='ltr'><strong>sitis</strong></span> <span class='ocrx_word' id='word_1_54' title='bbox 307 444 342 484; x_wconf 82' lang='lat'><strong>2,</strong></span> <span class='ocrx_word' id='word_1_55' title='bbox 370 444 427 483; x_wconf 93' lang='lat'><strong>17,</strong></span> <span class='ocrx_word' id='word_1_56' title='bbox 453 443 510 476; x_wconf 84' lang='grc'><strong>32.</strong></span> <span class='ocrx_word' id='word_1_57' title='bbox 545 453 725 486; x_wconf 87' lang='lat' dir='ltr'><strong>nunquam</strong></span> <span class='ocrx_word' id='word_1_58' title='bbox 749 441 794 475; x_wconf 84' lang='lat' dir='ltr'><strong>iis</strong></span> <span class='ocrx_word' id='word_1_59' title='bbox 820 452 1074 486; x_wconf 87' lang='lat' dir='ltr'><strong>responsurum</strong></span> <span class='ocrx_word' id='word_1_60' title='bbox 1102 439 1368 484; x_wconf 80' lang='lat' dir='ltr'><strong>adversarium,</strong></span> <span class='ocrx_word' id='word_1_61' title='bbox 1403 450 1494 485; x_wconf 84' lang='lat' dir='ltr'><strong>quae</strong></span> <span class='ocrx_word' id='word_1_62' title='bbox 1519 440 1703 486; x_wconf 61' lang='lat' dir='ltr'><strong>mosim</strong></span> 
     </span>
     <span class='ocr_line' id='line_1_7' title="bbox 206 486 1710 532; baseline -0.001 -10"><span class='ocrx_word' id='word_1_63' title='bbox 206 498 281 522; x_wconf 91' lang='lat' dir='ltr'><strong>non</strong></span> <span class='ocrx_word' id='word_1_64' title='bbox 309 492 428 522; x_wconf 84' lang='lat' dir='ltr'><strong>essent</strong></span> <span class='ocrx_word' id='word_1_65' title='bbox 452 487 485 531; x_wconf 89' lang='lat'><strong>5,</strong></span> <span class='ocrx_word' id='word_1_66' title='bbox 512 489 567 531; x_wconf 86' lang='lat'><strong>13,</strong></span> <span class='ocrx_word' id='word_1_67' title='bbox 593 487 651 523; x_wconf 85' lang='grc'><strong>46.</strong></span> <span class='ocrx_word' id='word_1_68' title='bbox 676 486 722 529; x_wconf 80' lang='lat' dir='ltr'><strong>cs.</strong></span> <span class='ocrx_word' id='word_1_69' title='bbox 747 488 782 530; x_wconf 89' lang='grc'><strong>6,</strong></span> <span class='ocrx_word' id='word_1_70' title='bbox 808 490 841 532; x_wconf 91' lang='grc'><strong>1,</strong></span> <span class='ocrx_word' id='word_1_71' title='bbox 861 489 896 522; x_wconf 89' lang='grc'><strong>3.</strong></span> <span class='ocrx_word' id='word_1_72' title='bbox 922 499 955 521; x_wconf 86' lang='grc' dir='ltr'><strong>υ.</strong></span> <span class='ocrx_word' id='word_1_73' title='bbox 981 488 1219 531; x_wconf 80' lang='lat' dir='ltr'><strong>Propone.</strong></span> <span class='ocrx_word' id='word_1_74' title='bbox 1268 486 1304 532; x_wconf 82' lang='grc' dir='ltr'><strong>γ)</strong></span> <span class='ocrx_word' id='word_1_75' title='bbox 1329 499 1358 521; x_wconf 87' lang='lat' dir='ltr'><strong>c.</strong></span> <span class='ocrx_word' id='word_1_76' title='bbox 1379 489 1506 531; x_wconf 84' lang='lat' dir='ltr'><strong>Praep.</strong></span> <span class='ocrx_word' id='word_1_77' title='bbox 1527 492 1710 521; x_wconf 64' lang='lat' dir='ltr'><strong>contra:</strong></span> 
     </span>
     <span class='ocr_line' id='line_1_8' title="bbox 157 533 1728 585; baseline -0.001 -17"><span class='ocrx_word' id='word_1_78' title='bbox 157 540 161 550; x_wconf 91' lang='grc'><em>·</em></span> <span class='ocrx_word' id='word_1_79' title='bbox 207 535 318 568; x_wconf 85' lang='lat' dir='ltr'><strong>multa</strong></span> <span class='ocrx_word' id='word_1_80' title='bbox 341 538 466 568; x_wconf 85' lang='lat' dir='ltr'><strong>contra</strong></span> <span class='ocrx_word' id='word_1_81' title='bbox 488 539 659 578; x_wconf 88' lang='lat' dir='ltr'><strong>patronos</strong></span> <span class='ocrx_word' id='word_1_82' title='bbox 683 539 835 570; x_wconf 84' lang='lat' dir='ltr'><strong>venuste</strong></span> <span class='ocrx_word' id='word_1_83' title='bbox 862 533 962 568; x_wconf 88' lang='lat' dir='ltr'><strong>testis</strong></span> <span class='ocrx_word' id='word_1_84' title='bbox 989 544 1098 578; x_wconf 80' lang='lat' dir='ltr'><strong>saepe</strong></span> <span class='ocrx_word' id='word_1_85' title='bbox 1131 533 1324 578; x_wconf 84' lang='lat' dir='ltr'><strong>respondet</strong></span> <span class='ocrx_word' id='word_1_86' title='bbox 1351 533 1394 576; x_wconf 89' lang='lat'><strong>5,</strong></span> <span class='ocrx_word' id='word_1_87' title='bbox 1416 535 1439 568; x_wconf 97' lang='grc'>7</span> <span class='ocrx_word' id='word_1_88' title='bbox 1447 559 1467 577; x_wconf 81' lang='lat'>„</span> <span class='ocrx_word' id='word_1_89' title='bbox 1483 534 1542 568; x_wconf 88' lang='grc'><strong>31.</strong></span> <span class='ocrx_word' id='word_1_90' title='bbox 1579 534 1704 568; x_wconf 80' lang='lat' dir='ltr'><strong>contra</strong></span> <span class='ocrx_word' id='word_1_91' title='bbox 1726 568 1728 585; x_wconf 61' lang='lat'>&lt;</span> 
     </span>
     <span class='ocr_line' id='line_1_9' title="bbox 207 577 1704 625; baseline -0.001 -11"><span class='ocrx_word' id='word_1_92' title='bbox 207 580 288 623; x_wconf 89' lang='lat' dir='ltr'><strong>illa,</strong></span> <span class='ocrx_word' id='word_1_93' title='bbox 323 591 415 625; x_wconf 85' lang='lat' dir='ltr'><strong>quae</strong></span> <span class='ocrx_word' id='word_1_94' title='bbox 442 591 548 625; x_wconf 86' lang='lat' dir='ltr'><strong>supra</strong></span> <span class='ocrx_word' id='word_1_95' title='bbox 571 580 747 623; x_wconf 81' lang='lat' dir='ltr'><strong>diximus,</strong></span> <span class='ocrx_word' id='word_1_96' title='bbox 783 579 890 614; x_wconf 87' lang='lat' dir='ltr'><strong>simili</strong></span> <span class='ocrx_word' id='word_1_97' title='bbox 916 579 1054 614; x_wconf 89' lang='lat' dir='ltr'><strong>ratione</strong></span> <span class='ocrx_word' id='word_1_98' title='bbox 1087 579 1299 624; x_wconf 86' lang='lat' dir='ltr'><strong>responderi</strong></span> <span class='ocrx_word' id='word_1_99' title='bbox 1332 578 1423 613; x_wconf 84' lang='lat' dir='ltr'><strong>locis</strong></span> <span class='ocrx_word' id='word_1_100' title='bbox 1456 577 1704 617; x_wconf 84' lang='lat' dir='ltr'><strong>communibus</strong></span> 
     </span>
     <span class='ocr_line' id='line_1_10' title="bbox 206 625 1564 672; baseline -0.001 -11"><span class='ocrx_word' id='word_1_101' title='bbox 206 627 246 670; x_wconf 91' lang='lat'><strong>5,</strong></span> <span class='ocrx_word' id='word_1_102' title='bbox 272 629 313 669; x_wconf 92' lang='lat'><strong>7,</strong></span> <span class='ocrx_word' id='word_1_103' title='bbox 337 626 395 660; x_wconf 86' lang='lat'><strong>24.</strong></span> <span class='ocrx_word' id='word_1_104' title='bbox 423 627 605 671; x_wconf 85' lang='lat' dir='ltr'><strong>quomodo</strong></span> <span class='ocrx_word' id='word_1_105' title='bbox 627 626 838 671; x_wconf 82' lang='lat' dir='ltr'><strong>responderi</strong></span> <span class='ocrx_word' id='word_1_106' title='bbox 861 632 987 661; x_wconf 89' lang='lat' dir='ltr'><strong>contra</strong></span> <span class='ocrx_word' id='word_1_107' title='bbox 1012 627 1144 672; x_wconf 85' lang='lat' dir='ltr'><strong>figuras</strong></span> <span class='ocrx_word' id='word_1_108' title='bbox 1167 630 1350 671; x_wconf 83' lang='lat' dir='ltr'><strong>oporteret</strong></span> <span class='ocrx_word' id='word_1_109' title='bbox 1372 626 1417 669; x_wconf 89' lang='lat'><strong>9,</strong></span> <span class='ocrx_word' id='word_1_110' title='bbox 1439 627 1484 669; x_wconf 88' lang='grc'><strong>2,</strong></span> <span class='ocrx_word' id='word_1_111' title='bbox 1507 625 1564 661; x_wconf 81' lang='grc'><strong>93.</strong></span> 
     </span>
     <span class='ocr_line' id='line_1_11' title="bbox 163 670 1706 729; baseline 0.002 -16"><span class='ocrx_word' id='word_1_112' title='bbox 163 670 416 727; x_wconf 72' lang='lat' dir='ltr'><strong>Responsio.</strong></span> <span class='ocrx_word' id='word_1_113' title='bbox 454 685 522 728; x_wconf 79' lang='lat' dir='ltr'><strong>fig.</strong></span> <span class='ocrx_word' id='word_1_114' title='bbox 549 697 606 728; x_wconf 85' lang='lat' dir='ltr'><strong>ap.</strong></span> <span class='ocrx_word' id='word_1_115' title='bbox 636 686 682 720; x_wconf 76' lang='lat' dir='ltr'><strong>Gi</strong></span> <span class='ocrx_word' id='word_1_116' title='bbox 692 697 720 718; x_wconf 85' lang='lat' dir='ltr'><strong>c.</strong></span> <span class='ocrx_word' id='word_1_117' title='bbox 747 685 790 727; x_wconf 89' lang='lat'><strong>9,</strong></span> <span class='ocrx_word' id='word_1_118' title='bbox 817 685 850 728; x_wconf 90' lang='lat'><strong>1,</strong></span> <span class='ocrx_word' id='word_1_119' title='bbox 874 683 932 719; x_wconf 83' lang='lat'><strong>35.</strong></span> <span class='ocrx_word' id='word_1_120' title='bbox 954 682 1023 718; x_wconf 84' lang='lat' dir='ltr'><strong>sibi</strong></span> <span class='ocrx_word' id='word_1_121' title='bbox 1049 682 1119 728; x_wconf 91' lang='lat' dir='ltr'><strong>ipsi</strong></span> <span class='ocrx_word' id='word_1_122' title='bbox 1140 682 1328 729; x_wconf 84' lang='lat' dir='ltr'><strong>responsio</strong></span> <span class='ocrx_word' id='word_1_123' title='bbox 1352 682 1398 727; x_wconf 90' lang='grc'><strong>9,</strong></span> <span class='ocrx_word' id='word_1_124' title='bbox 1422 683 1464 727; x_wconf 88' lang='lat'>3,</span> <span class='ocrx_word' id='word_1_125' title='bbox 1487 683 1546 719; x_wconf 89' lang='grc'><strong>90.</strong></span> <span class='ocrx_word' id='word_1_126' title='bbox 1571 693 1604 716; x_wconf 84' lang='lat' dir='ltr'><strong>v.</strong></span> <span class='ocrx_word' id='word_1_127' title='bbox 1626 682 1706 716; x_wconf 88' lang='lat' dir='ltr'><strong>Re-</strong></span> 
     </span>
     <span class='ocr_line' id='line_1_12' title="bbox 206 729 1527 775; baseline 0 -12"><span class='ocrx_word' id='word_1_128' title='bbox 206 729 483 775; x_wconf 89' lang='lat' dir='ltr'><strong>prehensio.</strong></span> <span class='ocrx_word' id='word_1_129' title='bbox 1524 751 1527 753; x_wconf 94' lang='lat'>-</span> 
     </span>
     <span class='ocr_line' id='line_1_13' title="bbox 162 774 1706 833; baseline 0.001 -17"><span class='ocrx_word' id='word_1_130' title='bbox 162 774 444 831; x_wconf 84' lang='lat' dir='ltr'><strong>Responsum.</strong></span> <span class='ocrx_word' id='word_1_131' title='bbox 491 786 530 830; x_wconf 93' lang='lat' dir='ltr'><strong>I)</strong></span> <span class='ocrx_word' id='word_1_132' title='bbox 565 788 723 821; x_wconf 82' lang='lat' dir='ltr'><strong>hominis.-</strong></span> <span class='ocrx_word' id='word_1_133' title='bbox 760 797 1040 833; x_wconf 86' lang='lat' dir='ltr'><strong>responsum</strong></span> <span class='ocrx_word' id='word_1_134' title='bbox 1065 786 1108 820; x_wconf 84' lang='lat' dir='ltr'><strong>ab</strong></span> <span class='ocrx_word' id='word_1_135' title='bbox 1132 783 1537 832; x_wconf 86' lang='lat' dir='ltr'><strong>interrogatione</strong></span> <span class='ocrx_word' id='word_1_136' title='bbox 1567 783 1706 818; x_wconf 86' lang='lat' dir='ltr'><strong>dissen-</strong></span> 
     </span>
     <span class='ocr_line' id='line_1_14' title="bbox 205 829 1706 880; baseline -0.002 -13"><span class='ocrx_word' id='word_1_137' title='bbox 205 833 298 867; x_wconf 88' lang='lat' dir='ltr'><strong>tiens</strong></span> <span class='ocrx_word' id='word_1_138' title='bbox 324 836 355 874; x_wconf 84' lang='lat'><strong>1,</strong></span> <span class='ocrx_word' id='word_1_139' title='bbox 382 835 416 877; x_wconf 89' lang='lat'>5,</span> <span class='ocrx_word' id='word_1_140' title='bbox 443 834 500 869; x_wconf 87' lang='lat'><strong>36.</strong></span> <span class='ocrx_word' id='word_1_141' title='bbox 524 844 653 880; x_wconf 86' lang='lat' dir='ltr'><strong>magna</strong></span> <span class='ocrx_word' id='word_1_142' title='bbox 678 834 844 879; x_wconf 85' lang='lat' dir='ltr'><strong>responsi</strong></span> <span class='ocrx_word' id='word_1_143' title='bbox 869 833 1007 870; x_wconf 77' lang='lat' dir='ltr'><strong>invidia</strong></span> <span class='ocrx_word' id='word_1_144' title='bbox 1030 833 1215 867; x_wconf 85' lang='lat' dir='ltr'><strong>subeunda</strong></span> <span class='ocrx_word' id='word_1_145' title='bbox 1239 836 1294 867; x_wconf 88' lang='lat' dir='ltr'><strong>est</strong></span> <span class='ocrx_word' id='word_1_146' title='bbox 1320 834 1377 874; x_wconf 91' lang='lat'><strong>12,</strong></span> <span class='ocrx_word' id='word_1_147' title='bbox 1404 834 1438 874; x_wconf 91' lang='lat'><strong>1,</strong></span> <span class='ocrx_word' id='word_1_148' title='bbox 1462 829 1509 865; x_wconf 81' lang='lat'><strong>14</strong></span> <span class='ocrx_word' id='word_1_149' title='bbox 1525 830 1573 864; x_wconf 90' lang='lat' dir='ltr'><strong>N.</strong></span> <span class='ocrx_word' id='word_1_150' title='bbox 1596 841 1706 874; x_wconf 87' lang='lat' dir='ltr'><strong>resp.,</strong></span> 
     </span>
     <span class='ocr_line' id='line_1_15' title="bbox 206 875 1707 930; baseline -0.003 -16"><span class='ocrx_word' id='word_1_151' title='bbox 206 879 304 924; x_wconf 76' lang='lat' dir='ltr'><strong>quod</strong></span> <span class='ocrx_word' id='word_1_152' title='bbox 323 879 538 914; x_wconf 82' lang='lat' dir='ltr'><strong>eliciendum</strong></span> <span class='ocrx_word' id='word_1_153' title='bbox 563 880 630 915; x_wconf 89' lang='lat' dir='ltr'><strong>erit</strong></span> <span class='ocrx_word' id='word_1_154' title='bbox 649 880 682 922; x_wconf 88' lang='lat'>5,</span> <span class='ocrx_word' id='word_1_155' title='bbox 700 883 735 923; x_wconf 89' lang='lat'>7,</span> <span class='ocrx_word' id='word_1_156' title='bbox 759 883 817 915; x_wconf 87' lang='lat'><strong>20.</strong></span> <span class='ocrx_word' id='word_1_157' title='bbox 847 891 948 914; x_wconf 89' lang='lat' dir='ltr'><strong>more</strong></span> <span class='ocrx_word' id='word_1_158' title='bbox 974 878 1239 922; x_wconf 80' lang='lat' dir='ltr'><strong>Socraticorum</strong></span> <span class='ocrx_word' id='word_1_159' title='bbox 1260 877 1438 912; x_wconf 87' lang='lat' dir='ltr'><strong>nobismet</strong></span> <span class='ocrx_word' id='word_1_160' title='bbox 1461 875 1530 921; x_wconf 88' lang='lat' dir='ltr'><strong>ipsi</strong></span> <span class='ocrx_word' id='word_1_161' title='bbox 1552 886 1707 930; x_wconf 72' lang='lat' dir='ltr'><strong>respon-</strong></span> 
     </span>
     <span class='ocr_line' id='line_1_16' title="bbox 206 920 1707 970; baseline -0.002 -11"><span class='ocrx_word' id='word_1_162' title='bbox 206 936 287 960; x_wconf 87' lang='lat' dir='ltr'><strong>sum</strong></span> <span class='ocrx_word' id='word_1_163' title='bbox 314 925 462 961; x_wconf 80' lang='lat' dir='ltr'><strong>finxisse</strong></span> <span class='ocrx_word' id='word_1_164' title='bbox 488 929 554 969; x_wconf 90' lang='lat'><strong>12,</strong></span> <span class='ocrx_word' id='word_1_165' title='bbox 580 929 619 970; x_wconf 92' lang='lat'><strong>1,</strong></span> <span class='ocrx_word' id='word_1_166' title='bbox 649 928 703 961; x_wconf 86' lang='grc'><strong>10.</strong></span> <span class='ocrx_word' id='word_1_167' title='bbox 726 934 767 962; x_wconf 90' lang='lat' dir='ltr'><strong>ut</strong></span> <span class='ocrx_word' id='word_1_168' title='bbox 789 927 828 961; x_wconf 93' lang='lat' dir='ltr'><strong>in</strong></span> <span class='ocrx_word' id='word_1_169' title='bbox 852 926 997 970; x_wconf 73' lang='lat' dir='ltr'><strong>aliquod</strong></span> <span class='ocrx_word' id='word_1_170' title='bbox 1019 937 1114 970; x_wconf 89' lang='lat' dir='ltr'><strong>resp.</strong></span> <span class='ocrx_word' id='word_1_171' title='bbox 1143 922 1276 959; x_wconf 82' lang='lat' dir='ltr'><strong>incidat</strong></span> <span class='ocrx_word' id='word_1_172' title='bbox 1295 926 1340 967; x_wconf 80' lang='grc'><strong>5,</strong></span> <span class='ocrx_word' id='word_1_173' title='bbox 1364 926 1407 967; x_wconf 92' lang='grc'><strong>7,</strong></span> <span class='ocrx_word' id='word_1_174' title='bbox 1431 924 1487 959; x_wconf 90' lang='grc'><strong>18.</strong></span> <span class='ocrx_word' id='word_1_175' title='bbox 1512 920 1707 966; x_wconf 73' lang='lat' dir='ltr'><strong>transibam</strong></span> 
     </span>
     <span class='ocr_line' id='line_1_17' title="bbox 206 968 1708 1017; baseline -0.003 -11"><span class='ocrx_word' id='word_1_176' title='bbox 206 972 252 1006; x_wconf 84' lang='lat' dir='ltr'><strong>ad</strong></span> <span class='ocrx_word' id='word_1_177' title='bbox 275 983 370 1017; x_wconf 86' lang='lat' dir='ltr'><strong>resp.</strong></span> <span class='ocrx_word' id='word_1_178' title='bbox 395 971 506 1017; x_wconf 86' lang='lat' dir='ltr'><strong>partis</strong></span> <span class='ocrx_word' id='word_1_179' title='bbox 532 971 676 1007; x_wconf 89' lang='lat' dir='ltr'><strong>alterius</strong></span> <span class='ocrx_word' id='word_1_180' title='bbox 703 975 737 1016; x_wconf 90' lang='grc'><strong>7,</strong></span> <span class='ocrx_word' id='word_1_181' title='bbox 763 976 796 1017; x_wconf 91' lang='grc'><strong>1,</strong></span> <span class='ocrx_word' id='word_1_182' title='bbox 820 973 854 1008; x_wconf 91' lang='grc'><strong>6.</strong></span> <span class='ocrx_word' id='word_1_183' title='bbox 888 977 978 1017; x_wconf 79' lang='lat' dir='ltr'><strong>quae</strong></span> <span class='ocrx_word' id='word_1_184' title='bbox 1003 973 1247 1006; x_wconf 86' lang='lat' dir='ltr'><strong>consultorum</strong></span> <span class='ocrx_word' id='word_1_185' title='bbox 1271 968 1454 1014; x_wconf 82' lang='lat' dir='ltr'><strong>responsis</strong></span> <span class='ocrx_word' id='word_1_186' title='bbox 1481 968 1708 1015; x_wconf 72' lang='lat' dir='ltr'><strong>explicantur</strong></span> 
     </span>
     <span class='ocr_line' id='line_1_18' title="bbox 207 1014 1708 1066; baseline -0.003 -14"><span class='ocrx_word' id='word_1_187' title='bbox 207 1020 272 1061; x_wconf 84' lang='lat'><strong>12,</strong></span> <span class='ocrx_word' id='word_1_188' title='bbox 297 1019 341 1062; x_wconf 89' lang='grc'><strong>3,</strong></span> <span class='ocrx_word' id='word_1_189' title='bbox 364 1022 399 1053; x_wconf 93' lang='grc'><strong>7.</strong></span> <span class='ocrx_word' id='word_1_190' title='bbox 447 1018 503 1060; x_wconf 91' lang='grc' dir='ltr'><strong>ΙΙ)</strong></span> <span class='ocrx_word' id='word_1_191' title='bbox 531 1023 764 1054; x_wconf 80' lang='lat' dir='ltr'><strong>oraculorum:</strong></span> <span class='ocrx_word' id='word_1_192' title='bbox 790 1029 914 1066; x_wconf 87' lang='lat' dir='ltr'><strong>magos</strong></span> <span class='ocrx_word' id='word_1_193' title='bbox 937 1024 974 1054; x_wconf 88' lang='lat' dir='ltr'><strong>et</strong></span> <span class='ocrx_word' id='word_1_194' title='bbox 996 1017 1233 1063; x_wconf 81' lang='lat' dir='ltr'><strong>pestilentiam</strong></span> <span class='ocrx_word' id='word_1_195' title='bbox 1257 1022 1294 1052; x_wconf 90' lang='lat' dir='ltr'><strong>et</strong></span> <span class='ocrx_word' id='word_1_196' title='bbox 1316 1026 1490 1061; x_wconf 87' lang='lat' dir='ltr'><strong>responsa</strong></span> <span class='ocrx_word' id='word_1_197' title='bbox 1507 1014 1708 1060; x_wconf 79' lang='lat' dir='ltr'><strong>-sliaque</strong></span> 
     </span>
     <span class='ocr_line' id='line_1_19' title="bbox 205 1061 1706 1111; baseline -0.003 -13"><span class='ocrx_word' id='word_1_198' title='bbox 205 1063 317 1111; x_wconf 83' lang='lat' dir='ltr'><strong>magis</strong></span> <span class='ocrx_word' id='word_1_199' title='bbox 346 1065 463 1099; x_wconf 85' lang='lat' dir='ltr'><strong>adhuc</strong></span> <span class='ocrx_word' id='word_1_200' title='bbox 497 1065 662 1100; x_wconf 83' lang='lat' dir='ltr'><strong>fabulosa</strong></span> <span class='ocrx_word' id='word_1_201' title='bbox 693 1066 827 1100; x_wconf 77' lang='lat' dir='ltr'><strong>frustra</strong></span> <span class='ocrx_word' id='word_1_202' title='bbox 854 1067 948 1100; x_wconf 90' lang='lat' dir='ltr'><strong>inter</strong></span> <span class='ocrx_word' id='word_1_203' title='bbox 972 1064 1184 1109; x_wconf 87' lang='lat' dir='ltr'><strong>sponsiones</strong></span> <span class='ocrx_word' id='word_1_204' title='bbox 1213 1068 1250 1098; x_wconf 91' lang='lat' dir='ltr'><strong>et</strong></span> <span class='ocrx_word' id='word_1_205' title='bbox 1282 1061 1472 1098; x_wconf 81' lang='lat' dir='ltr'><strong>interdicta</strong></span> <span class='ocrx_word' id='word_1_206' title='bbox 1494 1070 1706 1106; x_wconf 74' lang='lat' dir='ltr'><strong>quaeremus</strong></span> 
     </span>
     <span class='ocr_line' id='line_1_20' title="bbox 204 1106 1708 1157; baseline -0.002 -13"><span class='ocrx_word' id='word_1_207' title='bbox 204 1113 250 1153; x_wconf 89' lang='grc'><strong>2,</strong></span> <span class='ocrx_word' id='word_1_208' title='bbox 276 1113 346 1154; x_wconf 89' lang='grc'><strong>10,</strong></span> <span class='ocrx_word' id='word_1_209' title='bbox 370 1112 392 1146; x_wconf 88' lang='grc'><strong><em>5</em></strong></span> <span class='ocrx_word' id='word_1_210' title='bbox 418 1112 466 1146; x_wconf 89' lang='grc' dir='ltr'><strong>Ν.</strong></span> <span class='ocrx_word' id='word_1_211' title='bbox 491 1122 537 1145; x_wconf 85' lang='lat' dir='ltr'><strong>an</strong></span> <span class='ocrx_word' id='word_1_212' title='bbox 561 1111 744 1156; x_wconf 85' lang='lat' dir='ltr'><strong>responsis</strong></span> <span class='ocrx_word' id='word_1_213' title='bbox 767 1123 896 1157; x_wconf 81' lang='lat' dir='ltr'><strong>parere</strong></span> <span class='ocrx_word' id='word_1_214' title='bbox 921 1111 1084 1146; x_wconf 86' lang='lat' dir='ltr'><strong>debuerit</strong></span> <span class='ocrx_word' id='word_1_215' title='bbox 1108 1112 1154 1154; x_wconf 84' lang='lat'><strong>3,</strong></span> <span class='ocrx_word' id='word_1_216' title='bbox 1181 1112 1247 1152; x_wconf 88' lang='lat'><strong>11,</strong></span> <span class='ocrx_word' id='word_1_217' title='bbox 1271 1109 1307 1144; x_wconf 80' lang='grc'><strong>6.</strong></span> <span class='ocrx_word' id='word_1_218' title='bbox 1337 1109 1435 1154; x_wconf 87' lang='lat' dir='ltr'><strong>quod</strong></span> <span class='ocrx_word' id='word_1_219' title='bbox 1457 1106 1639 1152; x_wconf 86' lang='lat' dir='ltr'><strong>responsis</strong></span> <span class='ocrx_word' id='word_1_220' title='bbox 1662 1106 1708 1140; x_wconf 87' lang='lat' dir='ltr'><strong>sit</strong></span> 
     </span>
     <span class='ocr_line' id='line_1_21' title="bbox 200 1151 1707 1204; baseline -0.001 -14"><span class='ocrx_word' id='word_1_221' title='bbox 200 1151 376 1200; x_wconf 75' lang='lat' dir='ltr'><strong>&#39;impulsus</strong></span> <span class='ocrx_word' id='word_1_222' title='bbox 407 1159 449 1191; x_wconf 86' lang='lat' dir='ltr'><strong>ib.</strong></span> <span class='ocrx_word' id='word_1_223' title='bbox 475 1169 568 1203; x_wconf 86' lang='lat' dir='ltr'><strong>quae</strong></span> <span class='ocrx_word' id='word_1_224' title='bbox 591 1169 668 1192; x_wconf 87' lang='lat' dir='ltr'><strong>res</strong></span> <span class='ocrx_word' id='word_1_225' title='bbox 683 1159 854 1202; x_wconf 87' lang='lat' dir='ltr'><strong>ponsis</strong></span> <span class='ocrx_word' id='word_1_226' title='bbox 878 1159 941 1194; x_wconf 83' lang='lat' dir='ltr'><strong>vel</strong></span> <span class='ocrx_word' id='word_1_227' title='bbox 965 1155 1192 1204; x_wconf 88' lang='lat' dir='ltr'><strong>auguriis</strong></span> <span class='ocrx_word' id='word_1_228' title='bbox 1220 1156 1378 1193; x_wconf 78' lang='lat' dir='ltr'><strong>futuram</strong></span> <span class='ocrx_word' id='word_1_229' title='bbox 1401 1153 1596 1189; x_wconf 72' lang='lat' dir='ltr'><strong>claritatem</strong></span> <span class='ocrx_word' id='word_1_230' title='bbox 1619 1163 1707 1197; x_wconf 87' lang='lat' dir='ltr'><strong>pro-</strong></span> 
     </span>
     <span class='ocr_line' id='line_1_22' title="bbox 203 1199 1707 1255; baseline -0.003 -19"><span class='ocrx_word' id='word_1_231' title='bbox 203 1202 423 1245; x_wconf 77' lang='lat' dir='ltr'><strong>miserint3,</strong></span> <span class='ocrx_word' id='word_1_232' title='bbox 447 1207 483 1247; x_wconf 92' lang='lat'>7,</span> <span class='ocrx_word' id='word_1_233' title='bbox 507 1206 562 1239; x_wconf 92' lang='lat'><strong>11.</strong></span> <span class='ocrx_word' id='word_1_234' title='bbox 588 1216 621 1238; x_wconf 81' lang='lat' dir='ltr'><strong>v.</strong></span> <span class='ocrx_word' id='word_1_235' title='bbox 648 1203 918 1251; x_wconf 86' lang='lat' dir='ltr'><strong>Augurium.</strong></span> <span class='ocrx_word' id='word_1_236' title='bbox 952 1203 1104 1237; x_wconf 89' lang='lat' dir='ltr'><strong>libris</strong></span> <span class='ocrx_word' id='word_1_237' title='bbox 1128 1200 1388 1255; x_wconf 72' lang='lat' dir='ltr'><strong>Sibyllinis</strong></span> <span class='ocrx_word' id='word_1_238' title='bbox 1417 1199 1707 1245; x_wconf 74' lang='lat' dir='ltr'><strong>aruspicum-</strong></span> 
     </span>
     <span class='ocr_line' id='line_1_23' title="bbox 205 1247 1707 1292; baseline -0.001 -10"><span class='ocrx_word' id='word_1_239' title='bbox 205 1259 276 1292; x_wconf 79' lang='lat' dir='ltr'><strong>que</strong></span> <span class='ocrx_word' id='word_1_240' title='bbox 310 1249 560 1292; x_wconf 89' lang='lat' dir='ltr'><strong>responsis</strong></span> <span class='ocrx_word' id='word_1_241' title='bbox 588 1250 784 1285; x_wconf 87' lang='lat' dir='ltr'><strong>dominatio</strong></span> <span class='ocrx_word' id='word_1_242' title='bbox 818 1250 895 1284; x_wconf 88' lang='lat' dir='ltr'><strong>dari</strong></span> <span class='ocrx_word' id='word_1_243' title='bbox 926 1250 1039 1284; x_wconf 88' lang='lat' dir='ltr'><strong>tribus</strong></span> <span class='ocrx_word' id='word_1_244' title='bbox 1071 1247 1248 1284; x_wconf 74' lang='lat' dir='ltr'><strong>Corneliis</strong></span> <span class='ocrx_word' id='word_1_245' title='bbox 1278 1247 1463 1282; x_wconf 82' lang='lat' dir='ltr'><strong>dicebatur</strong></span> <span class='ocrx_word' id='word_1_246' title='bbox 1485 1247 1529 1289; x_wconf 89' lang='lat'>5,</span> <span class='ocrx_word' id='word_1_247' title='bbox 1554 1247 1621 1289; x_wconf 91' lang='lat'><strong>10,</strong></span> <span class='ocrx_word' id='word_1_248' title='bbox 1647 1247 1707 1280; x_wconf 81' lang='grc'><strong>30-</strong></span> 
     </span>
     <span class='ocr_line' id='line_1_24' title="bbox 206 1289 1707 1338; baseline -0.001 -12"><span class='ocrx_word' id='word_1_249' title='bbox 206 1304 298 1338; x_wconf 87' lang='lat' dir='ltr'><strong>quae</strong></span> <span class='ocrx_word' id='word_1_250' title='bbox 328 1294 451 1329; x_wconf 84' lang='lat' dir='ltr'><strong>divina</strong></span> <span class='ocrx_word' id='word_1_251' title='bbox 474 1295 677 1329; x_wconf 88' lang='lat' dir='ltr'><strong>testimonia</strong></span> <span class='ocrx_word' id='word_1_252' title='bbox 704 1302 900 1338; x_wconf 83' lang='lat' dir='ltr'><strong>vocantur,</strong></span> <span class='ocrx_word' id='word_1_253' title='bbox 941 1293 1290 1338; x_wconf 74' lang='lat' dir='ltr'><strong>exresponsis,</strong></span> <span class='ocrx_word' id='word_1_254' title='bbox 1324 1291 1558 1335; x_wconf 84' lang='lat' dir='ltr'><strong>oraculis,</strong></span> <span class='ocrx_word' id='word_1_255' title='bbox 1592 1289 1707 1326; x_wconf 90' lang='lat' dir='ltr'><strong>omi-</strong></span> 
     </span>
     <span class='ocr_line' id='line_1_25' title="bbox 205 1336 1660 1384; baseline 0.001 -13"><span class='ocrx_word' id='word_1_256' title='bbox 205 1339 343 1373; x_wconf 90' lang='lat' dir='ltr'><strong>nibus</strong></span> <span class='ocrx_word' id='word_1_257' title='bbox 369 1340 403 1382; x_wconf 88' lang='lat'>5,</span> <span class='ocrx_word' id='word_1_258' title='bbox 427 1344 461 1384; x_wconf 92' lang='grc'>7,</span> <span class='ocrx_word' id='word_1_259' title='bbox 486 1341 544 1375; x_wconf 89' lang='grc'><strong>35.</strong></span> <span class='ocrx_word' id='word_1_260' title='bbox 569 1342 730 1375; x_wconf 87' lang='lat' dir='ltr'><strong>Deorum</strong></span> <span class='ocrx_word' id='word_1_261' title='bbox 754 1341 960 1384; x_wconf 87' lang='lat' dir='ltr'><strong>auctoritas,</strong></span> <span class='ocrx_word' id='word_1_262' title='bbox 984 1351 1074 1384; x_wconf 84' lang='lat' dir='ltr'><strong>quae</strong></span> <span class='ocrx_word' id='word_1_263' title='bbox 1103 1345 1157 1374; x_wconf 89' lang='lat' dir='ltr'><strong>est</strong></span> <span class='ocrx_word' id='word_1_264' title='bbox 1182 1350 1230 1374; x_wconf 87' lang='lat' dir='ltr'><strong>ex</strong></span> <span class='ocrx_word' id='word_1_265' title='bbox 1252 1337 1433 1384; x_wconf 82' lang='lat' dir='ltr'><strong>responsis</strong></span> <span class='ocrx_word' id='word_1_266' title='bbox 1457 1337 1493 1381; x_wconf 91' lang='lat'>5,</span> <span class='ocrx_word' id='word_1_267' title='bbox 1517 1340 1578 1382; x_wconf 86' lang='lat'><strong>11,</strong></span> <span class='ocrx_word' id='word_1_268' title='bbox 1600 1336 1660 1372; x_wconf 83' lang='lat'><strong>42.</strong></span> 
     </span>
    </p>
   </div>
   <div class='ocr_carea' id='block_1_3' title="bbox 161 1383 1711 2192">
    <p class='ocr_par' dir='ltr' id='par_1_3' title="bbox 161 1383 1711 2040">
     <span class='ocr_line' id='line_1_26' title="bbox 161 1383 1711 1450; baseline 0 -22"><span class='ocrx_word' id='word_1_269' title='bbox 161 1383 436 1439; x_wconf 75' lang='lat' dir='ltr'><strong>Respublica·</strong></span> <span class='ocrx_word' id='word_1_270' title='bbox 479 1408 575 1450; x_wconf 80' lang='lat' dir='ltr'><strong>resp.</strong></span> <span class='ocrx_word' id='word_1_271' title='bbox 600 1397 724 1442; x_wconf 89' lang='lat' dir='ltr'><strong>populi</strong></span> <span class='ocrx_word' id='word_1_272' title='bbox 748 1400 849 1432; x_wconf 88' lang='lat' dir='ltr'><strong>Rom.</strong></span> <span class='ocrx_word' id='word_1_273' title='bbox 875 1398 920 1441; x_wconf 89' lang='lat'>5,</span> <span class='ocrx_word' id='word_1_274' title='bbox 944 1399 1008 1440; x_wconf 84' lang='lat'><strong>12,</strong></span> <span class='ocrx_word' id='word_1_275' title='bbox 1035 1399 1096 1438; x_wconf 78' lang='lat'><strong>103</strong></span> <span class='ocrx_word' id='word_1_276' title='bbox 1129 1396 1227 1440; x_wconf 81' lang='lat' dir='ltr'><strong>reip.·</strong></span> <span class='ocrx_word' id='word_1_277' title='bbox 1243 1396 1354 1430; x_wconf 36' lang='lat' dir='ltr'><strong>*causa</strong></span> <span class='ocrx_word' id='word_1_278' title='bbox 1377 1395 1524 1430; x_wconf 79' lang='lat' dir='ltr'><strong>elabora</strong></span> <span class='ocrx_word' id='word_1_279' title='bbox 1545 1396 1711 1428; x_wconf 67' lang='lat' dir='ltr'><strong>Domii.</strong></span> 
     </span>
     <span class='ocr_line' id='line_1_27' title="bbox 204 1439 1708 1488; baseline -0.001 -12"><span class='ocrx_word' id='word_1_280' title='bbox 204 1441 280 1483; x_wconf 83' lang='lat' dir='ltr'><strong>As.</strong></span> <span class='ocrx_word' id='word_1_281' title='bbox 304 1442 349 1485; x_wconf 88' lang='lat'>6,</span> <span class='ocrx_word' id='word_1_282' title='bbox 377 1443 422 1485; x_wconf 88' lang='grc'><strong>3,</strong></span> <span class='ocrx_word' id='word_1_283' title='bbox 448 1444 506 1477; x_wconf 90' lang='grc'><strong>68.</strong></span> <span class='ocrx_word' id='word_1_284' title='bbox 537 1454 575 1476; x_wconf 79' lang='lat' dir='ltr'><strong>in</strong></span> <span class='ocrx_word' id='word_1_285' title='bbox 598 1443 797 1478; x_wconf 83' lang='lat' dir='ltr'><strong>actionibus</strong></span> <span class='ocrx_word' id='word_1_286' title='bbox 823 1443 910 1488; x_wconf 89' lang='lat' dir='ltr'><strong>reip.</strong></span> <span class='ocrx_word' id='word_1_287' title='bbox 938 1444 1057 1478; x_wconf 89' lang='lat' dir='ltr'><strong>laesae</strong></span> <span class='ocrx_word' id='word_1_288' title='bbox 1073 1445 1123 1485; x_wconf 55' lang='lat'><strong>¹7,</strong></span> <span class='ocrx_word' id='word_1_289' title='bbox 1151 1444 1199 1485; x_wconf 83' lang='lat'><strong>3,</strong></span> <span class='ocrx_word' id='word_1_290' title='bbox 1224 1444 1259 1477; x_wconf 84' lang='lat'><strong>2.</strong></span> <span class='ocrx_word' id='word_1_291' title='bbox 1281 1454 1316 1477; x_wconf 82' lang='lat' dir='ltr'><strong>v.</strong></span> <span class='ocrx_word' id='word_1_292' title='bbox 1335 1442 1508 1476; x_wconf 86' lang='lat' dir='ltr'><strong>Laedo.</strong></span> <span class='ocrx_word' id='word_1_293' title='bbox 1535 1439 1574 1474; x_wconf 89' lang='lat' dir='ltr'><strong>in</strong></span> <span class='ocrx_word' id='word_1_294' title='bbox 1597 1439 1708 1474; x_wconf 83' lang='lat' dir='ltr'><strong>totius</strong></span> 
     </span>
     <span class='ocr_line' id='line_1_28' title="bbox 204 1485 1706 1533; baseline -0.001 -12"><span class='ocrx_word' id='word_1_295' title='bbox 204 1487 511 1523; x_wconf 79' lang='lat' dir='ltr'><strong>administratione</strong></span> <span class='ocrx_word' id='word_1_296' title='bbox 534 1489 626 1533; x_wconf 84' lang='lat' dir='ltr'><strong>reip.</strong></span> <span class='ocrx_word' id='word_1_297' title='bbox 656 1491 714 1524; x_wconf 87' lang='lat' dir='ltr'><strong>Pr.</strong></span> <span class='ocrx_word' id='word_1_298' title='bbox 742 1489 797 1524; x_wconf 83' lang='lat'><strong>14.</strong></span> <span class='ocrx_word' id='word_1_299' title='bbox 833 1502 865 1524; x_wconf 79' lang='lat' dir='ltr'><strong>v.</strong></span> <span class='ocrx_word' id='word_1_300' title='bbox 885 1487 1273 1528; x_wconf 78' lang='lat' dir='ltr'><strong>Administratio.</strong></span> <span class='ocrx_word' id='word_1_301' title='bbox 1303 1487 1343 1522; x_wconf 88' lang='lat' dir='ltr'><strong>in</strong></span> <span class='ocrx_word' id='word_1_302' title='bbox 1370 1486 1488 1522; x_wconf 85' lang='lat' dir='ltr'><strong>media</strong></span> <span class='ocrx_word' id='word_1_303' title='bbox 1509 1485 1599 1531; x_wconf 90' lang='lat' dir='ltr'><strong>reip.</strong></span> <span class='ocrx_word' id='word_1_304' title='bbox 1622 1487 1706 1520; x_wconf 82' lang='lat' dir='ltr'><strong>luce</strong></span> 
     </span>
     <span class='ocr_line' id='line_1_29' title="bbox 206 1532 1706 1583; baseline -0.001 -15"><span class='ocrx_word' id='word_1_305' title='bbox 206 1536 247 1578; x_wconf 90' lang='lat'><strong>1,</strong></span> <span class='ocrx_word' id='word_1_306' title='bbox 271 1536 316 1577; x_wconf 84' lang='grc'><strong>2,</strong></span> <span class='ocrx_word' id='word_1_307' title='bbox 341 1535 397 1569; x_wconf 87' lang='grc'><strong>18.</strong></span> <span class='ocrx_word' id='word_1_308' title='bbox 423 1546 563 1569; x_wconf 87' lang='lat' dir='ltr'><strong>morum</strong></span> <span class='ocrx_word' id='word_1_309' title='bbox 587 1547 629 1571; x_wconf 82' lang='lat' dir='ltr'><strong>ac</strong></span> <span class='ocrx_word' id='word_1_310' title='bbox 649 1535 835 1583; x_wconf 87' lang='lat' dir='ltr'><strong>religionis</strong></span> <span class='ocrx_word' id='word_1_311' title='bbox 865 1536 941 1579; x_wconf 87' lang='lat' dir='ltr'><strong>ejus</strong></span> <span class='ocrx_word' id='word_1_312' title='bbox 968 1535 1058 1579; x_wconf 87' lang='lat' dir='ltr'><strong>reip.</strong></span> <span class='ocrx_word' id='word_1_313' title='bbox 1083 1537 1149 1577; x_wconf 80' lang='lat'><strong>12,</strong></span> <span class='ocrx_word' id='word_1_314' title='bbox 1173 1536 1216 1577; x_wconf 88' lang='grc'>3,</span> <span class='ocrx_word' id='word_1_315' title='bbox 1242 1536 1276 1568; x_wconf 90' lang='grc'><strong>1.</strong></span> <span class='ocrx_word' id='word_1_316' title='bbox 1306 1538 1592 1580; x_wconf 62' lang='lat' dir='ltr'><strong>propugnatores</strong></span> <span class='ocrx_word' id='word_1_317' title='bbox 1613 1532 1706 1576; x_wconf 82' lang='lat' dir='ltr'><strong>reip.</strong></span> 
     </span>
     <span class='ocr_line' id='line_1_30' title="bbox 205 1577 1707 1626; baseline -0.001 -13"><span class='ocrx_word' id='word_1_318' title='bbox 205 1583 263 1623; x_wconf 84' lang='lat'><strong>12,</strong></span> <span class='ocrx_word' id='word_1_319' title='bbox 290 1582 351 1623; x_wconf 89' lang='lat'><strong>10,</strong></span> <span class='ocrx_word' id='word_1_320' title='bbox 374 1578 431 1614; x_wconf 83' lang='lat'><strong>24.</strong></span> <span class='ocrx_word' id='word_1_321' title='bbox 463 1587 573 1615; x_wconf 79' lang='lat' dir='ltr'><strong>status</strong></span> <span class='ocrx_word' id='word_1_322' title='bbox 601 1582 716 1626; x_wconf 90' lang='lat' dir='ltr'><strong>reip.</strong></span> <span class='ocrx_word' id='word_1_323' title='bbox 739 1581 841 1617; x_wconf 89' lang='lat' dir='ltr'><strong>orbi</strong></span> <span class='ocrx_word' id='word_1_324' title='bbox 865 1587 1101 1616; x_wconf 83' lang='lat' dir='ltr'><strong>terrarum</strong></span> <span class='ocrx_word' id='word_1_325' title='bbox 1128 1579 1378 1624; x_wconf 77' lang='lat' dir='ltr'><strong>(comparatur)</strong></span> <span class='ocrx_word' id='word_1_326' title='bbox 1404 1581 1446 1622; x_wconf 89' lang='grc'>8,</span> <span class='ocrx_word' id='word_1_327' title='bbox 1475 1578 1517 1622; x_wconf 81' lang='grc'><strong>4,</strong></span> <span class='ocrx_word' id='word_1_328' title='bbox 1542 1577 1600 1616; x_wconf 78' lang='lat'><strong>14.</strong></span> <span class='ocrx_word' id='word_1_329' title='bbox 1625 1589 1707 1624; x_wconf 85' lang='lat' dir='ltr'><strong>per-</strong></span> 
     </span>
     <span class='ocr_line' id='line_1_31' title="bbox 206 1625 1706 1671; baseline -0.002 -10"><span class='ocrx_word' id='word_1_330' title='bbox 206 1626 354 1661; x_wconf 86' lang='lat' dir='ltr'><strong>secuisti</strong></span> <span class='ocrx_word' id='word_1_331' title='bbox 380 1626 469 1671; x_wconf 80' lang='lat' dir='ltr'><strong>reip.</strong></span> <span class='ocrx_word' id='word_1_332' title='bbox 498 1627 660 1662; x_wconf 84' lang='lat' dir='ltr'><strong>vomicas</strong></span> <span class='ocrx_word' id='word_1_333' title='bbox 683 1635 770 1662; x_wconf 77' lang='lat' dir='ltr'><strong>vei.</strong></span> <span class='ocrx_word' id='word_1_334' title='bbox 797 1635 902 1662; x_wconf 74' lang='lat' dir='ltr'><strong>orat.</strong></span> <span class='ocrx_word' id='word_1_335' title='bbox 931 1629 966 1671; x_wconf 91' lang='grc'>8,</span> <span class='ocrx_word' id='word_1_336' title='bbox 990 1628 1026 1670; x_wconf 89' lang='grc'>6,</span> <span class='ocrx_word' id='word_1_337' title='bbox 1054 1626 1111 1662; x_wconf 88' lang='lat'><strong>15.</strong></span> <span class='ocrx_word' id='word_1_338' title='bbox 1133 1631 1223 1671; x_wconf 85' lang='lat' dir='ltr'><strong>quot</strong></span> <span class='ocrx_word' id='word_1_339' title='bbox 1245 1625 1317 1660; x_wconf 87' lang='lat' dir='ltr'><strong>sint</strong></span> <span class='ocrx_word' id='word_1_340' title='bbox 1344 1625 1484 1670; x_wconf 74' lang='lat' dir='ltr'><strong>specie-s</strong></span> <span class='ocrx_word' id='word_1_341' title='bbox 1508 1635 1706 1670; x_wconf 86' lang='lat' dir='ltr'><strong>rerump.</strong></span> 
     </span>
     <span class='ocr_line' id='line_1_32' title="bbox 207 1671 1704 1718; baseline -0.003 -10"><span class='ocrx_word' id='word_1_342' title='bbox 207 1674 242 1716; x_wconf 89' lang='lat'><strong>5,</strong></span> <span class='ocrx_word' id='word_1_343' title='bbox 273 1674 330 1715; x_wconf 88' lang='lat'><strong>10,</strong></span> <span class='ocrx_word' id='word_1_344' title='bbox 357 1672 423 1715; x_wconf 81' lang='lat'><strong>633</strong></span> <span class='ocrx_word' id='word_1_345' title='bbox 451 1674 695 1717; x_wconf 88' lang='lat' dir='ltr'><strong>perniciosum</strong></span> <span class='ocrx_word' id='word_1_346' title='bbox 717 1674 807 1718; x_wconf 86' lang='lat' dir='ltr'><strong>reip.</strong></span> <span class='ocrx_word' id='word_1_347' title='bbox 834 1674 954 1710; x_wconf 81' lang='lat' dir='ltr'><strong>civem</strong></span> <span class='ocrx_word' id='word_1_348' title='bbox 982 1676 1044 1716; x_wconf 91' lang='grc'><strong>10,</strong></span> <span class='ocrx_word' id='word_1_349' title='bbox 1069 1675 1111 1716; x_wconf 89' lang='lat'><strong>5,</strong></span> <span class='ocrx_word' id='word_1_350' title='bbox 1136 1674 1192 1707; x_wconf 89' lang='grc'><strong>13.</strong></span> <span class='ocrx_word' id='word_1_351' title='bbox 1217 1671 1379 1707; x_wconf 88' lang='lat' dir='ltr'><strong>obsidem</strong></span> <span class='ocrx_word' id='word_1_352' title='bbox 1401 1671 1491 1714; x_wconf 88' lang='lat' dir='ltr'><strong>reip.</strong></span> <span class='ocrx_word' id='word_1_353' title='bbox 1515 1671 1602 1710; x_wconf 71' lang='lat' dir='ltr'><strong>dare</strong></span> <span class='ocrx_word' id='word_1_354' title='bbox 1625 1680 1704 1704; x_wconf 77' lang='lat' dir='ltr'><strong>ma-</strong></span> 
     </span>
     <span class='ocr_line' id='line_1_33' title="bbox 205 1716 1707 1764; baseline -0.003 -10"><span class='ocrx_word' id='word_1_355' title='bbox 205 1721 326 1754; x_wconf 86' lang='lat' dir='ltr'><strong>lorum</strong></span> <span class='ocrx_word' id='word_1_356' title='bbox 350 1718 485 1754; x_wconf 86' lang='lat' dir='ltr'><strong>civium</strong></span> <span class='ocrx_word' id='word_1_357' title='bbox 509 1720 773 1755; x_wconf 78' lang='lat' dir='ltr'><strong>accusationem</strong></span> <span class='ocrx_word' id='word_1_358' title='bbox 801 1723 867 1764; x_wconf 85' lang='grc'><strong>12,</strong></span> <span class='ocrx_word' id='word_1_359' title='bbox 894 1724 936 1764; x_wconf 88' lang='grc'>7,</span> <span class='ocrx_word' id='word_1_360' title='bbox 969 1722 1005 1755; x_wconf 88' lang='grc'>3.</span> <span class='ocrx_word' id='word_1_361' title='bbox 1034 1717 1222 1764; x_wconf 88' lang='lat' dir='ltr'><strong>optimis</strong></span> <span class='ocrx_word' id='word_1_362' title='bbox 1257 1729 1296 1753; x_wconf 87' lang='lat' dir='ltr'><strong>se</strong></span> <span class='ocrx_word' id='word_1_363' title='bbox 1316 1718 1565 1763; x_wconf 81' lang='lat' dir='ltr'><strong>partibus,</strong></span> <span class='ocrx_word' id='word_1_364' title='bbox 1588 1716 1627 1751; x_wconf 83' lang='lat' dir='ltr'><strong>id</strong></span> <span class='ocrx_word' id='word_1_365' title='bbox 1648 1722 1707 1751; x_wconf 86' lang='lat' dir='ltr'><strong>est</strong></span> 
     </span>
     <span class='ocr_line' id='line_1_34' title="bbox 207 1763 1707 1812; baseline -0.003 -12"><span class='ocrx_word' id='word_1_366' title='bbox 207 1764 342 1808; x_wconf 89' lang='lat' dir='ltr'><strong>reip.,</strong></span> <span class='ocrx_word' id='word_1_367' title='bbox 371 1766 537 1812; x_wconf 81' lang='lat' dir='ltr'><strong>jungeret</strong></span> <span class='ocrx_word' id='word_1_368' title='bbox 562 1769 624 1810; x_wconf 90' lang='grc'><strong>12,</strong></span> <span class='ocrx_word' id='word_1_369' title='bbox 651 1767 782 1810; x_wconf 72' lang='grc' dir='ltr'>1,.16ς</span> <span class='ocrx_word' id='word_1_370' title='bbox 817 1772 914 1802; x_wconf 82' lang='lat' dir='ltr'><strong>stare</strong></span> <span class='ocrx_word' id='word_1_371' title='bbox 938 1766 1008 1811; x_wconf 73' lang='lat' dir='ltr'><strong>jam</strong></span> <span class='ocrx_word' id='word_1_372' title='bbox 1031 1777 1146 1810; x_wconf 89' lang='lat' dir='ltr'><strong>remp.</strong></span> <span class='ocrx_word' id='word_1_373' title='bbox 1174 1774 1249 1799; x_wconf 88' lang='lat' dir='ltr'><strong>non</strong></span> <span class='ocrx_word' id='word_1_374' title='bbox 1273 1774 1380 1808; x_wconf 88' lang='lat' dir='ltr'><strong>posse</strong></span> <span class='ocrx_word' id='word_1_375' title='bbox 1410 1765 1450 1806; x_wconf 87' lang='lat'><strong>3,</strong></span> <span class='ocrx_word' id='word_1_376' title='bbox 1474 1764 1517 1806; x_wconf 89' lang='grc'>8,</span> <span class='ocrx_word' id='word_1_377' title='bbox 1544 1763 1602 1799; x_wconf 78' lang='grc'><strong>47.</strong></span> <span class='ocrx_word' id='word_1_378' title='bbox 1623 1771 1707 1797; x_wconf 83' lang='lat' dir='ltr'><strong>oum</strong></span> 
     </span>
     <span class='ocr_line' id='line_1_35' title="bbox 207 1809 1709 1857; baseline -0.002 -11"><span class='ocrx_word' id='word_1_379' title='bbox 207 1813 345 1846; x_wconf 79' lang='lat' dir='ltr'><strong>salvam</strong></span> <span class='ocrx_word' id='word_1_380' title='bbox 378 1817 529 1857; x_wconf 83' lang='lat' dir='ltr'><strong>uterque</strong></span> <span class='ocrx_word' id='word_1_381' title='bbox 554 1825 666 1857; x_wconf 86' lang='lat' dir='ltr'><strong>remp.</strong></span> <span class='ocrx_word' id='word_1_382' title='bbox 693 1814 806 1849; x_wconf 85' lang='lat' dir='ltr'><strong>vellet</strong></span> <span class='ocrx_word' id='word_1_383' title='bbox 829 1815 895 1857; x_wconf 86' lang='lat'><strong>11,</strong></span> <span class='ocrx_word' id='word_1_384' title='bbox 927 1815 970 1856; x_wconf 87' lang='lat'><strong>1,</strong></span> <span class='ocrx_word' id='word_1_385' title='bbox 993 1813 1062 1855; x_wconf 81' lang='lat'><strong>803</strong></span> <span class='ocrx_word' id='word_1_386' title='bbox 1099 1822 1120 1845; x_wconf 83' lang='lat' dir='ltr'><strong>a</strong></span> <span class='ocrx_word' id='word_1_387' title='bbox 1141 1821 1219 1855; x_wconf 87' lang='lat' dir='ltr'><strong>rep.</strong></span> <span class='ocrx_word' id='word_1_388' title='bbox 1242 1809 1463 1844; x_wconf 71' lang='lat' dir='ltr'><strong>summoveri</strong></span> <span class='ocrx_word' id='word_1_389' title='bbox 1491 1811 1532 1843; x_wconf 89' lang='lat'><strong>11</strong></span> <span class='ocrx_word' id='word_1_390' title='bbox 1546 1834 1558 1855; x_wconf 86' lang='lat'><strong>,</strong></span> <span class='ocrx_word' id='word_1_391' title='bbox 1583 1810 1627 1851; x_wconf 86' lang='grc'><strong>1,</strong></span> <span class='ocrx_word' id='word_1_392' title='bbox 1648 1809 1709 1844; x_wconf 87' lang='grc'><strong>85.</strong></span> 
     </span>
     <span class='ocr_line' id='line_1_36' title="bbox 205 1854 1704 1905; baseline -0.002 -13"><span class='ocrx_word' id='word_1_393' title='bbox 205 1857 318 1905; x_wconf 85' lang='lat' dir='ltr'><strong>magis</strong></span> <span class='ocrx_word' id='word_1_394' title='bbox 343 1868 363 1891; x_wconf 92' lang='lat' dir='ltr'><strong>e</strong></span> <span class='ocrx_word' id='word_1_395' title='bbox 385 1869 464 1902; x_wconf 77' lang='lat' dir='ltr'><strong>rep.</strong></span> <span class='ocrx_word' id='word_1_396' title='bbox 495 1858 540 1893; x_wconf 90' lang='lat' dir='ltr'><strong>sit</strong></span> <span class='ocrx_word' id='word_1_397' title='bbox 565 1862 630 1902; x_wconf 86' lang='lat'><strong>12,</strong></span> <span class='ocrx_word' id='word_1_398' title='bbox 658 1862 700 1902; x_wconf 93' lang='lat'><strong>1,</strong></span> <span class='ocrx_word' id='word_1_399' title='bbox 723 1858 796 1898; x_wconf 71' lang='lat'><strong>42:</strong></span> <span class='ocrx_word' id='word_1_400' title='bbox 809 1857 978 1904; x_wconf 90' lang='lat' dir='ltr'><strong>princeps</strong></span> <span class='ocrx_word' id='word_1_401' title='bbox 1003 1858 1054 1892; x_wconf 91' lang='lat' dir='ltr'><strong>in</strong></span> <span class='ocrx_word' id='word_1_402' title='bbox 1075 1868 1154 1901; x_wconf 82' lang='lat' dir='ltr'><strong>rep.</strong></span> <span class='ocrx_word' id='word_1_403' title='bbox 1182 1858 1249 1900; x_wconf 92' lang='grc'><strong>10,</strong></span> <span class='ocrx_word' id='word_1_404' title='bbox 1273 1858 1315 1899; x_wconf 86' lang='grc'><strong>5,</strong></span> <span class='ocrx_word' id='word_1_405' title='bbox 1343 1858 1399 1891; x_wconf 88' lang='grc'><strong>11.</strong></span> <span class='ocrx_word' id='word_1_406' title='bbox 1433 1854 1480 1898; x_wconf 86' lang='lat' dir='ltr'><strong>cs.</strong></span> <span class='ocrx_word' id='word_1_407' title='bbox 1505 1858 1573 1898; x_wconf 83' lang='lat'><strong>12,</strong></span> <span class='ocrx_word' id='word_1_408' title='bbox 1600 1858 1644 1897; x_wconf 84' lang='lat'><strong>¹7,</strong></span> <span class='ocrx_word' id='word_1_409' title='bbox 1669 1856 1704 1889; x_wconf 89' lang='grc'><strong>3.</strong></span> 
     </span>
     <span class='ocr_line' id='line_1_37' title="bbox 206 1901 1707 1949; baseline -0.003 -11"><span class='ocrx_word' id='word_1_410' title='bbox 206 1903 445 1948; x_wconf 80' lang='lat' dir='ltr'><strong>pulcherrima</strong></span> <span class='ocrx_word' id='word_1_411' title='bbox 480 1906 557 1949; x_wconf 87' lang='lat' dir='ltr'><strong>ejus</strong></span> <span class='ocrx_word' id='word_1_412' title='bbox 580 1904 633 1938; x_wconf 84' lang='lat' dir='ltr'><strong>in</strong></span> <span class='ocrx_word' id='word_1_413' title='bbox 654 1917 731 1949; x_wconf 87' lang='lat' dir='ltr'><strong>rep.</strong></span> <span class='ocrx_word' id='word_1_414' title='bbox 758 1905 909 1941; x_wconf 82' lang='lat' dir='ltr'><strong>consilia</strong></span> <span class='ocrx_word' id='word_1_415' title='bbox 933 1908 997 1948; x_wconf 90' lang='lat'><strong>12,</strong></span> <span class='ocrx_word' id='word_1_416' title='bbox 1024 1907 1064 1948; x_wconf 88' lang='lat'><strong>1,</strong></span> <span class='ocrx_word' id='word_1_417' title='bbox 1090 1903 1145 1938; x_wconf 88' lang='lat'><strong>15.</strong></span> <span class='ocrx_word' id='word_1_418' title='bbox 1171 1902 1231 1948; x_wconf 84' lang='lat' dir='ltr'><strong>qui</strong></span> <span class='ocrx_word' id='word_1_419' title='bbox 1261 1912 1345 1946; x_wconf 86' lang='lat' dir='ltr'><strong>pro</strong></span> <span class='ocrx_word' id='word_1_420' title='bbox 1380 1913 1477 1946; x_wconf 65' lang='lat' dir='ltr'><strong>rep.¹</strong></span> <span class='ocrx_word' id='word_1_421' title='bbox 1496 1901 1707 1938; x_wconf 78' lang='lat' dir='ltr'><strong>seditiosum</strong></span> 
     </span>
     <span class='ocr_line' id='line_1_38' title="bbox 207 1946 1703 2031; baseline -0.001 -47"><span class='ocrx_word' id='word_1_422' title='bbox 207 1950 324 1986; x_wconf 84' lang='lat' dir='ltr'><strong>civem</strong></span> <span class='ocrx_word' id='word_1_423' title='bbox 348 1949 481 2031; x_wconf 47' lang='lat' dir='ltr'><strong>{ogtiens</strong></span> <span class='ocrx_word' id='word_1_424' title='bbox 505 1952 786 1996; x_wconf 86' lang='lat' dir='ltr'><strong>compescuisset</strong></span> <span class='ocrx_word' id='word_1_425' title='bbox 802 1955 860 1996; x_wconf 88' lang='lat'><strong>11,</strong></span> <span class='ocrx_word' id='word_1_426' title='bbox 883 1955 918 1996; x_wconf 88' lang='lat'><strong>1,</strong></span> <span class='ocrx_word' id='word_1_427' title='bbox 937 1950 996 1988; x_wconf 87' lang='lat'><strong>40.</strong></span> <span class='ocrx_word' id='word_1_428' title='bbox 1019 1951 1065 1985; x_wconf 85' lang='lat' dir='ltr'><strong>de</strong></span> <span class='ocrx_word' id='word_1_429' title='bbox 1088 1960 1165 1994; x_wconf 85' lang='lat' dir='ltr'><strong>rep.</strong></span> <span class='ocrx_word' id='word_1_430' title='bbox 1187 1948 1348 1991; x_wconf 78' lang='lat' dir='ltr'><strong>(materia</strong></span> <span class='ocrx_word' id='word_1_431' title='bbox 1363 1947 1514 1992; x_wconf 74' lang='lat' dir='ltr'><strong>dicendi)</strong></span> <span class='ocrx_word' id='word_1_432' title='bbox 1531 1948 1570 1991; x_wconf 80' lang='lat'><strong>9,</strong></span> <span class='ocrx_word' id='word_1_433' title='bbox 1589 1946 1626 1991; x_wconf 79' lang='lat'><strong>4,</strong></span> <span class='ocrx_word' id='word_1_434' title='bbox 1647 1947 1703 1983; x_wconf 85' lang='lat'><strong>19.</strong></span> 
     </span>
     <span class='ocr_line' id='line_1_39' title="bbox 206 1999 411 2040; baseline 0.005 -10"><span class='ocrx_word' id='word_1_435' title='bbox 206 1999 263 2040; x_wconf 86' lang='lat'><strong>12,</strong></span> <span class='ocrx_word' id='word_1_436' title='bbox 289 1999 325 2040; x_wconf 86' lang='lat'><strong>2,</strong></span> <span class='ocrx_word' id='word_1_437' title='bbox 401 2019 411 2031; x_wconf 92' lang='lat'><strong>.</strong></span> 
     </span>
    </p>

    <p class='ocr_par' dir='ltr' id='par_1_4' title="bbox 161 2039 1707 2192">
     <span class='ocr_line' id='line_1_40' title="bbox 161 2039 1707 2101; baseline 0.001 -19"><span class='ocrx_word' id='word_1_438' title='bbox 161 2039 347 2098; x_wconf 77' lang='lat' dir='ltr'><strong>Respuo·</strong></span> <span class='ocrx_word' id='word_1_439' title='bbox 393 2058 433 2087; x_wconf 90' lang='lat' dir='ltr'><strong>ut</strong></span> <span class='ocrx_word' id='word_1_440' title='bbox 465 2055 614 2088; x_wconf 80' lang='lat' dir='ltr'><strong>vascula</strong></span> <span class='ocrx_word' id='word_1_441' title='bbox 645 2054 719 2090; x_wconf 83' lang='lat' dir='ltr'><strong>oris</strong></span> <span class='ocrx_word' id='word_1_442' title='bbox 751 2054 890 2101; x_wconf 83' lang='lat' dir='ltr'><strong>angusti</strong></span> <span class='ocrx_word' id='word_1_443' title='bbox 925 2053 1149 2099; x_wconf 79' lang='lat' dir='ltr'><strong>superfusam</strong></span> <span class='ocrx_word' id='word_1_444' title='bbox 1178 2050 1340 2086; x_wconf 87' lang='lat' dir='ltr'><strong>humoris</strong></span> <span class='ocrx_word' id='word_1_445' title='bbox 1366 2049 1509 2094; x_wconf 79' lang='lat' dir='ltr'><strong>copiam</strong></span> <span class='ocrx_word' id='word_1_446' title='bbox 1533 2055 1707 2094; x_wconf 73' lang='lat' dir='ltr'><strong>respuunt</strong></span> 
     </span>
     <span class='ocr_line' id='line_1_41' title="bbox 207 2097 1705 2147; baseline -0.002 -14"><span class='ocrx_word' id='word_1_447' title='bbox 207 2102 247 2142; x_wconf 87' lang='lat'><strong>1,</strong></span> <span class='ocrx_word' id='word_1_448' title='bbox 272 2101 317 2142; x_wconf 90' lang='grc'><strong>3,</strong></span> <span class='ocrx_word' id='word_1_449' title='bbox 339 2100 396 2135; x_wconf 86' lang='grc'><strong>28.</strong></span> <span class='ocrx_word' id='word_1_450' title='bbox 434 2099 522 2144; x_wconf 81' lang='lat' dir='ltr'><strong>quid</strong></span> <span class='ocrx_word' id='word_1_451' title='bbox 554 2111 659 2135; x_wconf 85' lang='lat' dir='ltr'><strong>aures</strong></span> <span class='ocrx_word' id='word_1_452' title='bbox 691 2101 876 2135; x_wconf 88' lang='lat' dir='ltr'><strong>hominum</strong></span> <span class='ocrx_word' id='word_1_453' title='bbox 905 2100 1018 2147; x_wconf 82' lang='lat' dir='ltr'><strong>magis</strong></span> <span class='ocrx_word' id='word_1_454' title='bbox 1049 2102 1220 2142; x_wconf 85' lang='lat' dir='ltr'><strong>respuunt</strong></span> <span class='ocrx_word' id='word_1_455' title='bbox 1248 2099 1313 2140; x_wconf 86' lang='lat'><strong>11,</strong></span> <span class='ocrx_word' id='word_1_456' title='bbox 1340 2099 1380 2138; x_wconf 83' lang='grc'><strong>1,</strong></span> <span class='ocrx_word' id='word_1_457' title='bbox 1409 2097 1468 2132; x_wconf 89' lang='grc'><strong>61.</strong></span> <span class='ocrx_word' id='word_1_458' title='bbox 1497 2106 1570 2142; x_wconf 84' lang='lat' dir='ltr'><strong>qun</strong></span> <span class='ocrx_word' id='word_1_459' title='bbox 1592 2097 1705 2141; x_wconf 73' lang='lat' dir='ltr'><strong>judex</strong></span> 
     </span>
     <span class='ocr_line' id='line_1_42' title="bbox 205 2142 1643 2192; baseline -0.001 -14"><span class='ocrx_word' id='word_1_460' title='bbox 205 2145 302 2179; x_wconf 89' lang='lat' dir='ltr'><strong>dicto</strong></span> <span class='ocrx_word' id='word_1_461' title='bbox 324 2151 598 2190; x_wconf 89' lang='lat' dir='ltr'><strong>moveatur,</strong></span> <span class='ocrx_word' id='word_1_462' title='bbox 619 2146 704 2192; x_wconf 86' lang='lat' dir='ltr'><strong>quid</strong></span> <span class='ocrx_word' id='word_1_463' title='bbox 732 2153 934 2192; x_wconf 81' lang='lat' dir='ltr'><strong>respuat</strong></span> <span class='ocrx_word' id='word_1_464' title='bbox 952 2148 987 2189; x_wconf 92' lang='grc'><strong>6,</strong></span> <span class='ocrx_word' id='word_1_465' title='bbox 1011 2144 1046 2186; x_wconf 87' lang='grc'><strong>4,</strong></span> <span class='ocrx_word' id='word_1_466' title='bbox 1071 2146 1128 2180; x_wconf 89' lang='grc'><strong>19.</strong></span> <span class='ocrx_word' id='word_1_467' title='bbox 1153 2156 1186 2177; x_wconf 78' lang='grc' dir='ltr'><strong>υ.</strong></span> <span class='ocrx_word' id='word_1_468' title='bbox 1209 2142 1424 2187; x_wconf 85' lang='lat' dir='ltr'><strong>Recipio.</strong></span> <span class='ocrx_word' id='word_1_469' title='bbox 1638 2155 1643 2158; x_wconf 87' lang='lat'>·</span> 
     </span>
    </p>
   </div>
   <div class='ocr_carea' id='block_1_4' title="bbox 162 2189 1705 2291">
    <p class='ocr_par' dir='ltr' id='par_1_5' title="bbox 162 2189 1705 2291">
     <span class='ocr_line' id='line_1_43' title="bbox 162 2189 1705 2284; baseline 0.003 -54"><span class='ocrx_word' id='word_1_470' title='bbox 162 2189 318 2282; x_wconf 57' lang='lat' dir='ltr'><strong>Rgstiss.</strong></span> <span class='ocrx_word' id='word_1_471' title='bbox 340 2208 397 2283; x_wconf 64' lang='grc' dir='ltr'><strong>διὸῐ</strong></span> <span class='ocrx_word' id='word_1_472' title='bbox 411 2202 466 2282; x_wconf 50' lang='lat' dir='ltr'><strong>{is</strong></span> <span class='ocrx_word' id='word_1_473' title='bbox 489 2201 709 2284; x_wconf 58' lang='lat' dir='ltr'><strong>(muragnis)</strong></span> <span class='ocrx_word' id='word_1_474' title='bbox 732 2204 930 2250; x_wconf 85' lang='lat' dir='ltr'><strong>piscatores</strong></span> <span class='ocrx_word' id='word_1_475' title='bbox 953 2213 1020 2249; x_wconf 88' lang='lat' dir='ltr'><strong>pro</strong></span> <span class='ocrx_word' id='word_1_476' title='bbox 1043 2200 1198 2235; x_wconf 81' lang='lat' dir='ltr'><strong>restibus</strong></span> <span class='ocrx_word' id='word_1_477' title='bbox 1224 2200 1413 2248; x_wconf 82' lang='lat' dir='ltr'><strong>cingantur</strong></span> <span class='ocrx_word' id='word_1_478' title='bbox 1434 2198 1524 2244; x_wconf 85' lang='lat' dir='ltr'><strong>(Sp.</strong></span> <span class='ocrx_word' id='word_1_479' title='bbox 1547 2198 1705 2240; x_wconf 69' lang='lat' dir='ltr'><strong>utantur)</strong></span> 
     </span>
     <span class='ocr_line' id='line_1_44' title="bbox 238 2258 1583 2291; baseline 0.001 -9"><span class='ocrx_word' id='word_1_480' title='bbox 238 2274 249 2291; x_wconf 95' lang='lat'><strong>,</strong></span> <span class='ocrx_word' id='word_1_481' title='bbox 305 2273 316 2291; x_wconf 89' lang='lat'><strong>,</strong></span> <span class='ocrx_word' id='word_1_482' title='bbox 449 2273 458 2282; x_wconf 92' lang='lat'><strong>.</strong></span> <span class='ocrx_word' id='word_1_483' title='bbox 486 2261 532 2284; x_wconf 82' lang='lat' dir='ltr'><strong>cr.</strong></span> <span class='ocrx_word' id='word_1_484' title='bbox 558 2258 589 2283; x_wconf 83' lang='lat' dir='ltr'><strong>et</strong></span> <span class='ocrx_word' id='word_1_485' title='bbox 636 2258 651 2285; x_wconf 78' lang='grc'><strong>’.</strong></span> <span class='ocrx_word' id='word_1_486' title='bbox 1580 2262 1583 2266; x_wconf 90' lang='grc'><em>·</em></span> 
     </span>
    </p>
   </div>
   <div class='ocr_carea' id='block_1_5' title="bbox 157 2291 1704 2694">
    <p class='ocr_par' dir='ltr' id='par_1_6' title="bbox 160 2291 1704 2491">
     <span class='ocr_line' id='line_1_45' title="bbox 160 2291 1704 2348; baseline -0.003 -9"><span class='ocrx_word' id='word_1_487' title='bbox 160 2291 369 2335; x_wconf 70' lang='lat' dir='ltr'><strong>Restituo·</strong></span> <span class='ocrx_word' id='word_1_488' title='bbox 418 2305 448 2348; x_wconf 92' lang='lat'><strong>1)</strong></span> <span class='ocrx_word' id='word_1_489' title='bbox 472 2306 625 2341; x_wconf 88' lang='lat' dir='ltr'><strong>restituti</strong></span> <span class='ocrx_word' id='word_1_490' title='bbox 652 2319 672 2342; x_wconf 80' lang='lat' dir='ltr'><strong>a</strong></span> <span class='ocrx_word' id='word_1_491' title='bbox 698 2307 898 2343; x_wconf 79' lang='lat' dir='ltr'><strong>Cassandro</strong></span> <span class='ocrx_word' id='word_1_492' title='bbox 923 2303 1088 2340; x_wconf 82' lang='lat' dir='ltr'><strong>Thebani</strong></span> <span class='ocrx_word' id='word_1_493' title='bbox 1110 2305 1153 2337; x_wconf 79' lang='lat' dir='ltr'><strong>i‘b.</strong></span> <span class='ocrx_word' id='word_1_494' title='bbox 1182 2305 1269 2345; x_wconf 79' lang='lat'><strong>1113</strong></span> <span class='ocrx_word' id='word_1_495' title='bbox 1305 2303 1348 2335; x_wconf 83' lang='lat' dir='ltr'><strong>de</strong></span> <span class='ocrx_word' id='word_1_496' title='bbox 1371 2300 1559 2334; x_wconf 77' lang='lat' dir='ltr'><strong>damnatis.-</strong></span> <span class='ocrx_word' id='word_1_497' title='bbox 1595 2298 1704 2335; x_wconf 77' lang='lat' dir='ltr'><strong>etiam</strong></span> 
     </span>
     <span class='ocr_line' id='line_1_46' title="bbox 205 2346 1704 2399; baseline -0.002 -16"><span class='ocrx_word' id='word_1_498' title='bbox 205 2361 279 2384; x_wconf 90' lang='lat' dir='ltr'><strong>non</strong></span> <span class='ocrx_word' id='word_1_499' title='bbox 302 2351 465 2386; x_wconf 87' lang='lat' dir='ltr'><strong>restituto</strong></span> <span class='ocrx_word' id='word_1_500' title='bbox 490 2358 591 2396; x_wconf 85' lang='lat' dir='ltr'><strong>patre</strong></span> <span class='ocrx_word' id='word_1_501' title='bbox 614 2357 650 2397; x_wconf 95' lang='lat'><strong>7,</strong></span> <span class='ocrx_word' id='word_1_502' title='bbox 681 2357 713 2398; x_wconf 90' lang='lat'><strong>1,</strong></span> <span class='ocrx_word' id='word_1_503' title='bbox 738 2356 795 2390; x_wconf 83' lang='lat'><strong>59.</strong></span> <span class='ocrx_word' id='word_1_504' title='bbox 819 2352 996 2387; x_wconf 63' lang='lat' dir='ltr'><strong>a&#39;rustico</strong></span> <span class='ocrx_word' id='word_1_505' title='bbox 1018 2349 1219 2384; x_wconf 84' lang='lat' dir='ltr'><strong>restitutum</strong></span> <span class='ocrx_word' id='word_1_506' title='bbox 1244 2347 1403 2392; x_wconf 81' lang='lat' dir='ltr'><strong>(patrem)</strong></span> <span class='ocrx_word' id='word_1_507' title='bbox 1430 2347 1474 2381; x_wconf 81' lang='lat' dir='ltr'><strong>ib.</strong></span> <span class='ocrx_word' id='word_1_508' title='bbox 1499 2346 1704 2399; x_wconf 68' lang='lat' dir='ltr'><strong>damnati</strong></span> 
     </span>
     <span class='ocr_line' id='line_1_47' title="bbox 203 2395 1703 2444; baseline -0.001 -15"><span class='ocrx_word' id='word_1_509' title='bbox 203 2407 224 2429; x_wconf 89' lang='lat' dir='ltr'><strong>e</strong></span> <span class='ocrx_word' id='word_1_510' title='bbox 252 2397 332 2442; x_wconf 82' lang='lat' dir='ltr'><strong>lege</strong></span> <span class='ocrx_word' id='word_1_511' title='bbox 355 2397 580 2433; x_wconf 87' lang='lat' dir='ltr'><strong>restituti</strong></span> <span class='ocrx_word' id='word_1_512' title='bbox 619 2402 707 2434; x_wconf 86' lang='lat' dir='ltr'><strong>Cic.</strong></span> <span class='ocrx_word' id='word_1_513' title='bbox 736 2401 778 2444; x_wconf 88' lang='lat'><strong>5,</strong></span> <span class='ocrx_word' id='word_1_514' title='bbox 805 2402 869 2442; x_wconf 90' lang='lat'><strong>10,</strong></span> <span class='ocrx_word' id='word_1_515' title='bbox 900 2400 979 2433; x_wconf 88' lang='grc'>108.</span> <span class='ocrx_word' id='word_1_516' title='bbox 1027 2395 1074 2440; x_wconf 90' lang='lat'><strong>11)</strong></span> <span class='ocrx_word' id='word_1_517' title='bbox 1108 2399 1129 2430; x_wconf 80' lang='grc' dir='ltr'><strong>ι’.</strong></span> <span class='ocrx_word' id='word_1_518' title='bbox 1158 2409 1188 2442; x_wconf 81' lang='lat' dir='ltr'><strong>q.</strong></span> <span class='ocrx_word' id='word_1_519' title='bbox 1215 2395 1369 2428; x_wconf 79' lang='lat' dir='ltr'><strong>reddo:</strong></span> <span class='ocrx_word' id='word_1_520' title='bbox 1396 2404 1479 2438; x_wconf 85' lang='lat' dir='ltr'><strong>qma</strong></span> <span class='ocrx_word' id='word_1_521' title='bbox 1501 2398 1703 2428; x_wconf 77' lang='lat' dir='ltr'><strong>non-resu-</strong></span> 
     </span>
     <span class='ocr_line' id='line_1_48' title="bbox 202 2439 1472 2491; baseline 0 -17"><span class='ocrx_word' id='word_1_522' title='bbox 202 2447 278 2475; x_wconf 86' lang='lat' dir='ltr'><strong>tuat</strong></span> <span class='ocrx_word' id='word_1_523' title='bbox 301 2454 446 2478; x_wconf 82' lang='lat' dir='ltr'><strong>servum</strong></span> <span class='ocrx_word' id='word_1_524' title='bbox 471 2444 505 2487; x_wconf 90' lang='lat'><strong>5,</strong></span> <span class='ocrx_word' id='word_1_525' title='bbox 532 2448 588 2488; x_wconf 93' lang='lat'><strong>11,</strong></span> <span class='ocrx_word' id='word_1_526' title='bbox 613 2448 670 2480; x_wconf 84' lang='lat'><strong>32.</strong></span> <span class='ocrx_word' id='word_1_527' title='bbox 698 2445 931 2491; x_wconf 80' lang='lat' dir='ltr'><strong>Syracusanis</strong></span> <span class='ocrx_word' id='word_1_528' title='bbox 953 2448 1163 2479; x_wconf 82' lang='lat' dir='ltr'><strong>ornamenta</strong></span> <span class='ocrx_word' id='word_1_529' title='bbox 1193 2439 1347 2476; x_wconf 89' lang='lat' dir='ltr'><strong>restituit</strong></span> <span class='ocrx_word' id='word_1_530' title='bbox 1370 2441 1413 2474; x_wconf 78' lang='lat' dir='ltr'><strong>ib.</strong></span> <span class='ocrx_word' id='word_1_531' title='bbox 1437 2443 1472 2474; x_wconf 90' lang='lat'><strong>7.</strong></span> 
     </span>
    </p>

    <p class='ocr_par' dir='ltr' id='par_1_7' title="bbox 158 2483 1703 2633">
     <span class='ocr_line' id='line_1_49' title="bbox 158 2483 1698 2547; baseline -0.004 -13"><span class='ocrx_word' id='word_1_532' title='bbox 158 2483 400 2529; x_wconf 63' lang='lat' dir='ltr'><strong>Restitutio·</strong></span> <span class='ocrx_word' id='word_1_533' title='bbox 447 2500 673 2537; x_wconf 86' lang='lat' dir='ltr'><strong>restitutione</strong></span> <span class='ocrx_word' id='word_1_534' title='bbox 710 2502 890 2547; x_wconf 80' lang='lat' dir='ltr'><strong>recepisse</strong></span> <span class='ocrx_word' id='word_1_535' title='bbox 935 2502 992 2546; x_wconf 86' lang='lat' dir='ltr'><strong>jus</strong></span> <span class='ocrx_word' id='word_1_536' title='bbox 1028 2498 1195 2535; x_wconf 89' lang='lat' dir='ltr'><strong>Thebani</strong></span> <span class='ocrx_word' id='word_1_537' title='bbox 1225 2497 1393 2534; x_wconf 83' lang='lat' dir='ltr'><strong>videntur</strong></span> <span class='ocrx_word' id='word_1_538' title='bbox 1428 2495 1470 2539; x_wconf 88' lang='grc'><strong>5,</strong></span> <span class='ocrx_word' id='word_1_539' title='bbox 1505 2497 1574 2538; x_wconf 77' lang='grc'><strong>10,</strong></span> <span class='ocrx_word' id='word_1_540' title='bbox 1609 2495 1698 2537; x_wconf 86' lang='grc'>118;</span> 
     </span>
     <span class='ocr_line' id='line_1_50' title="bbox 204 2540 1700 2593; baseline -0.001 -18"><span class='ocrx_word' id='word_1_541' title='bbox 204 2545 373 2578; x_wconf 78' lang='lat' dir='ltr'><strong>damnati.-</strong></span> <span class='ocrx_word' id='word_1_542' title='bbox 399 2546 602 2590; x_wconf 85' lang='lat' dir='ltr'><strong>impetravit</strong></span> <span class='ocrx_word' id='word_1_543' title='bbox 626 2550 887 2584; x_wconf 83' lang='lat' dir='ltr'><strong>restitutionem</strong></span> <span class='ocrx_word' id='word_1_544' title='bbox 911 2546 1020 2593; x_wconf 85' lang='lat' dir='ltr'><strong>patris</strong></span> <span class='ocrx_word' id='word_1_545' title='bbox 1046 2551 1081 2591; x_wconf 88' lang='lat'><strong>7,</strong></span> <span class='ocrx_word' id='word_1_546' title='bbox 1112 2548 1147 2590; x_wconf 84' lang='lat'><strong>1,</strong></span> <span class='ocrx_word' id='word_1_547' title='bbox 1170 2545 1229 2581; x_wconf 85' lang='lat'><strong>42.</strong></span> <span class='ocrx_word' id='word_1_548' title='bbox 1253 2555 1300 2578; x_wconf 87' lang='lat' dir='ltr'><strong>an</strong></span> <span class='ocrx_word' id='word_1_549' title='bbox 1322 2540 1499 2578; x_wconf 81' lang='lat' dir='ltr'><strong>restitutio</strong></span> <span class='ocrx_word' id='word_1_550' title='bbox 1523 2551 1591 2586; x_wconf 83' lang='lat' dir='ltr'><strong>pro</strong></span> <span class='ocrx_word' id='word_1_551' title='bbox 1615 2541 1700 2575; x_wconf 79' lang='lat' dir='ltr'><strong>sub-</strong></span> 
     </span>
     <span class='ocr_line' id='line_1_51' title="bbox 202 2588 1703 2633; baseline 0.007 -13"><span class='ocrx_word' id='word_1_552' title='bbox 202 2588 336 2623; x_wconf 84' lang='lat' dir='ltr'><strong>latione</strong></span> <span class='ocrx_word' id='word_1_553' title='bbox 360 2590 481 2633; x_wconf 88' lang='lat' dir='ltr'><strong>judicii</strong></span> <span class='ocrx_word' id='word_1_554' title='bbox 514 2599 584 2628; x_wconf 78' lang='lat' dir='ltr'><strong>stet</strong></span> <span class='ocrx_word' id='word_1_555' title='bbox 609 2597 650 2628; x_wconf 81' lang='lat' dir='ltr'><strong>ib.</strong></span> <span class='ocrx_word' id='word_1_556' title='bbox 675 2596 732 2631; x_wconf 88' lang='grc'><strong>60.</strong></span> <span class='ocrx_word' id='word_1_557' title='bbox 1215 2622 1223 2632; x_wconf 80' lang='grc'><strong>.</strong></span> <span class='ocrx_word' id='word_1_558' title='bbox 1699 2598 1703 2600; x_wconf 75' lang='grc'><strong>’</strong></span> 
     </span>
    </p>

    <p class='ocr_par' dir='ltr' id='par_1_8' title="bbox 157 2629 1702 2694">
     <span class='ocr_line' id='line_1_52' title="bbox 157 2629 1702 2694; baseline -0.004 -13"><span class='ocrx_word' id='word_1_559' title='bbox 157 2629 403 2675; x_wconf 83' lang='lat' dir='ltr'><strong>Restitutor.</strong></span> <span class='ocrx_word' id='word_1_560' title='bbox 452 2649 544 2684; x_wconf 87' lang='lat' dir='ltr'><strong>actio</strong></span> <span class='ocrx_word' id='word_1_561' title='bbox 578 2661 645 2694; x_wconf 85' lang='lat' dir='ltr'><strong>pro</strong></span> <span class='ocrx_word' id='word_1_562' title='bbox 672 2651 970 2686; x_wconf 83' lang='lat' dir='ltr'><strong>restitutore</strong></span> <span class='ocrx_word' id='word_1_563' title='bbox 1001 2655 1128 2685; x_wconf 82' lang='lat' dir='ltr'><strong>contra</strong></span> <span class='ocrx_word' id='word_1_564' title='bbox 1164 2647 1404 2694; x_wconf 78' lang='lat' dir='ltr'><strong>ingratum</strong></span> <span class='ocrx_word' id='word_1_565' title='bbox 1426 2646 1470 2684; x_wconf 90' lang='lat'><strong>7,</strong></span> <span class='ocrx_word' id='word_1_566' title='bbox 1497 2644 1538 2684; x_wconf 89' lang='grc'><strong>1,</strong></span> <span class='ocrx_word' id='word_1_567' title='bbox 1565 2640 1623 2676; x_wconf 90' lang='grc'><strong>43.</strong></span> <span class='ocrx_word' id='word_1_568' title='bbox 1655 2653 1702 2676; x_wconf 87' lang='lat' dir='ltr'><strong>an</strong></span> 
     </span>
    </p>
   </div>
   <div class='ocr_carea' id='block_1_6' title="bbox 199 2689 1716 2781">
    <p class='ocr_par' dir='ltr' id='par_1_9' title="bbox 199 2689 1716 2781">
     <span class='ocr_line' id='line_1_53' title="bbox 201 2689 1716 2745; baseline 0.015 -23"><span class='ocrx_word' id='word_1_569' title='bbox 201 2689 384 2725; x_wconf 87' lang='lat' dir='ltr'><strong>restitutor</strong></span> <span class='ocrx_word' id='word_1_570' title='bbox 410 2694 524 2745; x_wconf 64' lang='lat' dir='ltr'><strong>accipi</strong></span> <span class='ocrx_word' id='word_1_571' title='bbox 549 2697 675 2733; x_wconf 81' lang='lat' dir='ltr'><strong>debeat</strong></span> <span class='ocrx_word' id='word_1_572' title='bbox 699 2708 765 2743; x_wconf 90' lang='lat' dir='ltr'><strong>pro</strong></span> <span class='ocrx_word' id='word_1_573' title='bbox 790 2698 986 2742; x_wconf 83' lang='lat' dir='ltr'><strong>advocato,</strong></span> <span class='ocrx_word' id='word_1_574' title='bbox 1022 2695 1165 2741; x_wconf 75' lang='lat' dir='ltr'><strong>qnando</strong></span> <span class='ocrx_word' id='word_1_575' title='bbox 1187 2693 1227 2729; x_wconf 73' lang='lat' dir='ltr'><strong>id</strong></span> <span class='ocrx_word' id='word_1_576' title='bbox 1248 2689 1486 2737; x_wconf 56' lang='lat' dir='ltr'><strong>Pl&#39;flfflfflefit’</strong></span> <span class='ocrx_word' id='word_1_577' title='bbox 1511 2689 1610 2734; x_wconf 58' lang='grc' dir='ltr'><strong>(ΨΜ</strong></span> <span class='ocrx_word' id='word_1_578' title='bbox 1634 2689 1716 2730; x_wconf 43' lang='lat'><strong>‘³²¹‘</strong></span> 
     </span>
     <span class='ocr_line' id='line_1_54' title="bbox 199 2741 661 2781; baseline 0.019 -12"><span class='ocrx_word' id='word_1_579' title='bbox 199 2741 349 2770; x_wconf 80' lang='lat' dir='ltr'><strong>vocatus</strong></span> <span class='ocrx_word' id='word_1_580' title='bbox 370 2741 496 2781; x_wconf 71' lang='lat' dir='ltr'><strong>penit?</strong></span> <span class='ocrx_word' id='word_1_581' title='bbox 529 2743 573 2777; x_wconf 78' lang='lat' dir='ltr'><strong>ib.</strong></span> <span class='ocrx_word' id='word_1_582' title='bbox 601 2743 661 2778; x_wconf 90' lang='grc'><strong>61.</strong></span> 
     </span>
    </p>
   </div>
  </div>
 </body>
</html>
