<?xml version="1.0" encoding="UTF-8"?>
<!DOCTYPE html PUBLIC "-//W3C//DTD XHTML 1.0 Transitional//EN"
    "http://www.w3.org/TR/xhtml1/DTD/xhtml1-transitional.dtd">
<html xmlns="http://www.w3.org/1999/xhtml" xml:lang="en" lang="en">
 <head>
  <title>
</title>
<meta http-equiv="Content-Type" content="text/html;charset=utf-8" />
  <meta name='ocr-system' content='tesseract 3.04.00' />
  <meta name='ocr-capabilities' content='ocr_page ocr_carea ocr_par ocr_line ocrx_word'/>
</head>
<body>
  <div class='ocr_page' id='page_1' title='image "./lexiconquintilia06bonnuoft_0342.png"; bbox 0 0 1728 3002; ppageno 0'>
   <div class='ocr_carea' id='block_1_1' title="bbox 123 119 1213 196">
    <p class='ocr_par' dir='ltr' id='par_1_1' title="bbox 123 119 1213 196">
     <span class='ocr_line' id='line_1_1' title="bbox 123 119 1213 196; baseline 0.002 -16"><span class='ocrx_word' id='word_1_1' title='bbox 123 140 208 181; x_wconf 83' lang='lat'><strong>250</strong></span> <span class='ocrx_word' id='word_1_2' title='bbox 583 136 819 196; x_wconf 85' lang='lat' dir='ltr'><strong>Distinguo</strong></span> <span class='ocrx_word' id='word_1_3' title='bbox 867 163 913 172; x_wconf 88' lang='lat'><strong>—·</strong></span> <span class='ocrx_word' id='word_1_4' title='bbox 953 119 1213 196; x_wconf 70' lang='lat' dir='ltr'><strong>Distorqueo</strong></span> 
     </span>
    </p>
   </div>
   <div class='ocr_carea' id='block_1_2' title="bbox 163 250 1670 335">
    <p class='ocr_par' dir='ltr' id='par_1_2' title="bbox 163 250 1670 335">
     <span class='ocr_line' id='line_1_2' title="bbox 163 250 1670 302; baseline 0.003 -14"><span class='ocrx_word' id='word_1_5' title='bbox 163 252 259 298; x_wconf 87' lang='lat' dir='ltr'><strong>perit</strong></span> <span class='ocrx_word' id='word_1_6' title='bbox 285 257 324 288; x_wconf 83' lang='lat' dir='ltr'><strong>et</strong></span> <span class='ocrx_word' id='word_1_7' title='bbox 356 252 507 288; x_wconf 81' lang='lat' dir='ltr'><strong>affectus</strong></span> <span class='ocrx_word' id='word_1_8' title='bbox 538 255 583 288; x_wconf 80' lang='lat' dir='ltr'><strong>ib.</strong></span> <span class='ocrx_word' id='word_1_9' title='bbox 620 254 676 289; x_wconf 89' lang='grc'><strong>52.</strong></span> <span class='ocrx_word' id='word_1_10' title='bbox 711 264 780 287; x_wconf 82' lang='lat' dir='ltr'><strong>nec</strong></span> <span class='ocrx_word' id='word_1_11' title='bbox 810 252 849 287; x_wconf 93' lang='lat' dir='ltr'><strong>in</strong></span> <span class='ocrx_word' id='word_1_12' title='bbox 878 253 1062 298; x_wconf 86' lang='lat' dir='ltr'><strong>loquendo</strong></span> <span class='ocrx_word' id='word_1_13' title='bbox 1096 250 1405 299; x_wconf 71' lang='lat' dir='ltr'><strong>distinctionibus,</strong></span> <span class='ocrx_word' id='word_1_14' title='bbox 1436 256 1670 302; x_wconf 76' lang='lat' dir='ltr'><strong>temporibus,</strong></span> 
     </span>
     <span class='ocr_line' id='line_1_3' title="bbox 163 298 1225 335; baseline -0.002 0"><span class='ocrx_word' id='word_1_15' title='bbox 163 298 414 335; x_wconf 81' lang='lat' dir='ltr'><strong>affectionibus</strong></span> <span class='ocrx_word' id='word_1_16' title='bbox 441 301 594 335; x_wconf 78' lang='lat' dir='ltr'><strong>moleste</strong></span> <span class='ocrx_word' id='word_1_17' title='bbox 619 305 763 334; x_wconf 85' lang='lat' dir='ltr'><strong>utemur</strong></span> <span class='ocrx_word' id='word_1_18' title='bbox 786 302 829 333; x_wconf 87' lang='lat' dir='ltr'><strong>ib.</strong></span> <span class='ocrx_word' id='word_1_19' title='bbox 860 299 940 334; x_wconf 85' lang='lat'><strong>181.</strong></span> <span class='ocrx_word' id='word_1_20' title='bbox 1223 325 1225 327; x_wconf 78' lang='grc'><strong>.</strong></span> 
     </span>
    </p>
   </div>
   <div class='ocr_carea' id='block_1_3' title="bbox 116 355 1666 1660">
    <p class='ocr_par' dir='ltr' id='par_1_3' title="bbox 116 355 1666 1660">
     <span class='ocr_line' id='line_1_4' title="bbox 116 355 1666 417; baseline 0.004 -18"><span class='ocrx_word' id='word_1_21' title='bbox 116 355 364 413; x_wconf 77' lang='lat' dir='ltr'><strong>Distinguo.</strong></span> <span class='ocrx_word' id='word_1_22' title='bbox 413 365 450 411; x_wconf 84' lang='grc' dir='ltr'><strong>α)</strong></span> <span class='ocrx_word' id='word_1_23' title='bbox 477 367 582 402; x_wconf 89' lang='lat' dir='ltr'><strong>binos</strong></span> <span class='ocrx_word' id='word_1_24' title='bbox 606 367 751 402; x_wconf 88' lang='lat' dir='ltr'><strong>interim</strong></span> <span class='ocrx_word' id='word_1_25' title='bbox 778 365 1026 414; x_wconf 76' lang='lat' dir='ltr'><strong>distinguimus</strong></span> <span class='ocrx_word' id='word_1_26' title='bbox 1050 365 1182 414; x_wconf 74' lang='lat' dir='ltr'><strong>digitos</strong></span> <span class='ocrx_word' id='word_1_27' title='bbox 1198 369 1255 412; x_wconf 84' lang='lat'><strong>11,</strong></span> <span class='ocrx_word' id='word_1_28' title='bbox 1272 369 1308 409; x_wconf 84' lang='lat'><strong>3,</strong></span> <span class='ocrx_word' id='word_1_29' title='bbox 1327 368 1386 404; x_wconf 89' lang='grc'><strong>98.</strong></span> <span class='ocrx_word' id='word_1_30' title='bbox 1409 367 1666 417; x_wconf 75' lang='lat' dir='ltr'><strong>distinguamus</strong></span> 
     </span>
     <span class='ocr_line' id='line_1_5' title="bbox 167 412 1665 462; baseline 0.001 -13"><span class='ocrx_word' id='word_1_31' title='bbox 167 425 300 462; x_wconf 85' lang='lat' dir='ltr'><strong>genera</strong></span> <span class='ocrx_word' id='word_1_32' title='bbox 328 425 514 449; x_wconf 77' lang='lat' dir='ltr'><strong>causarum</strong></span> <span class='ocrx_word' id='word_1_33' title='bbox 540 413 576 458; x_wconf 97' lang='lat'><strong>4,</strong></span> <span class='ocrx_word' id='word_1_34' title='bbox 591 417 627 458; x_wconf 86' lang='lat'><strong>2,</strong></span> <span class='ocrx_word' id='word_1_35' title='bbox 647 415 705 450; x_wconf 87' lang='grc'><strong>68.</strong></span> <span class='ocrx_word' id='word_1_36' title='bbox 734 425 812 448; x_wconf 91' lang='lat' dir='ltr'><strong>eam</strong></span> <span class='ocrx_word' id='word_1_37' title='bbox 835 412 1066 457; x_wconf 79' lang='lat' dir='ltr'><strong>(orationem)</strong></span> <span class='ocrx_word' id='word_1_38' title='bbox 1093 413 1398 461; x_wconf 82' lang='lat' dir='ltr'><strong>distinguent</strong></span> <span class='ocrx_word' id='word_1_39' title='bbox 1421 420 1527 461; x_wconf 82' lang='lat' dir='ltr'><strong>atque</strong></span> <span class='ocrx_word' id='word_1_40' title='bbox 1551 426 1604 450; x_wconf 85' lang='lat' dir='ltr'><strong>co</strong></span> <span class='ocrx_word' id='word_1_41' title='bbox 1618 428 1665 450; x_wconf 87' lang='grc'><strong>11-</strong></span> 
     </span>
     <span class='ocr_line' id='line_1_6' title="bbox 162 460 1663 508; baseline 0 -12"><span class='ocrx_word' id='word_1_42' title='bbox 162 460 326 496; x_wconf 88' lang='lat' dir='ltr'><strong>cident</strong></span> <span class='ocrx_word' id='word_1_43' title='bbox 351 463 407 502; x_wconf 90' lang='lat'><strong>11,</strong></span> <span class='ocrx_word' id='word_1_44' title='bbox 431 463 468 504; x_wconf 88' lang='grc'><strong>2,</strong></span> <span class='ocrx_word' id='word_1_45' title='bbox 491 463 549 496; x_wconf 95' lang='grc'><strong>27.</strong></span> <span class='ocrx_word' id='word_1_46' title='bbox 578 460 617 495; x_wconf 88' lang='grc'><strong>111</strong></span> <span class='ocrx_word' id='word_1_47' title='bbox 641 460 893 508; x_wconf 84' lang='lat' dir='ltr'><strong>distinguenda</strong></span> <span class='ocrx_word' id='word_1_48' title='bbox 919 460 974 495; x_wconf 87' lang='lat' dir='ltr'><strong>rei</strong></span> <span class='ocrx_word' id='word_1_49' title='bbox 996 460 1213 506; x_wconf 83' lang='lat' dir='ltr'><strong>proprietate</strong></span> <span class='ocrx_word' id='word_1_50' title='bbox 1239 461 1281 504; x_wconf 91' lang='grc'><strong>9,</strong></span> <span class='ocrx_word' id='word_1_51' title='bbox 1311 462 1355 503; x_wconf 90' lang='grc'><strong>3,</strong></span> <span class='ocrx_word' id='word_1_52' title='bbox 1380 463 1438 496; x_wconf 90' lang='grc'><strong>71.</strong></span> <span class='ocrx_word' id='word_1_53' title='bbox 1481 472 1553 506; x_wconf 85' lang='lat' dir='ltr'><strong>quo</strong></span> <span class='ocrx_word' id='word_1_54' title='bbox 1579 462 1663 496; x_wconf 87' lang='lat' dir='ltr'><strong>dili-</strong></span> 
     </span>
     <span class='ocr_line' id='line_1_7' title="bbox 160 505 1665 555; baseline 0.001 -14"><span class='ocrx_word' id='word_1_55' title='bbox 160 506 301 555; x_wconf 87' lang='lat' dir='ltr'><strong>gentius</strong></span> <span class='ocrx_word' id='word_1_56' title='bbox 326 507 577 554; x_wconf 84' lang='lat' dir='ltr'><strong>distinguenda</strong></span> <span class='ocrx_word' id='word_1_57' title='bbox 599 513 683 541; x_wconf 90' lang='lat' dir='ltr'><strong>sunt</strong></span> <span class='ocrx_word' id='word_1_58' title='bbox 709 507 848 554; x_wconf 89' lang='lat' dir='ltr'><strong>singula</strong></span> <span class='ocrx_word' id='word_1_59' title='bbox 873 505 914 550; x_wconf 89' lang='lat'><strong>4,</strong></span> <span class='ocrx_word' id='word_1_60' title='bbox 939 509 983 550; x_wconf 89' lang='lat'><strong>2,</strong></span> <span class='ocrx_word' id='word_1_61' title='bbox 1011 509 1067 541; x_wconf 88' lang='lat'><strong>33.</strong></span> <span class='ocrx_word' id='word_1_62' title='bbox 1105 506 1262 551; x_wconf 80' lang='lat' dir='ltr'><strong>apertius</strong></span> <span class='ocrx_word' id='word_1_63' title='bbox 1291 508 1438 542; x_wconf 85' lang='lat' dir='ltr'><strong>eosdem</strong></span> <span class='ocrx_word' id='word_1_64' title='bbox 1465 513 1575 542; x_wconf 85' lang='lat' dir='ltr'><strong>status</strong></span> <span class='ocrx_word' id='word_1_65' title='bbox 1609 509 1665 542; x_wconf 84' lang='lat' dir='ltr'><strong>di-</strong></span> 
     </span>
     <span class='ocr_line' id='line_1_8' title="bbox 160 553 1664 607; baseline 0.001 -20"><span class='ocrx_word' id='word_1_66' title='bbox 160 553 344 607; x_wconf 74' lang='lat' dir='ltr'><strong>stinguere</strong></span> <span class='ocrx_word' id='word_1_67' title='bbox 368 555 404 596; x_wconf 91' lang='lat'><strong>3,</strong></span> <span class='ocrx_word' id='word_1_68' title='bbox 429 555 465 596; x_wconf 82' lang='lat'><strong>6,</strong></span> <span class='ocrx_word' id='word_1_69' title='bbox 490 553 548 588; x_wconf 83' lang='grc'><strong>45.</strong></span> <span class='ocrx_word' id='word_1_70' title='bbox 588 564 660 598; x_wconf 91' lang='lat' dir='ltr'><strong>quo</strong></span> <span class='ocrx_word' id='word_1_71' title='bbox 684 554 767 587; x_wconf 94' lang='lat' dir='ltr'><strong>loco</strong></span> <span class='ocrx_word' id='word_1_72' title='bbox 791 564 937 588; x_wconf 82' lang='lat' dir='ltr'><strong>versum</strong></span> <span class='ocrx_word' id='word_1_73' title='bbox 962 553 1179 600; x_wconf 82' lang='lat' dir='ltr'><strong>distinguere</strong></span> <span class='ocrx_word' id='word_1_74' title='bbox 1205 553 1334 588; x_wconf 82' lang='lat' dir='ltr'><strong>debeat</strong></span> <span class='ocrx_word' id='word_1_75' title='bbox 1358 555 1392 595; x_wconf 84' lang='lat'><strong>1,</strong></span> <span class='ocrx_word' id='word_1_76' title='bbox 1419 554 1456 594; x_wconf 88' lang='grc'><strong>8,</strong></span> <span class='ocrx_word' id='word_1_77' title='bbox 1472 557 1504 588; x_wconf 93' lang='grc'><strong>1.</strong></span> <span class='ocrx_word' id='word_1_78' title='bbox 1529 553 1664 598; x_wconf 82' lang='lat' dir='ltr'><strong>peritus</strong></span> 
     </span>
     <span class='ocr_line' id='line_1_9' title="bbox 161 598 1664 647; baseline 0.002 -14"><span class='ocrx_word' id='word_1_79' title='bbox 161 599 405 647; x_wconf 79' lang='lat' dir='ltr'><strong>distinguendi</strong></span> <span class='ocrx_word' id='word_1_80' title='bbox 427 600 503 635; x_wconf 84' lang='lat' dir='ltr'><strong>vim</strong></span> <span class='ocrx_word' id='word_1_81' title='bbox 527 600 700 644; x_wconf 87' lang='lat' dir='ltr'><strong>cujusque</strong></span> <span class='ocrx_word' id='word_1_82' title='bbox 729 599 834 638; x_wconf 82' lang='lat' dir='ltr'><strong>verbi</strong></span> <span class='ocrx_word' id='word_1_83' title='bbox 862 602 919 644; x_wconf 83' lang='lat'><strong>12,</strong></span> <span class='ocrx_word' id='word_1_84' title='bbox 945 601 980 642; x_wconf 92' lang='lat'><strong>5,</strong></span> <span class='ocrx_word' id='word_1_85' title='bbox 1008 602 1041 634; x_wconf 90' lang='lat'><strong>3.</strong></span> <span class='ocrx_word' id='word_1_86' title='bbox 1070 598 1351 646; x_wconf 85' lang='lat' dir='ltr'><strong>distinguendis,</strong></span> <span class='ocrx_word' id='word_1_87' title='bbox 1385 610 1475 644; x_wconf 84' lang='lat' dir='ltr'><strong>quae</strong></span> <span class='ocrx_word' id='word_1_88' title='bbox 1500 599 1664 644; x_wconf 74' lang='lat' dir='ltr'><strong>dicimus,</strong></span> 
     </span>
     <span class='ocr_line' id='line_1_10' title="bbox 158 645 1661 693; baseline 0.001 -13"><span class='ocrx_word' id='word_1_89' title='bbox 158 645 303 680; x_wconf 80' lang='lat' dir='ltr'><strong>facilem</strong></span> <span class='ocrx_word' id='word_1_90' title='bbox 327 645 494 690; x_wconf 84' lang='lat' dir='ltr'><strong>(manum)</strong></span> <span class='ocrx_word' id='word_1_91' title='bbox 517 645 669 680; x_wconf 88' lang='lat' dir='ltr'><strong>facimus</strong></span> <span class='ocrx_word' id='word_1_92' title='bbox 696 648 737 680; x_wconf 91' lang='lat'><strong>11</strong></span> <span class='ocrx_word' id='word_1_93' title='bbox 752 671 763 689; x_wconf 93' lang='lat'>‚</span> <span class='ocrx_word' id='word_1_94' title='bbox 788 647 832 689; x_wconf 89' lang='lat'><strong>3,</strong></span> <span class='ocrx_word' id='word_1_95' title='bbox 857 647 913 681; x_wconf 91' lang='grc'><strong>99.</strong></span> <span class='ocrx_word' id='word_1_96' title='bbox 957 645 1087 693; x_wconf 85' lang='lat' dir='ltr'><strong>digitus</strong></span> <span class='ocrx_word' id='word_1_97' title='bbox 1115 645 1413 693; x_wconf 84' lang='lat' dir='ltr'><strong>distinguentibus</strong></span> <span class='ocrx_word' id='word_1_98' title='bbox 1438 647 1591 681; x_wconf 88' lang='lat' dir='ltr'><strong>decorus</strong></span> <span class='ocrx_word' id='word_1_99' title='bbox 1617 648 1661 681; x_wconf 82' lang='lat' dir='ltr'><strong>ib.</strong></span> 
     </span>
     <span class='ocr_line' id='line_1_11' title="bbox 158 691 1664 739; baseline 0.001 -13"><span class='ocrx_word' id='word_1_100' title='bbox 158 694 239 728; x_wconf 91' lang='lat'><strong>101.</strong></span> <span class='ocrx_word' id='word_1_101' title='bbox 266 692 382 727; x_wconf 83' lang='lat' dir='ltr'><strong>virtus</strong></span> <span class='ocrx_word' id='word_1_102' title='bbox 411 692 651 739; x_wconf 86' lang='lat' dir='ltr'><strong>distinguendi</strong></span> <span class='ocrx_word' id='word_1_103' title='bbox 685 693 840 726; x_wconf 81' lang='lat' dir='ltr'><strong>fortasse</strong></span> <span class='ocrx_word' id='word_1_104' title='bbox 867 691 913 726; x_wconf 88' lang='lat' dir='ltr'><strong>sit</strong></span> <span class='ocrx_word' id='word_1_105' title='bbox 944 704 1078 737; x_wconf 87' lang='lat' dir='ltr'><strong>parva,</strong></span> <span class='ocrx_word' id='word_1_106' title='bbox 1109 692 1186 726; x_wconf 90' lang='lat' dir='ltr'><strong>sine</strong></span> <span class='ocrx_word' id='word_1_107' title='bbox 1222 704 1293 736; x_wconf 83' lang='lat' dir='ltr'><strong>qua</strong></span> <span class='ocrx_word' id='word_1_108' title='bbox 1319 697 1439 727; x_wconf 88' lang='lat' dir='ltr'><strong>tamen</strong></span> <span class='ocrx_word' id='word_1_109' title='bbox 1461 703 1542 727; x_wconf 87' lang='lat' dir='ltr'><strong>esse</strong></span> <span class='ocrx_word' id='word_1_110' title='bbox 1565 693 1664 729; x_wconf 77' lang='lat' dir='ltr'><strong>nulla</strong></span> 
     </span>
     <span class='ocr_line' id='line_1_12' title="bbox 157 737 1662 785; baseline 0.001 -13"><span class='ocrx_word' id='word_1_111' title='bbox 157 738 227 772; x_wconf 85' lang='lat' dir='ltr'><strong>alia</strong></span> <span class='ocrx_word' id='word_1_112' title='bbox 250 738 289 772; x_wconf 89' lang='lat' dir='ltr'><strong>in</strong></span> <span class='ocrx_word' id='word_1_113' title='bbox 313 739 453 785; x_wconf 86' lang='lat' dir='ltr'><strong>agendo</strong></span> <span class='ocrx_word' id='word_1_114' title='bbox 483 744 603 782; x_wconf 77' lang='lat' dir='ltr'><strong>potest</strong></span> <span class='ocrx_word' id='word_1_115' title='bbox 626 741 670 772; x_wconf 88' lang='lat' dir='ltr'><strong>ib.</strong></span> <span class='ocrx_word' id='word_1_116' title='bbox 696 740 753 774; x_wconf 88' lang='lat'><strong>39.</strong></span> <span class='ocrx_word' id='word_1_117' title='bbox 790 737 929 772; x_wconf 89' lang='lat' dir='ltr'><strong>etiamsi</strong></span> <span class='ocrx_word' id='word_1_118' title='bbox 956 738 1053 772; x_wconf 86' lang='lat' dir='ltr'><strong>aliud</strong></span> <span class='ocrx_word' id='word_1_119' title='bbox 1075 744 1148 782; x_wconf 83' lang='lat' dir='ltr'><strong>est,</strong></span> <span class='ocrx_word' id='word_1_120' title='bbox 1182 739 1278 773; x_wconf 86' lang='lat' dir='ltr'><strong>unde</strong></span> <span class='ocrx_word' id='word_1_121' title='bbox 1300 738 1422 781; x_wconf 83' lang='lat' dir='ltr'><strong>venit,</strong></span> <span class='ocrx_word' id='word_1_122' title='bbox 1456 750 1563 784; x_wconf 86' lang='lat' dir='ltr'><strong>quam</strong></span> <span class='ocrx_word' id='word_1_123' title='bbox 1589 748 1662 783; x_wconf 89' lang='lat' dir='ltr'><strong>quo</strong></span> 
     </span>
     <span class='ocr_line' id='line_1_13' title="bbox 158 783 1661 831; baseline 0 -12"><span class='ocrx_word' id='word_1_124' title='bbox 158 783 284 827; x_wconf 86' lang='lat' dir='ltr'><strong>venit,</strong></span> <span class='ocrx_word' id='word_1_125' title='bbox 324 795 398 818; x_wconf 89' lang='lat' dir='ltr'><strong>non</strong></span> <span class='ocrx_word' id='word_1_126' title='bbox 445 784 834 831; x_wconf 86' lang='lat' dir='ltr'><strong>distinguendum</strong></span> <span class='ocrx_word' id='word_1_127' title='bbox 871 790 1015 828; x_wconf 88' lang='lat' dir='ltr'><strong>tamen,</strong></span> <span class='ocrx_word' id='word_1_128' title='bbox 1055 785 1137 829; x_wconf 88' lang='lat' dir='ltr'><strong>quia</strong></span> <span class='ocrx_word' id='word_1_129' title='bbox 1168 790 1360 830; x_wconf 71' lang='lat' dir='ltr'><strong>utriunque</strong></span> <span class='ocrx_word' id='word_1_130' title='bbox 1390 785 1518 819; x_wconf 88' lang='lat' dir='ltr'><strong>eodem</strong></span> <span class='ocrx_word' id='word_1_131' title='bbox 1550 785 1661 819; x_wconf 90' lang='lat' dir='ltr'><strong>modo</strong></span> 
     </span>
     <span class='ocr_line' id='line_1_14' title="bbox 158 830 1660 875; baseline 0 -10"><span class='ocrx_word' id='word_1_132' title='bbox 158 830 441 865; x_wconf 87' lang='lat' dir='ltr'><strong>continetur</strong></span> <span class='ocrx_word' id='word_1_133' title='bbox 468 831 584 866; x_wconf 83' lang='lat' dir='ltr'><strong>verbo</strong></span> <span class='ocrx_word' id='word_1_134' title='bbox 612 831 749 866; x_wconf 83' lang='lat' dir='ltr'><strong>venit</strong></span> <span class='ocrx_word' id='word_1_135' title='bbox 774 844 853 875; x_wconf 86' lang='lat' dir='ltr'><strong>opp.</strong></span> <span class='ocrx_word' id='word_1_136' title='bbox 879 831 1108 875; x_wconf 79' lang='lat' dir='ltr'><strong>suspenditur</strong></span> <span class='ocrx_word' id='word_1_137' title='bbox 1147 830 1305 875; x_wconf 85' lang='lat' dir='ltr'><strong>(sermo)</strong></span> <span class='ocrx_word' id='word_1_138' title='bbox 1339 832 1382 863; x_wconf 76' lang='lat' dir='ltr'><strong>il&gt;-</strong></span> <span class='ocrx_word' id='word_1_139' title='bbox 1420 831 1466 866; x_wconf 87' lang='grc'><strong>36</strong></span> <span class='ocrx_word' id='word_1_140' title='bbox 1489 832 1538 864; x_wconf 87' lang='grc' dir='ltr'><strong>Ν.</strong></span> <span class='ocrx_word' id='word_1_141' title='bbox 1570 832 1660 865; x_wconf 85' lang='lat' dir='ltr'><strong>haec</strong></span> 
     </span>
     <span class='ocr_line' id='line_1_15' title="bbox 156 876 1660 924; baseline 0 -14"><span class='ocrx_word' id='word_1_142' title='bbox 156 888 239 922; x_wconf 87' lang='lat' dir='ltr'><strong>pars</strong></span> <span class='ocrx_word' id='word_1_143' title='bbox 279 877 465 911; x_wconf 85' lang='lat' dir='ltr'><strong>dialectica</strong></span> <span class='ocrx_word' id='word_1_144' title='bbox 488 895 535 902; x_wconf 87' lang='lat'><strong>--</strong></span> <span class='ocrx_word' id='word_1_145' title='bbox 564 883 604 910; x_wconf 90' lang='lat' dir='ltr'><strong>ut</strong></span> <span class='ocrx_word' id='word_1_146' title='bbox 628 883 683 912; x_wconf 89' lang='lat' dir='ltr'><strong>est</strong></span> <span class='ocrx_word' id='word_1_147' title='bbox 718 876 815 911; x_wconf 89' lang='lat' dir='ltr'><strong>utilis</strong></span> <span class='ocrx_word' id='word_1_148' title='bbox 851 889 959 922; x_wconf 87' lang='lat' dir='ltr'><strong>saepe</strong></span> <span class='ocrx_word' id='word_1_149' title='bbox 997 898 1044 904; x_wconf 93' lang='lat'><strong>—-</strong></span> <span class='ocrx_word' id='word_1_150' title='bbox 1081 878 1298 913; x_wconf 82' lang='lat' dir='ltr'><strong>resolvenda</strong></span> <span class='ocrx_word' id='word_1_151' title='bbox 1324 876 1563 924; x_wconf 78' lang='lat' dir='ltr'><strong>¹ambiguitate</strong></span> <span class='ocrx_word' id='word_1_152' title='bbox 1595 876 1660 910; x_wconf 91' lang='lat' dir='ltr'><strong>di-</strong></span> 
     </span>
     <span class='ocr_line' id='line_1_16' title="bbox 157 923 1659 970; baseline 0 -14"><span class='ocrx_word' id='word_1_153' title='bbox 157 923 468 970; x_wconf 84' lang='lat' dir='ltr'><strong>stinguendo,</strong></span> <span class='ocrx_word' id='word_1_154' title='bbox 493 923 764 959; x_wconf 86' lang='lat' dir='ltr'><strong>dividendo</strong></span> <span class='ocrx_word' id='word_1_155' title='bbox 790 931 850 957; x_wconf 77' lang='lat' dir='ltr'><strong>etc.</strong></span> <span class='ocrx_word' id='word_1_156' title='bbox 881 927 934 967; x_wconf 81' lang='lat'><strong>12,</strong></span> <span class='ocrx_word' id='word_1_157' title='bbox 963 927 999 966; x_wconf 84' lang='lat'><strong>2,</strong></span> <span class='ocrx_word' id='word_1_158' title='bbox 1024 925 1093 967; x_wconf 80' lang='lat'><strong>133</strong></span> <span class='ocrx_word' id='word_1_159' title='bbox 1139 923 1200 968; x_wconf 90' lang='lat' dir='ltr'><strong>qui</strong></span> <span class='ocrx_word' id='word_1_160' title='bbox 1222 923 1380 958; x_wconf 82' lang='lat' dir='ltr'><strong>citharae</strong></span> <span class='ocrx_word' id='word_1_161' title='bbox 1406 933 1517 957; x_wconf 87' lang='lat' dir='ltr'><strong>sonos</strong></span> <span class='ocrx_word' id='word_1_162' title='bbox 1541 923 1659 957; x_wconf 86' lang='lat' dir='ltr'><strong>nomi-</strong></span> 
     </span>
     <span class='ocr_line' id='line_1_17' title="bbox 154 969 1659 1014; baseline -0.001 -11"><span class='ocrx_word' id='word_1_163' title='bbox 154 969 261 1003; x_wconf 88' lang='lat' dir='ltr'><strong>nibus</strong></span> <span class='ocrx_word' id='word_1_164' title='bbox 286 975 322 1004; x_wconf 89' lang='lat' dir='ltr'><strong>et</strong></span> <span class='ocrx_word' id='word_1_165' title='bbox 349 969 472 1014; x_wconf 87' lang='lat' dir='ltr'><strong>spatiis</strong></span> <span class='ocrx_word' id='word_1_166' title='bbox 496 969 700 1004; x_wconf 84' lang='lat' dir='ltr'><strong>distinxerit</strong></span> <span class='ocrx_word' id='word_1_167' title='bbox 725 973 764 1013; x_wconf 89' lang='lat'><strong>1,</strong></span> <span class='ocrx_word' id='word_1_168' title='bbox 791 972 855 1013; x_wconf 91' lang='grc'><strong>10,</strong></span> <span class='ocrx_word' id='word_1_169' title='bbox 886 972 919 1004; x_wconf 89' lang='lat'><strong>3.</strong></span> <span class='ocrx_word' id='word_1_170' title='bbox 947 970 992 1011; x_wconf 75' lang='lat' dir='ltr'><strong>ej:</strong></span> <span class='ocrx_word' id='word_1_171' title='bbox 1021 972 1065 1014; x_wconf 83' lang='lat'><strong>8,</strong></span> <span class='ocrx_word' id='word_1_172' title='bbox 1095 972 1140 1010; x_wconf 98' lang='lat'><strong>5,</strong></span> <span class='ocrx_word' id='word_1_173' title='bbox 1169 970 1226 1005; x_wconf 90' lang='grc'><strong>26.</strong></span> <span class='ocrx_word' id='word_1_174' title='bbox 1255 970 1424 1012; x_wconf 87' lang='lat' dir='ltr'><strong>malus,</strong></span> <span class='ocrx_word' id='word_1_175' title='bbox 1455 974 1575 1002; x_wconf 88' lang='lat' dir='ltr'><strong>utrum</strong></span> <span class='ocrx_word' id='word_1_176' title='bbox 1599 980 1659 1003; x_wconf 78' lang='lat' dir='ltr'><strong>ar-</strong></span> 
     </span>
     <span class='ocr_line' id='line_1_18' title="bbox 154 1015 1658 1063; baseline 0 -14"><span class='ocrx_word' id='word_1_177' title='bbox 154 1016 281 1050; x_wconf 86' lang='lat' dir='ltr'><strong>borem</strong></span> <span class='ocrx_word' id='word_1_178' title='bbox 305 1015 501 1063; x_wconf 88' lang='lat' dir='ltr'><strong>significet,</strong></span> <span class='ocrx_word' id='word_1_179' title='bbox 535 1028 582 1050; x_wconf 88' lang='lat' dir='ltr'><strong>an</strong></span> <span class='ocrx_word' id='word_1_180' title='bbox 610 1016 792 1051; x_wconf 89' lang='lat' dir='ltr'><strong>hominem</strong></span> <span class='ocrx_word' id='word_1_181' title='bbox 819 1026 896 1050; x_wconf 89' lang='lat' dir='ltr'><strong>non</strong></span> <span class='ocrx_word' id='word_1_182' title='bbox 921 1017 1076 1059; x_wconf 87' lang='lat' dir='ltr'><strong>bonmn,</strong></span> <span class='ocrx_word' id='word_1_183' title='bbox 1107 1016 1208 1061; x_wconf 88' lang='lat' dir='ltr'><strong>apice</strong></span> <span class='ocrx_word' id='word_1_184' title='bbox 1233 1015 1459 1062; x_wconf 86' lang='lat' dir='ltr'><strong>distinguitur</strong></span> <span class='ocrx_word' id='word_1_185' title='bbox 1488 1018 1530 1058; x_wconf 88' lang='lat'><strong>1,</strong></span> <span class='ocrx_word' id='word_1_186' title='bbox 1554 1018 1598 1058; x_wconf 89' lang='lat'><strong>7,</strong></span> <span class='ocrx_word' id='word_1_187' title='bbox 1622 1018 1658 1049; x_wconf 86' lang='lat'><strong>2.</strong></span> 
     </span>
     <span class='ocr_line' id='line_1_19' title="bbox 152 1060 1656 1109; baseline -0.001 -14"><span class='ocrx_word' id='word_1_188' title='bbox 152 1062 226 1096; x_wconf 87' lang='lat' dir='ltr'><strong>hoc</strong></span> <span class='ocrx_word' id='word_1_189' title='bbox 249 1072 363 1108; x_wconf 88' lang='lat' dir='ltr'><strong>genus</strong></span> <span class='ocrx_word' id='word_1_190' title='bbox 389 1062 519 1097; x_wconf 89' lang='lat' dir='ltr'><strong>Cicero</strong></span> <span class='ocrx_word' id='word_1_191' title='bbox 543 1062 692 1097; x_wconf 88' lang='lat' dir='ltr'><strong>scientia</strong></span> <span class='ocrx_word' id='word_1_192' title='bbox 721 1068 757 1096; x_wconf 90' lang='lat' dir='ltr'><strong>et</strong></span> <span class='ocrx_word' id='word_1_193' title='bbox 781 1063 923 1097; x_wconf 87' lang='lat' dir='ltr'><strong>actione</strong></span> <span class='ocrx_word' id='word_1_194' title='bbox 961 1062 1144 1109; x_wconf 86' lang='lat' dir='ltr'><strong>distinguit</strong></span> <span class='ocrx_word' id='word_1_195' title='bbox 1176 1064 1224 1105; x_wconf 90' lang='grc'>3,</span> <span class='ocrx_word' id='word_1_196' title='bbox 1259 1063 1303 1106; x_wconf 89' lang='grc'>5,</span> <span class='ocrx_word' id='word_1_197' title='bbox 1339 1063 1375 1097; x_wconf 87' lang='grc'><strong>6.</strong></span> <span class='ocrx_word' id='word_1_198' title='bbox 1410 1060 1656 1106; x_wconf 85' lang='lat' dir='ltr'><strong>expositiones</strong></span> 
     </span>
     <span class='ocr_line' id='line_1_20' title="bbox 153 1106 1657 1156; baseline -0.001 -14"><span class='ocrx_word' id='word_1_199' title='bbox 153 1108 258 1142; x_wconf 84' lang='lat' dir='ltr'><strong>brevi</strong></span> <span class='ocrx_word' id='word_1_200' title='bbox 284 1108 516 1142; x_wconf 81' lang='lat' dir='ltr'><strong>interfatione</strong></span> <span class='ocrx_word' id='word_1_201' title='bbox 543 1109 760 1156; x_wconf 89' lang='lat' dir='ltr'><strong>distinguere</strong></span> <span class='ocrx_word' id='word_1_202' title='bbox 787 1109 823 1152; x_wconf 91' lang='lat'><strong>4,</strong></span> <span class='ocrx_word' id='word_1_203' title='bbox 849 1112 884 1152; x_wconf 87' lang='grc'><strong>2,</strong></span> <span class='ocrx_word' id='word_1_204' title='bbox 914 1111 976 1152; x_wconf 90' lang='grc'><strong>50;</strong></span> <span class='ocrx_word' id='word_1_205' title='bbox 1011 1120 1089 1143; x_wconf 84' lang='lat' dir='ltr'><strong>esse</strong></span> <span class='ocrx_word' id='word_1_206' title='bbox 1116 1110 1250 1143; x_wconf 79' lang='lat' dir='ltr'><strong>flexum</strong></span> <span class='ocrx_word' id='word_1_207' title='bbox 1274 1108 1471 1153; x_wconf 80' lang='lat' dir='ltr'><strong>quendem,</strong></span> <span class='ocrx_word' id='word_1_208' title='bbox 1504 1117 1576 1152; x_wconf 86' lang='lat' dir='ltr'><strong>quo</strong></span> <span class='ocrx_word' id='word_1_209' title='bbox 1600 1106 1657 1141; x_wconf 88' lang='lat' dir='ltr'><strong>di-</strong></span> 
     </span>
     <span class='ocr_line' id='line_1_21' title="bbox 152 1152 1655 1200; baseline -0.001 -13"><span class='ocrx_word' id='word_1_210' title='bbox 152 1154 378 1200; x_wconf 84' lang='lat' dir='ltr'><strong>stinguantur</strong></span> <span class='ocrx_word' id='word_1_211' title='bbox 404 1155 459 1188; x_wconf 93' lang='lat' dir='ltr'><strong>ab</strong></span> <span class='ocrx_word' id='word_1_212' title='bbox 482 1154 550 1197; x_wconf 91' lang='lat' dir='ltr'><strong>iis,</strong></span> <span class='ocrx_word' id='word_1_213' title='bbox 575 1154 614 1188; x_wconf 88' lang='lat' dir='ltr'><strong>in</strong></span> <span class='ocrx_word' id='word_1_214' title='bbox 638 1155 766 1199; x_wconf 91' lang='lat' dir='ltr'><strong>quibus</strong></span> <span class='ocrx_word' id='word_1_215' title='bbox 791 1158 901 1198; x_wconf 69' lang='lat' dir='ltr'><strong>poeta</strong></span> <span class='ocrx_word' id='word_1_216' title='bbox 925 1166 1081 1199; x_wconf 86' lang='lat' dir='ltr'><strong>persona</strong></span> <span class='ocrx_word' id='word_1_217' title='bbox 1109 1167 1173 1189; x_wconf 87' lang='lat' dir='ltr'><strong>sua</strong></span> <span class='ocrx_word' id='word_1_218' title='bbox 1196 1159 1316 1189; x_wconf 84' lang='lat' dir='ltr'><strong>utetur</strong></span> <span class='ocrx_word' id='word_1_219' title='bbox 1339 1157 1380 1197; x_wconf 90' lang='lat'><strong>1,</strong></span> <span class='ocrx_word' id='word_1_220' title='bbox 1407 1155 1450 1198; x_wconf 89' lang='grc'>8,</span> <span class='ocrx_word' id='word_1_221' title='bbox 1477 1155 1512 1188; x_wconf 87' lang='grc'><strong>3.</strong></span> <span class='ocrx_word' id='word_1_222' title='bbox 1549 1152 1594 1195; x_wconf 62' lang='lat' dir='ltr'><strong>td:</strong></span> <span class='ocrx_word' id='word_1_223' title='bbox 1621 1155 1655 1197; x_wconf 90' lang='lat'><strong>1,</strong></span> 
     </span>
     <span class='ocr_line' id='line_1_22' title="bbox 151 1199 1653 1246; baseline -0.002 -10"><span class='ocrx_word' id='word_1_224' title='bbox 151 1203 193 1244; x_wconf 89' lang='lat'>7,</span> <span class='ocrx_word' id='word_1_225' title='bbox 219 1203 278 1234; x_wconf 91' lang='grc'><strong>27.</strong></span> <span class='ocrx_word' id='word_1_226' title='bbox 306 1199 425 1234; x_wconf 87' lang='lat' dir='ltr'><strong>thesin</strong></span> <span class='ocrx_word' id='word_1_227' title='bbox 449 1212 471 1233; x_wconf 90' lang='lat' dir='ltr'><strong>a</strong></span> <span class='ocrx_word' id='word_1_228' title='bbox 496 1211 603 1234; x_wconf 90' lang='lat' dir='ltr'><strong>causa</strong></span> <span class='ocrx_word' id='word_1_229' title='bbox 625 1201 678 1235; x_wconf 88' lang='lat' dir='ltr'><strong>sic</strong></span> <span class='ocrx_word' id='word_1_230' title='bbox 705 1199 926 1246; x_wconf 88' lang='lat' dir='ltr'><strong>distinguunt</strong></span> <span class='ocrx_word' id='word_1_231' title='bbox 954 1204 1000 1244; x_wconf 88' lang='lat'>3,</span> <span class='ocrx_word' id='word_1_232' title='bbox 1029 1201 1072 1244; x_wconf 88' lang='lat'>5,</span> <span class='ocrx_word' id='word_1_233' title='bbox 1107 1205 1162 1235; x_wconf 89' lang='lat'><strong>11.</strong></span> <span class='ocrx_word' id='word_1_234' title='bbox 1211 1200 1255 1244; x_wconf 79' lang='grc' dir='ltr'><strong>β)</strong></span> <span class='ocrx_word' id='word_1_235' title='bbox 1279 1203 1428 1234; x_wconf 68' lang='lat' dir='ltr'><strong>Par-tic„-</strong></span> <span class='ocrx_word' id='word_1_236' title='bbox 1464 1201 1653 1234; x_wconf 85' lang='lat' dir='ltr'><strong>Taurus</strong></span> 
     </span>
     <span class='ocr_line' id='line_1_23' title="bbox 150 1245 1652 1293; baseline 0.001 -13"><span class='ocrx_word' id='word_1_237' title='bbox 150 1245 284 1280; x_wconf 84' lang='lat' dir='ltr'><strong>animal</strong></span> <span class='ocrx_word' id='word_1_238' title='bbox 308 1245 374 1289; x_wconf 91' lang='lat' dir='ltr'><strong>sit,</strong></span> <span class='ocrx_word' id='word_1_239' title='bbox 402 1258 449 1280; x_wconf 90' lang='lat' dir='ltr'><strong>an</strong></span> <span class='ocrx_word' id='word_1_240' title='bbox 467 1257 571 1280; x_wconf 90' lang='lat' dir='ltr'><strong>mons</strong></span> <span class='ocrx_word' id='word_1_241' title='bbox 588 1253 648 1280; x_wconf 78' lang='lat' dir='ltr'><strong>etc.</strong></span> <span class='ocrx_word' id='word_1_242' title='bbox 661 1272 672 1290; x_wconf 91' lang='lat'>‚</span> <span class='ocrx_word' id='word_1_243' title='bbox 704 1246 774 1280; x_wconf 88' lang='lat' dir='ltr'><strong>nisi</strong></span> <span class='ocrx_word' id='word_1_244' title='bbox 801 1247 1007 1280; x_wconf 88' lang='lat' dir='ltr'><strong>distinctum</strong></span> <span class='ocrx_word' id='word_1_245' title='bbox 1027 1257 1101 1280; x_wconf 88' lang='lat' dir='ltr'><strong>non</strong></span> <span class='ocrx_word' id='word_1_246' title='bbox 1139 1246 1351 1293; x_wconf 82' lang='lat' dir='ltr'><strong>intelligitur</strong></span> <span class='ocrx_word' id='word_1_247' title='bbox 1386 1247 1421 1289; x_wconf 90' lang='lat'>8,</span> <span class='ocrx_word' id='word_1_248' title='bbox 1439 1248 1476 1288; x_wconf 91' lang='grc'>2,</span> <span class='ocrx_word' id='word_1_249' title='bbox 1495 1247 1552 1279; x_wconf 90' lang='grc'><strong>13.</strong></span> <span class='ocrx_word' id='word_1_250' title='bbox 1584 1246 1607 1278; x_wconf 92' lang='lat' dir='ltr'><strong>d</strong></span> <span class='ocrx_word' id='word_1_251' title='bbox 1620 1245 1652 1282; x_wconf 59' lang='lat' dir='ltr'><strong>i÷</strong></span> 
     </span>
     <span class='ocr_line' id='line_1_24' title="bbox 151 1290 1653 1337; baseline -0.001 -11"><span class='ocrx_word' id='word_1_252' title='bbox 151 1292 334 1327; x_wconf 74' lang='lat' dir='ltr'><strong>stin&#39;cta</strong></span> <span class='ocrx_word' id='word_1_253' title='bbox 359 1303 401 1326; x_wconf 89' lang='lat' dir='ltr'><strong>ac</strong></span> <span class='ocrx_word' id='word_1_254' title='bbox 431 1292 689 1337; x_wconf 88' lang='lat' dir='ltr'><strong>perspicua</strong></span> <span class='ocrx_word' id='word_1_255' title='bbox 721 1293 854 1327; x_wconf 89' lang='lat' dir='ltr'><strong>debere</strong></span> <span class='ocrx_word' id='word_1_256' title='bbox 882 1304 961 1327; x_wconf 88' lang='lat' dir='ltr'><strong>esse</strong></span> <span class='ocrx_word' id='word_1_257' title='bbox 996 1292 1234 1337; x_wconf 76' lang='lat' dir='ltr'><strong>(argumenta)</strong></span> <span class='ocrx_word' id='word_1_258' title='bbox 1269 1295 1312 1335; x_wconf 87' lang='lat'>5,</span> <span class='ocrx_word' id='word_1_259' title='bbox 1343 1290 1409 1333; x_wconf 85' lang='lat'><strong>14,</strong></span> <span class='ocrx_word' id='word_1_260' title='bbox 1443 1292 1653 1333; x_wconf 21' lang='lat' dir='ltr'><strong>33.veadem</strong></span> 
     </span>
     <span class='ocr_line' id='line_1_25' title="bbox 151 1337 1651 1383; baseline -0.001 -10"><span class='ocrx_word' id='word_1_261' title='bbox 151 1344 235 1373; x_wconf 89' lang='lat' dir='ltr'><strong>sunt</strong></span> <span class='ocrx_word' id='word_1_262' title='bbox 257 1338 296 1372; x_wconf 92' lang='lat' dir='ltr'><strong>in</strong></span> <span class='ocrx_word' id='word_1_263' title='bbox 321 1338 474 1373; x_wconf 82' lang='lat' dir='ltr'><strong>Oratore</strong></span> <span class='ocrx_word' id='word_1_264' title='bbox 499 1338 551 1382; x_wconf 83' lang='grc' dir='ltr'><strong>(ἰ.</strong></span> <span class='ocrx_word' id='word_1_265' title='bbox 578 1352 608 1372; x_wconf 85' lang='lat' dir='ltr'><strong>e.</strong></span> <span class='ocrx_word' id='word_1_266' title='bbox 636 1337 823 1381; x_wconf 85' lang='lat' dir='ltr'><strong>Ciceronis)</strong></span> <span class='ocrx_word' id='word_1_267' title='bbox 850 1339 1023 1383; x_wconf 85' lang='lat' dir='ltr'><strong>plurima,</strong></span> <span class='ocrx_word' id='word_1_268' title='bbox 1049 1348 1124 1372; x_wconf 91' lang='lat' dir='ltr'><strong>non</strong></span> <span class='ocrx_word' id='word_1_269' title='bbox 1154 1337 1275 1372; x_wconf 89' lang='lat' dir='ltr'><strong>omnia</strong></span> <span class='ocrx_word' id='word_1_270' title='bbox 1308 1343 1450 1380; x_wconf 89' lang='lat' dir='ltr'><strong>tamen,</strong></span> <span class='ocrx_word' id='word_1_271' title='bbox 1485 1342 1522 1371; x_wconf 88' lang='lat' dir='ltr'><strong>et</strong></span> <span class='ocrx_word' id='word_1_272' title='bbox 1542 1338 1651 1380; x_wconf 89' lang='lat' dir='ltr'><strong>paulo</strong></span> 
     </span>
     <span class='ocr_line' id='line_1_26' title="bbox 149 1383 1651 1432; baseline -0.003 -13"><span class='ocrx_word' id='word_1_273' title='bbox 149 1384 263 1432; x_wconf 80' lang='lat' dir='ltr'><strong>magis</strong></span> <span class='ocrx_word' id='word_1_274' title='bbox 288 1384 454 1418; x_wconf 86' lang='lat' dir='ltr'><strong>distincta</strong></span> <span class='ocrx_word' id='word_1_275' title='bbox 481 1386 517 1427; x_wconf 90' lang='grc'>9,</span> <span class='ocrx_word' id='word_1_276' title='bbox 549 1387 582 1428; x_wconf 97' lang='grc'><strong>1,</strong></span> <span class='ocrx_word' id='word_1_277' title='bbox 610 1385 668 1420; x_wconf 89' lang='grc'><strong>36.</strong></span> <span class='ocrx_word' id='word_1_278' title='bbox 711 1384 877 1418; x_wconf 87' lang='lat' dir='ltr'><strong>distincta</strong></span> <span class='ocrx_word' id='word_1_279' title='bbox 898 1391 1003 1427; x_wconf 77' lang='lat' dir='ltr'><strong>sunt3</strong></span> <span class='ocrx_word' id='word_1_280' title='bbox 1039 1385 1136 1419; x_wconf 89' lang='lat' dir='ltr'><strong>aliud</strong></span> <span class='ocrx_word' id='word_1_281' title='bbox 1165 1389 1219 1419; x_wconf 88' lang='lat' dir='ltr'><strong>est</strong></span> <span class='ocrx_word' id='word_1_282' title='bbox 1242 1383 1338 1418; x_wconf 87' lang='lat' dir='ltr'><strong>enim</strong></span> <span class='ocrx_word' id='word_1_283' title='bbox 1366 1383 1558 1417; x_wconf 84' lang='lat' dir='ltr'><strong>obscurum</strong></span> <span class='ocrx_word' id='word_1_284' title='bbox 1581 1383 1651 1427; x_wconf 87' lang='lat' dir='ltr'><strong>jus,</strong></span> 
     </span>
     <span class='ocr_line' id='line_1_27' title="bbox 151 1428 1652 1478; baseline -0.002 -13"><span class='ocrx_word' id='word_1_285' title='bbox 151 1431 250 1465; x_wconf 85' lang='lat' dir='ltr'><strong>aliud</strong></span> <span class='ocrx_word' id='word_1_286' title='bbox 274 1431 367 1465; x_wconf 85' lang='lat' dir='ltr'><strong>ambi</strong></span> <span class='ocrx_word' id='word_1_287' title='bbox 404 1443 478 1464; x_wconf 85' lang='grc'>111111</span> <span class='ocrx_word' id='word_1_288' title='bbox 511 1434 553 1474; x_wconf 83' lang='grc'><strong>7,</strong></span> <span class='ocrx_word' id='word_1_289' title='bbox 579 1434 646 1474; x_wconf 90' lang='grc'><strong>10,</strong></span> <span class='ocrx_word' id='word_1_290' title='bbox 671 1433 705 1464; x_wconf 89' lang='grc'><strong>2.</strong></span> <span class='ocrx_word' id='word_1_291' title='bbox 741 1438 879 1478; x_wconf 88' lang='lat' dir='ltr'><strong>gestum</strong></span> <span class='ocrx_word' id='word_1_292' title='bbox 905 1430 1111 1465; x_wconf 87' lang='lat' dir='ltr'><strong>distinctum</strong></span> <span class='ocrx_word' id='word_1_293' title='bbox 1142 1433 1208 1474; x_wconf 86' lang='grc'><strong>11,</strong></span> <span class='ocrx_word' id='word_1_294' title='bbox 1233 1431 1279 1473; x_wconf 88' lang='grc'><strong>3,</strong></span> <span class='ocrx_word' id='word_1_295' title='bbox 1304 1430 1371 1465; x_wconf 87' lang='grc'><strong>162</strong></span> <span class='ocrx_word' id='word_1_296' title='bbox 1407 1429 1457 1463; x_wconf 89' lang='grc' dir='ltr'><strong>Ν.</strong></span> <span class='ocrx_word' id='word_1_297' title='bbox 1493 1428 1652 1463; x_wconf 87' lang='lat' dir='ltr'><strong>narratio</strong></span> 
     </span>
     <span class='ocr_line' id='line_1_28' title="bbox 150 1441 1651 1528; baseline -0.002 -17"><span class='ocrx_word' id='word_1_298' title='bbox 150 1477 317 1512; x_wconf 88' lang='lat' dir='ltr'><strong>distincta</strong></span> <span class='ocrx_word' id='word_1_299' title='bbox 331 1441 453 1520; x_wconf 58' lang='grc' dir='ltr'>τθΐιιε,</span> <span class='ocrx_word' id='word_1_300' title='bbox 478 1477 659 1521; x_wconf 83' lang='lat' dir='ltr'><strong>personis,</strong></span> <span class='ocrx_word' id='word_1_301' title='bbox 683 1477 902 1521; x_wconf 80' lang='lat' dir='ltr'><strong>temporibus</strong></span> <span class='ocrx_word' id='word_1_302' title='bbox 927 1485 989 1511; x_wconf 77' lang='lat' dir='ltr'><strong>etc.</strong></span> <span class='ocrx_word' id='word_1_303' title='bbox 1016 1476 1051 1520; x_wconf 84' lang='lat'><strong>4,</strong></span> <span class='ocrx_word' id='word_1_304' title='bbox 1077 1479 1111 1518; x_wconf 83' lang='lat'><strong>2,</strong></span> <span class='ocrx_word' id='word_1_305' title='bbox 1134 1477 1191 1511; x_wconf 84' lang='lat'><strong>36.</strong></span> <span class='ocrx_word' id='word_1_306' title='bbox 1225 1481 1266 1510; x_wconf 83' lang='lat' dir='ltr'><strong>ut</strong></span> <span class='ocrx_word' id='word_1_307' title='bbox 1280 1475 1326 1510; x_wconf 89' lang='lat' dir='ltr'><strong>sit</strong></span> <span class='ocrx_word' id='word_1_308' title='bbox 1346 1474 1462 1528; x_wconf 76' lang='lat' dir='ltr'><strong>oratio</strong></span> <span class='ocrx_word' id='word_1_309' title='bbox 1483 1474 1651 1528; x_wconf 73' lang='lat' dir='ltr'><strong>distincta</strong></span> 
     </span>
     <span class='ocr_line' id='line_1_29' title="bbox 148 1522 1648 1570; baseline -0.002 -12"><span class='ocrx_word' id='word_1_310' title='bbox 148 1527 217 1567; x_wconf 89' lang='lat'><strong>11,</strong></span> <span class='ocrx_word' id='word_1_311' title='bbox 254 1526 300 1566; x_wconf 88' lang='grc'><strong>3,</strong></span> <span class='ocrx_word' id='word_1_312' title='bbox 336 1525 394 1559; x_wconf 89' lang='grc'><strong>35.</strong></span> <span class='ocrx_word' id='word_1_313' title='bbox 439 1524 691 1567; x_wconf 86' lang='lat' dir='ltr'><strong>imperfectum</strong></span> <span class='ocrx_word' id='word_1_314' title='bbox 727 1524 977 1570; x_wconf 79' lang='lat' dir='ltr'><strong>syllogismum</strong></span> <span class='ocrx_word' id='word_1_315' title='bbox 1000 1541 1045 1548; x_wconf 94' lang='lat'>—</span> <span class='ocrx_word' id='word_1_316' title='bbox 1080 1522 1163 1567; x_wconf 82' lang='lat' dir='ltr'><strong>quia</strong></span> <span class='ocrx_word' id='word_1_317' title='bbox 1193 1533 1262 1556; x_wconf 87' lang='lat' dir='ltr'><strong>nec</strong></span> <span class='ocrx_word' id='word_1_318' title='bbox 1293 1522 1544 1556; x_wconf 73' lang='lat' dir='ltr'><strong>distinctis</strong></span> <span class='ocrx_word' id='word_1_319' title='bbox 1578 1530 1648 1555; x_wconf 78' lang='lat' dir='ltr'><strong>nec</strong></span> 
     </span>
     <span class='ocr_line' id='line_1_30' title="bbox 146 1566 1649 1614; baseline -0.003 -10"><span class='ocrx_word' id='word_1_320' title='bbox 146 1569 340 1604; x_wconf 87' lang='lat' dir='ltr'><strong>totidem</strong></span> <span class='ocrx_word' id='word_1_321' title='bbox 375 1569 535 1614; x_wconf 87' lang='lat' dir='ltr'><strong>partibus</strong></span> <span class='ocrx_word' id='word_1_322' title='bbox 572 1570 847 1604; x_wconf 86' lang='lat' dir='ltr'><strong>concluderetur</strong></span> <span class='ocrx_word' id='word_1_323' title='bbox 875 1572 918 1614; x_wconf 87' lang='lat'><strong>5,</strong></span> <span class='ocrx_word' id='word_1_324' title='bbox 946 1572 1008 1614; x_wconf 91' lang='grc'><strong>10,</strong></span> <span class='ocrx_word' id='word_1_325' title='bbox 1033 1571 1068 1604; x_wconf 91' lang='grc'><strong>3.</strong></span> <span class='ocrx_word' id='word_1_326' title='bbox 1108 1579 1275 1603; x_wconf 89' lang='lat' dir='ltr'><strong>sermone</strong></span> <span class='ocrx_word' id='word_1_327' title='bbox 1303 1578 1419 1613; x_wconf 87' lang='lat' dir='ltr'><strong>puro</strong></span> <span class='ocrx_word' id='word_1_328' title='bbox 1444 1573 1488 1602; x_wconf 62' lang='lat' dir='ltr'><strong>&gt;et</strong></span> <span class='ocrx_word' id='word_1_329' title='bbox 1523 1566 1649 1601; x_wconf 86' lang='lat' dir='ltr'><strong>dilu-</strong></span> 
     </span>
     <span class='ocr_line' id='line_1_31' title="bbox 149 1615 871 1660; baseline 0 -9"><span class='ocrx_word' id='word_1_330' title='bbox 149 1616 254 1651; x_wconf 84' lang='lat' dir='ltr'><strong>cido</strong></span> <span class='ocrx_word' id='word_1_331' title='bbox 289 1622 325 1650; x_wconf 88' lang='lat' dir='ltr'><strong>et</strong></span> <span class='ocrx_word' id='word_1_332' title='bbox 356 1616 597 1651; x_wconf 84' lang='lat' dir='ltr'><strong>distincto</strong></span> <span class='ocrx_word' id='word_1_333' title='bbox 642 1617 690 1660; x_wconf 89' lang='grc'><strong>5,</strong></span> <span class='ocrx_word' id='word_1_334' title='bbox 718 1615 786 1660; x_wconf 89' lang='grc'><strong>14,</strong></span> <span class='ocrx_word' id='word_1_335' title='bbox 814 1618 871 1651; x_wconf 88' lang='grc'><strong>33.</strong></span> 
     </span>
    </p>
   </div>
   <div class='ocr_carea' id='block_1_4' title="bbox 101 1659 1650 2410">
    <p class='ocr_par' dir='ltr' id='par_1_4' title="bbox 101 1659 1650 2410">
     <span class='ocr_line' id='line_1_32' title="bbox 101 1659 1648 1721; baseline -0.004 -13"><span class='ocrx_word' id='word_1_336' title='bbox 101 1659 244 1704; x_wconf 78' lang='lat' dir='ltr'><strong>DiStO·</strong></span> <span class='ocrx_word' id='word_1_337' title='bbox 294 1674 337 1716; x_wconf 87' lang='grc' dir='ltr'><strong>α)</strong></span> <span class='ocrx_word' id='word_1_338' title='bbox 361 1684 433 1718; x_wconf 91' lang='lat' dir='ltr'><strong>quo</strong></span> <span class='ocrx_word' id='word_1_339' title='bbox 457 1674 567 1708; x_wconf 90' lang='lat' dir='ltr'><strong>modo</strong></span> <span class='ocrx_word' id='word_1_340' title='bbox 591 1674 765 1718; x_wconf 87' lang='lat' dir='ltr'><strong>quaedam</strong></span> <span class='ocrx_word' id='word_1_341' title='bbox 789 1673 828 1707; x_wconf 90' lang='lat' dir='ltr'><strong>in</strong></span> <span class='ocrx_word' id='word_1_342' title='bbox 851 1673 911 1707; x_wconf 89' lang='lat' dir='ltr'><strong>his</strong></span> <span class='ocrx_word' id='word_1_343' title='bbox 939 1672 1078 1717; x_wconf 87' lang='lat' dir='ltr'><strong>species</strong></span> <span class='ocrx_word' id='word_1_344' title='bbox 1102 1674 1208 1717; x_wconf 90' lang='lat' dir='ltr'><strong>plane</strong></span> <span class='ocrx_word' id='word_1_345' title='bbox 1232 1670 1436 1713; x_wconf 83' lang='lat' dir='ltr'><strong>distant,</strong></span> <span class='ocrx_word' id='word_1_346' title='bbox 1461 1669 1648 1721; x_wconf 45' lang='lat' dir='ltr'><strong>ita-quae-</strong></span> 
     </span>
     <span class='ocr_line' id='line_1_33' title="bbox 146 1714 1650 1764; baseline -0.003 -11"><span class='ocrx_word' id='word_1_347' title='bbox 146 1721 229 1753; x_wconf 85' lang='lat' dir='ltr'><strong>dam</strong></span> <span class='ocrx_word' id='word_1_348' title='bbox 256 1731 428 1764; x_wconf 80' lang='lat' dir='ltr'><strong>perquam</strong></span> <span class='ocrx_word' id='word_1_349' title='bbox 457 1720 556 1754; x_wconf 87' lang='lat' dir='ltr'><strong>tenui</strong></span> <span class='ocrx_word' id='word_1_350' title='bbox 579 1720 692 1754; x_wconf 89' lang='lat' dir='ltr'><strong>limite</strong></span> <span class='ocrx_word' id='word_1_351' title='bbox 717 1719 998 1755; x_wconf 83' lang='lat' dir='ltr'><strong>dividuntur</strong></span> <span class='ocrx_word' id='word_1_352' title='bbox 1025 1720 1068 1762; x_wconf 88' lang='grc'><strong>9,</strong></span> <span class='ocrx_word' id='word_1_353' title='bbox 1094 1724 1136 1760; x_wconf 83' lang='grc'><strong>1,</strong></span> <span class='ocrx_word' id='word_1_354' title='bbox 1161 1719 1194 1752; x_wconf 88' lang='lat'><strong>3.</strong></span> <span class='ocrx_word' id='word_1_355' title='bbox 1229 1722 1321 1761; x_wconf 79' lang='lat' dir='ltr'><strong>quae</strong></span> <span class='ocrx_word' id='word_1_356' title='bbox 1346 1716 1460 1750; x_wconf 83' lang='lat' dir='ltr'><strong>finitio</strong></span> <span class='ocrx_word' id='word_1_357' title='bbox 1479 1720 1591 1750; x_wconf 23' lang='lat' dir='ltr'><strong>*etiam</strong></span> <span class='ocrx_word' id='word_1_358' title='bbox 1616 1714 1650 1763; x_wconf 68' lang='lat' dir='ltr'><strong>si</strong></span> 
     </span>
     <span class='ocr_line' id='line_1_34' title="bbox 145 1759 1644 1811; baseline -0.003 -12"><span class='ocrx_word' id='word_1_359' title='bbox 145 1765 252 1800; x_wconf 87' lang='lat' dir='ltr'><strong>distat</strong></span> <span class='ocrx_word' id='word_1_360' title='bbox 274 1765 394 1810; x_wconf 89' lang='lat' dir='ltr'><strong>aliquo</strong></span> <span class='ocrx_word' id='word_1_361' title='bbox 419 1769 454 1808; x_wconf 90' lang='lat'><strong>7,</strong></span> <span class='ocrx_word' id='word_1_362' title='bbox 484 1768 520 1809; x_wconf 83' lang='lat'><strong>3,</strong></span> <span class='ocrx_word' id='word_1_363' title='bbox 546 1767 604 1802; x_wconf 83' lang='lat'><strong>26.</strong></span> <span class='ocrx_word' id='word_1_364' title='bbox 629 1765 791 1800; x_wconf 85' lang='lat' dir='ltr'><strong>moribus</strong></span> <span class='ocrx_word' id='word_1_365' title='bbox 816 1772 854 1800; x_wconf 87' lang='lat' dir='ltr'><strong>et</strong></span> <span class='ocrx_word' id='word_1_366' title='bbox 873 1765 1014 1811; x_wconf 88' lang='lat' dir='ltr'><strong>legibus</strong></span> <span class='ocrx_word' id='word_1_367' title='bbox 1041 1764 1171 1798; x_wconf 86' lang='lat' dir='ltr'><strong>distant</strong></span> <span class='ocrx_word' id='word_1_368' title='bbox 1194 1761 1391 1806; x_wconf 73' lang='lat' dir='ltr'><strong>(civitates)</strong></span> <span class='ocrx_word' id='word_1_369' title='bbox 1422 1763 1467 1804; x_wconf 90' lang='lat'><strong>5,</strong></span> <span class='ocrx_word' id='word_1_370' title='bbox 1488 1763 1560 1804; x_wconf 48' lang='grc' dir='ltr'><strong>Ἰ10,</strong></span> <span class='ocrx_word' id='word_1_371' title='bbox 1585 1759 1644 1795; x_wconf 85' lang='grc'><strong>40.</strong></span> 
     </span>
     <span class='ocr_line' id='line_1_35' title="bbox 142 1805 1644 1859; baseline -0.003 -13"><span class='ocrx_word' id='word_1_372' title='bbox 142 1812 174 1846; x_wconf 89' lang='lat' dir='ltr'><strong>si</strong></span> <span class='ocrx_word' id='word_1_373' title='bbox 203 1811 361 1856; x_wconf 84' lang='lat' dir='ltr'><strong>porrecti</strong></span> <span class='ocrx_word' id='word_1_374' title='bbox 383 1812 551 1856; x_wconf 89' lang='lat' dir='ltr'><strong>utrinque</strong></span> <span class='ocrx_word' id='word_1_375' title='bbox 586 1811 805 1846; x_wconf 81' lang='lat' dir='ltr'><strong>undeviceni</strong></span> <span class='ocrx_word' id='word_1_376' title='bbox 836 1810 985 1855; x_wconf 79' lang='lat' dir='ltr'><strong>(pedes)</strong></span> <span class='ocrx_word' id='word_1_377' title='bbox 1019 1809 1168 1856; x_wconf 86' lang='lat' dir='ltr'><strong>singulis</strong></span> <span class='ocrx_word' id='word_1_378' title='bbox 1194 1807 1326 1842; x_wconf 85' lang='lat' dir='ltr'><strong>distent</strong></span> <span class='ocrx_word' id='word_1_379' title='bbox 1349 1810 1392 1850; x_wconf 88' lang='lat'><strong>1,</strong></span> <span class='ocrx_word' id='word_1_380' title='bbox 1427 1809 1492 1859; x_wconf 44' lang='grc'>10,,</span> <span class='ocrx_word' id='word_1_381' title='bbox 1524 1805 1573 1840; x_wconf 83' lang='grc'><strong>44</strong></span> <span class='ocrx_word' id='word_1_382' title='bbox 1594 1807 1644 1842; x_wconf 86' lang='grc' dir='ltr'><strong>Ν.</strong></span> 
     </span>
     <span class='ocr_line' id='line_1_36' title="bbox 143 1852 1643 1903; baseline -0.005 -9"><span class='ocrx_word' id='word_1_383' title='bbox 143 1858 281 1894; x_wconf 87' lang='lat' dir='ltr'><strong>Verum</strong></span> <span class='ocrx_word' id='word_1_384' title='bbox 302 1863 514 1903; x_wconf 86' lang='lat' dir='ltr'><strong>utrumque,</strong></span> <span class='ocrx_word' id='word_1_385' title='bbox 540 1869 582 1892; x_wconf 87' lang='lat' dir='ltr'><strong>ac</strong></span> <span class='ocrx_word' id='word_1_386' title='bbox 608 1857 740 1891; x_wconf 90' lang='lat' dir='ltr'><strong>merito</strong></span> <span class='ocrx_word' id='word_1_387' title='bbox 766 1858 941 1900; x_wconf 86' lang='lat' dir='ltr'><strong>laudatur.</strong></span> <span class='ocrx_word' id='word_1_388' title='bbox 967 1855 1163 1891; x_wconf 86' lang='lat' dir='ltr'><strong>Causarum</strong></span> <span class='ocrx_word' id='word_1_389' title='bbox 1189 1854 1286 1889; x_wconf 90' lang='lat' dir='ltr'><strong>enim</strong></span> <span class='ocrx_word' id='word_1_390' title='bbox 1311 1854 1422 1888; x_wconf 90' lang='lat' dir='ltr'><strong>modo</strong></span> <span class='ocrx_word' id='word_1_391' title='bbox 1450 1852 1556 1888; x_wconf 71' lang='lat' dir='ltr'><strong>distat</strong></span> <span class='ocrx_word' id='word_1_392' title='bbox 1585 1855 1643 1896; x_wconf 88' lang='lat'><strong>11,</strong></span> 
     </span>
     <span class='ocr_line' id='line_1_37' title="bbox 145 1899 1646 1948; baseline -0.003 -10"><span class='ocrx_word' id='word_1_393' title='bbox 145 1907 177 1948; x_wconf 85' lang='lat' dir='ltr'><strong>t,</strong></span> <span class='ocrx_word' id='word_1_394' title='bbox 201 1905 260 1940; x_wconf 90' lang='grc'><strong>93.</strong></span> <span class='ocrx_word' id='word_1_395' title='bbox 291 1906 416 1937; x_wconf 72' lang='lat' dir='ltr'><strong>natura</strong></span> <span class='ocrx_word' id='word_1_396' title='bbox 443 1905 615 1947; x_wconf 89' lang='lat' dir='ltr'><strong>cujusque</strong></span> <span class='ocrx_word' id='word_1_397' title='bbox 642 1909 757 1937; x_wconf 89' lang='lat' dir='ltr'><strong>totum</strong></span> <span class='ocrx_word' id='word_1_398' title='bbox 780 1906 936 1947; x_wconf 62' lang='lat' dir='ltr'><strong>curaque</strong></span> <span class='ocrx_word' id='word_1_399' title='bbox 965 1903 1070 1935; x_wconf 86' lang='lat' dir='ltr'><strong>distat</strong></span> <span class='ocrx_word' id='word_1_400' title='bbox 1095 1905 1128 1945; x_wconf 91' lang='lat'><strong>1,</strong></span> <span class='ocrx_word' id='word_1_401' title='bbox 1145 1904 1180 1943; x_wconf 88' lang='lat'><strong>2,</strong></span> <span class='ocrx_word' id='word_1_402' title='bbox 1202 1899 1237 1934; x_wconf 89' lang='lat'><strong>4.</strong></span> <span class='ocrx_word' id='word_1_403' title='bbox 1261 1899 1299 1934; x_wconf 88' lang='lat' dir='ltr'><strong>in</strong></span> <span class='ocrx_word' id='word_1_404' title='bbox 1321 1899 1502 1944; x_wconf 85' lang='lat' dir='ltr'><strong>plerisque</strong></span> <span class='ocrx_word' id='word_1_405' title='bbox 1527 1899 1646 1939; x_wconf 85' lang='lat' dir='ltr'><strong>idem</strong></span> 
     </span>
     <span class='ocr_line' id='line_1_38' title="bbox 143 1944 1644 1994; baseline -0.003 -11"><span class='ocrx_word' id='word_1_406' title='bbox 143 1955 237 1994; x_wconf 70' lang='lat' dir='ltr'><strong>est,</strong></span> <span class='ocrx_word' id='word_1_407' title='bbox 262 1949 323 1994; x_wconf 89' lang='lat' dir='ltr'><strong>qui</strong></span> <span class='ocrx_word' id='word_1_408' title='bbox 351 1950 448 1983; x_wconf 91' lang='lat' dir='ltr'><strong>circa</strong></span> <span class='ocrx_word' id='word_1_409' title='bbox 470 1955 579 1984; x_wconf 88' lang='lat' dir='ltr'><strong>testes</strong></span> <span class='ocrx_word' id='word_1_410' title='bbox 605 1951 727 1991; x_wconf 90' lang='lat' dir='ltr'><strong>locus,</strong></span> <span class='ocrx_word' id='word_1_411' title='bbox 756 1954 791 1982; x_wconf 89' lang='lat' dir='ltr'><strong>et</strong></span> <span class='ocrx_word' id='word_1_412' title='bbox 814 1947 978 1993; x_wconf 90' lang='lat' dir='ltr'><strong>personis</strong></span> <span class='ocrx_word' id='word_1_413' title='bbox 1002 1949 1111 1982; x_wconf 88' lang='lat' dir='ltr'><strong>modo</strong></span> <span class='ocrx_word' id='word_1_414' title='bbox 1137 1947 1286 1981; x_wconf 86' lang='lat' dir='ltr'><strong>distat</strong></span> <span class='ocrx_word' id='word_1_415' title='bbox 1319 1947 1355 1989; x_wconf 88' lang='lat'><strong>6,</strong></span> <span class='ocrx_word' id='word_1_416' title='bbox 1384 1944 1431 1988; x_wconf 84' lang='lat'><strong>4,</strong></span> <span class='ocrx_word' id='word_1_417' title='bbox 1455 1948 1499 1979; x_wconf 85' lang='lat'><strong>21</strong></span> <span class='ocrx_word' id='word_1_418' title='bbox 1525 1946 1580 1988; x_wconf 82' lang='lat' dir='ltr'><strong>N;</strong></span> <span class='ocrx_word' id='word_1_419' title='bbox 1604 1945 1644 1980; x_wconf 81' lang='grc'><strong>111</strong></span> 
     </span>
     <span class='ocr_line' id='line_1_39' title="bbox 142 1991 1643 2039; baseline -0.003 -8"><span class='ocrx_word' id='word_1_420' title='bbox 142 2001 259 2031; x_wconf 87' lang='lat' dir='ltr'><strong>totum</strong></span> <span class='ocrx_word' id='word_1_421' title='bbox 284 2001 401 2029; x_wconf 86' lang='lat' dir='ltr'><strong>autem</strong></span> <span class='ocrx_word' id='word_1_422' title='bbox 428 1996 638 2039; x_wconf 83' lang='lat' dir='ltr'><strong>metaphora</strong></span> <span class='ocrx_word' id='word_1_423' title='bbox 670 1994 819 2029; x_wconf 86' lang='lat' dir='ltr'><strong>brevior</strong></span> <span class='ocrx_word' id='word_1_424' title='bbox 854 2000 908 2029; x_wconf 89' lang='lat' dir='ltr'><strong>est</strong></span> <span class='ocrx_word' id='word_1_425' title='bbox 946 1994 1162 2028; x_wconf 85' lang='lat' dir='ltr'><strong>similitudo:</strong></span> <span class='ocrx_word' id='word_1_426' title='bbox 1200 2003 1342 2037; x_wconf 40' lang='lat' dir='ltr'><strong>eoque.</strong></span> <span class='ocrx_word' id='word_1_427' title='bbox 1357 1991 1482 2034; x_wconf 85' lang='lat' dir='ltr'><strong>distat,</strong></span> <span class='ocrx_word' id='word_1_428' title='bbox 1514 1991 1643 2036; x_wconf 74' lang='lat' dir='ltr'><strong>quo&#39;d</strong></span> 
     </span>
     <span class='ocr_line' id='line_1_40' title="bbox 142 2037 1643 2086; baseline -0.004 -10"><span class='ocrx_word' id='word_1_429' title='bbox 142 2050 207 2076; x_wconf 80' lang='lat' dir='ltr'><strong>ete.</strong></span> <span class='ocrx_word' id='word_1_430' title='bbox 232 2043 268 2085; x_wconf 88' lang='lat'><strong>8,</strong></span> <span class='ocrx_word' id='word_1_431' title='bbox 291 2041 327 2085; x_wconf 88' lang='grc'><strong>6,</strong></span> <span class='ocrx_word' id='word_1_432' title='bbox 351 2043 386 2076; x_wconf 89' lang='grc'><strong>8.</strong></span> <span class='ocrx_word' id='word_1_433' title='bbox 423 2052 478 2076; x_wconf 86' lang='lat' dir='ltr'><strong>eo</strong></span> <span class='ocrx_word' id='word_1_434' title='bbox 515 2041 648 2076; x_wconf 88' lang='lat' dir='ltr'><strong>distare</strong></span> <span class='ocrx_word' id='word_1_435' title='bbox 670 2041 895 2085; x_wconf 83' lang='lat' dir='ltr'><strong>prooemium</strong></span> <span class='ocrx_word' id='word_1_436' title='bbox 927 2041 988 2075; x_wconf 83' lang='lat' dir='ltr'><strong>ab</strong></span> <span class='ocrx_word' id='word_1_437' title='bbox 1020 2040 1185 2086; x_wconf 81' lang='lat' dir='ltr'><strong>epilogo,</strong></span> <span class='ocrx_word' id='word_1_438' title='bbox 1215 2038 1339 2083; x_wconf 86' lang='lat' dir='ltr'><strong>quod</strong></span> <span class='ocrx_word' id='word_1_439' title='bbox 1378 2045 1440 2071; x_wconf 75' lang='lat' dir='ltr'><strong>ete.</strong></span> <span class='ocrx_word' id='word_1_440' title='bbox 1464 2037 1501 2081; x_wconf 87' lang='lat'><strong>4,</strong></span> <span class='ocrx_word' id='word_1_441' title='bbox 1526 2040 1560 2081; x_wconf 89' lang='lat'><strong>1,</strong></span> <span class='ocrx_word' id='word_1_442' title='bbox 1583 2038 1643 2076; x_wconf 77' lang='grc'><strong>28,</strong></span> 
     </span>
     <span class='ocr_line' id='line_1_41' title="bbox 142 2083 1641 2134; baseline -0.005 -11"><span class='ocrx_word' id='word_1_443' title='bbox 142 2099 236 2133; x_wconf 80' lang='lat' dir='ltr'><strong>quae</strong></span> <span class='ocrx_word' id='word_1_444' title='bbox 260 2088 333 2122; x_wconf 90' lang='lat' dir='ltr'><strong>duo</strong></span> <span class='ocrx_word' id='word_1_445' title='bbox 358 2098 491 2134; x_wconf 86' lang='lat' dir='ltr'><strong>genera</strong></span> <span class='ocrx_word' id='word_1_446' title='bbox 513 2098 590 2122; x_wconf 87' lang='lat' dir='ltr'><strong>non</strong></span> <span class='ocrx_word' id='word_1_447' title='bbox 611 2089 761 2121; x_wconf 90' lang='lat' dir='ltr'><strong>multum</strong></span> <span class='ocrx_word' id='word_1_448' title='bbox 784 2087 918 2122; x_wconf 88' lang='lat' dir='ltr'><strong>inter</strong></span> <span class='ocrx_word' id='word_1_449' title='bbox 941 2098 982 2122; x_wconf 87' lang='lat' dir='ltr'><strong>se</strong></span> <span class='ocrx_word' id='word_1_450' title='bbox 1004 2087 1135 2120; x_wconf 85' lang='lat' dir='ltr'><strong>distant</strong></span> <span class='ocrx_word' id='word_1_451' title='bbox 1160 2089 1196 2129; x_wconf 95' lang='lat'><strong>7,</strong></span> <span class='ocrx_word' id='word_1_452' title='bbox 1224 2088 1259 2127; x_wconf 90' lang='grc'><strong>2,</strong></span> <span class='ocrx_word' id='word_1_453' title='bbox 1281 2086 1316 2119; x_wconf 90' lang='grc'><strong>3.</strong></span> <span class='ocrx_word' id='word_1_454' title='bbox 1344 2083 1390 2126; x_wconf 78' lang='lat' dir='ltr'><strong>cf.</strong></span> <span class='ocrx_word' id='word_1_455' title='bbox 1419 2086 1475 2125; x_wconf 90' lang='grc'><strong>12,</strong></span> <span class='ocrx_word' id='word_1_456' title='bbox 1502 2085 1559 2125; x_wconf 88' lang='grc'><strong>10,</strong></span> <span class='ocrx_word' id='word_1_457' title='bbox 1586 2085 1641 2117; x_wconf 89' lang='grc'><strong>11.</strong></span> 
     </span>
     <span class='ocr_line' id='line_1_42' title="bbox 141 2131 1642 2177; baseline -0.003 -9"><span class='ocrx_word' id='word_1_458' title='bbox 141 2135 214 2169; x_wconf 89' lang='lat' dir='ltr'><strong>hoc</strong></span> <span class='ocrx_word' id='word_1_459' title='bbox 250 2135 302 2168; x_wconf 88' lang='lat' dir='ltr'><strong>ab</strong></span> <span class='ocrx_word' id='word_1_460' title='bbox 334 2134 549 2168; x_wconf 87' lang='lat' dir='ltr'><strong>elocutionis</strong></span> <span class='ocrx_word' id='word_1_461' title='bbox 583 2134 724 2168; x_wconf 88' lang='lat' dir='ltr'><strong>ratione</strong></span> <span class='ocrx_word' id='word_1_462' title='bbox 761 2134 866 2168; x_wconf 89' lang='lat' dir='ltr'><strong>distat</strong></span> <span class='ocrx_word' id='word_1_463' title='bbox 900 2135 947 2175; x_wconf 84' lang='lat'><strong>8,</strong></span> <span class='ocrx_word' id='word_1_464' title='bbox 971 2134 1014 2176; x_wconf 87' lang='lat'><strong>6,</strong></span> <span class='ocrx_word' id='word_1_465' title='bbox 1039 2136 1096 2167; x_wconf 91' lang='grc'><strong>22.</strong></span> <span class='ocrx_word' id='word_1_466' title='bbox 1127 2142 1199 2177; x_wconf 90' lang='lat' dir='ltr'><strong>quo</strong></span> <span class='ocrx_word' id='word_1_467' title='bbox 1228 2131 1334 2165; x_wconf 84' lang='lat' dir='ltr'><strong>distet</strong></span> <span class='ocrx_word' id='word_1_468' title='bbox 1364 2131 1457 2164; x_wconf 85' lang='lat' dir='ltr'><strong>haec</strong></span> <span class='ocrx_word' id='word_1_469' title='bbox 1488 2139 1595 2163; x_wconf 82' lang='lat' dir='ltr'><strong>causa</strong></span> <span class='ocrx_word' id='word_1_470' title='bbox 1620 2140 1642 2164; x_wconf 75' lang='lat' dir='ltr'><strong>a</strong></span> 
     </span>
     <span class='ocr_line' id='line_1_43' title="bbox 144 2175 1641 2224; baseline -0.005 -9"><span class='ocrx_word' id='word_1_471' title='bbox 144 2181 274 2215; x_wconf 84' lang='lat' dir='ltr'><strong>ceteris</strong></span> <span class='ocrx_word' id='word_1_472' title='bbox 300 2180 335 2224; x_wconf 90' lang='lat'><strong>5,</strong></span> <span class='ocrx_word' id='word_1_473' title='bbox 364 2183 429 2223; x_wconf 91' lang='lat'><strong>10,</strong></span> <span class='ocrx_word' id='word_1_474' title='bbox 456 2180 534 2215; x_wconf 81' lang='lat'><strong>114.</strong></span> <span class='ocrx_word' id='word_1_475' title='bbox 564 2191 634 2215; x_wconf 90' lang='lat' dir='ltr'><strong>nec</strong></span> <span class='ocrx_word' id='word_1_476' title='bbox 656 2182 808 2214; x_wconf 91' lang='lat' dir='ltr'><strong>multum</strong></span> <span class='ocrx_word' id='word_1_477' title='bbox 836 2191 857 2213; x_wconf 89' lang='lat' dir='ltr'><strong>a</strong></span> <span class='ocrx_word' id='word_1_478' title='bbox 879 2179 1014 2224; x_wconf 87' lang='lat' dir='ltr'><strong>judicio</strong></span> <span class='ocrx_word' id='word_1_479' title='bbox 1039 2179 1171 2213; x_wconf 87' lang='lat' dir='ltr'><strong>distare</strong></span> <span class='ocrx_word' id='word_1_480' title='bbox 1210 2176 1423 2219; x_wconf 83' lang='lat' dir='ltr'><strong>consilium,</strong></span> <span class='ocrx_word' id='word_1_481' title='bbox 1447 2175 1521 2209; x_wconf 82' lang='lat' dir='ltr'><strong>nisi</strong></span> <span class='ocrx_word' id='word_1_482' title='bbox 1544 2175 1641 2220; x_wconf 84' lang='lat' dir='ltr'><strong>quod</strong></span> 
     </span>
     <span class='ocr_line' id='line_1_44' title="bbox 143 2222 1642 2274; baseline -0.003 -15"><span class='ocrx_word' id='word_1_483' title='bbox 143 2234 206 2260; x_wconf 79' lang='lat' dir='ltr'><strong>etc.</strong></span> <span class='ocrx_word' id='word_1_484' title='bbox 231 2228 266 2269; x_wconf 83' lang='lat'><strong>6,</strong></span> <span class='ocrx_word' id='word_1_485' title='bbox 292 2228 327 2269; x_wconf 89' lang='grc'><strong>5,</strong></span> <span class='ocrx_word' id='word_1_486' title='bbox 352 2228 387 2261; x_wconf 91' lang='grc'><strong>3.</strong></span> <span class='ocrx_word' id='word_1_487' title='bbox 415 2232 455 2261; x_wconf 88' lang='lat' dir='ltr'><strong>ut</strong></span> <span class='ocrx_word' id='word_1_488' title='bbox 479 2238 500 2261; x_wconf 88' lang='grc'>8</span> <span class='ocrx_word' id='word_1_489' title='bbox 524 2226 686 2274; x_wconf 88' lang='lat' dir='ltr'><strong>diligenti</strong></span> <span class='ocrx_word' id='word_1_490' title='bbox 722 2226 885 2261; x_wconf 88' lang='lat' dir='ltr'><strong>curiosus</strong></span> <span class='ocrx_word' id='word_1_491' title='bbox 912 2226 1018 2259; x_wconf 80' lang='lat' dir='ltr'><strong>distat</strong></span> <span class='ocrx_word' id='word_1_492' title='bbox 1044 2226 1088 2266; x_wconf 93' lang='grc'><strong>8,</strong></span> <span class='ocrx_word' id='word_1_493' title='bbox 1115 2227 1158 2267; x_wconf 88' lang='grc'><strong>3,</strong></span> <span class='ocrx_word' id='word_1_494' title='bbox 1181 2224 1238 2259; x_wconf 84' lang='grc'><strong>55.</strong></span> <span class='ocrx_word' id='word_1_495' title='bbox 1261 2222 1455 2258; x_wconf 85' lang='lat' dir='ltr'><strong>maledicus</strong></span> <span class='ocrx_word' id='word_1_496' title='bbox 1482 2233 1503 2255; x_wconf 83' lang='lat' dir='ltr'><strong>a</strong></span> <span class='ocrx_word' id='word_1_497' title='bbox 1526 2222 1642 2255; x_wconf 88' lang='lat' dir='ltr'><strong>male-</strong></span> 
     </span>
     <span class='ocr_line' id='line_1_45' title="bbox 141 2267 1640 2316; baseline -0.003 -11"><span class='ocrx_word' id='word_1_498' title='bbox 141 2271 214 2306; x_wconf 85' lang='lat' dir='ltr'><strong>fico</strong></span> <span class='ocrx_word' id='word_1_499' title='bbox 241 2283 316 2306; x_wconf 88' lang='lat' dir='ltr'><strong>non</strong></span> <span class='ocrx_word' id='word_1_500' title='bbox 341 2272 467 2316; x_wconf 87' lang='lat' dir='ltr'><strong>distat,</strong></span> <span class='ocrx_word' id='word_1_501' title='bbox 502 2273 572 2307; x_wconf 89' lang='lat' dir='ltr'><strong>nisi</strong></span> <span class='ocrx_word' id='word_1_502' title='bbox 601 2273 793 2307; x_wconf 89' lang='lat' dir='ltr'><strong>occasione</strong></span> <span class='ocrx_word' id='word_1_503' title='bbox 830 2275 893 2315; x_wconf 85' lang='lat'><strong>12,</strong></span> <span class='ocrx_word' id='word_1_504' title='bbox 923 2273 967 2315; x_wconf 90' lang='grc'><strong>9,</strong></span> <span class='ocrx_word' id='word_1_505' title='bbox 998 2271 1033 2307; x_wconf 90' lang='grc'><strong>9.</strong></span> <span class='ocrx_word' id='word_1_506' title='bbox 1062 2267 1360 2315; x_wconf 51' lang='lat' dir='ltr'><strong>(prosopopoeia)</strong></span> <span class='ocrx_word' id='word_1_507' title='bbox 1394 2268 1494 2306; x_wconf 77' lang='lat' dir='ltr'><strong>nullo</strong></span> <span class='ocrx_word' id='word_1_508' title='bbox 1529 2268 1640 2302; x_wconf 88' lang='lat' dir='ltr'><strong>modo</strong></span> 
     </span>
     <span class='ocr_line' id='line_1_46' title="bbox 144 2310 1638 2365; baseline -0.002 -15"><span class='ocrx_word' id='word_1_509' title='bbox 144 2317 229 2360; x_wconf 87' lang='lat' dir='ltr'><strong>(Sp.</strong></span> <span class='ocrx_word' id='word_1_510' title='bbox 256 2317 346 2361; x_wconf 75' lang='lat' dir='ltr'><strong>aliu)</strong></span> <span class='ocrx_word' id='word_1_511' title='bbox 370 2320 413 2352; x_wconf 86' lang='lat' dir='ltr'><strong>ab</strong></span> <span class='ocrx_word' id='word_1_512' title='bbox 438 2319 494 2353; x_wconf 91' lang='lat' dir='ltr'><strong>his</strong></span> <span class='ocrx_word' id='word_1_513' title='bbox 519 2320 624 2354; x_wconf 88' lang='lat' dir='ltr'><strong>distat</strong></span> <span class='ocrx_word' id='word_1_514' title='bbox 648 2319 733 2363; x_wconf 87' lang='lat' dir='ltr'><strong>(Sp.</strong></span> <span class='ocrx_word' id='word_1_515' title='bbox 758 2317 923 2362; x_wconf 87' lang='lat' dir='ltr'><strong>distant),</strong></span> <span class='ocrx_word' id='word_1_516' title='bbox 948 2329 1054 2363; x_wconf 87' lang='lat' dir='ltr'><strong>quam</strong></span> <span class='ocrx_word' id='word_1_517' title='bbox 1076 2326 1232 2360; x_wconf 84' lang='lat' dir='ltr'><strong>persona</strong></span> <span class='ocrx_word' id='word_1_518' title='bbox 1256 2317 1290 2356; x_wconf 90' lang='lat'><strong>3,</strong></span> <span class='ocrx_word' id='word_1_519' title='bbox 1316 2315 1351 2357; x_wconf 91' lang='grc'><strong>8,</strong></span> <span class='ocrx_word' id='word_1_520' title='bbox 1375 2315 1432 2349; x_wconf 87' lang='grc'><strong>52.</strong></span> <span class='ocrx_word' id='word_1_521' title='bbox 1458 2310 1638 2365; x_wconf 52' lang='lat' dir='ltr'><strong>ulmeta,</strong></span> 
     </span>
     <span class='ocr_line' id='line_1_47' title="bbox 144 2359 1640 2410; baseline -0.003 -14"><span class='ocrx_word' id='word_1_522' title='bbox 144 2374 238 2407; x_wconf 86' lang='lat' dir='ltr'><strong>quae</strong></span> <span class='ocrx_word' id='word_1_523' title='bbox 253 2369 306 2397; x_wconf 87' lang='lat' dir='ltr'><strong>est</strong></span> <span class='ocrx_word' id='word_1_524' title='bbox 322 2365 480 2408; x_wconf 82' lang='lat' dir='ltr'><strong>schema,</strong></span> <span class='ocrx_word' id='word_1_525' title='bbox 498 2366 541 2399; x_wconf 90' lang='lat' dir='ltr'><strong>ab</strong></span> <span class='ocrx_word' id='word_1_526' title='bbox 557 2366 630 2408; x_wconf 91' lang='lat' dir='ltr'><strong>illa,</strong></span> <span class='ocrx_word' id='word_1_527' title='bbox 649 2376 740 2410; x_wconf 89' lang='lat' dir='ltr'><strong>quae</strong></span> <span class='ocrx_word' id='word_1_528' title='bbox 760 2371 813 2399; x_wconf 89' lang='lat' dir='ltr'><strong>est</strong></span> <span class='ocrx_word' id='word_1_529' title='bbox 827 2370 965 2408; x_wconf 90' lang='lat' dir='ltr'><strong>tropos,</strong></span> <span class='ocrx_word' id='word_1_530' title='bbox 984 2374 1116 2410; x_wconf 86' lang='lat' dir='ltr'><strong>genere</strong></span> <span class='ocrx_word' id='word_1_531' title='bbox 1131 2362 1210 2405; x_wconf 89' lang='lat' dir='ltr'><strong>ipso</strong></span> <span class='ocrx_word' id='word_1_532' title='bbox 1223 2360 1312 2394; x_wconf 89' lang='grc'>1111111</span> <span class='ocrx_word' id='word_1_533' title='bbox 1328 2360 1518 2394; x_wconf 87' lang='lat' dir='ltr'><strong>admodum</strong></span> <span class='ocrx_word' id='word_1_534' title='bbox 1533 2359 1640 2392; x_wconf 80' lang='lat' dir='ltr'><strong>distat</strong></span> 
     </span>
    </p>
   </div>
   <div class='ocr_carea' id='block_1_5' title="bbox 141 2404 1637 2501">
    <p class='ocr_par' dir='ltr' id='par_1_5' title="bbox 141 2404 1637 2501">
     <span class='ocr_line' id='line_1_48' title="bbox 141 2404 1637 2455; baseline -0.007 -6"><span class='ocrx_word' id='word_1_535' title='bbox 141 2410 178 2452; x_wconf 87' lang='lat'>9,</span> <span class='ocrx_word' id='word_1_536' title='bbox 196 2411 232 2451; x_wconf 83' lang='lat'><strong>2,</strong></span> <span class='ocrx_word' id='word_1_537' title='bbox 249 2407 308 2442; x_wconf 82' lang='lat'><strong>44-</strong></span> <span class='ocrx_word' id='word_1_538' title='bbox 335 2411 564 2454; x_wconf 73' lang='lat' dir='ltr'><strong>enthymema</strong></span> <span class='ocrx_word' id='word_1_539' title='bbox 587 2411 693 2455; x_wconf 85' lang='lat' dir='ltr'><strong>(solus</strong></span> <span class='ocrx_word' id='word_1_540' title='bbox 715 2413 746 2446; x_wconf 87' lang='lat' dir='ltr'><strong><em>G</em></strong></span> <span class='ocrx_word' id='word_1_541' title='bbox 754 2415 825 2444; x_wconf 84' lang='lat' dir='ltr'><strong>uel</strong></span> <span class='ocrx_word' id='word_1_542' title='bbox 826 2410 860 2452; x_wconf 87' lang='lat' dir='ltr'><strong>f.</strong></span> <span class='ocrx_word' id='word_1_543' title='bbox 882 2414 981 2444; x_wconf 81' lang='lat' dir='ltr'><strong>inser.</strong></span> <span class='ocrx_word' id='word_1_544' title='bbox 1009 2407 1042 2450; x_wconf 85' lang='lat' dir='ltr'><strong>a)</strong></span> <span class='ocrx_word' id='word_1_545' title='bbox 1066 2407 1274 2454; x_wconf 86' lang='lat' dir='ltr'><strong>syllogismo</strong></span> <span class='ocrx_word' id='word_1_546' title='bbox 1296 2406 1426 2441; x_wconf 87' lang='lat' dir='ltr'><strong>distare</strong></span> <span class='ocrx_word' id='word_1_547' title='bbox 1446 2404 1637 2449; x_wconf 83' lang='lat' dir='ltr'>5,10,7N.</span> 
     </span>
     <span class='ocr_line' id='line_1_49' title="bbox 143 2451 1637 2501; baseline -0.003 -12"><span class='ocrx_word' id='word_1_548' title='bbox 143 2467 212 2498; x_wconf 70' lang='lat' dir='ltr'>cn,-</span> <span class='ocrx_word' id='word_1_549' title='bbox 236 2457 444 2497; x_wconf 76' lang='lat' dir='ltr'><strong>impersonal.</strong></span> <span class='ocrx_word' id='word_1_550' title='bbox 461 2471 471 2490; x_wconf 89' lang='lat'>:</span> <span class='ocrx_word' id='word_1_551' title='bbox 507 2458 696 2501; x_wconf 89' lang='lat' dir='ltr'><strong>plurimum</strong></span> <span class='ocrx_word' id='word_1_552' title='bbox 719 2457 888 2499; x_wconf 88' lang='lat' dir='ltr'><strong>distat,</strong></span> <span class='ocrx_word' id='word_1_553' title='bbox 924 2456 1041 2490; x_wconf 83' lang='lat' dir='ltr'><strong>clarus</strong></span> <span class='ocrx_word' id='word_1_554' title='bbox 1069 2465 1123 2488; x_wconf 88' lang='lat' dir='ltr'><strong>an</strong></span> <span class='ocrx_word' id='word_1_555' title='bbox 1152 2455 1326 2487; x_wconf 89' lang='lat' dir='ltr'><strong>obscurus</strong></span> <span class='ocrx_word' id='word_1_556' title='bbox 1350 2460 1411 2487; x_wconf 81' lang='lat' dir='ltr'><strong>etc.</strong></span> <span class='ocrx_word' id='word_1_557' title='bbox 1439 2451 1486 2485; x_wconf 87' lang='lat' dir='ltr'><strong>sit</strong></span> <span class='ocrx_word' id='word_1_558' title='bbox 1507 2453 1551 2494; x_wconf 88' lang='lat'><strong>5,</strong></span> <span class='ocrx_word' id='word_1_559' title='bbox 1579 2451 1637 2492; x_wconf 92' lang='grc'><strong>10,</strong></span> 
     </span>
    </p>
   </div>
   <div class='ocr_carea' id='block_1_6' title="bbox 98 2497 1638 2788">
    <p class='ocr_par' dir='ltr' id='par_1_6' title="bbox 140 2497 1638 2683">
     <span class='ocr_line' id='line_1_50' title="bbox 141 2497 1636 2547; baseline -0.004 -13"><span class='ocrx_word' id='word_1_560' title='bbox 141 2501 200 2535; x_wconf 91' lang='grc'><strong>26.</strong></span> <span class='ocrx_word' id='word_1_561' title='bbox 250 2499 290 2542; x_wconf 77' lang='grc' dir='ltr'><strong>β)</strong></span> <span class='ocrx_word' id='word_1_562' title='bbox 316 2504 459 2535; x_wconf 65' lang='lat' dir='ltr'><strong>Partim:</strong></span> <span class='ocrx_word' id='word_1_563' title='bbox 497 2514 573 2537; x_wconf 86' lang='lat' dir='ltr'><strong>non</strong></span> <span class='ocrx_word' id='word_1_564' title='bbox 596 2505 746 2537; x_wconf 88' lang='lat' dir='ltr'><strong>multum</strong></span> <span class='ocrx_word' id='word_1_565' title='bbox 777 2507 892 2538; x_wconf 86' lang='lat' dir='ltr'><strong>aetate</strong></span> <span class='ocrx_word' id='word_1_566' title='bbox 927 2501 1098 2535; x_wconf 84' lang='lat' dir='ltr'><strong>distantes</strong></span> <span class='ocrx_word' id='word_1_567' title='bbox 1127 2502 1190 2543; x_wconf 90' lang='lat'><strong>12,</strong></span> <span class='ocrx_word' id='word_1_568' title='bbox 1226 2501 1289 2543; x_wconf 92' lang='grc'><strong>10,</strong></span> <span class='ocrx_word' id='word_1_569' title='bbox 1322 2497 1357 2532; x_wconf 84' lang='grc'><strong>4.</strong></span> <span class='ocrx_word' id='word_1_570' title='bbox 1389 2508 1463 2532; x_wconf 84' lang='grc'>11011</span> <span class='ocrx_word' id='word_1_571' title='bbox 1486 2497 1636 2547; x_wconf 78' lang='lat' dir='ltr'><strong>multum</strong></span> 
     </span>
     <span class='ocr_line' id='line_1_51' title="bbox 140 2543 1638 2595; baseline -0.004 -15"><span class='ocrx_word' id='word_1_572' title='bbox 140 2546 206 2580; x_wconf 88' lang='lat' dir='ltr'><strong>int</strong></span> <span class='ocrx_word' id='word_1_573' title='bbox 219 2557 268 2579; x_wconf 89' lang='lat' dir='ltr'><strong>er</strong></span> <span class='ocrx_word' id='word_1_574' title='bbox 299 2556 338 2579; x_wconf 93' lang='lat' dir='ltr'><strong>se</strong></span> <span class='ocrx_word' id='word_1_575' title='bbox 364 2547 570 2582; x_wconf 77' lang='lat' dir='ltr'><strong>distantium</strong></span> <span class='ocrx_word' id='word_1_576' title='bbox 597 2555 761 2595; x_wconf 84' lang='lat' dir='ltr'><strong>tempore</strong></span> <span class='ocrx_word' id='word_1_577' title='bbox 787 2553 970 2583; x_wconf 90' lang='lat' dir='ltr'><strong>oratorum</strong></span> <span class='ocrx_word' id='word_1_578' title='bbox 995 2549 1040 2580; x_wconf 82' lang='lat' dir='ltr'><strong>ib.</strong></span> <span class='ocrx_word' id='word_1_579' title='bbox 1077 2548 1133 2580; x_wconf 93' lang='lat'><strong>11.</strong></span> <span class='ocrx_word' id='word_1_580' title='bbox 1169 2557 1279 2592; x_wconf 87' lang='lat' dir='ltr'><strong>grana</strong></span> <span class='ocrx_word' id='word_1_581' title='bbox 1301 2543 1428 2578; x_wconf 88' lang='lat' dir='ltr'><strong>ciceris</strong></span> <span class='ocrx_word' id='word_1_582' title='bbox 1452 2553 1500 2577; x_wconf 84' lang='lat' dir='ltr'><strong>ex</strong></span> <span class='ocrx_word' id='word_1_583' title='bbox 1523 2546 1638 2593; x_wconf 62' lang='lat' dir='ltr'><strong>spatio</strong></span> 
     </span>
     <span class='ocr_line' id='line_1_52' title="bbox 141 2587 1637 2636; baseline -0.007 -4"><span class='ocrx_word' id='word_1_584' title='bbox 141 2590 287 2627; x_wconf 66' lang='lat' dir='ltr'><strong>distanti</strong></span> <span class='ocrx_word' id='word_1_585' title='bbox 309 2590 415 2625; x_wconf 64' lang='lat' dir='ltr'><strong>missa</strong></span> <span class='ocrx_word' id='word_1_586' title='bbox 443 2596 476 2635; x_wconf 84' lang='lat'><strong>2,</strong></span> <span class='ocrx_word' id='word_1_587' title='bbox 501 2597 559 2636; x_wconf 82' lang='lat'><strong>20,</strong></span> <span class='ocrx_word' id='word_1_588' title='bbox 585 2597 606 2629; x_wconf 90' lang='lat'>3</span> <span class='ocrx_word' id='word_1_589' title='bbox 629 2600 673 2630; x_wconf 90' lang='lat' dir='ltr'><strong>Z.</strong></span> <span class='ocrx_word' id='word_1_590' title='bbox 708 2595 747 2629; x_wconf 90' lang='lat' dir='ltr'><strong>in</strong></span> <span class='ocrx_word' id='word_1_591' title='bbox 770 2593 892 2630; x_wconf 81' lang='lat' dir='ltr'><strong>verbis</strong></span> <span class='ocrx_word' id='word_1_592' title='bbox 916 2597 1054 2628; x_wconf 80' lang='lat' dir='ltr'><strong>tantum</strong></span> <span class='ocrx_word' id='word_1_593' title='bbox 1089 2591 1300 2632; x_wconf 79' lang='lat' dir='ltr'><strong>distantibus</strong></span> <span class='ocrx_word' id='word_1_594' title='bbox 1327 2591 1370 2632; x_wconf 91' lang='lat'><strong>9,</strong></span> <span class='ocrx_word' id='word_1_595' title='bbox 1406 2590 1450 2631; x_wconf 88' lang='lat'><strong>3,</strong></span> <span class='ocrx_word' id='word_1_596' title='bbox 1485 2590 1546 2623; x_wconf 84' lang='grc'><strong>73.</strong></span> <span class='ocrx_word' id='word_1_597' title='bbox 1579 2587 1637 2621; x_wconf 79' lang='lat' dir='ltr'><strong>dl-</strong></span> 
     </span>
     <span class='ocr_line' id='line_1_53' title="bbox 143 2638 740 2683; baseline -0.007 -10"><span class='ocrx_word' id='word_1_598' title='bbox 143 2638 317 2674; x_wconf 81' lang='lat' dir='ltr'><strong>stantibus</strong></span> <span class='ocrx_word' id='word_1_599' title='bbox 346 2648 394 2671; x_wconf 89' lang='lat' dir='ltr'><strong>ex</strong></span> <span class='ocrx_word' id='word_1_600' title='bbox 421 2638 510 2672; x_wconf 87' lang='lat' dir='ltr'><strong>locis</strong></span> <span class='ocrx_word' id='word_1_601' title='bbox 537 2643 572 2681; x_wconf 89' lang='lat'><strong>7,</strong></span> <span class='ocrx_word' id='word_1_602' title='bbox 599 2644 654 2683; x_wconf 85' lang='lat'><strong>10,</strong></span> <span class='ocrx_word' id='word_1_603' title='bbox 686 2644 740 2682; x_wconf 72' lang='lat'><strong>17,</strong></span> 
     </span>
    </p>

    <p class='ocr_par' dir='ltr' id='par_1_7' title="bbox 98 2683 1638 2788">
     <span class='ocr_line' id='line_1_54' title="bbox 98 2683 1638 2743; baseline -0.006 -11"><span class='ocrx_word' id='word_1_604' title='bbox 98 2683 376 2739; x_wconf 83' lang='lat' dir='ltr'><strong>Distorqueo.</strong></span> <span class='ocrx_word' id='word_1_605' title='bbox 443 2707 489 2729; x_wconf 83' lang='lat' dir='ltr'><strong>ne</strong></span> <span class='ocrx_word' id='word_1_606' title='bbox 515 2697 617 2730; x_wconf 89' lang='lat' dir='ltr'><strong>labra</strong></span> <span class='ocrx_word' id='word_1_607' title='bbox 640 2698 929 2743; x_wconf 71' lang='lat' dir='ltr'><strong>distorqueamur</strong></span> <span class='ocrx_word' id='word_1_608' title='bbox 953 2699 988 2739; x_wconf 86' lang='lat'><strong>1,</strong></span> <span class='ocrx_word' id='word_1_609' title='bbox 1015 2698 1071 2737; x_wconf 90' lang='grc'><strong>11,</strong></span> <span class='ocrx_word' id='word_1_610' title='bbox 1095 2696 1137 2737; x_wconf 79' lang='lat'><strong>93</strong></span> <span class='ocrx_word' id='word_1_611' title='bbox 1172 2693 1341 2729; x_wconf 78' lang='lat' dir='ltr'><strong>distortus</strong></span> <span class='ocrx_word' id='word_1_612' title='bbox 1367 2691 1488 2725; x_wconf 74' lang='lat' dir='ltr'><strong>vultus</strong></span> <span class='ocrx_word' id='word_1_613' title='bbox 1520 2691 1570 2734; x_wconf 90' lang='grc'><strong>6,</strong></span> <span class='ocrx_word' id='word_1_614' title='bbox 1603 2692 1638 2732; x_wconf 88' lang='grc'><strong>3,</strong></span> 
     </span>
     <span class='ocr_line' id='line_1_55' title="bbox 143 2737 1635 2788; baseline -0.007 -9"><span class='ocrx_word' id='word_1_615' title='bbox 143 2743 200 2779; x_wconf 83' lang='grc'><strong>29.</strong></span> <span class='ocrx_word' id='word_1_616' title='bbox 225 2740 444 2776; x_wconf 77' lang='lat' dir='ltr'><strong>distorta</strong></span> <span class='ocrx_word' id='word_1_617' title='bbox 479 2746 514 2776; x_wconf 82' lang='lat' dir='ltr'><strong>et</strong></span> <span class='ocrx_word' id='word_1_618' title='bbox 538 2753 753 2788; x_wconf 85' lang='lat' dir='ltr'><strong>quocunque</strong></span> <span class='ocrx_word' id='word_1_619' title='bbox 777 2744 886 2778; x_wconf 91' lang='lat' dir='ltr'><strong>modo</strong></span> <span class='ocrx_word' id='word_1_620' title='bbox 923 2740 1208 2787; x_wconf 84' lang='lat' dir='ltr'><strong>prodigiosa</strong></span> <span class='ocrx_word' id='word_1_621' title='bbox 1240 2747 1393 2783; x_wconf 78' lang='lat' dir='ltr'><strong>corpora</strong></span> <span class='ocrx_word' id='word_1_622' title='bbox 1427 2739 1471 2779; x_wconf 82' lang='lat'><strong>2,</strong></span> <span class='ocrx_word' id='word_1_623' title='bbox 1503 2738 1548 2778; x_wconf 86' lang='lat'><strong>5,</strong></span> <span class='ocrx_word' id='word_1_624' title='bbox 1580 2737 1635 2769; x_wconf 84' lang='lat'><strong>11.</strong></span> 
     </span>
    </p>
   </div>
  </div>
 </body>
</html>
