1728 3002
511 245 676 289 Decitio
705 269 763 278 ——
788 242 1075 289 Declamator.
1479 242 1564 286 203

84 365 150 405 11,
179 365 220 406 1,
248 360 305 397 48.
346 362 554 407 plerumque
575 371 653 396 vox
679 365 875 406 temperata
897 365 962 394 etc.
989 356 1129 411 decebit
1156 360 1222 401 11,
1246 358 1290 401 3,
1314 357 1394 412 161.
1461 356 1504 404 β)
1532 372 1563 394 0.

82 412 228 443 Accua.-
252 409 353 442 illum
376 410 497 442 decet:
525 417 592 441 nos
616 407 677 441 eie.
701 407 737 450 9,
760 405 795 449 4,
819 409 876 442 15.
910 409 950 438 ut
972 405 1125 448 aliquem
1150 405 1212 439 vel
1234 414 1355 438 omnia
1376 404 1438 440 vel
1462 406 1565 449 plura

83 454 233 488 deceant
258 457 314 496 11,
338 456 380 498 3,
404 455 481 488 181.
516 464 623 496 saepe
645 452 739 486 aliud
762 453 851 487 alios
875 452 1040 484 decere
1066 453 1109 485 ib.
1133 453 1211 485 177.
1246 449 1283 484 id
1308 461 1389 483 eum
1416 450 1564 486 minime

37 530 43 534 .
84 501 233 533 decebat
259 502 324 543 11,
352 503 391 542 1,
417 502 470 534 10.
506 499 615 545 magis
638 500 766 533 decent
791 509 855 533 eos
878 495 1088 539 (sententiae)
1111 497 1156 539 8,
1182 498 1222 539 5,
1246 498 1280 531 8.
1317 497 1414 540 quod
1437 507 1564 532 omnes

83 551 120 579 et
142 556 283 589 semper
309 552 344 579 et
366 546 498 590 ubique
524 546 646 579 deceat
671 548 731 587 11,
756 547 795 587 1,
825 543 880 578 14.
913 543 1009 586 quod
1035 553 1211 587 quemque
1235 541 1346 587 magis
1373 543 1477 577 decet
1504 546 1562 587 11,

83 593 127 634 3,
151 592 230 627 1⁵8.
266 592 358 626 haec
379 591 470 625 lenis
493 597 528 626 et
550 591 663 624 fluens
684 596 872 624 contextus
896 590 1000 623 decet
1021 589 1056 630 9,
1081 587 1117 631 4,
1141 591 1230 630 127;
1267 588 1474 632 simplicitas
1501 589 1563 624 illa

83 636 175 671 mire
201 642 327 671 tenues
353 648 478 671 caiisas
504 637 650 678 decet,
683 636 875 679 majoribus
899 651 943 660 —
965 634 1078 681 magis
1101 634 1325 669 convenit
1350 638 1410 677 11,
1438 638 1477 677 1,
1502 636 1562 671 93.

82 682 261 727 privatum
283 683 471 718 consilium
493 693 602 727 purus
623 693 740 717 sermo
764 682 876 728 magis
900 679 1108 725 decuerit
1127 681 1164 723 8,
1187 682 1221 723 3,
1248 679 1303 714 14.
1337 691 1406 715 nec
1423 681 1564 716 habitus

82 727 305 773 triumphalis
326 729 479 764 feminas
503 730 626 762 deceat
650 731 712 771 11,
737 731 755 762 1
770 754 780 771 ,
805 731 838 762 3.
878 725 1016 760 brachii
1038 726 1222 760 moderata
1243 725 1418 770 projectio
1445 727 1565 761 conti-

81 784 175 808 nuos
200 776 303 808 locos
326 775 481 810 maxime
507 775 610 808 decet
631 777 688 818 11,
712 775 748 817 3,
774 773 831 808 84.
871 773 992 817 quales
1019 771 1324 816 (prosopopoeiae)
1351 772 1565 819 litigatorem

0 839 14 845 -ζ
81 820 144 855 vel
165 825 355 864 patronum
370 822 499 855 decent
513 821 548 863 6,
576 822 609 863 1,
630 822 676 854 25
702 821 748 853 N.
765 833 811 853 cr.
831 825 863 853 et
881 820 914 851 S.
947 817 1008 862 qui
1031 817 1148 851 flexus
1162 818 1287 852 deceat
1299 817 1564 854 miserationem

83 868 119 908 1,
142 868 200 909 11,
226 869 280 900 12.
317 867 495 902 neminem
513 866 639 900 deceat
655 865 847 899 intertexta
868 863 1029 909 pluribus
1046 863 1147 897 notis
1172 863 1284 897 vestis
1306 865 1343 906 8,
1369 866 1405 901 5.
1428 866 1486 900 28.
1518 865 1565 907 cs.

84 914 152 953 11,
175 914 212 954 3,
237 913 314 948 179.
353 913 437 958 quid
461 922 650 956 personam
674 912 798 945 deceat
823 914 878 954 10,
902 912 936 952 3,
963 911 1018 944 15.
1055 909 1154 953 quod
1176 909 1355 953 principes
1384 911 1565 955 deceat,

82 956 163 991 aliis
195 967 270 991 non
297 957 604 993 concesseris
634 960 696 1000 11,
728 960 770 1000 1,
797 958 854 991 36.
896 954 1119 999 prooemium
1146 955 1286 989 decebit
1313 956 1567 991 sententiarum

82 1002 259 1036 modestia
282 1001 328 1046 4,
360 1007 402 1046 1,
430 1005 487 1039 55.
526 1003 588 1042 illa
616 1013 758 1047 quoque
790 1003 932 1036 diversa
959 1001 1092 1035 bonum
1116 1000 1235 1036 virum
1265 1002 1420 1044 decent,
1451 1004 1566 1037 malos

84 1047 204 1082 odisse
226 1056 288 1082 etc.
315 1052 372 1092 11,
393 1052 427 1094 1,
450 1048 508 1083 42.
537 1046 609 1082 duo
633 1049 763 1091 verba,
790 1048 851 1081 uni
875 1047 1059 1092 apposita,
1085 1057 1133 1080 ne
1154 1058 1300 1081 vex-siun
1325 1047 1468 1099 quidem
1492 1049 1567 1083 de-

84 1093 270 1128 cuerint
294 1095 336 1138 8,
369 1095 413 1138 6,
444 1094 502 1128 42.
583 1094 632 1138 y)
658 1107 727 1138 seq.
751 1095 904 1135 [infinie.-
945 1104 1124 1136 nunquam
1151 1092 1291 1127 decebit
1318 1104 1370 1127 sic
1394 1095 1567 1129 adversus

81 1139 170 1173 tales
194 1151 299 1187 agere
324 1143 379 1184 11,
402 1141 460 1175 66.
494 1146 658 1175 avertere
682 1139 721 1173 in
744 1139 832 1173 alios
855 1139 990 1173 crimen
1015 1139 1119 1172 decet
1143 1141 1188 1172 ι’ὀ.
1212 1139 1268 1172 65.
1307 1139 1446 1174 decebit
1469 1147 1568 1175 atro-

83 1184 142 1218 cia
163 1184 343 1220 invidiose
366 1185 487 1220 dicere
509 1184 553 1228 4,
582 1187 626 1226 2,
660 1187 739 1219 120.
783 1184 815 1219 si
838 1195 911 1218 non
939 1185 1043 1218 decet
1070 1184 1190 1218 dicere
1214 1185 1331 1228 palam
1357 1186 1406 1228 9,
1434 1188 1476 1228 2,
1505 1187 1567 1223 66.

81 1230 263 1265 venerem
285 1243 392 1276 quam
414 1230 547 1265 coitum
571 1230 754 1264 dixisse
776 1230 889 1277 magis
909 1231 1012 1264 decet
1033 1231 1068 1273 8,
1090 1230 1126 1272 6,
1145 1229 1203 1264 24.
1230 1241 1416 1275 quousque
1440 1233 1567 1267 deceat

80 1277 258 1312 extollere
280 1278 316 1320 8,
338 1278 374 1321 6,
397 1275 456 1312 74.
484 1278 588 1311 decet
605 1287 683 1310 rem
704 1275 817 1320 ipsam
839 1277 990 1320 probare
1011 1275 1051 1309 in
1076 1276 1312 1321 qualicunque
1332 1288 1486 1321 persona
1509 1281 1566 1322 11,

83 1323 123 1364 1,
153 1325 211 1358 73.
250 1323 354 1358 decet
383 1324 455 1357 hoc
489 1333 632 1367 quoque
667 1321 871 1366 prospicere
901 1325 963 1364 12,
1002 1324 1066 1364 11,
1105 1325 1146 1364 13
1192 1325 1317 1356 Accus-
1346 1336 1375 1356 c.
1401 1324 1491 1366 Ins..·
1519 1335 1567 1359 ne

81 1367 194 1402 verba
220 1369 363 1413 quidem
384 1368 506 1404 verbis
530 1368 730 1402 continuari
754 1369 856 1402 decet
878 1369 920 1411 9,
950 1367 994 1411 4,
1023 1367 1081 1401 43.
1120 1367 1219 1411 ipsos
1246 1369 1458 1404 erubescere
1487 1371 1566 1406 dec.

83 1415 140 1456 11,
166 1417 200 1456 1,
223 1417 281 1449 22.
317 1416 477 1449 membra
499 1420 606 1458 atque
620 1414 733 1448 incisa
747 1415 839 1448 bene
858 1413 1018 1458 incipere
1038 1419 1145 1458 atque
1170 1415 1265 1448 cludi
1289 1415 1367 1448 dec.
1388 1417 1424 1458 9,
1446 1415 1483 1458 4,
1504 1417 1565 1451 67.

81 1458 164 1493 dec.⁴
186 1460 411 1495 luxuriosum
436 1461 592 1495 bibendo
617 1460 711 1494 mori
735 1461 778 1501 8,
802 1461 845 1503 5,
874 1462 931 1494 23.
977 1460 1120 1504 quando
1144 1459 1242 1504 ipsos
1264 1460 1382 1504 loqui,
1420 1463 1565 1506 quando

81 1505 248 1540 advocati
270 1517 365 1541 voce
390 1507 444 1540 uti
467 1507 591 1540 deceat
616 1509 672 1548 11,
698 1508 732 1549 1,
757 1507 813 1542 59.
851 1506 1010 1541 fructum
1036 1505 1235 1540 studiorum
1259 1506 1412 1543 viridem
1436 1514 1472 1542 et
1498 1509 1567 1543 ad-

80 1550 152 1584 huc
176 1552 317 1586 dulcem
337 1553 453 1598 promi
475 1553 555 1587 dec.
580 1555 638 1596 12,
659 1552 695 1595 6,
718 1554 753 1587 3,

34 1602 219 1648 Decido.
258 1619 291 1654 si
312 1619 452 1655 decidat
474 1625 559 1666 toga
580 1622 638 1664 11,
663 1621 698 1663 3,
724 1618 803 1655 149.

34 1661 216 1707 Demdm
257 1682 378 1711 cetera
397 1677 552 1722 propriis
575 1677 696 1712 decisa
720 1681 802 1711 sunt
827 1673 949 1711 verbis
972 1675 1007 1718 8,
1030 1674 1067 1718 6,
1088 1673 1148 1711 47.

33 1717 228 1763 Decima.
267 1733 423 1768 decimas
446 1733 621 1769 uxoribus
646 1733 722 1768 dari
746 1735 782 1778 8,
805 1734 841 1776 5,
866 1733 910 1768 19
936 1732 985 1766 Ν.

35 1773 233 1833 Desslpio·
278 1788 322 1834 iz)
349 1796 389 1824 ut
413 1801 482 1826 nos
503 1792 650 1825 fortuna
676 1789 895 1834 decipere
921 1799 995 1822 non
1019 1787 1155 1832 possit,
1192 1788 1248 1822 ad
1256 1788 1569 1834 juvare.possit

86 1835 149 1876 10,
177 1835 219 1877 6,
245 1835 280 1869 6.
327 1847 440 1880 quae,
466 1837 535 1871 nisi
558 1837 657 1870 domi
679 1835 902 1878 excusseris,
930 1834 969 1868 in
990 1835 1073 1868 foro
1098 1834 1282 1878 inopinata
1305 1835 1483 1879 decipient
1511 1840 1568 1879 12,

87 1879 132 1920 8,
157 1881 213 1914 13.
250 1891 372 1915 nonne
398 1893 465 1916 nos
488 1883 578 1917 haec
600 1883 745 1917 inversa
768 1882 990 1916 consuetudo
1012 1880 1218 1925 deceperit?
1243 1882 1289 1923 3,
1314 1883 1358 1924 9,
1381 1882 1418 1916 9.
1449 1893 1569 1926 neque

83 1933 152 1969 ego
176 1935 388 1969 quemquam
412 1929 699 1971 deceperim,
725 1933 766 1960 ut
788 1926 1102 1969 dissimulem,
1133 1925 1302 1961 Ciceroni
1326 1937 1466 1971 quoque
1490 1930 1569 1972 plu-

82 1980 142 2003 res
163 1975 282 2013 partes
304 1972 446 2014 placere
465 1973 503 2015 4,
527 1977 562 2015 2,
584 1973 641 2008 64.
667 1973 707 2006 in
729 1973 877 2017 quibus,
900 1977 940 2005 ut
960 1973 1237 2014 erraverim,
1264 1973 1300 2004 le
1324 1978 1424 2006 entes
1447 1979 1568 2007 tamen

83 2025 159 2048 non
183 2016 348 2059 decepi
369 2017 406 2059 6,
431 2019 467 2060 3,
492 2021 571 2052 112.
600 2018 842 2052 honorarit
866 2028 951 2059 eos,
976 2029 1021 2051 an
1047 2017 1315 2061 deceperit.
1344 2020 1378 2059 5,
1404 2021 1460 2061 10,
1486 2021 1565 2053 118.

85 2061 213 2094 stultus
238 2061 356 2114 decipi
376 2068 496 2106 potest
519 2063 554 2105 5,
576 2066 613 2106 7,
637 2064 697 2098 26.
724 2062 770 2105 qs.
794 2067 831 2105 7,
853 2066 890 2105 2,
914 2064 969 2097 53.
996 2063 1036 2096 in
1058 2074 1129 2106 qua
1151 2063 1278 2105 (rerum
1302 2063 1499 2107 cognitione)
1524 2066 1568 2097 ab
1631 2076 1634 2077 ⁷

82 2106 159 2149 his,
196 2106 323 2151 quibus
346 2107 558 2151 inquirenda
586 2109 759 2152 quaedam
786 2108 999 2150 mandabat,
1038 2109 1208 2151 deceptus
1238 2113 1293 2140 est
1320 2110 1386 2148 10,
1413 2111 1431 2142 1
1446 2134 1457 2151 ,
1487 2111 1566 2144 128.

84 2158 192 2186 nocte
215 2153 403 2196 deceptmn
424 2152 460 2195 4,
487 2156 524 2196 2,
549 2156 606 2187 71.
671 2153 711 2198 β)
740 2153 778 2186 in
803 2152 1022 2196 decipiendis
1048 2152 1357 2197 expectationibus
1379 2153 1416 2197 6,
1443 2156 1479 2197 3,
1506 2154 1567 2189 24.

86 2208 157 2242 quo
181 2196 302 2242 opinio
325 2198 500 2242 decipitur
522 2201 567 2232 ib.
592 2197 648 2233 64.
685 2210 719 2233 v.
743 2197 914 2242 Opinio
941 2199 971 2240 I,
999 2199 1020 2237 ζ

37 2251 322 2295 Declamatio.
369 2265 643 2299 declamationes
664 2266 848 2299 rhetorum
874 2267 892 2298 1
907 2290 919 2307 ,
941 2267 989 2307 2,
1019 2266 1064 2299 13
1091 2263 1140 2298 Ν.
1177 2263 1460 2299 declamatio
1485 2265 1570 2302 imi-

84 2315 181 2343 tetur
203 2321 264 2344 eas
292 2311 520 2354 actiones,
557 2311 596 2344 in
625 2322 772 2355 quarum
800 2309 1094 2344 exercitationem
1118 2315 1261 2353 reperta
1283 2315 1339 2344 est
1362 2313 1408 2354 2,
1437 2314 1502 2355 10,
1530 2312 1566 2349 4.

89 2355 181 2388 decl.
207 2355 420 2399 judiciorum
451 2356 754 2401 consiliorumque
779 2355 898 2403 imago
929 2358 971 2389 ib.
998 2359 1054 2389 12.
1097 2374 1144 2381 -
1169 2355 1366 2390 forensium
1388 2357 1568 2394 actionum

86 2400 270 2435 meditatio
292 2400 335 2445 4,
359 2405 402 2444 2,
427 2403 485 2438 29.
520 2403 638 2436 minus
660 2402 792 2436 virium
815 2412 857 2435 ac
881 2401 1062 2448 sanguinis
1086 2401 1242 2437 habeant
1265 2403 1568 2439 declamatio-

88 2456 171 2480 nes
196 2445 246 2489 (a.
273 2450 295 2479 1.
322 2447 618 2491 declamatores),
646 2459 750 2492 quam
774 2447 1009 2482 orationes
1033 2449 1090 2489 10,
1113 2449 1148 2490 2,
1174 2450 1230 2482 12.
1269 2448 1360 2482 decl.
1386 2449 1472 2483 olim
1495 2451 1567 2494 jam

88 2492 133 2525 ab
154 2492 216 2525 illa
238 2503 328 2527 vera
351 2493 505 2539 imagine
528 2494 654 2528 orandi
676 2498 901 2528 recesserunt
924 2493 967 2533 5,
992 2495 1056 2535 12,
1081 2495 1136 2527 17.
1177 2494 1566 2530 declamationes

86 2537 289 2572 veritati
313 2538 561 2573 dissimillimas
576 2542 612 2581 2,
634 2542 692 2582 20,
715 2539 752 2574 4.
781 2538 1046 2573 declamationis
1068 2539 1212 2572 fortuna
1231 2543 1269 2582 2,
1291 2543 1328 2582 2,
1353 2543 1409 2573 12.
1437 2541 1567 2576 iterare

89 2583 356 2618 declamationis
378 2591 516 2628 partem
541 2588 596 2628 11,
621 2588 657 2628 2,
679 2586 745 2627 39;
772 2590 854 2619 ante
878 2584 1168 2619 declamationem
1190 2588 1226 2627 7,
1252 2589 1286 2628 1,
1308 2584 1343 2619 4.
1381 2585 1420 2619 in
1445 2588 1567 2621 decla-

87 2628 245 2663 matione
263 2634 299 2673 2,
325 2632 379 2666 11.
402 2633 435 2664 1.
463 2636 547 2673 post
569 2631 843 2665 declamationes
867 2633 902 2672 2,
924 2630 960 2672 6,
983 2633 1028 2672 2;
1056 2630 1356 2674 declamationes,
1381 2634 1505 2676 quales
1528 2633 1566 2666 in

87 2674 270 2708 rhetorum
295 2675 428 2709 scholis
451 2675 640 2720 dicuntur,
675 2682 758 2711 sunt
777 2675 984 2710 utilissimae
1009 2678 1065 2719 10,
1089 2677 1130 2720 5,
1160 2676 1217 2710 14.
1255 2682 1414 2721 patrum,
1440 2690 1570 2712 nume-

87 2719 243 2753 rantium
263 2721 383 2764 potius
406 2722 700 2765 declamationes,
723 2733 828 2767 quam
850 2721 1107 2756 aestimantium
1128 2725 1171 2756 ib.
1197 2725 1240 2756 21
1266 2723 1315 2756 N.

43 2759 329 2807 Declamator.
363 2779 398 2820 3,
420 2779 456 2819 8,
477 2777 534 2812 44.
562 2778 598 2818 5,
621 2780 677 2821 13,
700 2778 758 2812 42.
787 2780 823 2819 8,
846 2779 882 2820 3,
904 2780 951 2812 22
974 2782 1018 2813 Z.
1046 2779 1083 2821 9,
1105 2781 1140 2821 2,
1162 2780 1223 2814 83.
1252 2781 1309 2822 10,
1336 2781 1368 2820 1,
1388 2781 1447 2813 71.
1479 2779 1566 2814 novi

89 2829 200 2864 vero,
235 2826 273 2856 et
300 2822 491 2868 praecipue
516 2823 771 2859 declamatores
791 2826 837 2868 9,
863 2827 907 2868 2,
929 2825 988 2859 32.
1030 2829 1193 2860 oratores
1223 2830 1283 2860 aut
1312 2825 1566 2860 declamatores
