1728 3002
164 153 245 194 892
667 147 955 194 Temulentus'
970 176 1027 185 -—
1041 149 1191 196 Teneo

205 274 388 303 assumunt
418 269 461 302 ib.
488 267 546 303 36.
573 266 645 303 αἰίἰ,
663 278 808 312 omnes,
843 268 1173 314 quotcunque‘aint
1193 274 1414 316 temporum,
1449 273 1546 318 quod
1571 273 1616 308 ad
1638 284 1699 308 ra-

205 315 340 350 tionem
370 314 546 359 pertineat
580 314 672 358 (Sp.
707 326 799 360 quae
822 335 868 341 -—
894 314 1141 360 pertineant),
1176 327 1334 361 paeones
1369 321 1547 364 appellant
1581 321 1626 356 ib.
1651 321 1698 357 96

205 366 249 396 Ζ.
268 360 319 396 ’Ν.
351 361 509 406 rhythmi
534 360 649 405 spatio
673 366 697 396 t.
731 367 895 396 constant
928 365 972 396 ib.
995 361 1053 398 46.
1085 366 1121 396 A
1144 363 1287 407 brevis,
1323 378 1384 412 gre
1407 366 1548 410 brevis,
1584 366 1698 401 faciet

204 414 325 442 tamen
346 409 488 454 longam
509 408 678 453 priorem.
710 410 784 442 Dat
806 408 912 455 igitur
935 408 989 442 illi
1011 409 1144 454 aliquid
1171 421 1220 444 ex
1240 421 1307 445 suo
1330 417 1427 446 t.——.
1462 413 1566 447 Nunc
1588 424 1698 447 unum

205 460 230 490 t.
257 456 503 488 accommodat
522 454 654 499 priori,
679 460 714 488 et
739 466 848 488 unum
875 455 1004 499 accipit
1027 467 1047 489 a
1063 462 1254 500 sequente:
1279 456 1329 492 ita
1347 458 1438 493 duae
1463 465 1588 493 natura
1614 459 1700 494 bre-

1719 346 1728 379 ³

1725 382 1728 391 ι

1724 395 1728 405 1

1712 458 1728 473 π’.

205 512 272 535 ves
300 500 479 544 positione
503 507 585 535 sunt
607 507 808 546 temporum
831 507 996 546 quattuor
1027 504 1070 535 ib.
1094 503 1159 545 863
1193 503 1327 548 aliquid
1349 505 1492 539 vacanti
1516 510 1541 539 t.
1568 517 1616 540 ex
1640 516 1700 549 eo,
1723 543 1728 549 ,

205 548 302 591 quod
329 547 538 592 insequitur,
561 548 731 582 accedere
755 550 800 582 ib.
827 549 895 590 933
923 548 1043 583 inania
1070 559 1212 593 quoque
1235 555 1261 584 t.
1289 549 1447 595 rhythmi
1471 551 1613 586 facilius
1637 562 1700 587 ao-
1724 572 1728 579 ι

204 593 340 637 cipient
363 597 406 629 ib.
425 596 482 629 51.
509 594 670 637 corporis
696 594 810 628 motui
837 606 901 629 sua
928 596 1054 639 quaed.
1078 601 1104 629 t.
1133 595 1276 630 adhibet
1299 596 1434 632 musica
1456 597 1548 632 ratio
1571 609 1700 633 uume—v

202 650 326 673 rorum
352 643 395 675 ib.
415 641 493 678 139.
519 641 662 685 quidam
693 642 826 688 longae
857 641 1001 676 ultimae
1025 640 1093 676 tria
1115 647 1140 676 t.
1165 643 1340 677 dederunt
1365 646 1408 678 ib.
1433 642 1491 678 94.
1521 644 1583 678 ubi
1607 649 1701 678 tem—
1726 685 1728 688 ι

202 696 294 730 pora
318 687 423 720 etiam
447 687 566 721 animo
588 682 783 722 metiuntur
807 690 848 722 ib.
862 688 916 723 51.
943 687 987 730 cs.
1006 686 1072 732 48;
1101 688 1185 723 huic
1205 688 1318 733 (pedi)
1338 688 1556 734 temporibus
1578 700 1701 735 parem

202 734 247 766 ib.
271 734 327 767 81.
355 745 472 778 neque
509 735 649 768 duobus
684 739 708 768 t.
734 745 852 779 neque
883 745 957 768 uno
983 734 1098 769 minus
1126 736 1260 770 habere
1284 734 1476 771 videantur
1505 735 1699 780 (syllabae)

201 780 245 811 ib.
269 779 326 813 84.
359 791 431 824 quo
465 780 597 824 quique
628 779 778 824 (pedes)
807 787 888 815 sunt
920 781 1137 826 temporibus
1172 781 1355 826 pleniores
1389 784 1432 816 ib.
1458 782 1517 817 83.
1548 781 1592 824 cs.
1619 782 1700 820 136.

200 835 319 869 neque
350 826 493 860 destitui
520 827 740 870 temporibus
773 829 902 863 volunt
928 838 1046 862 sermo
1071 834 1143 872 atq.
1168 828 1319 873 epistola
1341 831 1387 863 ib.
1404 830 1462 863 20.
1485 839 1554 867 nec
1582 828 1622 862 in
1645 829 1700 862 lo-

201 873 346 953 ἱῃὸιρηᾱο
371 873 677 917 distinctionibus,
699 874 937 919 temporibus,
962 874 1206 910 affectionibus
1228 876 1380 911 moleste
1403 879 1547 911 utemur
1576 878 1641 919 11,
1664 876 1701 918 3,

247 964 320 1006 ΙΙΙ)
353 967 388 998 ἰη
419 977 457 999 re
479 969 723 1009 grammatica.-
761 965 799 1000 in
831 966 1019 1012 participio
1042 986 1090 993 —
1113 978 1180 1011 per
1207 971 1394 1011 tempora,
1427 970 1468 1001 ut
1503 964 1544 1001 in
1571 966 1701 1009 verbo,

199 1017 370 1055 peccatur
395 1014 432 1053 1,
460 1014 502 1055 5,
530 1012 588 1047 47.
627 1024 708 1047 cum
732 1012 770 1046 in
795 1016 895 1048 eosd.
920 1025 1023 1048 casus
1047 1018 1108 1047 aut
1131 1009 1293 1058 tempora
1316 1033 1363 1039 —-
1391 1012 1470 1058 quis
1491 1011 1642 1048 incurrit
1665 1013 1702 1056 9,

201 1060 240 1100 1,
272 1061 326 1093 11.
362 1060 628 1093 transferuntur
661 1065 696 1093 et
727 1065 888 1103 tempora
911 1079 956 1085 —
979 1071 1149 1105 praesens
1174 1059 1271 1095 enim
1296 1070 1363 1105 pro
1389 1058 1584 1105 praeterito
1607 1058 1703 1104 posi-

196 1108 272 1137 tum
297 1109 351 1138 est
373 1105 407 1147 9,
433 1107 467 1148 3,
494 1109 550 1140 11.
576 1105 622 1148 cf.
648 1107 682 1150 3,
706 1106 742 1149 6,
766 1109 823 1142 70.
858 1119 892 1141 v.
916 1108 1191 1142 Praetereo.

147 1159 450 1203 Temulentus.
487 1192 531 1198 -
559 1185 670 1219 sopor
696 1177 807 1209 Coel.
834 1173 877 1218 4,
905 1178 950 1220 2,
979 1177 1059 1212 123.

147 1228 321 1271 Tenax·
367 1242 569 1285 patrimonii
594 1249 707 1276 tenax
729 1249 852 1278 custos
874 1242 918 1288 4,
945 1247 988 1287 2,
1013 1246 1070 1279 73.
1107 1241 1414 1288 pertinacem
1442 1241 1536 1277 ultra
1555 1239 1702 1276 modum

192 1298 276 1321 esse
300 1293 381 1321 ten
395 1299 414 1321 a
427 1299 446 1321 c
459 1299 478 1322 e
492 1300 526 1321 m
553 1288 729 1332 propositi
760 1292 798 1322 11
812 1315 823 1332 ‚
851 1292 868 1324 1
883 1316 895 1333 ‚
925 1292 994 1332 903
1027 1296 1154 1324 natura
1178 1288 1394 1324 tenacissimi
1418 1299 1540 1325 sumus
1560 1297 1700 1328 eurum,

191 1333 463 1414 {ess-utaeibruiigbus
484 1335 586 1368 annis
611 1334 837 1378 percepimus
863 1339 897 1378 1,
924 1339 957 1379 1,
986 1335 1020 1370 5.
1045 1335 1217 1369 memoria
1241 1341 1317 1369 tum
1339 1334 1449 1368 etiam
1475 1332 1702 1378 tenacissima

145 1422 316 1465 Tendo·
365 1434 401 1479 1)
424 1438 583 1479 proprie:
621 1439 754 1471 collum
781 1458 828 1464 —-
853 1436 1160 1471 contrahitur
1183 1441 1220 1470 et
1241 1435 1458 1470 tenditur
1481 1437 1547 1478 11,
1570 1436 1614 1479 3,
1638 1430 1711 1470 825

189 1493 328 1517 nervos
347 1488 447 1535 retro
469 1483 647 1517 tendimus
667 1487 723 1526 10,
743 1486 777 1528 3,
795 1485 830 1518 6.
857 1483 1012 1519 validior
1035 1483 1179 1527 spiritus
1201 1488 1345 1516 nostros
1373 1481 1472 1516 sinus
1497 1482 1698 1525 tendatl2,

192 1531 252 1571 10,
277 1531 335 1563 37.
364 1529 514 1563 tendere
539 1530 754 1564 confidentia
777 1531 916 1564 vultum
940 1532 1002 1571 11,
1029 1531 1072 1571 3,
1097 1529 1184 1571 160;
1216 1534 1321 1562 tenso
1347 1527 1468 1572 (eollo)
1493 1530 1550 1570 11,
1577 1529 1613 1570 3,
1640 1529 1698 1563 82.

190 1575 408 1609 remissis
433 1575 547 1618 magis
566 1587 671 1620 quam
693 1576 846 1610 tensis
863 1576 1007 1618 (digitis)
1026 1578 1070 1608 ib.
1085 1575 1143 1611 99.
1168 1573 1213 1614 cf.
1234 1575 1292 1609 98.
1315 1586 1350 1608 v.
1367 1572 1710 1611 Remitto.elineass

190 1627 295 1655 tensa
317 1623 351 1664 3,
370 1622 406 1664 6,
423 1622 468 1655 83
482 1623 549 1663 Ν.,·
571 1622 685 1656 tendit
700 1623 749 1655 ad
768 1633 884 1668 genua
901 1627 1023 1657 vestra
1036 1620 1219 1665 supplices
1239 1630 1366 1654 manus
1381 1621 1417 1664 6,
1439 1623 1474 1664 1,
1490 1618 1550 1654 42.
1573 1626 1695 1665 gestus

191 1669 246 1701 ad
273 1669 380 1701 eund.
402 1668 472 1711 (ap.
497 1681 591 1712 quem
611 1668 746 1711 dicitur)
765 1670 916 1703 tendens
938 1671 995 1710 11,
1015 1669 1050 1711 3,
1068 1666 1146 1702 134.
1196 1667 1246 1706 11)
1268 1670 1384 1702 transl.
1399 1669 1516 1700 nitor
1539 1667 1593 1700 ad
1617 1669 1698 1698 ali-

1723 704 1728 716 t

1716 733 1728 752 ιε

1724 1368 1728 1375 ι

1724 1414 1728 1427 “.

1716 1427 1728 1446 ,1.

1725 1456 1728 1463 ι

1715 1521 1728 1556 t

1713 1557 1728 1654 ἢ

1719 1659 1728 1692 ι’

191 1717 305 1759 quid.
356 1714 399 1753 α)
425 1713 509 1747 totis
532 1715 712 1751 mentibus
735 1717 826 1748 huc
850 1715 1036 1749 tendamus
1066 1716 1128 1754 12,
1155 1715 1194 1755 1,
1221 1715 1277 1747 31.
1302 1724 1372 1747 nec
1398 1711 1518 1748 statim
1541 1722 1596 1746 eo
1619 1717 1699 1746 ten·
1725 1752 1728 1754 q

191 1762 336 1803 damus,
370 1761 465 1804 quod
493 1762 650 1795 occurrit
679 1763 773 1795 ultro
798 1765 841 1805 7,
867 1765 910 1803 1,
937 1761 992 1796 59.
1021 1766 1061 1793 ut
1086 1759 1124 1792 in
1150 1758 1188 1792 id
1211 1759 1375 1806 ingenie,
1407 1768 1499 1804 quo
1534 1759 1698 1793 tende-
1721 1783 1728 1789 ,

188 1812 310 1849 rent,
336 1807 616 1850 adjuvarent
626 1820 677 1841 ur
695 1812 730 1849 2,
749 1809 785 1850 8,
803 1809 837 1842 3.
861 1806 1003 1851 plurimi
1015 1811 1192 1848 auctores,
1211 1805 1372 1850 quamvis
1393 1804 1492 1839 eod.
1506 1805 1696 1847 tenderent

190 1855 236 1895 3,
267 1856 285 1885 1
301 1879 310 1895 ‚
337 1855 370 1886 5.
397 1853 452 1887 vis
481 1852 616 1896 (horum
641 1852 823 1892 nominum)
854 1854 947 1888 eod.
972 1853 1050 1887 fere
1078 1851 1192 1886 tendit
1215 1853 1262 1894 5,
1282 1854 1344 1894 10,
1370 1854 1403 1885 1.
1432 1851 1510 1884 aliis
1537 1852 1599 1885 sed
1623 1861 1698 1884 non

1723 1758 1728 1766 ι

1716 1773 1728 1782 m

1720 1819 1728 1883 3

191 1899 263 1933 alio
292 1899 522 1933 tendentibus
547 1900 670 1934 verbis
692 1902 728 1942 9,
750 1902 784 1942 3,
803 1898 873 1941 45ς
898 1900 937 1933 in
961 1899 1066 1933 factis
1091 1899 1141 1931 ad
1164 1898 1260 1932 idem
1283 1897 1468 1931 tendentia
1491 1898 1698 1941 sunt‘plura
1720 1887 1728 1933 i

190 1949 227 1989 7,
252 1948 287 1988 1,
314 1948 370 1979 22.
395 1947 448 1978 ad
473 1947 611 1989 majora
634 1948 783 1980 tendere
800 1949 835 1989 2,
855 1946 891 1988 4,
910 1948 966 1980 20.
993 1944 1038 1987 cs.
1064 1947 1121 1987 12,
1146 1947 1182 1987 2,
1207 1947 1264 1979 27.
1291 1945 1464 1987 juvenum
1490 1944 1538 1977 ad
1562 1943 1696 1988 optima
1721 1963 1728 1995 4

188 1991 412 2026 tendentium
441 1994 575 2035 10,·¹,
601 1996 681 2026 122.
717 1994 771 2026 ad
805 2004 942 2026 summa
973 1991 1191 2026 tendendum
1222 1995 1278 2024 est
1305 1991 1364 2023 Pr.
1388 1990 1443 2025 19.
1467 1990 1695 2023 tendentibus
1726 2003 1728 2005 ·

189 2039 243 2072 ad
272 2037 512 2082 eloquentiam
542 2042 600 2081 12,
626 2042 659 2081 1,
689 2042 746 2073 11.
772 2040 869 2083 quod
890 2037 994 2072 τέλος
1022 2037 1171 2080 dicitur,
1197 2037 1246 2070 ad
1272 2036 1368 2080 quod
1393 2035 1510 2069 omnis
1534 2047 1592 2069 ars
1614 2041 1695 2082 ten7

190 2084 243 2118 dit
269 2088 305 2127 2,
333 2087 388 2127 15,
415 2085 471 2118 38.
498 2084 542 2126 cs.
569 2088 604 2127 2,
631 2089 687 2128 17,
713 2089 770 2119 22.
796 2096 862 2119 nec
890 2086 942 2118 ad
965 2083 1154 2119 victoriam
1181 2082 1320 2121 sedjad
1345 2083 1462 2116 solum
1484 2082 1591 2116 finem
1615 2083 1697 2116 lau-

189 2131 244 2165 dis
273 2136 307 2165 et
333 2130 470 2177 gloriae
494 2131 608 2165 tendit
632 2133 676 2174 8,
705 2134 748 2174 3,
776 2134 830 2165 11.
858 2130 902 2172 cs.
928 2134 972 2173 2,
1000 2131 1046 2171 4,
1074 2132 1131 2164 32·
1157 2131 1197 2172 2,
1223 2131 1289 2171 17,
1314 2130 1370 2162 23.
1396 2129 1616 2162 tendendum
1641 2128 1693 2162 ad

188 2177 357 2212 virtutem
385 2180 438 2217 12,
462 2179 497 2219 2,
526 2180 592 2220 21;
622 2189 703 2212 cum
728 2178 841 2211 altero
870 2174 1083 2221 (supercilio)
1107 2175 1144 2209 in
1166 2174 1341 2210 verticem
1364 2176 1553 2208 tenderent
1578 2177 1612 2217 1,
1639 2177 1696 2215 11,

191 2226 248 2258 10.
280 2229 334 2257 tot
357 2223 556 2267 disciplinis
586 2224 633 2258 in
666 2224 849 2259 diversum
873 2222 1099 2257 tendentibus
1126 2225 1166 2264 1,
1194 2224 1256 2262 12,
1281 2224 1313 2256 1.
1351 2222 1441 2255 haec
1469 2219 1694 2265 amplificatio
1723 2224 1728 2254 ¹2

190 2269 238 2303 in
262 2269 447 2313 superiora
473 2270 586 2303 tendit
610 2272 657 2313 8,
682 2270 726 2312 4,
750 2271 784 2305 9.
832 2270 882 2314 β)
908 2273 931 2303 i.
958 2283 990 2313 q.
1013 2269 1196 2302 studeo.-
1223 2268 1319 2312 quod
1344 2267 1489 2301 efficere
1516 2265 1694 2301 tendimus
1711 2267 1722 2299 .'

190 2317 288 2360 9,1,
319 2318 375 2349 21.
425 2313 466 2359 y)
493 2319 516 2350 i.
543 2331 574 2361 q.
600 2315 914 2360 proficiscor.-
943 2317 1027 2348 dum
1049 2326 1111 2348 rus
1135 2314 1248 2348 tendit
1274 2317 1332 2358 11,
1355 2316 1390 2356 2,
1413 2314 1473 2348 38.

144 2371 385 2413 Tenebrae·
436 2385 471 2416 1⁸
495 2387 653 2427 proprie„-
688 2384 774 2429 ipsis
801 2384 916 2419 noctis
939 2382 1097 2418 tenebris
1127 2385 1189 2424 10,
1213 2383 1256 2427 6,
1283 2386 1314 2416 1.
1346 2380 1494 2428 igniculi
1523 2379 1694 2416 videntur

186 2430 225 2463 in
254 2429 411 2463 tenebris
437 2432 501 2473 12,
529 2434 594 2473 10,
620 2432 677 2466 76.
703 2444 735 2464 υ.
759 2431 984 2466 Solitudo.
1032 2428 1088 2471 11)
1114 2434 1255 2463 transh:
1290 2429 1455 2463 omnibus
1477 2447 1523 2454 -
1550 2427 1602 2460 ful
1628 2437 1693 2460 ore

187 2477 343 2519 quodam
372 2487 457 2510 suae
482 2476 650 2511 claritatis
675 2478 840 2511 tenebras
869 2475 1020 2512 obduxit
1045 2478 1101 2518 10,
1129 2479 1162 2519 1,
1190 2479 1247 2511 72.
1274 2486 1311 2508 se
1337 2475 1501 2508 tenebras
1523 2473 1597 2508 offu
1622 2473 1693 2506 isse

188 2521 365 2563 judicibus
389 2525 435 2565 2,
466 2527 522 2567 17,
545 2527 600 2557 21.
631 2535 699 2558 nec
725 2535 773 2565 ex
797 2523 929 2558 ultimis
953 2522 1110 2556 tenebris
1134 2523 1328 2567 repetenda
1357 2519 1490 2565 (verba)
1514 2520 1548 2560 8,
1571 2521 1607 2562 3,
1631 2517 1690 2554 25.

188 2579 221 2599 υ.
248 2569 440 2603 Lumen.

144 2609 309 2652 Teneo·
358 2627 399 2663 Ι)
425 2629 580 2668 proprie.-
618 2627 679 2671 qui
703 2627 861 2660 medium
887 2625 1070 2660 articulum
1095 2625 1213 2669 potius
1238 2629 1361 2658 tenent
1386 2625 1451 2665 11,
1478 2624 1515 2664 3,
1541 2623 1598 2657 95.
1624 2631 1692 2654 no·

189 2674 265 2701 tum
288 2669 388 2712 illud,
413 2672 509 2704 Dum
538 2674 679 2707 clavum
702 2679 842 2708 rectum
867 2679 1006 2707 teneam
1027 2675 1059 2714 1,
1076 2675 1133 2714 17,
1152 2673 1210 2706 25.
1235 2670 1390 2709 libellos,
1418 2667 1478 2713 qui
1503 2668 1565 2703 vel
1585 2677 1690 2700 manu

190 2720 381 2747 teneantur
407 2719 470 2759 10,
500 2722 544 2760 7,
571 2721 629 2753 31.
658 2719 703 2760 cf.
731 2723 769 2754 11
786 2746 797 2762 ,
822 2721 865 2762 3,
893 2717 972 2752 142.
1009 2730 1088 2752 cum
1114 2719 1204 2752 lecta
1227 2716 1264 2749 in
1293 2715 1407 2758 capite
1432 2725 1514 2748 ossa
1537 2713 1691 2748 tenenda

192 2759 296 2795 matri
321 2761 477 2796 dedisset
500 2765 534 2806 8,
561 2767 596 2808 5,
620 2769 678 2800 21.
707 2771 857 2800 statuam
883 2776 1024 2799 auream
1050 2766 1186 2798 hastam
1211 2767 1393 2797 tenentem
1421 2763 1456 2803 7,
1478 2762 1513 2803 9,
1536 2761 1569 2795 S.
1596 2765 1691 2794 antra

1714 2050 1728 2186 ἔ

1722 2187 1728 2218 l
