1728 3002
123 147 131 159 s
159 110 243 149 554
780 104 846 148 N&
882 129 932 136 —
966 102 1222 149 Necessario

156 218 159 221 ’
202 222 237 256 2.
261 233 294 258 v.
319 219 422 263 z'nsm.
447 218 483 264 γ)
508 220 656 255 anteced.
682 220 768 262 sic,
793 221 866 254 ita
899 227 985 255 eto..-
1012 231 1139 256 sensus
1160 219 1494 267 incohaerentes,
1516 233 1572 258 ne
1597 233 1697 258 com-

202 267 352 306 missura
375 268 552 311 pelluceat
578 269 612 309 7,
641 267 697 310 10,
726 266 780 301 16.
835 266 903 301 ita
934 277 973 301 se
1003 267 1250 312 praeparavit,
1292 279 1349 304 ne
1377 270 1513 313 cujus
1551 268 1696 304 alterius

203 325 273 358 ope
300 319 424 360 egeret
446 312 552 345 ullius
576 311 629 346 rei
657 315 714 355 12,
741 315 795 351 11.
818 315 878 348 21.
904 325 936 347 v.
964 310 1066 356 Sic;
1104 315 1254 348 lacessat
1289 315 1314 348 h
1331 321 1387 350 oc
1419 315 1564 358 modo,
1590 326 1696 360 quem

203 362 347 394 laedere
360 360 404 393 sit
423 358 673 403 periculosum,
701 369 756 392 ne
781 364 854 393 aut
876 358 1082 394 inimicitiae
1097 371 1225 407 graves
1251 359 1496 407 insequantur,
1519 367 1598 395 aut
1621 367 1699 395 tur-

203 406 260 450 pis
285 405 479 439 satisfactio
503 405 539 447 6,
567 407 601 447 3,
627 403 672 438 34
700 406 747 438 Ν.
776 404 821 447 cs.
848 408 904 448 11,
933 408 967 448 2,
991 407 1048 441 45.
1073 405 1183 450 patris
1206 406 1318 441 fuisse
1349 408 1444 442 tale
1473 407 1535 449 (a.
1562 411 1585 441 1.
1617 407 1698 451 οηι.)

203 452 413 494 consitium,
450 462 505 484 ne
529 450 734 485 universam
762 452 907 485 domum
933 452 1093 496 periculo
1121 453 1312 496 subjiceret
1347 456 1383 496 7,
1421 456 1454 497 1,
1488 454 1533 488 53
1569 454 1617 487 N.
1650 467 1699 489 or-

205 499 248 540 cf.
275 502 309 540 3,
336 500 370 540 8,
397 499 444 531 30
478 493 511 539 ὃ)
536 500 709 541 repetitur,
748 504 808 531 aut
833 500 909 531 aliis
935 499 1118 540 Consumtis.
1147 506 1318 533 mutatur:
1353 498 1439 544 quin
1473 509 1527 533 eo
1549 497 1701 534 minus

201 545 239 578 id
262 544 467 578 faciendum
492 543 568 578 filio
596 543 733 587 fuisse,
768 554 826 578 ne
850 544 1045 578 renovaret
1072 546 1198 579 domus
1221 546 1394 588 pudorem
1427 549 1473 578 et
1500 545 1702 589 exprobra-

201 597 255 624 ret
281 590 371 634 patri
393 589 550 634 nuptias,
583 589 688 623 matri
715 589 845 634 prioris
866 590 962 625 vitae
989 591 1252 625 necessitatem:
1279 603 1332 625 ne
1357 591 1561 635 denique
1583 592 1719 638 legen*

205 637 324 682 quand
361 636 434 670 suis
459 646 601 681 quoque
627 636 776 670 subinde
801 636 922 671 liberis
949 638 1049 671 daret
1074 640 1130 680 11,
1155 640 1187 680 1,
1213 639 1269 672 83.
1301 638 1434 672 Mediis
1458 647 1532 671 non
1557 648 1600 672 ea
1621 649 1719 672 mom

205 685 252 717 do
277 694 360 717 cura
385 682 451 725 sit,
483 687 534 716 ut
558 682 652 715 inter
679 693 716 716 se
742 682 976 727 cohaereant,
1011 684 1075 717 sed
1103 694 1155 717 ne
1178 683 1301 730 pigra,
1338 695 1394 718 ne
1430 684 1537 730 longa
1568 682 1639 718 sint
1663 685 1700 727 9,

205 730 240 772 4,
270 730 328 764 66.
379 734 448 770 ut,
485 728 546 772 qui
568 734 734 775 rogatur,
769 728 965 775 intelligat,
999 735 1077 763 aut
1100 740 1155 764 ne
1181 729 1382 776 intelligere
1405 741 1443 764 se
1476 735 1585 776 neget
1607 731 1645 773 5,-
1665 730 1702 773 7,

205 778 264 811 31.
312 775 508 811 Vitandum
533 774 661 817 etiam,
696 786 747 809 ne
774 777 961 819 petulans,
993 787 1047 809 ne
1071 776 1283 820 superbum,
1319 787 1378 810 ne
1401 777 1505 818 loco,
1533 786 1588 810 ne
1610 778 1728 810 tem·'

205 833 295 866 pore
321 822 498 863 alienum,
540 832 587 855 ne
611 827 858 866 praeparatum
884 827 930 855 et
962 822 1070 856 domo
1104 822 1248 856 allatum
1269 821 1449 857 evidentur
1477 822 1524 864 6,
1561 823 1605 864 3,
1641 823 1701 858 33.

202 869 474 903 Declamatores
497 878 589 902 vero
615 867 653 900 in
684 867 806 911 primis
831 874 914 901 sunt
937 867 1170 911 admonendi,
1214 879 1271 902 ne
1305 867 1604 902 contradictiones
1642 878 1703 902 eas

203 921 354 959 ponant,
391 913 518 959 quibus
545 913 715 947 facillime
738 908 947 957 responderi
970 915 1103 958 possit;
1146 925 1233 949 neu
1257 913 1323 947 sibi
1358 915 1504 947 stultum
1534 914 1703 949 adversa-

203 961 296 995 rium
319 961 454 1008 fingant
477 961 511 1004 5,
538 962 594 1002 13,
627 958 684 994 42.
733 959 898 994 Protinus
931 970 1042 1006 ergo,
1082 971 1136 994 ne
1169 959 1277 1004 quid
1316 959 1467 1004 cupide,
1510 971 1565 994 ne
1589 959 1709 1003 quird

204 1007 391 1051 improbe,
427 1017 483 1040 ne
508 1006 617 1050 quid
641 1007 857 1050 impotenter
880 1005 1007 1048 faciat,
1043 1007 1243 1040 monendus
1270 1012 1329 1044 est,
1346 1017 1436 1050 puer
1462 1009 1493 1048 1,
1517 1007 1552 1049 3,
1583 1007 1638 1040 13.
1654 1005 1702 1048 ᾧ

205 1053 241 1097 4,
266 1056 300 1096 5,
329 1056 384 1088 27.
432 1064 485 1086 ne
510 1052 617 1097 quis
640 1063 708 1086 nos
733 1058 815 1085 aut
839 1054 1040 1096 petulantes
1063 1052 1100 1085 iu
1134 1053 1318 1086 laedendis
1350 1051 1424 1095 eis,
1457 1057 1534 1085 aut
1560 1051 1703 1086 etiam

206 1099 416 1134 ambitiosos
451 1104 552 1142 putet
580 1101 637 1140 11,
665 1101 696 1141 1,
720 1099 776 1133 67.
806 1097 851 1139 ff.
882 1102 938 1141 11,
964 1101 997 1140 3,
1032 1100 1111 1133 107.
1151 1110 1184 1133 v.
1215 1097 1317 1132 Aut.
1364 1098 1411 1131 do
1441 1098 1614 1142 tempori.
1649 1108 1702 1132 ne

204 1147 299 1180 hirta
322 1152 406 1192 toga
436 1146 502 1188 sit,
542 1155 637 1179 non
661 1145 799 1179 serica:
829 1155 886 1179 ne
908 1145 1089 1179 intonsum
1117 1149 1245 1188 caput,
1276 1155 1363 1178 non
1387 1143 1426 1177 in
1474 1144 1580 1178 radus
1603 1153 1706 1178 com-

204 1198 279 1226 tum
305 1195 359 1234 12,
384 1193 441 1234 10,
465 1190 520 1226 47.
547 1192 690 1226 Vereor
716 1197 848 1233 tamen,
881 1202 936 1225 ne
970 1196 1045 1225 aut
1069 1201 1195 1237 magna
1224 1190 1371 1224 nimium
1401 1188 1439 1225 vi
1466 1200 1527 1223 ear
1556 1189 1704 1236 exigere

204 1254 249 1264 —-
275 1243 353 1271 aut
377 1239 486 1270 multa
509 1250 576 1270 -:
610 1237 783 1281 quique
806 1238 896 1271 haec
920 1237 1021 1281 operi
1044 1243 1168 1270 nostro
1193 1235 1394 1270 necessaria
1412 1243 1507 1271 ,esse
1541 1237 1706 1270 credide-

202 1283 297 1327 rint,
325 1285 428 1317 velut
453 1293 589 1316 moram
614 1283 667 1316 rei
696 1283 991 1326 perhoxescant,
1037 1288 1079 1317 et
1107 1285 1296 1326 desperent
1315 1288 1397 1316 ante
1421 1281 1708 1325 experimentum

206 1333 264 1372 12,
291 1332 346 1372 11,
376 1331 411 1363 9.
460 1340 516 1362 ne
541 1328 662 1371 aliter,
699 1339 804 1372 quam
830 1328 958 1361 dicturi
985 1334 1088 1370 sunt,
1125 1327 1290 1361 exerceri
1318 1327 1451 1369 velint,
1488 1333 1536 1361 et
1568 1326 1606 1360 in
1640 1329 1705 1362 de-

207 1374 414 1409 suescendis
441 1380 626 1408 morentur
663 1375 698 1416 3,
730 1375 764 1416 8,
800 1376 857 1407 70.
906 1374 1176 1417 Explorandum
1205 1373 1335 1419 igitur,
1367 1383 1463 1416 ,quas
1499 1383 1622 1412 causas
1659 1394 1706 1401 ——

207 1422 378 1456 afferant:
407 1431 475 1454 nec
499 1420 534 1454 id
562 1426 614 1454 sat
648 1424 725 1462 est,
768 1419 933 1453 inimicos
965 1419 1098 1461 fuisse,
1143 1419 1207 1453 sed
1241 1429 1294 1452 an
1326 1418 1516 1460 desierint,
1551 1431 1605 1453 an
1638 1429 1706 1464 per

205 1469 278 1502 hoc
303 1467 418 1512 ipsum
446 1465 673 1500 reconciliari
693 1465 827 1507 velint,
857 1476 913 1500 ne
939 1464 1098 1509 corrupti
1123 1465 1216 1508 sint,
1249 1475 1303 1498 ne
1328 1463 1550 1508 poenitentia
1570 1475 1705 1510 propo-

208 1515 314 1548 situm
335 1514 554 1547 mutaverint
578 1515 611 1555 5,
636 1513 671 1554 7,
697 1514 740 1545 13
766 1513 813 1544 Ν.

162 1570 229 1614 Ne
261 1594 311 1606 τ-
345 1569 529 1625 quidem.
578 1580 615 1623 α)
640 1591 686 1613 ne
713 1580 765 1613 M.
792 1579 890 1624 quid.
919 1579 1078 1613 Tullium
1106 1579 1142 1622 9,
1165 1577 1202 1622 4,
1241 1580 1296 1613 57.
1325 1589 1372 1612 ne
1396 1578 1479 1611 dum
1514 1577 1633 1630 ipsane
1669 1591 1705 1623 q.

209 1635 263 1663 est
291 1631 325 1670 1,
356 1633 388 1669 1,
413 1629 445 1662 5.
476 1637 532 1660 ne
567 1638 588 1660 a
625 1625 810 1660 sententiis
834 1626 999 1670 quidem,
1036 1630 1112 1659 aut
1139 1624 1262 1661 verbis
1286 1626 1410 1658 saltem
1436 1623 1583 1670 singulis
1608 1626 1644 1667 6,
1669 1626 1705 1668 5,

210 1677 243 1709 1.
270 1686 315 1708 ne
339 1673 397 1717 (a.
423 1677 444 1707 1.
475 1670 566 1715 nec)
592 1671 843 1717 Thucydidem
873 1671 993 1717 quid.
1031 1676 1108 1704 aut
1142 1669 1202 1714 (α.
1241 1675 1263 1704 1.
1300 1669 1395 1710 nec)
1426 1671 1707 1714 Xenophontem

209 1721 315 1754 utiles
339 1719 475 1753 oratori
501 1721 555 1761 10,
586 1721 619 1760 1,
644 1721 702 1752 33.
729 1717 772 1759 cs.
794 1720 828 1760 8,
852 1719 909 1752 Pr.
929 1716 983 1752 14.
1009 1719 1044 1760 9,
1067 1716 1103 1760 4,
1127 1716 1162 1750 4.
1187 1716 1229 1761 β)
1253 1729 1314 1760 pro
1339 1719 1414 1749 illo.-
1451 1719 1585 1749 etiam
1607 1729 1705 1750 non.-

209 1768 264 1801 Ne
288 1766 324 1799 id
353 1765 496 1810 quidem
520 1765 707 1798 tacendum
740 1766 794 1806 10,
818 1768 852 1807 7,
878 1765 936 1798 28.
966 1775 1012 1797 ne
1038 1763 1127 1796 illud
1151 1762 1250 1807 quid.
1278 1761 1481 1806 praeteribo
1504 1761 1540 1805 4,
1564 1765 1599 1805 2,
1625 1761 1705 1798 125.-

208 1812 252 1854 qs.
278 1814 313 1855 6,
341 1815 374 1855 1,
399 1814 454 1846 37.
483 1812 565 1845 sed
589 1822 646 1845 ne
670 1810 851 1844 rhetorice
875 1822 910 1855 q.
935 1813 969 1852 2,
995 1813 1052 1852 17,
1073 1807 1130 1844 34.
1163 1809 1242 1843 sed
1261 1819 1318 1842 ne
1335 1809 1408 1842 hoc
1429 1807 1526 1852 quid.
1537 1818 1706 1842 recusare

210 1859 375 1894 videatur
398 1858 431 1898 5,
456 1857 492 1900 6,
516 1860 549 1890 2.
575 1856 620 1898 cf.
648 1858 681 1899 6,
708 1857 742 1899 5,
765 1855 798 1889 4.
826 1860 861 1899 7,
888 1859 922 1898 1,
946 1855 1003 1894 45,
1028 1857 1064 1898 8,
1089 1857 1124 1898 3,
1150 1854 1182 1889 5.
1208 1855 1266 1890 38.
1291 1855 1327 1898 9,
1357 1856 1393 1898 3,
1416 1852 1485 1896 443
1523 1853 1588 1888 Ne
1610 1854 1706 1901 hoe

210 1905 338 1939 fecit
363 1904 601 1945 (soloecismus
637 1915 699 1946 per
722 1901 981 1944 detractionem)
1018 1904 1053 1945 1,
1079 1904 1113 1944 5,
1138 1902 1184 1935 38
1207 1901 1254 1935 N.
1296 1898 1314 1904 “
1382 1914 1386 1915 ’

164 1961 244 2005 Ni}-
301 1976 334 2006 in
359 1974 626 2013 interrogatione.
676 1969 717 2014 α)
741 1972 902 2013 simplici.-
939 1969 977 2003 in
1002 1967 1244 2013 experiendo,
1280 1970 1452 2002 teneasne
1487 1967 1543 2010 11,
1576 1968 1615 2018 2)
1645 1965 1703 2002 35.

212 2019 307 2065 Quid
332 2018 507 2059 Periclea,
534 2017 732 2051 similemne
757 2016 935 2051 credimus
959 2023 1018 2049 etc.
1050 2017 1106 2058 12,
1134 2016 1191 2056 10,
1215 2012 1262 2047 24
1286 2015 1334 2048 Ν.
1355 2026 1401 2047 ον.
1426 2013 1591 2047 nullusne
1619 2015 1727 2059 ergo=

212 2066 323 2099 decor
345 2064 566 2098 adhibendus
595 2062 677 2097 est?
714 2063 792 2107 quis
820 2061 953 2108 negat?
988 2063 1032 2103 8,
1048 2063 1083 2104 3,
1109 2061 1142 2095 9.
1167 2059 1437 2094 sententiolisne
1461 2058 1615 2092 flendum
1639 2057 1709 2092 erit

213 2115 271 2155 11,
298 2114 331 2151 1,
362 2111 419 2145 52.
445 2114 759 2144 commoveaturne
788 2109 973 2153 quisquam
997 2108 1074 2151 ejus
1097 2107 1242 2140 fortuna
1267 2108 1322 2148 11,
1356 2107 1390 2147 1,
1422 2104 1478 2139 50.
1515 2116 1549 2138 v.
1593 2105 1707 2139 Non.

210 2160 255 2202 β)
288 2159 484 2198 multiplici.-
531 2166 709 2190 eorumne
741 2155 787 2189 sit
811 2153 1010 2188 differentia
1032 2173 1078 2179 --
1107 2163 1160 2186 an
1183 2162 1308 2185 eorum
1337 2152 1393 2192 11,
1419 2152 1453 2192 3,
1499 2150 1554 2184 16.
1593 2148 1638 2191 ff
1672 2148 1708 2193 9,

212 2202 247 2245 4,
271 2204 328 2238 97.
356 2201 399 2244 of.
427 2205 470 2236 ib.
493 2200 551 2236 48.
579 2203 625 2235 Ν.
651 2215 696 2235 cr.
726 2206 886 2235 rectene
910 2201 1042 2234 factum
1068 2197 1174 2242 quid,
1199 2208 1219 2230 a
1234 2209 1258 2230 n
1282 2195 1334 2240 (a.
1360 2200 1383 2228 l.
1411 2194 1488 2238 aut)
1510 2201 1639 2238 ,contra
1663 2194 1710 2229 sit

213 2249 248 2287 6,
276 2247 312 2292 4,
339 2247 374 2281 4.
421 2248 484 2281 Est
509 2254 627 2281 autem
650 2257 778 2294 magna
800 2247 894 2280 inter
926 2251 1106 2279 auctores>
1127 2242 1323 2285 dissensio,
1369 2241 1560 2283 Glaucone
1594 2241 1711 2285 Cary-

215 2295 302 2337 stio,
335 2305 403 2374 ³¹⁴¹}
417 2294 606 2338 Leocrati,
642 2304 699 2327 an
721 2292 976 2340 Agatharcho,
999 2302 1054 2324 an
1077 2289 1216 2334 Scopae
1240 2288 1411 2334 scriptum
1433 2287 1479 2322 sit
1503 2287 1542 2322 id
1565 2297 1711 2335 carmen

216 2343 272 2383 11,
295 2343 331 2383 2,
359 2342 376 2373 1
404 2364 414 2374 .

167 2393 273 2436 Nec·
310 2420 342 2441 v.
372 2408 551 2451 Neque.

170 2460 440 2504 Necessario·
476 2480 632 2508 utnon
663 2483 804 2517 semper
837 2471 890 2507 uti
920 2469 1073 2516 propriis
1109 2468 1285 2515 possit,
1328 2469 1392 2504 sed
1425 2465 1728 2503 necessario

216 2521 260 2552 ad
285 2520 476 2563 eloquendi
502 2522 674 2564 quaedam
702 2518 921 2553 deverticula
953 2516 1138 2563 confugiat
1171 2519 1227 2560 10,
1265 2519 1299 2559 1,
1331 2516 1388 2551 29.
1422 2513 1467 2556 os.
1499 2517 1534 2555 2,
1565 2516 1621 2555 17,
1653 2514 1710 2547 27.

218 2566 380 2608 quamvis
404 2586 449 2591 —-
475 2566 592 2610 aliqua
616 2567 660 2600 de
687 2565 742 2599 his
771 2575 851 2599 nec.
878 2563 1032 2598 dixerim
1060 2565 1112 2604 (i.
1137 2576 1168 2608 q.
1194 2569 1313 2606 postea
1349 2560 1385 2605 §.
1412 2563 1446 2594 2.
1471 2570 1563 2604 quae
1586 2563 1728 2603 postu-¹

217 2610 315 2643 labat
339 2611 502 2654 materia)
529 2613 564 2652 6,
593 2615 628 2655 2,
652 2615 669 2645 1
698 2613 745 2645 Ν.
772 2611 801 2644 si
824 2622 904 2646 nec.
929 2609 975 2644 sit
1000 2621 1111 2643 unum
1138 2607 1340 2652 eligendum
1366 2608 1423 2649 12,
1448 2607 1504 2643 10.
1526 2605 1584 2639 63.
1610 2605 1714 2638 Haeo>

219 2654 361 2689 interim
383 2667 479 2690 nec.
503 2658 612 2700 fiunt,
647 2657 790 2691 interim
813 2658 1105 2700 plerumque,
1139 2656 1202 2688 sed
1237 2663 1331 2687 non
1364 2662 1464 2685 nec.
1498 2650 1533 2693 5,
1568 2652 1623 2692 10,
1656 2649 1728 2683 8ον

222 2702 350 2746 quaed.
375 2701 482 2734 etiam
506 2714 585 2737 nec.
610 2703 755 2738 interim
778 2707 985 2747 sumuntur,
1015 2701 1291 2745 nuncupare
1315 2702 1351 2733 et
1382 2695 1477 2733 fari
1511 2696 1547 2739 8,
1583 2697 1620 2740 3,
1652 2696 1710 2730 27-

1656 2861 1661 2863 -
1714 2824 1728 2885 i
