1728 3002
504 189 674 231 Promtu
707 213 755 221 -
787 188 1078 231 pronuntiatio
1293 193 1299 204 ‘
1466 191 1546 231 ⁷05

24 292 209 335 promtu.
268 306 307 335 ut
341 299 481 346 quidam
514 300 664 346 scriptos
700 312 763 336 eos
799 300 934 348 (locos)
972 301 1236 346 memoriaeque
1276 301 1542 348 diligentissime

66 349 250 382 mandatos
270 346 309 381 in
334 358 387 391 pr.
410 347 596 382 habuerint
618 351 653 389 2,
675 347 711 392 4,
734 351 790 383 27.
838 358 911 382 non
942 347 1243 392 respicienda
1265 349 1311 381 ad
1334 350 1444 391 haec,
1478 351 1540 383 sed

7 424 12 433 ,
68 394 112 427 in
134 404 192 438 pr.
219 393 434 428 habenda
461 396 503 436 7,
527 396 590 436 10,
614 392 668 428 14.
716 394 959 438 exemplorum
983 401 1044 427 etc.
1082 394 1203 437 quesd.
1239 393 1382 438 copias,
1415 394 1543 439 quibus

68 439 326 482 abundare,
358 449 515 484 quasque
542 439 586 473 in
615 450 677 484 pr.
706 440 890 474 habere
913 439 1019 474 debet
1046 444 1169 473 orator
1194 442 1249 482 11,
1272 443 1308 483 2,
1332 443 1374 483 1;
1415 440 1543 475 mirum

68 484 163 518 dictu
195 489 272 527 est,
296 493 373 519 ‘nec
399 484 436 518 in
458 496 510 530 pr.
534 483 626 518 ratio
657 487 700 518 ib.
738 484 794 520 43.
830 490 870 519 ut
902 495 1042 529 semper
1074 484 1119 518 in
1150 496 1211 529 pr.
1245 485 1335 528 sint,
1371 491 1407 521 et
1442 492 1545 521 ante

67 530 232 564 oculos
252 531 287 573 8,
310 531 365 565 Pr.
394 533 440 566 28
465 543 498 564 v.
519 530 699 565 Oculus.
749 530 1054 575 Conspectus.
1101 531 1191 565 adeo
1215 530 1407 566 similitudo
1429 532 1544 566 mani-

8 616 10 619 ,
67 575 159 610 festa
181 580 254 619 est,
285 581 324 610 ut
347 587 423 610 eam
455 576 655 611 discernere
680 587 754 611 non
777 576 882 611 sitin
912 589 967 622 pr.
1001 577 1044 619 9,
1073 579 1116 620 1,
1144 577 1176 612 3.
1224 588 1244 611 a
1270 577 1490 622 simplici-
1508 584 1544 612 et

0 624 6 636 “·
63 620 110 655 in
132 632 196 666 pr.
219 621 336 666 posito
359 621 499 656 dicendi
521 623 625 656 modo
648 625 691 656 ib.
723 624 777 656 13.

18 665 228 708 promtus·
282 674 325 722 a)
347 680 390 712 de
413 680 609 712 homiuibus.-
642 680 748 723 paulo
775 678 890 713 minus
911 677 1060 722 promtis
1081 677 1186 712 etiam
1207 685 1338 714 noceat
1361 678 1545 724 scripsisse

65 725 121 766 12,
144 723 180 766 9,
205 724 263 759 16.
307 728 343 758 et
365 724 539 758 faciles
570 724 608 758 in
642 725 906 771 excogitando,
942 729 978 758 et
1011 724 1062 757 ad
1092 724 1299 759 discendum
1333 732 1543 768 promtos

65 771 98 811 1,
123 771 158 812 1,
187 772 220 803 1.
263 779 333 804 nec
353 769 541 813 omnibus,
570 769 629 813 qui
651 771 784 805 fuerint
806 781 936 804 manu
959 770 1149 813 promti,
1179 771 1277 806 viri
1302 771 1450 805 fortis
1474 782 1543 806 no-

60 824 147 848 men
170 815 390 850 concesseris
421 818 479 859 12,
503 819 538 858 1,
561 817 618 850 23.
668 815 713 860 β)
736 818 778 850 de
800 818 918 849 rebus.-
962 814 1114 850 facilitas
1136 827 1190 860 pr.
1223 819 1263 850 11
1278 842 1290 859 ,
1314 819 1359 860 3,
1385 819 1440 850 12.
1487 829 1543 861 pr.

19 895 21 897 .
58 858 196 906 ingenii
217 863 275 904 11,
297 863 334 904 2,
356 859 414 895 46.
449 867 625 905 promtum
646 861 692 895 sit
710 872 780 904 os,
803 872 876 895 non
899 871 1132 904 praeceps
1157 864 1211 904 11,
1235 864 1270 905 3,
1296 864 1363 904 52;
1401 873 1542 906 prom-

60 909 153 938 tum
186 905 257 940 hoe
290 906 401 940 etin
431 906 654 951 expedito
689 907 889 951 positum
912 908 978 948 10,
1001 909 1042 949 7,
1066 905 1124 940 24.
1172 906 1213 951 γ)
1240 907 1439 951 seq.2Ins..·
1474 919 1541 943 nec

61 955 239 995 promtum
261 956 316 985 est
347 951 489 995 dicere,
523 957 622 986 utros
650 963 801 996 peccare
825 951 978 989 validius
1010 957 1131 995 putem
1156 954 1219 996 10,
1251 955 1296 995 3,
1329 955 1383 987 12.
1431 954 1543 988 adeo-

109 1005 131 1029 e
153 994 289 1030 discere
322 997 471 1031 meliora
496 998 699 1032 volentibus
723 1003 899 1041 promtum
922 1002 976 1031 est
999 999 1055 1039 12,
1080 999 1136 1040 11,
1162 999 1217 1031 12.
1263 1008 1355 1042 quae
1377 999 1542 1044 (nomina)

107 1050 194 1087 gere
215 1041 339 1086 utique
366 1043 509 1084 Graecis
539 1049 594 1078 est
615 1043 891 1088 promtissimam
911 1043 946 1085 9,
975 1045 1009 1084 1,
1032 1045 1091 1077 22.

12 1083 255 1142 promulgo.
308 1109 383 1133 non
407 1099 502 1134 trino
529 1100 624 1134 forte
646 1100 806 1135 nundino
829 1100 1049 1146 promulgata
1079 1096 1239 1143 (rogatio)
1268 1101 1304 1141 2,
1331 1098 1367 1142 4,
1391 1101 1448 1134 35-

11 1139 265 1183 ΡῙθΠθΙΙΙΘΠ·
327 1155 495 1199 paulatim
525 1167 547 1190 a
582 1156 803 1201 philosophis
843 1155 1107 1191 nominibus
1145 1154 1334 1199 appellatio
1352 1180 1364 1198 ,
1408 1155 1539 1190 deinde

59 1199 326 1242 pro'nomen
348 1199 535 1246 (adjectum
559 1205 618 1246 esi)
642 1206 678 1246 1,
698 1201 735 1242 4,
759 1203 816 1238 19.
838 1215 872 1236 v.
900 1203 935 1236 N
945 1212 1090 1236 omen.
1117 1211 1223 1244 pron.
1248 1211 1391 1245 quoque
1414 1212 1538 1247 genus,

51 1248 262 1288 umerum,
297 1256 400 1283 casus
430 1247 537 1282 habet
578 1251 623 1290 1,
649 1248 695 1290 5,
719 1247 777 1284 47.
822 1248 912 1282 Item
948 1252 1183 1291 quantum,
1217 1247 1355 1290 quale
1383 1246 1539 1281 interro-

52 1291 301 1338 gantes·gravi
325 1291 419 1335 (sono
436 1292 596 1337 finiunt),
631 1299 876 1337 comparantes
899 1298 1002 1327 acuto
1024 1298 1150 1327 tenore
1172 1293 1405 1326 concludunt:
1442 1294 1538 1336 quod

53 1338 173 1371 tamen
197 1337 236 1370 in
258 1337 437 1372 adverbiis
461 1339 539 1373 fere
563 1349 605 1373 ac
627 1339 894 1383 pronominibus
928 1338 1015 1372 solis
1040 1337 1223 1372 vindicant
1250 1340 1294 1371 ib.
1319 1339 1377 1372 26.
1404 1350 1437 1372 v.
1455 1339 1538 1372 Ad-

6 1391 15 1406 1
39 1379 275 1425 serbiam.
304 1393 380 1417 non
402 1384 441 1418 in
463 1385 748 1419 demonstrandis
759 1385 850 1419 locis
872 1395 914 1419 ac
930 1383 1092 1429 personis
1108 1383 1356 1428 pronominum
1376 1383 1538 1418 obtinent

8 1425 167 1461 ⁸·*Vicem
197 1425 373 1472 (πιωιιιε).7
415 1431 472 1473 11,
499 1431 533 1474 3,
562 1432 619 1466 87.

0 1466 317 1524 ’ζῗῐουῐιιιῇᾶίὶα
370 1485 407 1524 α)
434 1498 462 1519 0.
488 1489 636 1521 Aurib..·
671 1492 754 1531 apta
774 1499 829 1531 pr.
856 1489 912 1530 11,
938 1488 974 1529 3,
996 1486 1054 1521 61.
1098 1485 1176 1519 aliis
1198 1485 1288 1521 locis
1313 1484 1434 1527 citata,
1461 1485 1537 1519 aliis

6 1531 18 1569 ξ7
57 1531 181 1572 pressa
198 1529 391 1572 conveniet
412 1542 466 1574 pr.
490 1534 533 1565 ib.
559 1534 638 1566 111.
670 1533 823 1567 dilucida
845 1544 900 1577 pr.
926 1534 971 1566 ib.
994 1533 1051 1566 33.
1084 1541 1139 1574 pr.
1165 1533 1348 1565 emendata
1374 1531 1465 1574 erit,
1500 1531 1537 1565 id

21 1574 35 1600 ἶ.
57 1579 124 1615 est,
145 1573 238 1609 vitio
250 1575 395 1617 carebit,
419 1576 450 1610 si
473 1584 535 1611 etc.
555 1578 675 1618 ilum.
707 1590 762 1622 pr.
786 1578 956 1612 indecora
976 1579 1010 1619 3,
1035 1579 1069 1619 3,
1089 1579 1123 1610 3.
1158 1583 1280 1610 ornata
1301 1582 1354 1610 est
1377 1587 1430 1619 pr.
1443 1602 1453 1618 ‚
1479 1577 1536 1610 cui

55 1618 266 1666 stiffi-agatur
279 1631 357 1654 vox
377 1621 493 1655 facilis
511 1629 580 1668 etc„
601 1625 658 1665 11,
678 1625 712 1666 3,
729 1622 787 1657 40.
812 1624 908 1657 lenis*
926 1634 980 1666 pr.
999 1623 1042 1655 ib.
1073 1622 1151 1655 161.
1176 1633 1229 1665 pr.
1250 1628 1285 1655 et
1308 1622 1474 1655 vultuosa
1502 1628 1538 1655 et

8 1700 10 1702 ,
30 1662 59 1706 '7'
81 1662 380 1699 esticulationibus
394 1668 543 1701 molesta
562 1672 598 1701 et
615 1668 719 1702 vocis
732 1667 985 1702 mutationibus
1001 1668 1174 1700 resultans
1188 1669 1231 1699 ib.
1252 1668 1330 1701 183.
1353 1672 1388 1700 et
1402 1666 1508 1701 voci
1521 1679 1538 1700 s

7 1710 11 1715 ’
72 1707 207 1743 elicitas
222 1715 258 1744 et
272 1719 295 1751 p
306 1720 403 1744 ron.
419 1712 480 1746 vel
499 1711 615 1746 scenis
627 1713 815 1748 suffectura
841 1716 896 1755 10,
914 1715 948 1755 1,
968 1713 1046 1747 119.
1074 1711 1210 1745 tardior
1224 1722 1277 1754 pr.
1297 1722 1414 1745 moras
1429 1712 1536 1746 habet

59 1755 116 1796 10,
134 1756 172 1797 7,
199 1757 257 1792 22,
313 1754 358 1799 β)
381 1757 572 1791 Νοηιίηαι..·
606 1768 738 1801 pron.
764 1769 785 1791 a
806 1757 984 1802 plerisque
1019 1756 1146 1790 actio
1177 1756 1304 1790 dicitur
1332 1759 1393 1799 11,
1427 1758 1466 1798 3,
1503 1760 1536 1791 1.

60 1797 107 1841 tf.
130 1800 166 1841 3,
195 1801 229 1842 3,
252 1801 285 1835 i.
337 1806 501 1844 quattuor
533 1801 657 1845 (libri)
688 1803 971 1845 elocutioni,
1003 1801 1041 1834 in
1073 1801 1173 1844 cujus
1201 1807 1334 1845 partem
1367 1801 1536 1836 memoria

36 1854 104 1885 ,ao
137 1854 266 1888 pron.
303 1845 476 1889 veniunt,
514 1847 690 1881 dabuntur
722 1849 782 1883 Pr.
815 1851 871 1882 22.
903 1847 970 1881 tria
1001 1853 1180 1890 praestare
1212 1847 1318 1881 debet
1345 1857 1421 1890 pr.,
1453 1857 1537 1880 con-

60 1887 176 1931 oiliet,
198 1891 431 1933 persuadeat,
462 1898 624 1935 moveat,
657 1893 783 1937 quibus
809 1900 934 1928 natura
955 1894 1142 1934 cohaeret,
1176 1891 1279 1926 etiam
1305 1893 1459 1926 delectet
1482 1896 1538 1936 11,

58 1933 200 1978 3;·154.
246 1943 452 1981 argumenta
474 1948 515 1971 ac
536 1943 643 1972 testes
666 1939 750 1982 quid
773 1939 909 1985 egerint
930 1950 983 1982 pr.
1009 1937 1162 1972 ostendit
1185 1938 1220 1980 6,
1243 1940 1278 1980 2,
1304 1940 1338 1973 7.
1384 1937 1536 1972 varie-

1 2012 3 2014 .
61 1985 153 2023 tas,
178 1981 273 2023 quod
296 1982 410 2015 solum
438 1988 491 2016 est
514 1984 848 2026 pronuntiatio
874 1986 929 2026 11,
951 1985 988 2026 3,
1012 1983 1057 2017 43
1094 1996 1127 2016 v.
1147 1982 1390 2025 Varieta83
1419 1985 1462 2015 de
1484 1985 1537 2015 1ιὶ-

60 2026 255 2059 strionibus.-
303 2026 409 2071 Quod
433 2027 463 2060 si
488 2027 527 2061 iu
550 2028 674 2063 alienis
698 2029 836 2073 scriptis
858 2030 934 2062 sola
960 2039 1013 2072 pr.
1042 2028 1092 2063 ita
1115 2027 1215 2060 falsis
1238 2028 1376 2061 accedit
1403 2027 1538 2062 affecti-

0 2094 6 2101 .
58 2072 150 2111 bus,
184 2070 267 2114 quid
297 2082 364 2106 nos
379 2072 556 2107 ‚faciemus
580 2081 640 2107 etc.
666 2074 711 2117 6,
747 2077 787 2118 2,
818 2075 875 2109 35.
935 2073 1085 2107 scenicis
1114 2073 1291 2106 actoribus
1321 2074 1398 2107 ead.
1430 2083 1538 2117 vox,

0 2125 10 2152 ’ῑ
60 2117 254 2160 eademque
278 2126 405 2160 pron.
427 2119 506 2162 plus
530 2120 573 2152 ad
591 2121 790 2154 movendos
812 2120 956 2154 affectus
981 2120 1046 2151 sub
1072 2128 1224 2162 persona
1247 2119 1344 2152 valet
1366 2120 1401 2161 6,
1427 2121 1459 2161 1,
1480 2120 1537 2154 26.

15 2174 18 2177 ·
61 2160 102 2206 y)
131 2163 238 2196 Gem‘r.
263 2169 294 2195 et
324 2165 433 2196 Dan:
471 2165 558 2197 duas
580 2170 717 2209 partes,
751 2176 841 2209 quae
866 2170 947 2197 sunt
978 2165 1075 2198 eaed.
1110 2163 1538 2208 pronuntiationis,

61 2217 219 2241 vocem
245 2212 315 2251 atq.
336 2205 583 2252 motum'ss,
610 2212 650 2251 3‚·
671 2213 703 2244 1.
748 2210 906 2252 vocis,
931 2219 1079 2252 prom,
1103 2214 1265 2255 gestus
1288 2209 1538 2244 observatione

63 2254 131 2295 10,
154 2255 199 2294 7,
225 2253 260 2287 9.
307 2263 379 2287 non
404 2253 471 2287 alia
494 2260 547 2288 est
571 2255 661 2290 ratio
696 2265 820 2299 pron.
845 2265 948 2300 quam
982 2254 1091 2297 ipsius
1122 2253 1362 2288 orationis
1398 2257 1464 2296 11,
1505 2257 1540 2297 3,

35 2299 119 2342 230.
165 2298 225 2332 vel
254 2297 505 2333 illustramenta
528 2310 632 2345 pron.
661 2303 723 2335 vel
746 2301 835 2336 vitia
867 2302 911 2334 ib.
945 2298 1021 2334 149.
1065 2311 1097 2332 υ.
1129 2299 1318 2342 Gestus3
1355 2300 1543 2344 pronunti-

4 2343 14 2385 ζ
63 2341 175 2377 anoni
202 2350 402 2377 assuescant
428 2347 471 2388 2,
496 2345 539 2388 5,
565 2347 600 2381 6.
653 2347 912 2381 Demosthenes
943 2344 1219 2389 pronuntiationi
1250 2346 1400 2388 palmam
1433 2345 1541 2388 dedit,

62 2386 247 2431 eidemque
271 2390 464 2423 secundum
491 2402 533 2425 ac
554 2390 695 2426 tertium
718 2393 835 2426 locum
862 2394 916 2434 11,
940 2393 974 2432 3,
996 2391 1030 2425 6.
1070 2386 1104 2432 δ)
1131 2393 1310 2424 Accusat:
1337 2400 1540 2425 accommo-

62 2433 210 2467 dandam
233 2435 415 2470 sententiis
441 2435 525 2480 ipsis
548 2446 650 2478 pron.
677 2440 733 2481 11,
756 2439 791 2481 3,
815 2435 893 2472 174.
943 2435 1118 2480 concipiat
1144 2435 1222 2479 quis
1259 2441 1377 2471 mente
1409 2436 1542 2471 orantis

61 2488 253 2522 vocem,
284 2479 534 2525 incessum,
569 2493 696 2527 pron.
725 2485 766 2526 1,
790 2485 831 2526 2,
864 2484 920 2517 31.
976 2481 1052 2515 Cic.
1087 2481 1235 2516 verba
1272 2487 1308 2515 et
1338 2492 1542 2526 pronun-

20 2542 25 2551 ι
64 2523 314 2559 tiationem
342 2527 613 2562 elocutioni
636 2528 733 2562 dedit
756 2530 797 2571 3,
827 2531 870 2570 3,
899 2530 935 2561 7.
991 2526 1152 2570 protinus
1185 2527 1541 2569 pronuntiatio-

4 2575 14 2578 ’“
66 2580 167 2604 nem
190 2570 235 2613 (S
246 2571 419 2616 p.—ne),
444 2583 618 2614 vocem,
642 2573 846 2608 memoriam
871 2578 1038 2607 exerceat
1061 2574 1096 2614 1,
1122 2574 1176 2614 11,
1203 2571 1248 2605 14
1271 2576 1340 2616 Z.;
1362 2581 1430 2607 nec
1447 2572 1540 2607 circa

65 2616 270 2650 memoriam
299 2622 334 2650 et
371 2628 474 2661 pron.
502 2620 638 2653 laboret
666 2620 709 2662 6,
740 2618 780 2661 4,
815 2622 847 2653 1.
900 2617 932 2660 ε)
963 2619 1100 2651 Amat..-
1132 2616 1188 2651 vis
1220 2617 1365 2652 videndi
1397 2624 1434 2653 et
1465 2619 1541 2651 elo-

7 2662 10 2666 '
45 2668 55 2711 ’ξ
72 2661 257 2704 quendi-
270 2673 349 2696 cum
372 2665 524 2708 quodam
543 2664 702 2708 corporis
718 2664 839 2698 habitu
857 2669 892 2697 et
911 2673 1046 2704 eorum,
1072 2673 1161 2706 quae
1190 2663 1293 2705 dicet,
1317 2674 1419 2706 pron.
1447 2666 1474 2696 C
1486 2667 1542 2696 el-

20 2708 38 2751 ]
54 2718 142 2740 ..sus
174 2708 208 2748 2,
235 2707 291 2750 15,
318 2711 375 2742 22.
418 2720 521 2753 pron.
550 2720 690 2754 quoque
714 2711 842 2743 famam
864 2709 1003 2743 dicendi
1026 2708 1154 2742 fortius
1178 2715 1353 2752 quaerunt
1373 2713 1408 2751 2,
1434 2711 1488 2750 12,
1507 2709 1542 2742 9.

14 2753 49 2779 22-
69 2751 224 2786 narratio
250 2753 327 2796 ipsa
350 2755 455 2790 etiam
479 2765 581 2799 pron.
609 2757 645 2790 in
670 2757 740 2790 hoc
754 2755 1031 2797 accommodata,
1056 2760 1094 2787 ut
1118 2753 1226 2796 judex
1247 2765 1352 2798 quam
1375 2753 1543 2788 facillime

158 2821 240 2853 Lex.
277 2822 391 2861 Quini.
968 2864 971 2867 Α
1224 2819 1268 2853 45
