1728 3002
191 229 272 270 14⁶
846 223 1064 278 Compono

235 351 335 376 oum
362 351 491 384 causa,
527 351 600 375 non
623 339 684 373 illa
707 337 905 385 (rhetorice)
928 349 1079 374 secum
1105 338 1184 384 ipsa
1209 340 1436 386 componitur
1455 343 1501 378 ἰᾶ.
1522 343 1581 377 33.
1613 341 1661 385 cs.
1687 328 1725 386 7',

234 390 280 431 2,
302 389 361 422 22.
397 399 432 420 υ.
458 385 693 431 Comparo.
754 387 798 432 β)
827 388 975 420 Parae-.-
1003 391 1065 420 aut
1091 386 1352 431 simplicia,
1379 393 1439 422 ant
1462 389 1724 433 composita

234 432 383 478 (verba)
419 434 460 476 1',
491 435 536 476 5,
568 436 603 468 3.
644 431 689 474 cf.
715 435 757 473 1,
784 433 828 474 6,
856 432 913 466 38.
950 434 993 475 7,
1026 433 1071 475 9,
1107 433 1141 467 5.
1194 439 1255 467 aut
1284 435 1386 476 ead.‚
1438 440 1499 468 aut
1534 445 1593 469 ex
1632 435 1722 470 eisd.

235 478 433 523 composita
462 481 506 522 2,
542 481 696 521 15,,23.
742 487 940 522 compos.
973 478 1121 522 (voces)
1154 491 1232 522 opp.
1262 479 1504 523 simplices
1530 483 1574 525 1,
1597 482 1639 524 5,
1662 483 1724 516 65.

202 547 209 557 x
236 525 283 566 os.
309 529 348 568 1,
373 528 415 568 7,
442 527 488 567 93
529 536 687 569 sparsa
717 523 980 568 compositis
1010 525 1258 559 niunerosiora
1287 527 1480 560 creduntur
1511 529 1554 570 2,
1587 529 1656 571 12,
1687 528 1725 563 3.

235 572 289 614 11)
314 574 339 606 ἱ.
362 585 393 616 q.
422 574 572 605 ordine
601 584 650 605 ac
676 572 858 604 ratione
885 573 1127 604 constituo.-
1161 573 1204 614 α)
1230 570 1268 606 in
1292 573 1539 616 componenda
1560 578 1644 620 toga
1667 575 1726 617 11,

236 619 277 659 3,
305 618 382 652 156.
419 628 466 652 ne
493 617 787 651 turbarentur
815 626 965 660 comae,
997 628 1084 661 quas
1112 617 1319 661 componi
1341 625 1404 652 etc.
1435 620 1479 652 ib.
1507 616 1586 654 148.
1619 630 1726 653 mun-

237 664 322 696 dum
347 663 464 707 ipsum
486 665 563 706 ejus
591 660 756 707 (musices)
782 661 920 696 ratione
945 673 1025 697 esse
1049 673 1209 708 compos.
1233 667 1266 705 1,
1291 666 1346 706 10,
1373 667 1436 705 12;
1464 665 1566 706 (inter
1588 668 1725 699 Aristo-

236 714 309 743 ielzs
334 711 445 743 decem
470 714 629 743 elementa
654 711 854 754 quaestionis
878 708 1109 756 novissimum)
1140 723 1161 743 κ
1176 710 1367 753 ezaon,
1406 711 1502 754 quod
1530 716 1586 745 est
1611 721 1726 745 com-

236 755 430 800 positum
459 767 560 790 esse
585 756 739 800 quodam
764 755 893 796 modo,
927 760 967 788 ut
990 756 1160 795 calere,
1195 756 1338 798 st‘are,
1370 755 1511 790 irasci
1544 760 1658 800 (vulg.
1682 759 1726 791 de

238 802 326 845 conj.
349 803 496 844 sedere,
523 807 586 845 st.‚
610 799 747 845 jacere)
771 803 807 844 3,
831 801 868 843 6,
891 799 939 834 24
957 802 1003 835 N.
1019 814 1090 844 cr.;
1114 812 1174 835 res
1197 812 1236 835 se
1260 801 1388 836 offerre
1405 822 1453 828 —
1470 813 1539 836 nec
1562 802 1727 847 (tntum)

236 846 566 895 vigilantibus,
595 849 659 881 sed
682 847 789 881 etiam
813 846 935 890 quiete
960 847 1234 892 compositis
1257 850 1322 887 11.,
1337 851 1374 890 2,
1397 850 1428 884 5.
1459 850 1541 882 cuin
1565 850 1609 882 ad
1631 849 1728 893 judi-

239 905 318 927 cem
341 904 409 927 nos
433 893 716 928 converterimus
741 911 785 917 —
809 894 927 927 danda
955 893 1075 928 brevis
1105 892 1314 941 cogitationi
1337 904 1450 928 mora.
1507 894 1604 929 Mire
1631 895 1728 930 enim

237 939 438 974 auditurum
456 939 585 973 dicturi
609 950 695 974 cura
718 940 892 980 delectat,
917 945 953 973 et
968 940 1079 982 judex
1103 951 1147 974 se
1171 940 1271 984 ipse
1295 940 1478 984 componit
1499 943 1557 984 11,
1580 943 1616 983 3,
1643 943 1725 975 157.

237 986 282 1030 β)
309 987 355 1019 ad
378 988 526 1031 aliquid.-
555 985 639 1019 satis
665 985 909 1030 composuisse
935 997 1033 1019 sese
1058 987 1116 1030 ad
1144 987 1347 1030 exemplum
1371 990 1412 1027 2,
1438 987 1483 1030 6,
1510 988 1544 1022 5.
1579 987 1727 1031 plurimi

237 1042 286 1065 se
314 1032 364 1065 ad
388 1031 513 1066 eornm
536 1031 766 1066 imitationem
792 1031 1060 1075 composuerint
1085 1035 1130 1076 2,
1156 1034 1198 1076 8,
1221 1035 1256 1066 2.
1291 1031 1335 1073 cf.
1360 1034 1404 1076 5,
1430 1035 1492 1074 12,
1518 1035 1594 1076 22·r
1610 1035 1728 1067 'com-

236 1077 375 1120 positus
400 1089 473 1111 non
500 1079 545 1110 ad
570 1079 726 1111 animum
753 1077 892 1121 judicis,
922 1070 986 1111 sed
1012 1079 1057 1112 ad
1076 1078 1300 1112 stomachum
1322 1077 1510 1125 litigatoris
1525 1079 1582 1122 12,
1603 1079 1640 1120 9,
1669 1082 1726 1118 12.

238 1122 329 1156 alius
353 1123 524 1158 historiae
550 1123 662 1170 magis
687 1123 916 1166 idoneus,
959 1123 1048 1158 alius
1079 1134 1274 1168 compos.
1306 1125 1350 1158 ad
1380 1136 1524 1159 carmen
1548 1128 1590 1168 2,
1615 1126 1659 1167 8,
1688 1124 1725 1160 7.

237 1168 395 1204 maxime
421 1170 467 1202 ad
492 1169 603 1203 risum
633 1168 823 1212 compositi
844 1170 888 1212 6,
913 1171 955 1211 3,
988 1171 1043 1204 18.
1086 1171 1131 1203 ad
1155 1181 1246 1215 quae
1272 1182 1448 1215 quemque
1471 1171 1728 1223 discipulorum

238 1220 365 1248 natura
389 1214 625 1259 compositiun
650 1215 790 1248 videret
816 1216 871 1256 10,
895 1217 931 1256 2,
956 1217 1011 1248 20.
1047 1217 1093 1248 ad
1116 1217 1207 1250 haec
1231 1217 1352 1250 omnia
1376 1218 1647 1260 componendus
1671 1222 1728 1252 est

237 1267 360 1294 orator
383 1263 438 1303 11,
465 1264 499 1304 1,
521 1259 579 1296 46.
607 1260 691 1294 satis
714 1264 761 1294 in
785 1261 856 1294 hoc
880 1270 948 1293 nos
964 1267 1157 1303 componet
1179 1263 1289 1295 multa
1313 1262 1492 1296 scribendi
1515 1263 1728 1297 exercitatio

236 1307 272 1347 9,
295 1305 331 1349 4,
359 1306 443 1349 114;
472 1317 561 1351 opus
588 1318 660 1340 non
684 1307 727 1339 ad
751 1312 869 1340 actum
891 1305 946 1339 rei
968 1318 1193 1353 pugnamque
1215 1314 1462 1351 praesentem,
1492 1310 1555 1342 sed
1581 1310 1626 1342 ad
1651 1320 1728 1342 me-

236 1353 386 1386 moriam
403 1353 619 1396 posteritatis
639 1358 675 1388 et
694 1353 824 1396 famam
846 1351 981 1398 ingenii
1006 1353 1234 1396 componitur
1256 1355 1312 1395 10,
1338 1356 1372 1396 1,
1396 1356 1453 1388 31.
1481 1353 1524 1395 cfi
1549 1355 1584 1397 5,
1610 1356 1665 1397 10,
1690 1356 1726 1390 9.

237 1399 282 1431 ad
306 1402 430 1433 omnes
454 1410 557 1432 casus
582 1399 736 1432 animum
762 1408 981 1442 componere
1008 1401 1064 1441 12,
1087 1400 1123 1441 9,
1147 1401 1206 1433 20.
1235 1398 1400 1443 quotiens
1423 1401 1467 1433 ad
1490 1400 1728 1434 imitationem

234 1444 382 1478 alterins
412 1445 608 1489 scripturae
640 1444 868 1488 componitur
901 1443 1055 1488 (figura)
1089 1446 1131 1488 9,
1165 1447 1207 1488 2,
1238 1444 1296 1479 34.
1343 1446 1388 1479 ad
1418 1446 1569 1480 aliorum
1594 1446 1728 1490 judicia

237 1492 487 1534 componenda
515 1497 568 1524 est
594 1490 709 1524 oratio
734 1493 767 1533 5,
793 1490 850 1532 14,
877 1491 935 1526 29.
968 1495 1086 1536 utraq.
1109 1502 1215 1524 manu
1239 1492 1289 1537 acl
1311 1492 1457 1526 modiun
1482 1491 1616 1536 aliquid
1638 1503 1728 1536 por-

235 1537 385 1569 tantiiun
413 1537 610 1580 composita
631 1540 693 1579 11,
726 1538 768 1578 3,
800 1539 879 1570 120.
919 1535 957 1569 in
982 1535 1047 1579 iis,
1085 1548 1178 1581 quae
1205 1538 1250 1571 ad
1281 1548 1424 1571 scenam
1449 1544 1726 1582 componuntur,

234 1582 366 1616 fabulis
391 1586 447 1624 11,
472 1585 512 1625 3,
539 1584 595 1617 73.
632 1589 771 1630 gestum
797 1582 949 1616 oratoris
973 1582 1143 1627 componi
1168 1584 1212 1616 ad
1238 1582 1503 1618 similitudinem
1529 1584 1726 1618 saltationis

237 1630 276 1670 1,
301 1631 366 1672 11,
395 1630 449 1663 19.
488 1628 608 1662 omnia
632 1630 675 1662 ad
703 1630 923 1672 voluptatem
948 1628 1135 1672 imperitae
1159 1629 1394 1663 multitudinis
1419 1639 1577 1674 compos.
1609 1632 1665 1673 10,
1690 1633 1726 1675 1,

233 1673 291 1708 43.
335 1687 365 1709 υ.
391 1675 623 1719 Voluptas.
674 1674 848 1708 orationis
883 1675 1003 1709 vultus
1037 1677 1081 1708 ad
1106 1674 1175 1718 id,
1222 1676 1319 1720 quod
1351 1675 1497 1710 efficere
1534 1677 1727 1719 tendimus,

232 1719 450 1763 compositus
475 1722 521 1764 9,
547 1724 563 1754 1
577 1746 587 1764 s
613 1723 671 1754 21.
705 1722 751 1754 ad
774 1720 1043 1765 exprimendam
1064 1733 1185 1755 rerum
1207 1720 1397 1770 imaginem
1420 1732 1580 1766 compos.
1611 1721 1728 1766 (simi-

234 1767 405 1806 litudines)
434 1768 467 1809 8,
492 1769 527 1810 3,
550 1767 827 1802 72..summissa
854 1772 891 1801 et
917 1768 962 1800 ad
984 1767 1272 1801 satisfaciendum
1297 1778 1457 1812 compos.
1482 1766 1606 1811 (aetio)
1631 1771 1666 1809 7,
1686 1767 1725 1813 4,

233 1814 302 1855 27;
342 1823 432 1857 quae
460 1812 583 1857 (laus)
613 1812 927 1847 ostentationi
954 1813 1181 1857 componitur
1202 1815 1236 1856 3,
1260 1817 1296 1856 7,
1321 1812 1357 1849 4.
1388 1826 1424 1847 v.
1451 1813 1722 1854 Ostentatio.

233 1857 273 1902 γ)
304 1861 430 1892 Partic.
461 1871 539 1903 opp.
575 1872 708 1893 vero.-
747 1855 1014 1893 assimulata
1047 1865 1084 1893 et
1113 1865 1208 1893 arte
1243 1858 1490 1903 composita
1521 1860 1562 1902 9,
1589 1862 1635 1903 2,
1663 1863 1723 1895 27.

232 1903 353 1938 ficta
379 1910 450 1949 atq.
477 1915 665 1950 compos.
692 1906 728 1948 8,
753 1907 811 1939 Pr.
837 1907 895 1940 23.
948 1903 1014 1948 111)
1037 1907 1061 1938 i.
1088 1918 1120 1950 q.
1143 1907 1264 1948 sedo,
1288 1907 1457 1951 mitigo.-
1482 1905 1724 1953 Pythagoram

235 1950 495 1984 concitatos
518 1951 668 1993 iuvenes
693 1950 1008 1996 composuisse
1034 1954 1067 1993 1,
1095 1954 1149 1990 10,
1173 1953 1230 1985 32.
1261 1950 1293 1985 si
1317 1950 1403 1995 quid
1425 1950 1560 1985 fuisset·
1577 1951 1728 1997 turbi-¹

234 1996 410 2030 diorum
435 1997 714 2043 cogitationum,
742 2001 1069 2041 componerent
1093 1998 1128 2039 9,
1151 1995 1187 2040 4,
1207 1999 1261 2031 12.
1290 1997 1583 2032 concitandis
1608 2006 1728 2032 com-1

231 2043 737 2085 ponendisve-affectibus
761 2046 804 2087 3,
826 2042 874 2086 4,
903 2045 960 2078 15.
998 2041 1043 2084 cs.
1070 2043 1113 2086 6,
1137 2045 1184 2089 1,
1215 2045 1272 2077 11.
1307 2055 1341 2078 υ.
1363 2043 1598 2078 Affectus
1623 2045 1662 2085 1,
1687 2041 1721 2079 δ.

231 2088 316 2122 dum
340 2089 409 2123 erit
434 2089 580 2133 prima
614 2096 650 2125 et
682 2100 879 2133 compos.
912 2088 1007 2123 actio
1038 2091 1102 2132 11,
1133 2091 1174 2132 3,
1212 2091 1290 2123 110.
1334 2094 1510 2124 amatores
1535 2089 1655 2124 lenis
1682 2095 1722 2124 et

229 2133 380 2168 nitidi
408 2141 444 2169 et
468 2145 661 2179 compos.
686 2135 827 2180 generis
852 2137 916 2178 10,
942 2137 981 2178 1,
1005 2133 1064 2169 44.
1089 2133 1136 2177 cs.
1158 2138 1276 2169 etiamt
1306 2135 1421 2169 altero
1446 2141 1634 2178 erecto,
1665 2136 1720 2170 al-

229 2184 308 2215 tero
337 2191 536 2224 compos.
566 2182 758 2226 supercilio
783 2184 839 2224 11,
864 2183 899 2223 3,
925 2180 984 2215 74.

283 2226 349 2270 IV)
379 2230 411 2259 in
435 2230 629 2261 scribendo.-
669 2231 711 2269 α)
733 2228 765 2262 is
789 2227 921 2271 optime
946 2232 1159 2270 componet,
1194 2225 1255 2271 qui
1279 2226 1350 2260 hoc
1376 2236 1450 2260 non
1483 2225 1556 2267 (Ζ.
1583 2227 1628 2260 de
1648 2228 1718 2262 oet.

229 2274 315 2316 conj.
324 2289 336 2315 ,-
365 2274 467 2307 Codd.
492 2272 618 2316 omitt.)
645 2275 761 2307 solum
785 2272 1026 2317 componendi
1049 2272 1159 2319 gratia
1185 2272 1271 2306 tacit
1291 2273 1328 2314 9,
1352 2271 1388 2314 4,
1413 2273 1460 2306 60
1483 2273 1530 2307 Ν.
1565 2271 1618 2314 sic
1636 2272 1718 2308 fere

229 2321 615 2362 componendum,
646 2320 826 2364 quomodo
853 2319 1247 2364 pronuntiandum
1274 2317 1340 2351 erit
1366 2319 1411 2352 ib.
1437 2318 1516 2352 138.
1551 2323 1591 2351 ut
1611 2318 1716 2361 juve-

228 2376 316 2403 nes.
351 2375 432 2397 cnm
455 2364 694 2408 scribunt,
732 2371 871 2411 gestum
894 2363 1151 2409 praemodulati
1172 2362 1388 2410 cogitatione
1415 2366 1470 2405 (a.
1491 2367 1516 2397 l.
1543 2369 1648 2411 gestu
1669 2382 1716 2390 —

229 2408 530 2454 cogitationem),
567 2410 620 2444 sic
651 2416 958 2455 componant,
997 2409 1177 2453 quomodo
1204 2419 1328 2442 casura
1349 2418 1474 2443 manus
1500 2415 1555 2444 est
1584 2412 1652 2453 11,
1677 2412 1714 2455 3,

228 2457 306 2489 109.
341 2456 411 2489 hoc
435 2456 527 2489 bene
551 2467 631 2490 esse
658 2467 816 2500 compos.
843 2457 879 2498 9,
905 2455 942 2498 4,
969 2457 1048 2489 133.
1083 2455 1175 2488 male
1201 2455 1440 2499 composuerit
1462 2456 1572 2499 8,-2,
1596 2456 1653 2491 16.

228 2501 391 2534 Graccho
416 2501 611 2545 composita
636 2501 758 2536 durius
785 2503 821 2544 9,
845 2500 882 2544 4,
901 2501 935 2536 5.
966 2505 1064 2535 recte
1087 2510 1204 2544 comp.
1231 2503 1274 2534 ib.
1302 2502 1367 2543 19;
1405 2502 1571 2536 Gemma..-
1595 2502 1676 2548 lege

227 2545 464 2588 componendi
483 2548 526 2579 ib.
542 2549 621 2581 133.
651 2547 747 2582 docti
761 2547 936 2581 rationem
955 2556 1071 2590 comp.
1089 2545 1303 2592 intelligunt,
1327 2547 1433 2580 etiam
1450 2546 1586 2580 indocti
1604 2548 1711 2582 volu-

226 2597 358 2636 ptatem
381 2593 423 2624 ib.
449 2591 528 2629 116.
555 2592 600 2633 cs.
622 2595 702 2628 133.
733 2603 849 2638 comp.
875 2591 992 2626 studio
1018 2593 1061 2625 ib.
1085 2592 1148 2634 66;
1185 2597 1345 2636 tempore
1363 2593 1408 2625 ad
1424 2594 1711 2636 componendum

224 2636 406 2672 securiore
431 2639 498 2679 12,
522 2638 567 2679 1,
591 2640 650 2673 20.
693 2639 739 2673 ad
767 2649 909 2682 comp.
937 2635 1114 2682 optimos,
1155 2637 1432 2672 actionibus
1457 2637 1610 2672 idoneos
1635 2650 1660 2673 n

223 2682 335 2717 fnisse
360 2685 424 2724 12,
449 2684 517 2725 10,
541 2681 599 2718 49.
655 2682 697 2729 β)
725 2697 755 2720 c.
782 2684 882 2729 Obj..·
911 2688 1202 2727 componunt,
1232 2694 1323 2728 quae
1351 2683 1627 2719 effuderant
1650 2688 1669 2719 1

224 2731 260 2772 3,
285 2731 342 2763 17.
371 2729 532 2773 solnta
557 2738 836 2772 componere
859 2731 917 2772 10,
939 2727 975 2771 4,
1000 2731 1045 2771 13
1082 2739 1195 2773 comp.
1219 2729 1396 2763 actionem
1421 2732 1484 2772 11,
1507 2731 1551 2773 3,
1568 2731 1632 2765 ›68-

222 2774 348 2809 Artem
370 2776 415 2817 3,
443 2775 484 2816 1,
510 2775 567 2808 11.
598 2790 645 2798 ·-
667 2785 813 2810 carmen
834 2774 1031 2810 victoribus
1055 2776 1117 2816 11,
1142 2777 1184 2817 2,
1211 2777 1268 2808 11.
1305 2791 1349 2799 -
1372 2775 1646 2810 commentarios
1673 2778 1705 2818 1,

221 2822 257 2865 8,
282 2821 338 2857 19.
367 2836 413 2845 -
434 2818 698 2866 grammaticam
722 2823 756 2865 1,
780 2821 816 2865 5,
841 2819 900 2858 54.
931 2835 980 2848 -
1001 2820 1144 2856 libellos
1168 2823 1225 2864 12,
1247 2821 1284 2865 8,
1310 2820 1344 2856 5.
1374 2837 1416 2847 -
1437 2820 1550 2856 libros
1572 2822 1639 2867 Ep.
1662 2821 1704 2857 ad
