1728 3002
403 139 406 141 ⁵
429 149 758 195 Nat-ratiuncula
786 173 841 180 -—
869 147 1036 193 Nasone
1428 151 1509 190 549

25 267 197 311 refutari,
233 275 268 301 ut
290 268 355 300 rme.-
379 273 547 300 cornmota
579 266 709 303 dicendi
743 266 871 318 ratione·
903 266 978 318 Qu.
1014 270 1078 296 tres
1097 274 1240 315 santae
1270 270 1384 315 postea
1411 262 1509 295 simul

25 311 577 404 gxsskffgssgssffiffzffgjg
595 324 642 390 ΞΖ·
653 309 1142 402 ¹„?².¹1‘3;{³;,¹3.':2'’2};:222¹÷¹
1154 319 1260 397 9ῗῖἷῗ
1275 306 1504 389 1333503135-

23 419 86 450 me
104 412 267 441 tenorem
288 404 327 438 in
349 402 608 438 narrationibus
630 408 775 436 servant
796 404 851 444 10,
874 404 910 444 7,
923 402 959 436 6.
982 402 1042 434 De
1066 400 1277 435 Narratione
1299 400 1335 442 4,
1360 399 1447 444 Cap.
1468 402 1501 432 2.

0 447 323 496 (arratiuucula.
369 471 406 494 n.
431 471 453 494 a
477 459 593 502 poetis
613 460 822 501 celebratas,
844 457 993 492 notitiae
1017 469 1143 500 causa,
1167 467 1241 492 non
1265 455 1504 502 eloquentiae,

20 509 220 544 tractandas
241 512 328 551 puto
352 510 385 549 1,
409 507 443 548 9,
467 506 503 541 6.

0 553 198 596 t'arrator.
243 563 383 597 abunde
407 562 557 596 disertus
578 573 697 596 rerum
721 573 863 595 suarum
887 572 922 595 n.
952 563 1006 603 11,
1031 564 1065 603 1,
1090 561 1146 596 36.

0 609 133 652 (ἃΙΊὌ-
174 619 210 663 α)
237 621 337 654 Veri».
355 619 502 661 finitum.
526 617 559 661 a)
573 621 605 651 in
631 626 734 653 0mu:
760 618 907 660 indocti,
930 618 1081 659 barbari,
1105 617 1200 651 servi
1220 621 1363 650 narrant
1381 618 1417 658 2,
1445 617 1502 658 17,

23 669 60 702 6.
79 677 160 700 cum
180 676 362 704 narramus
379 663 498 702 3‚4.3.
518 663 562 705 qi:
581 666 636 699 15.
650 668 728 708 7,1,
746 667 803 699 38.
821 676 887 708 pro
907 665 1050 698 Vareno
1068 662 1173 705 (Cic.)
1190 669 1314 707 postea
1331 661 1502 703 narravit,

24 724 128 759 quam
146 711 286 756 objecta
308 710 409 743 diluit
431 709 466 752 4,
490 712 525 751 2,
549 711 595 744 26
617 714 679 752 Z.·,
703 719 1011 744 narrarevero
1035 709 1113 752 quis
1133 708 1290 750 brevius,
1316 719 1419 752 quam
1441 707 1501 752 qui

22 764 174 794 mrtem
197 756 382 790 nuntiat
402 756 576 798 Patrocli,
612 757 690 800 quis
709 756 963 803 significantius
980 760 1108 798 potest,
1133 766 1235 800 quam
1255 754 1315 799 qui
1334 753 1503 788 Curetum

21 804 307 845 Aetolorumque
330 812 486 848 pugnam
510 801 684 845 exponit?
713 801 887 844 10,1,49.
912 812 947 834 n.
976 801 1068 833 male.
1091 800 1176 843 4,2,
1201 801 1258 836 15.
1281 799 1502 835 membratim

26 861 72 885 m.
97 849 135 892 9,
146 847 181 888 4,
199 851 277 882 127.
304 858 341 882 ιι.
362 846 559 891 suspiciose
575 846 612 889 4,
630 849 664 890 2,
679 849 738 882 81.
763 849 801 884 b)
814 851 845 881 in
859 858 1021 880 sermone:
1049 857 1207 888 narrare,
1224 857 1316 891 qnae
1341 846 1434 881 salsa
1453 845 1501 888 (a.

25 899 51 930 1.
75 893 188 935 salsa)
223 893 317 936 sint,
346 892 384 926 in
407 893 529 937 primis
552 899 605 926 est
630 894 759 927 subtile
788 900 823 927 et
854 893 1047 927 oratorium
1080 893 1116 933 6,
1148 893 1183 934 3,
1215 893 1270 926 39.
1305 902 1396 936 quae
1428 902 1502 925 non

26 939 231 982 docendi
254 938 388 985 gratia,
418 939 480 972 sed
504 939 696 972 ornandi
725 944 910 972 narrantur
932 939 967 978 9,
990 938 1026 979 4,
1052 939 1129 972 127.
1178 948 1221 971 ea
1245 936 1313 970 sibi
1348 948 1502 970 narra-

24 987 89 1030 ri,
123 996 196 1021 non
218 984 420 1028 exprimi
448 989 484 1018 et
507 985 620 1018 ocutis
644 984 772 1018 mentis
796 983 989 1023 ostemii
1013 984 1048 1024 ὃ,
1078 985 1113 1025 3,
1135 983 1193 1017 62.
1225 983 1316 1017 haec
1346 988 1406 1016 aut
1439 993 1502 1016 os-

24 1033 312 1073 tenduntur,
336 1035 395 1063 ant
424 1035 694 1072 narrantur,
712 1036 771 1063 ant
792 1030 926 1063 dicto
957 1035 1188 1063 notantur
1219 1029 1255 1070 6,
1283 1031 1318 1071 3,
1343 1029 1402 1064 67.
1429 1039 1502 1062 ιιοιι

23 1075 208 1112 narrari
230 1087 301 1119 res,
332 1075 395 1109 sed
418 1075 490 1120 agi
506 1077 542 1118 9,
578 1078 614 1118 2,
645 1074 703 1110 43.
749 1075 944 1120 Aesopicas
982 1075 1131 1108 fabellas
1163 1085 1308 1108 narrare
1338 1084 1504 1118 sermone

22 1134 115 1170 puro
139 1126 173 1165 1,
200 1124 236 1164 9,
265 1126 309 1163 23
341 1121 381 1154 in
406 1120 597 1166 Symposio
619 1123 738 1164 Plato,
774 1133 854 1157 cum
878 1121 1089 1155 Alcibiaden
1122 1120 1348 1158 confitentem
1382 1121 1428 1154 de
1451 1131 1504 1162 se,

23 1171 109 1215 quid
133 1180 154 1201 a
181 1169 328 1201 Socrate
355 1167 425 1210 pati
449 1167 620 1210 voluerit,
653 1173 771 1200 narrat
793 1169 827 1207 8,
854 1166 889 1209 4,
914 1169 978 1208 23;
1014 1178 1083 1210 qua
1107 1167 1158 1199 de
1188 1177 1229 1199 re
1253 1165 1399 1199 memini
1420 1177 1505 1199 nar·-

20 1226 119 1251 rasse
142 1213 229 1247 mitti
252 1214 322 1246 Jut.
349 1213 551 1246 Secundum
573 1233 620 1238 —
642 1213 727 1257 quid
760 1218 852 1247 esset
875 1212 943 1247 sibi
966 1224 985 1245 a
1018 1218 1143 1255 patruo
1176 1221 1243 1244 suo
1280 1211 1414 1245 dictum
1446 1213 1505 1254 10,

23 1263 59 1302 3,
86 1263 140 1294 12.
185 1259 229 1305 β)
252 1260 399 1291 Parric..·
438 1257 611 1292 narrantis
629 1259 824 1292 'auctoritas
846 1257 881 1301 4,
905 1261 940 1300 2,
977 1259 1053 1292 125.
1097 1257 1221 1303 pollici
1248 1257 1431 1301 proximus
1454 1258 1507 1291 di-

25 1307 118 1354 gitus
142 1310 196 1338 est
218 1304 438 1337 narrantibus
462 1305 613 1337 decorus
639 1307 695 1347 11,
719 1307 741 1338 3
783 1307 861 1338 101.
907 1303 961 1337 rei
985 1309 1207 1336 narratae
1240 1304 1301 1338 vel
1340 1303 1452 1348 prob
1465 1315 1505 1336 a-

23 1358 100 1386 tae
122 1352 158 1394 8,
190 1351 224 1392 5,
258 1353 314 1383 11.
369 1355 512 1383 narrato
534 1349 673 1383 Pisonis
707 1351 876 1393 exemplo
912 1351 948 1391 9,
979 1352 1015 1391 2,
1052 1351 1118 1391 61ς
1161 1349 1219 1382 Αιι
1246 1359 1317 1382 non
1353 1349 1392 1382 in
1420 1349 1504 1383 foro

22 1396 236 1437 narrandum
259 1400 313 1429 est
337 1397 373 1435 2,
399 1398 432 1437 1,
457 1398 513 1429 10.
560 1395 599 1438 y)
625 1398 784 1430 Gerund.-·
817 1398 880 1429 lex
906 1395 1069 1428 narrandi
1104 1398 1139 1435 2,
1174 1396 1230 1437 13,
1263 1398 1297 1428 1.
1343 1406 1434 1439 quae
1466 1406 1503 1429 n.

24 1445 103 1486 lux,
130 1441 308 1483 brevitas,
329 1440 418 1474 fides
437 1444 472 1483 2,
497 1443 531 1483 5,
555 1445 589 1475 7.
635 1452 726 1485 quae
750 1441 840 1475 ratio
865 1447 901 1474 et
923 1452 1028 1484 quam
1055 1441 1158 1474 varia
1182 1451 1218 1474 n.
1247 1443 1302 1482 10,
1328 1440 1362 1482 2,
1386 1442 1441 1474 27.
1466 1451 1502 1475 n.

25 1490 116 1534 qnae
140 1486 244 1521 nobis
266 1485 396 1528 optima
418 1487 509 1520 ratio
534 1486 701 1520 videatur
721 1490 756 1529 2,
781 1487 817 1528 4,
841 1489 875 1520 3.
899 1487 962 1519 itto
986 1486 1104 1519 subtili
1128 1486 1289 1528 (genere)
1313 1486 1503 1530 praecipue

22 1535 115 1569 ratio
141 1531 365 1566 narrandi
385 1533 692 1576 probandique
716 1534 886 1566 consistet
909 1536 964 1575 12,
991 1535 1046 1573 10,
1077 1534 1134 1566 59.
1165 1531 1210 1572 rs.
1228 1531 1276 1575 ·4,
1309 1533 1368 1565 Pr.
1398 1533 1433 1568 6.
1462 1531 1500 1574 4,

23 1584 62 1624 2,
88 1581 134 1614 30
155 1591 243 1624 seqq.
266 1578 419 1612 vertitur
440 1578 595 1611 interim²
610 1575 885 1620 προσωποποιΐα
918 1578 956 1611 iu
988 1577 1143 1621 speciem
1167 1589 1203 1612 n.
1226 1579 1264 1620 9,
1290 1580 1323 1616 2.
1347 1580 1405 1613 37.
1439 1579 1488 1617 au·

0 1626 152 1666 *sim-ia)
188 1623 354 1658 scribitur
385 1625 427 1656 ad
458 1625 765 1666 narrandum,
809 1634 883 1656 non
918 1625 962 1656 ad
994 1625 1277 1667 probandum
1307 1640 1353 1645 -
1381 1624 1503 1657 verbis

22 1669 273 1706 remotioribus
296 1675 333 1702 et
355 1668 578 1708 liberioribus
600 1669 720 1711 figuris
742 1681 780 1705 n.
807 1668 962 1703 taedium
990 1669 1101 1703 evitat
1126 1671 1182 1710 10,
1220 1672 1253 1711 1,
1285 1671 1352 1711 31;
1375 1670 1421 1704 Τ.
1446 1670 1506 1703 Ι.ὶ-

25 1717 125 1754 vium
147 1733 193 1740 —-
217 1715 257 1748 in
276 1714 453 1748 narr'ando
476 1714 586 1748 mirae
612 1714 838 1758 jucunditatis
861 1715 1117 1758 clarissimique
1150 1714 1315 1748 candoris
1348 1718 1389 1748 ib.
1426 1717 1503 1748 101.

25 1761 65 1797 in
89 1771 182 1794 narr.
207 1760 402 1794 consistere
424 1760 568 1794 facetias
591 1760 626 1803 6,
651 1763 685 1802 3,
708 1760 755 1794 42.
779 1772 810 1792 ιτ.
836 1760 856 1791 J
868 1760 981 1794 acio.
1011 1759 1048 1792 in
1077 1771 1112 1793 n.
1142 1756 1287 1804 gratiam
1314 1759 1411 1794 ittam
1436 1772 1504 1793 ωι-

26 1804 215 1852 pos'itionis
239 1810 385 1852 quaeret
409 1809 464 1848 11,
489 1810 523 1849 1,
547 1807 602 1840 53.
647 1805 686 1839 iu
715 1816 751 1838 n.
777 1811 914 1848 certus,
952 1806 1015 1839 sed
1051 1811 1125 1839 tum
1158 1806 1267 1849 paulo
1299 1806 1532 1849 productior·

28 1849 187 1896 (ἕξεως)
211 1852 269 1892 11,
292 1850 328 1891 3,
354 1850 412 1884 92-

0 1882 163 1940 &ascula
186 1906 213 1945 1)
239 1908 383 1956 proprie:
418 1904 460 1948 a)
472 1906 532 1948 qui
556 1905 773 1948 hominibus,
796 1908 835 1939 ut
854 1907 930 1949 dut
953 1913 1126 1948 oratores,
1150 1908 1235 1941 satis
1260 1914 1382 1951 putant
1408 1910 1504 1943 nasci

29 1958 87 1996 11,
112 1954 147 1994 3,
174 1954 227 1984 11.
274 1956 315 1983 ut
336 1956 504 1983 wrtutem
528 1951 670 1983 obviam
706 1957 741 1984 et
764 1952 995 1994 illaboratum,
1016 1958 1146 1985 tantum
1170 1953 1250 1996 quia
1274 1954 1345 1988 nati
1370 1966 1503 1998 sumus,

0 2001 221 2059 ,habeamus
251 1998 310 2036 12,
334 1998 371 2038 2,
398 1999 432 2028 2.
478 2005 558 2029 cum
585 1995 731 2029 omnino
756 1998 810 2034 (u.
837 2002 859 2030 1.
885 2001 983 2030 inser.
1010 1994 1149 2040 adhuc)
1174 2004 1275 2031 natus
1307 2010 1379 2032 non
1411 2007 1505 2034 esset

6 2048 65 2089 ‚53
90 2046 145 2086 10,
171 2042 228 2076 44.
275 2046 349 2073 tum
373 2051 446 2074 non
471 2046 573 2073 natus
596 2052 674 2074 eras
695 2042 730 2083 6,
753 2044 788 2084 3,
814 2044 871 2075 73.
913 2042 944 2075 si
974 2043 1067 2084 (Sp.
1105 2042 1186 2085 om.)
1219 2044 1288 2077 fitia
1324 2051 1402 2078 nata
1433 2047 1503 2087 (so.

5 2101 14 2132 ζ
32 2088 169 2131 esset)
196 2090 254 2128 11,
281 2089 314 2128 1,
340 2087 386 2119 82
410 2089 452 2123 Ζ.
499 2086 662 2119 animatia
684 2086 853 2120 indomita
874 2093 1066 2120 nascuntur
1094 2090 1130 2130 9,
1161 2089 1195 2129 4,
1222 2091 1255 2122 5.
1304 2090 1363 2128 ubi
1398 2103 1507 2135 ‹piae-

8 2147 101 2182 αρε
127 2133 219 2178 (avis
245 2139 304 2165 aut
324 2130 426 2173 sera)
449 2130 546 2164 nasci
568 2133 682 2165 soleat
706 2133 740 2174 5,
773 2134 830 2171 10,
862 2135 913 2165 21,
963 2132 1011 2165 ibi
1045 2138 1115 2166 tum
1148 2134 1276 2179 longae
1307 2137 1506 2180 (murenae)

11 2185 225 2221 ‚nascuntur
249 2178 286 2219 6,
307 2179 343 2224 3,
365 2178 422 2210 80.
467 2187 535 2210 nec
558 2176 594 2210 id
616 2177 715 2211 ferro
739 2177 937 2221 speciosum
961 2178 1038 2211 fieri
1073 2179 1224 2221 putabo,
1257 2182 1350 2224 quod
1386 2181 1415 2215 si
1446 2195 1511 2218 m..

30 2231 205 2266 “sceretur,
220 2229 416 2256 monstrum
440 2227 516 2256 erat
539 2223 573 2264 5,
600 2225 655 2258 12.
683 2224 744 2264 19;
784 2222 842 2255 An
870 2223 929 2256 hic
955 2223 1001 2256 sit
1023 2234 1080 2257 ex
1101 2223 1247 2259 Urbinia
1280 2232 1382 2259 natus
1414 2231 1450 2271 7,
1474 2233 1509 2273 2,

10 2275 69 2316 ι..5.
115 2282 137 2305 e
159 2276 255 2303 terra
276 2268 376 2302 uberi
400 2268 486 2302 unite
511 2267 643 2311 aliquid
666 2274 832 2302 nascetur
853 2272 889 2310 2,
915 2269 970 2310 19,
994 2271 1027 2302 2.
1076 2269 1136 2312 qui
1160 2277 1242 2303 sunt
1262 2270 1305 2304 iu
1327 2273 1384 2306 his
1407 2273 1507 2316 (gen-

12 2315 137 2360 ¹tibus)
162 2314 235 2349 nati
259 2315 295 2357 3,
319 2317 354 2354 2,
378 2312 412 2347 4.
459 2318 627 2357 tanquam
655 2314 708 2347 ad
732 2325 808 2347 eam
832 2312 1031 2356 (linguam)
1056 2315 1196 2348 demum
1219 2322 1321 2350 natus
1351 2325 1446 2353 esset
1471 2323 1507 2365 6,

14 2365 97 2406 ’,Ρη
124 2364 180 2396 11.
226 2360 267 2403 β)
290 2362 434 2392 Partica
468 2357 653 2402 (nomina)
676 2365 711 2392 et
735 2370 784 2393 ex
809 2370 892 2392 casu
919 2360 1214 2394 nascentium
1250 2379 1295 2387 -
1327 2369 1363 2398 et
1385 2375 1434 2398 ex
1452 2366 1507 2404 iis.

15 2418 128 2453 ⁴‚quae
150 2410 261 2450 post
285 2410 421 2437 natos
449 2405 620 2438 eveniunt
643 2408 675 2446 1,
700 2404 822 2447 4,’25.
873 2416 962 2448 quae
999 2405 1139 2439 fletibus
1180 2413 1335 2452 natos,
1380 2411 1511 2447 laetitia

37 2453 290 2489 defunctos
313 2454 574 2493 prosequuntur
596 2451 629 2492 5,
663 2454 720 2493 11,
751 2452 807 2485 38.
831 2450 889 2483 Au
922 2462 987 2494 pro
1020 2461 1093 2485 non
1126 2453 1216 2486 natis
1246 2452 1315 2487 sint
1344 2457 1510 2502 habendi,

37 2498 101 2544 qui
125 2508 146 2531 a
169 2495 302 2529 familia
326 2500 407 2528 sunt
429 2495 570 2529 alienati
603 2497 637 2539 3,
668 2496 703 2538 6,
738 2497 795 2532 99.
852 2496 1014 2530 homines
1044 2498 1204 2532 honestis
1238 2501 1441 2542 parentibus
1470 2516 1512 2539 ac

37 2542 231 2587 majoribus
258 2547 358 2574 natos
384 2543 440 2581 11,
467 2546 504 2582 1,
533 2542 589 2575 85.
633 2552 683 2574 ex
715 2542 903 2575 meretrice
935 2547 1039 2582 uatus
1071 2554 1117 2576 ne
1150 2545 1384 2581 concionem}-
1411 2552 1447 2591 7,
1476 2552 1498 2585 6

31 2593 84 2631 v33
114 2586 339 2622 delectationi
361 2592 463 2619 natus
491 2589 545 2627 10,
571 2590 603 2628 1,
628 2588 706 2629 119.
753 2587 804 2620 in
828 2599 920 2630 qnae
943 2594 1045 2621 natus
1068 2586 1212 2623 videtur
1234 2593 1268 2634 2,
1292 2593 1326 2634 8,
1349 2594 1383 2628 5.
1420 2579 1512 2629 nati}

20 2634 163 2679 'postea
189 2646 267 2676 opp.
294 2632 346 2665 ivi
369 2631 472 2676 primi
494 2632 656 2666 homines
677 2634 713 2674 8,
740 2634 775 2674 3,
798 2635 864 2675 36;
898 2640 980 2667 nato
1001 2633 1075 2667 filio
1101 2637 1132 2675 1,
1158 2639 1190 2678 1,
1218 2639 1247 2670 1.
1295 2635 1513 2680 [erudiendo

27 2682 129 2721 ,misto
153 2685 214 2712 tuo
237 2678 316 2719 (cd.
345 2679 514 2720 Spald.‚
541 2679 599 2710 sed
620 2680 719 2718 Anah.
744 2681 775 2711 1.
802 2685 889 2712 recte
913 2679 1024 2713 Getae
1046 2679 1093 2722 t.)
1117 2681 1174 2714 Pr.
1198 2682 1232 2716 6.
1260 2683 1303 2716 N.
1333 2698 1378 2717 cr.
1404 2693 1436 2718 et
1459 2686 1512 2731 S.]

28 2728 166 2770 {natum
186 2723 295 2758 filium
318 2722 456 2766 sustuli,
482 2723 631 2758 educavi
655 2725 743 2770 (Sp.
767 2735 802 2759 ιι.
828 2736 870 2767 s.,
894 2725 921 2758 s.
947 2724 1007 2768 e.)
1032 2724 1069 2768 4,
1093 2727 1128 2769 2,
1151 2726 1197 2760 42
1222 2729 1256 2761 S.
1284 2727 1327 2773 y)
1351 2731 1512 2767 Gerana„-

32 2866 51 2887 S
