1728 3002
165 278 247 320 334
782 272 876 317 Fax
905 299 959 307 —
989 275 1097 334 Fere

161 389 274 433 Fax·
322 399 517 449 vulgiiam
539 401 638 437 faces
666 412 709 438 ao
737 412 827 437 saxa
852 401 1043 447 jaculantis
1076 404 1135 447 12,
1170 404 1205 447 1,
1237 405 1297 441 27.
1327 403 1427 439 faces
1457 404 1634 450 nuptiales
1667 404 1704 449 4,

213 451 250 492 2,
275 450 355 494 105.
395 449 560 483 ardentes
590 448 764 483 furiarum
799 449 900 483 faces
935 449 1136 484 excitarunt
1165 449 1274 484 istum
1296 451 1347 493 ’9,
1376 452 1411 494 3,
1444 448 1500 487 47.
1533 451 1570 486 id
1599 452 1704 487 nobis

214 495 370 530 acriores
397 495 442 529 ad
466 494 582 530 studia
608 495 752 530 dicendi
771 495 870 530 faces
898 495 1097 530 subdidisse
1126 498 1161 540 1,
1184 499 1221 541 2,
1243 495 1302 532 25.
1327 497 1374 531 N.
1400 504 1431 530 et
1458 498 1498 532 S.

165 540 333 605 Febriss·
393 552 653 587 contrariorum
693 552 796 587 aliter
843 552 956 597 accipi
995 552 1183 598 opposita,
1226 558 1266 587 ut
1303 558 1448 588 noctem
1475 552 1569 596 1uci;
1602 553 1707 588 aliter

213 610 339 642 noxla,
362 604 403 632 ut
425 599 646 646 frigidam
667 599 784 636 febri
811 599 845 643 5,
871 602 927 642 11,
950 602 1007 634 31.
1035 601 1175 635 febrem
1198 599 1318 644 quiete
1342 606 1379 635 et
1402 597 1615 637 abstinentia
1636 599 1704 635 mi-

212 644 340 692 tigavit
362 648 399 689 2,
423 648 481 689 17,
503 647 537 682 9.
563 647 685 680 febres
709 645 850 681 Atticae
880 648 936 681 Vi
946 660 1000 690 rg.
1030 647 1065 688 8,
1091 648 1126 691 3,
1151 647 1209 682 28.
1628 647 1634 650 “

165 700 408 766 Γθθῠηᾶμδο
454 713 526 748 fec.
551 715 667 748 solum
685 716 720 758 2,
739 715 796 759 19,
824 717 866 759 2;
891 712 1267 762 terra—generandis
1285 713 1493 759 alendisque
1511 712 1705 748 seminibus

213 761 404 794 fecundior
429 762 486 804 10,
511 762 546 803 3,
571 764 607 796 2.

165 804 382 870 Felicitas·
431 816 639 852 felicitatem
663 823 761 851 tuam
784 817 926 851 fortiter
948 818 1044 852 feras
1065 819 1100 862 8,
1114 819 1158 861 5,
1183 818 1239 853 15.
1259 817 1373 863 prima
1396 818 1460 854 fel.
1481 815 1709 862 interrogan-

213 870 260 898 tls
284 869 350 907 est,
372 869 612 908 extorquere,
637 865 733 909 quod
753 863 784 898 is
807 863 965 898 noluerit
989 865 1021 905 5,
1048 868 1083 908 7,
1110 868 1166 899 17.
1192 865 1238 898 N.
1264 865 1328 898 sed
1355 865 1427 898 hoc
1449 869 1612 900 votum
1639 867 1706 905 est,

215 916 251 945 et
278 922 355 944 rara
381 910 627 953 felicitas,
659 922 750 955 quae
775 909 806 943 si
827 921 904 945 non
928 910 1013 944 assit
1037 918 1098 945 etc.
1127 908 1185 954 12,
1223 911 1257 954 5,
1285 911 1328 952 63
1362 909 1465 946 vocis
1497 910 1560 943 fel.
1591 911 1646 949 10,
1672 911 1706 952 1,

215 958 293 991 119.
315 957 465 1001 praebet
489 956 718 991 occasionem
743 957 918 1001 quaedam
939 958 1001 991 fel.
1030 957 1154 992 utendi
1187 957 1222 1000 6,
1251 959 1285 1000 3,
1311 957 1367 991 56.
1393 969 1425 991 v.
1452 955 1708 990 Facilitas.

165 1000 382 1044 Felieissel'·
432 1014 505 1050 Sed
528 1015 600 1048 hoc
623 1014 853 1049 feliciter
882 1014 1036 1049 evaluit:
1072 1021 1108 1050 at
1147 1020 1272 1049 contra
1294 1013 1374 1049 vio
1398 1024 1466 1058 pro
1486 1006 1553 1048 ¹eo
1590 1012 1709 1046 infe-

211 1060 361 1094 licius
390 1062 426 1104 8,
451 1061 487 1105 6,
512 1063 570 1096 33.
595 1062 644 1095 N.
673 1074 719 1096 cr.
752 1068 782 1094 et
808 1063 868 1104 S.‚·
900 1061 1071 1095 Horatius
1097 1079 1141 1086 —
1164 1061 1276 1096 variis
1300 1060 1425 1107 figuris
1454 1065 1489 1094 et
1511 1059 1632 1095 verbis
1649 1059 1708 1093 fe-

212 1106 470 1188 l1i8iss2im56(a.
496 1112 519 1142 l.
549 1106 739 1149 ferociss.)
779 1109 897 1142 audax
924 1110 981 1152 10,
1015 1110 1049 1152 1,
1079 1108 1137 1144 96.
1172 1107 1380 1142 felicissime
1415 1106 1523 1141 cessit
1557 1104 1707 1140 imitatio

261 1180 272 1197 ,
323 1179 333 1196 ,
407 1177 416 1187 .

166 1208 308 1252 Felix·
354 1221 447 1256 felix
470 1221 627 1256 decessit
648 1221 684 1265 6,
709 1222 769 1256 Pr.
800 1219 835 1256 4.
869 1226 909 1255 ut
940 1232 998 1256 me
1018 1222 1089 1266 jam
1108 1221 1207 1255 nulla
1228 1221 1376 1256 fortuna
1405 1225 1529 1265 posset
1563 1218 1710 1253 efficere

212 1268 360 1302 felicem
383 1270 426 1302 ib.
454 1268 486 1302 5.
515 1280 622 1313 quam
645 1267 785 1302 miser
815 1268 911 1302 enim
935 1279 1038 1302 casus
1063 1268 1361 1311 Andromachae,
1397 1267 1428 1301 si
1451 1271 1650 1309 comparata
1675 1264 1709 1298 ei

211 1314 255 1348 fe
270 1314 341 1347 lix
363 1315 551 1357 Polyxena
563 1315 599 1357 6,
612 1317 647 1357 2,
665 1317 723 1348 22.
733 1315 893 1348 seculum
913 1314 1004 1348 felix
1017 1315 1050 1358 8,
1063 1314 1098 1357 6,
1112 1313 1175 1358 243
1199 1314 1298 1348 nulla
1315 1318 1411 1348 sorte
1424 1311 1596 1346 nascendi
1609 1316 1707 1354 aetas

212 1359 359 1394 felicior
367 1363 423 1403 12,
438 1362 494 1403 11,
506 1363 569 1403 223
588 1360 833 1395 felicissimam
840 1360 1048 1395 facilitatem
1062 1363 1118 1404 10,
1134 1363 1166 1404 1,
1182 1362 1261 1395 111.
1274 1359 1424 1395 feliciss.
1434 1369 1552 1394 sermo
1561 1359 1595 1402 9,
1605 1356 1641 1402 4,
1650 1359 1710 1394 27.

193 1403 391 1462 Femen.]
420 1427 440 1450 a
464 1427 529 1450 reo
557 1416 692 1450 femina
719 1429 783 1451 sua
813 1419 912 1452 ferro
937 1418 1049 1462 petita
1073 1418 1108 1461 6,
1133 1420 1169 1461 3,
1197 1417 1256 1453 91.

205 1477 361 1504 emma·
405 1471 445 1517 α)
469 1473 639 1507 naturalis
665 1475 779 1516 ordo,
813 1480 853 1507 ut
876 1474 1017 1509 viros
1050 1485 1093 1507 ac
1115 1473 1326 1507 feminas
1354 1473 1390 1517 9,
1413 1471 1449 1516 4,
1473 1474 1532 1507 23.
1556 1471 1602 1505 in
1614 1471 1710 1504 fan-

214 1521 330 1555 tium
353 1519 732 1563 feminarumque
758 1520 917 1563 ploratus
945 1521 979 1562 8,
1007 1522 1042 1562 3,
1064 1521 1122 1553 68.
1145 1518 1392 1554 infelicissima
1406 1519 1540 1552 femina
1555 1516 1710 1560 (Vocat.)

214 1569 249 1610 8,
276 1568 310 1611 5,
337 1568 399 1601 21.
418 1565 569 1600 infames
594 1566 680 1599 fem.
708 1566 743 1608 6,
767 1568 802 1608 3,
830 1566 885 1601 51.
909 1570 1038 1609 potens
1073 1565 1163 1602 fem,
1197 1566 1241 1597 ib.
1278 1565 1324 1598 85
1345 1562 1402 1598 ’ΝΖ
1447 1569 1487 1596 ut
1518 1562 1710 1596 monilibus

214 1619 251 1648 et
275 1612 475 1660 margaritis
500 1624 542 1647 ac
564 1618 667 1647 veste
690 1613 820 1658 longa,
862 1622 952 1655 quae
979 1616 1061 1645 sunt
1087 1615 1297 1644 ornamenta
1322 1608 1616 1652 feminarum,
1646 1610 1712 1642 de-

215 1661 417 1695 formentur
444 1658 564 1702 viri,
601 1669 670 1692 nec
702 1657 843 1691 habitus
863 1656 1144 1701 triumphalis—
1161 1657 1182 1690 f
1188 1655 1361 1690 eminas
1385 1655 1510 1690 deceat
1538 1657 1593 1696 11,
1614 1657 1648 1696 1,
1674 1655 1709 1688 3.

216 1705 318 1741 omni
341 1705 496 1747 virtute,
533 1716 623 1749 quae
647 1703 686 1738 in
712 1704 864 1738 feminas
889 1703 982 1738 cadit
1014 1703 1051 1747 6,
1087 1703 1143 1736 Pr.
1181 1702 1214 1737 5.
1246 1701 1474 1736 latrocinium
1503 1699 1645 1734 facilius
1670 1699 1708 1732 in

215 1753 348 1795 vim,
382 1751 598 1787 veneficium
625 1750 664 1784 in
691 1751 710 1783 f
718 1762 737 1785 e
751 1750 874 1784 mina
899 1751 1024 1784 credas
1053 1751 1088 1791 5,
1115 1750 1171 1791 10,
1207 1750 1265 1782 25.
1288 1759 1432 1792 purum,
1464 1746 1578 1791 qualis
1602 1744 1707 1779 etiam

215 1799 254 1834 in
272 1798 416 1833 feminis
434 1803 591 1840 amatur,
628 1795 796 1831 ornatum
821 1798 863 1839 8,
890 1798 932 1840 3,
960 1797 1019 1831 87.
1054 1794 1112 1829 cui
1137 1793 1336 1838 (Homero)
1357 1792 1575 1828 validissima
1599 1802 1708 1836 quae-

214 1857 285 1891 que
312 1846 429 1879 forma
458 1843 564 1878 etiam
587 1844 626 1877 in
648 1843 793 1877 feminis
821 1844 941 1887 placet
968 1845 1025 1885 12,
1060 1843 1116 1884 10,
1147 1843 1180 1876 5.
1210 1839 1454 1874 admirabilior
1476 1838 1516 1872 in
1537 1837 1710 1872 femina

216 1904 321 1938 quam
354 1891 392 1926 in
431 1890 537 1925 viro
580 1889 696 1926 virtus
729 1890 763 1932 5,
812 1892 867 1932 11,
898 1891 955 1923 10.
988 1889 1029 1934 β)
1061 1890 1094 1920 ἱη
1131 1889 1382 1922 Grammatica:
1415 1896 1505 1930 quae
1531 1883 1711 1930 ,feminina

216 1938 398 1983 positione
422 1948 588 1980 mares,
619 1935 773 1970 neutrali
798 1936 818 1968 f
827 1935 993 1969 eminas
1021 1933 1221 1981 significant
1250 1935 1283 1975 1,
1310 1931 1346 1975 4,
1374 1930 1431 1966 24.
1457 1930 1501 1973 cs:
1529 1932 1562 1973 1,
1591 1930 1624 1972 5,
1649 1928 1710 1964 54.

216 1990 290 2019 tam
314 1995 467 2018 mares
496 1995 575 2018 esse
603 1985 717 2027 talpas
746 1983 961 2026 damasque,
991 1992 1097 2025 quam
1127 1978 1335 2013 feminas
1369 1979 1405 2021 9,
1431 1979 1466 2021 3,
1492 1977 1526 2012 6.
1560 1981 1600 2008 ut
1631 1986 1722 2009 cum»

216 2042 385 2065 marem
407 2029 728 2074 feminamque
756 2028 850 2062 filios
883 2027 1032 2061 dicimus
1067 2029 1110 2059 ib·
1143 2026 1200 2061 63.
1237 2026 1343 2069 lupus
1375 2022 1710 2058 masculinum:

219 2088 432 2123 quamquam
454 2077 574 2111 Varro
591 2095 638 2101 —
659 2077 783 2119 lupum
813 2074 1033 2108 feminam
1060 2072 1146 2107 dicit
1171 2074 1205 2116 1,
1227 2071 1265 2116 6,
1287 2073 1343 2105 12.
1623 2086 1626 2087 ⁷

170 2123 415 2165 Femineus.
461 2133 620 2168 feminea
645 2143 724 2168 vox
749 2134 782 2175 1,
807 2133 864 2174 11,
890 2130 938 2164 1.-'

170 2181 436 2223 femininus·
471 2190 569 2224 funis
594 2188 908 2224 masculinum
931 2185 977 2221 sit
1000 2197 1046 2220 an
1083 2182 1358 2220 femininum
1380 2183 1414 2224 1,
1440 2180 1477 2224 6,
1493 2179 1542 2215 -5.
1569 2177 1713 2214 nomina

218 2240 305 2318 {emi
329 2240 433 2318 i2b41,
458 2239 493 2282 5,
519 2235 575 2272 54.
606 2239 639 2279 1,
661 2236 697 2279 6,
722 2234 778 2269 14.
820 2244 914 2281 quae
948 2231 1125 2267 feminina
1149 2230 1330 2277 positione
1362 2238 1480 2262 mares
1512 2225 1714 2273 significant

243 2311 253 2328 ²
303 2311 311 2326 2
386 2308 394 2318 ⁸

171 2341 343 2432 Fiqmg-
371 2354 438 2432 112,3
450 2351 486 2395 6,
510 2353 566 2386 22.
592 2351 712 2385 femur
739 2349 892 2384 caedere
916 2349 958 2392 2,
996 2348 1052 2390 12,
1090 2347 1148 2379 10.
1185 2341 1234 2378 N.
1265 2358 1312 2366 -
1347 2340 1458 2376 ferire
1488 2322 1723 2389 indignantes*

267 2423 278 2441 ,
330 2424 341 2441 ,
441 2423 450 2432 .

171 2453 298 2510 Fera·
338 2476 412 2499 non
435 2464 670 2500 hominum
697 2463 761 2499 sed
793 2463 1004 2496 ferarum
1034 2457 1146 2494 vitam
1183 2456 1220 2500 9,
1252 2459 1289 2501 2,
1319 2454 1379 2492 64.
1410 2456 1570 2490 ferarum
1605 2454 1714 2490 catuli

219 2510 385 2545 molliore
409 2513 543 2556 praeda
566 2512 775 2560 saginantur
798 2511 856 2551 12,
878 2507 914 2550 6,
938 2506 974 2540 6.
1472 2506 1483 2517 ·’

173 2556 297 2598 Fere·
338 2568 364 2610 1)
393 2571 415 2601 i.
447 2582 476 2612 q.
503 2582 660 2612 prope,
685 2567 887 2601 circiter.
930 2560 973 2607 α)
997 2560 1036 2594 hi
1062 2565 1145 2594 sunt
1167 2560 1246 2593 fere
1269 2559 1359 2592 fines
1379 2557 1534 2591 maxime
1559 2554 1728 2594 illustresg

219 2616 255 2656 2,
283 2613 339 2654 15,
369 2615 424 2647 37.
452 2613 496 2654 cs.
524 2615 558 2657 5,
585 2617 641 2657 12,
672 2617 703 2648 1.
729 2616 765 2655 7,
790 2612 825 2653 8,
850 2612 884 2644 3.
908 2609 944 2651 8,
968 2609 1025 2641 Pr.
1052 2610 1085 2640 1.
1122 2605 1304 2640 affectibus
1334 2613 1480 2655 quoque
1512 2603 1638 2635 iisdem
1671 2611 1714 2635 ua

221 2663 346 2692 tuntur
356 2659 390 2700 6,
417 2661 450 2700 1,
477 2661 511 2700 83
538 2659 583 2700 cs.
611 2661 646 2702 8,
670 2661 705 2702 6,
729 2660 763 2693 3.
789 2660 845 2698 11,
875 2659 907 2697 1,
932 2653 986 2687 14.
1013 2651 1274 2697 propositarum
1292 2654 1541 2694 quaesnonum
1565 2648 1715 2682 conclu-

224 2704 298 2747 sio,
329 2714 402 2737 non
430 2709 505 2736 tota
528 2705 553 2736 f.
580 2708 718 2738 constat
741 2700 982 2748 syllogismis?
1021 2702 1054 2741 1,
1095 2700 1151 2740 10,
1176 2699 1234 2731 37.
1259 2695 1305 2736 cs.
1330 2694 1365 2736 6,
1388 2696 1423 2735 2,
1451 2695 1508 2726 20.
1535 2695 1592 2736 12,
1615 2694 1650 2737 9,
1676 2695 1712 2727 1.

223 2751 324 2794 cujus
347 2749 400 2783 rei
427 2750 453 2786 f,
483 2749 598 2782 omnis
622 2749 1050 2784 observatio—excussa
1073 2742 1178 2777 nobis
1203 2747 1256 2776 est
1285 2741 1320 2782 6,
1343 2738 1379 2782 4,
1403 2741 1438 2772 2.
1464 2737 1508 2779 cs}
1535 2740 1570 2782 9,
1594 2741 1630 2782 2,
1652 2737 1718 2776 45,-

225 2799 282 2840 10,
312 2799 345 2838 1,
369 2797 402 2830 9.
427 2795 503 2829 129.
531 2794 567 2826 in
592 2795 719 2838 quibus
743 2796 769 2829 f.
793 2794 873 2837 plus
898 2793 996 2825 calor
1019 2790 1118 2825 valet
1151 2790 1208 2830 10,
1240 2789 1273 2828 1,
1307 2786 1362 2819 18.
1393 2795 1463 2818 nec
1491 2786 1515 2817 f.
1553 2784 1711 2828 pluribus

223 2842 261 2877 in
285 2842 436 2876 Oratore
466 2841 590 2875 eadem
616 2843 670 2882 11,
696 2844 729 2882 1,
755 2839 789 2872 4.
818 2836 980 2882 quamvis
1006 2837 1039 2869 ei
1071 2835 1247 2868 secundas
1280 2831 1306 2864 f.
1336 2831 1475 2865 deferat
1507 2832 1564 2873 10,
1593 2834 1626 2874 1,
1652 2831 1711 2865 53.

226 2889 322 2923 solus
350 2889 410 2922 hic
435 2888 463 2922 f.
486 2885 525 2919 in
551 2885 714 2919 manibus
745 2881 1026 2919 adolescentimn
1057 2880 1125 2914 fuit
1160 2881 1217 2922 10,
1251 2881 1285 2921 1,
1315 2877 1395 2913 126.
1429 2876 1573 2910 ultimus
1604 2880 1658 2910 est
1681 2875 1708 2909 f.
