1728 3002
164 195 247 234 564
667 184 890 228 Nihildmn
932 210 988 216 —
1028 183 1197 232 Nimius

212 306 297 350 (Sp.
319 303 422 348 prod.
443 308 631 352 quae-non
653 304 679 335 t.
702 299 737 333 d.
763 297 925 343 possunt)
947 300 984 344 8,
1007 301 1043 342 3,
1066 301 1113 334 37
1137 303 1182 336 Ζ.
1211 299 1258 343 qs.
1285 301 1322 344 9,
1351 303 1385 345 1,
1410 302 1470 346 12,
1496 301 1533 346 9,
1559 305 1594 346 2,
1620 305 1699 341 103⁸

212 356 248 395 9,
272 353 306 392 3,
331 351 389 384 60.
427 358 463 381 ιι.
490 357 607 390 emm,
635 347 732 391 quod
755 346 793 380 in
815 347 1026 381 lacessendo
1054 345 1125 381 dici
1147 353 1286 392 potest,
1311 358 1397 383 non
1421 348 1554 383 etiam
1577 350 1615 383 iu
1643 361 1700 384 re-

211 394 444 442 percutiendo
467 393 504 436 6,
527 394 562 436 3,
584 393 650 434 46;
675 394 765 426 Nec
790 405 825 426 n.
848 394 1012 437 profecto
1035 392 1205 428 viderunt
1229 395 1285 437 10,
1303 397 1337 437 1,
1351 396 1410 429 70.
1443 405 1499 430 ne
1521 405 1558 433 n.
1582 397 1699 429 detra-

213 447 318 478 hatur
343 445 398 484 12,
418 442 474 483 10,
497 441 520 474 7
534 452 543 481 ς
575 439 653 474 sine
679 449 751 483 quo
778 438 868 472 nih.
893 449 976 473 neo
1001 439 1178 474 laudabile
1201 451 1285 474 nec
1307 441 1461 478 salutare
1486 446 1542 475 est
1567 444 1624 485 12,
1643 444 1700 485 10,

213 493 270 526 79.
306 488 345 522 in
368 497 438 531 qna
453 485 556 519 nih.
579 486 770 527 absonum,
795 485 888 519 nih.
914 491 1076 531 agreste,
1101 485 1192 520 nih.
1215 485 1458 530 inconditum,
1484 485 1571 522 nih.
1596 499 1700 532 pere-

213 536 375 583 grinum,
401 543 545 577 neque
573 543 699 574 sensu,
722 542 819 576 neq.
846 532 981 574 verbis,
1006 542 1104 575 neq.
1131 542 1196 566 ore
1208 534 1379 579 *gestuve
1404 532 1455 576 (α.
1471 535 1494 567 1.
1513 533 1701 579 gestuque)

213 581 326 627 possit
347 575 567 623 deprehendi
589 579 631 619 6,
657 580 698 620 3,
724 580 804 612 107.
863 577 894 621 ε)
928 591 996 623 seq.
1020 581 1207 622 Praeposa
1240 578 1335 612 nih.
1356 578 1395 612 in
1419 580 1536 622 poetis
1559 590 1700 624 supra

212 628 356 664 Livium
379 623 627 660 Andronicum
649 624 862 659 haberemus
887 625 953 667 10,
977 626 1023 667 2,
1047 626 1083 657 7.
1129 623 1221 658 nih.
1245 625 1370 659 ultra
1401 625 1594 660 verborum
1616 636 1702 670 pro-

211 675 399 720 prietatem
424 671 624 706 elaboraret
648 673 712 714 12,
741 672 803 715 10,
826 669 884 705 43.
916 675 957 704 ut
980 669 1014 704 ei
1037 669 1125 704 nih.
1147 677 1335 715 praeter
1363 683 1507 706 manum
1530 671 1622 708 desit
1646 674 1703 714 10,

212 723 248 764 6,
272 724 308 756 2.
333 718 380 761 cs.
403 719 438 760 3,
461 719 496 759 8,
522 717 578 751 28.
606 719 641 760 7,
663 720 699 759 2,
725 719 781 751 12.
837 713 876 758 ζ)
901 729 970 762 seq.
995 719 1103 750 nisi.-
1139 717 1235 761 quod
1258 716 1384 751 nihil
1405 717 1498 751 nisi
1519 717 1702 753 inventio-

212 779 296 801 nem
319 763 567 808 complectitur
589 766 632 804 2,
657 763 722 807 15,
749 764 805 798 13.
839 773 992 807 quorum
1014 762 1105 797 nih.
1129 762 1218 797 nisi
1242 764 1403 808 perfecte
1427 763 1578 807 sapienti
1601 765 1704 798 datur

218 817 273 856 12,
299 815 334 856 2,
362 813 415 847 19.
442 809 488 851 cf.
517 811 574 852 10,
597 811 632 852 2,
657 807 702 852 4;
730 808 823 843 nih.
846 808 1081 852 habebimus,
1105 808 1202 843 nisi
1229 809 1391 844 beneficii
1417 809 1524 844 alieni
1548 812 1604 853 10,
1617 813 1654 851 2,
1666 811 1700 843 6.

215 859 303 894 nih.
328 856 509 902 praecipi,
537 855 627 889 nisi
650 854 834 900 proposita
857 855 1027 898 materia,
1062 860 1179 899 potest
1201 858 1248 898 7,
1270 858 1316 898 7,
1339 856 1375 890 8.
1414 855 1508 890 ιιίΙι.
1535 861 1590 890 est
1614 856 1704 890 saci-

213 907 304 948 lius,
328 904 418 938 nisi
442 912 590 947 prorsus
615 907 726 936 totam
749 912 894 935 causam
917 901 1065 935 omnino
1087 911 1164 936 non
1187 911 1294 948 agere
1315 900 1351 944 4,
1374 903 1410 944 2,
1431 902 1490 936 66.
1523 902 1613 936 nih.
1638 902 1704 936 de·-

213 953 402 993 liberaoet,
427 949 695 992 nisi‘propter
717 949 812 982 hanc
835 947 1137 992 perturbationem
1159 948 1203 990 3,
1227 948 1270 990 8,
1292 950 1350 982 21.
1393 947 1486 988 nih,
1514 953 1703 992 praecepta

212 1000 335 1034 valere
349 1023 360 1039 ,
393 995 485 1029 nisi
516 995 708 1037 adiuvante
732 999 858 1028 natura
880 995 939 1028 Pr.
963 995 1021 1031 26.
1050 1004 1142 1038 quae
1165 1004 1230 1027 cur
1250 998 1438 1037 tantopere
1462 1004 1704 1038 aspernemur,

213 1041 307 1078 nih.
340 1041 505 1083 video,
543 1039 637 1074 nisi
667 1040 763 1084 quod
795 1039 909 1084 iniqui
940 1039 1076 1082 judices
1105 1041 1187 1075 adv.
1210 1049 1278 1073 nos
1303 1051 1425 1073 sumus
1451 1041 1496 1082 8,
1521 1042 1564 1084 3,
1589 1042 1646 1075 33.
1670 1053 1705 1075 v.

185 1096 189 1098 ⁷
214 1089 329 1125 Nisi.
353 1087 395 1132 η)
418 1089 640 1122 Adverbial..·
666 1086 756 1120 nihil
781 1086 942 1128 adjuvari
966 1085 1153 1130 disciplina
1177 1084 1309 1129 (mores)
1331 1088 1388 1129 12,
1411 1088 1448 1129 2,
1470 1088 1505 1120 2.
1521 1097 1556 1120 n.
1581 1086 1710 1121 attinet*

213 1141 246 1179 7,
271 1140 307 1178 2,
333 1134 392 1167 41.
422 1145 460 1168 n.
487 1144 609 1167 secum
635 1133 908 1167 cohaerentibus
933 1130 968 1175 4,
984 1134 1019 1175 3,
1038 1133 1093 1166 16.
1130 1143 1166 1165 ιι.
1190 1133 1294 1166 vultu
1318 1137 1516 1166 commotos
1541 1132 1577 1175 6,
1595 1134 1629 1176 1,
1643 1133 1701 1167 38.

195 1195 249 1216 ·ιι.
279 1180 469 1215 admodum
494 1179 599 1212 distat
622 1179 657 1221 9,
676 1182 711 1222 2,
732 1178 791 1212 44.
827 1190 865 1213 n.
887 1189 995 1226 egere
1017 1178 1218 1222 hujusmodi
1242 1178 1441 1222 praeceptis
1465 1177 1703 1222 eloquentiam

211 1232 247 1271 2,
274 1230 330 1269 11,
357 1229 388 1260 1.
424 1236 460 1259 n.
486 1236 525 1259 se
549 1225 825 1268 supra'modum
849 1225 1045 1258 extollente
1073 1227 1089 1258 1
1105 1251 1114 1268 ,
1139 1225 1183 1268 9,
1207 1226 1242 1258 2.
1275 1236 1311 1258 ιι.
1337 1224 1703 1268 impedientemodu-

211 1273 346 1308 latione
372 1272 501 1315 pedum
531 1273 563 1310 1,
587 1271 623 1313 6,
651 1273 683 1303 2.
716 1282 754 1304 ιι.
780 1270 928 1305 interest
950 1271 985 1313 9,
1013 1274 1045 1312 1,
1069 1271 1104 1306 8.
1138 1280 1177 1304 n·
1200 1270 1312 1304 miror
1335 1273 1370 1313 2,
1395 1273 1452 1314 17,
1477 1270 1531 1304 15.
1565 1281 1602 1304 n.
1623 1280 1702 1304 mo-

211 1325 309 1355 retur
336 1318 428 1351 haec
443 1315 608 1352 .varietas
635 1318 676 1359 5,
702 1317 758 1358 10,
785 1318 862 1350 125.
893 1328 930 1349 n.
954 1326 1105 1349 necesse
1131 1320 1184 1349 est
1209 1314 1245 1358 4,
1271 1316 1311 1358 5,
1338 1318 1394 1349 11.
1421 1328 1455 1350 v.
1478 1317 1699 1357 Necesse.

213 1378 249 1400 n.
273 1363 457 1409 prooemio
480 1372 572 1406 opus
596 1366 690 1395 esset
715 1360 751 1404 4,
778 1364 810 1404 1,
837 1362 894 1395 25.
935 1372 971 1394 ιι.
996 1371 1146 1404 peccare
1171 1364 1211 1401 1,
1235 1361 1277 1403 6,
1301 1361 1358 1395 42.
1390 1373 1428 1394 ιι.
1455 1362 1499 1394 ad
1521 1367 1701 1396 oratorem

210 1411 390 1457 pertinere
415 1410 448 1450 3,
474 1409 507 1452 5,
534 1406 589 1441 14.
615 1406 661 1448 cf.
687 1408 719 1447 3,
744 1408 777 1449 8,
800 1410 833 1442 9.
857 1405 892 1450 4,
918 1410 952 1450 1,
974 1405 1032 1441 45.
1058 1405 1094 1448 4,
1117 1409 1151 1449 2,
1175 1407 1232 1441 73.
1265 1406 1300 1450 5,
1325 1409 1382 1449 13,
1405 1409 1464 1440 22.
1497 1403 1532 1450 5,
1560 1406 1618 1451 14,
1640 1411 1709 1443 22..

213 1461 270 1501 10,
296 1460 330 1498 1,
356 1456 401 1490 67
426 1462 489 1488 etc.
528 1465 564 1487 n.
588 1453 754 1498 prohibet
780 1456 817 1496 1,
839 1455 879 1496 2,
903 1453 937 1486 6.
970 1458 1139 1497 quantum
1162 1453 1208 1485 ad
1234 1452 1324 1486 alios
1345 1452 1542 1496 pertineat,
1570 1465 1606 1488 n.
1631 1465 1699 1499 pu·

212 1509 286 1538 tant
309 1504 343 1543 8,
366 1503 400 1544 2,
427 1500 470 1535 19
491 1500 535 1533 Ν.
573 1510 608 1532 ιι.
635 1499 748 1533 refert
770 1499 806 1541 9,
833 1502 865 1541 1,
889 1502 910 1533 7
936 1510 970 1532 υ.
994 1499 1175 1532 Refert.
1205 1497 1250 1539 cs.
1274 1511 1379 1542 supra
1403 1500 1422 1538 ζ
1443 1506 1529 1533 extr.
1586 1501 1636 1542 θ)
1665 1502 1699 1534 fn
1724 1503 1728 1505 ”

210 1551 351 1592 Ellipsi:
377 1545 499 1581 nihil
526 1557 584 1579 ars
608 1545 686 1579 sine
706 1547 875 1579 materia:
900 1544 1070 1578 materiae
1092 1544 1198 1578 etiam
1222 1543 1299 1578 sine
1323 1550 1398 1578 arte
1421 1557 1502 1588 pre
1512 1544 1622 1579 tium
1645 1552 1699 1580 est

209 1599 244 1638 2,
270 1596 327 1638 19,
351 1595 385 1629 3.
433 1594 474 1626 In
502 1591 661 1636 epistolis
688 1591 912 1638 dialogisve,
948 1590 1076 1634 quibus
1102 1590 1174 1623 nih.
1203 1589 1281 1634 ille,
1312 1590 1410 1624 nulla
1434 1591 1616 1625 contentio
1645 1598 1699 1626 est

211 1645 267 1684 10,
293 1644 326 1683 1,
353 1641 431 1674 107.
470 1649 522 1672 ex
544 1637 600 1671 his
625 1639 773 1671 alterum
798 1637 871 1671 nih.
898 1637 943 1670 ad
967 1635 1119 1670 oratoris
1142 1642 1253 1670 artem
1275 1639 1310 1680 2,
1337 1639 1393 1680 17,
1418 1639 1462 1672 37
1487 1649 1521 1671 v.
1545 1636 1626 1670 Ad.

164 1685 399 1728 Nihildum·
448 1706 538 1741 quae
560 1693 734 1728 nihildum
757 1694 856 1734 ipsae
883 1705 932 1728 ex
954 1705 993 1728 se
1018 1704 1190 1741 generare
1217 1689 1352 1738 queunt
1374 1696 1409 1737 1,
1435 1697 1469 1737 1,
1495 1695 1554 1730 36.

164 1752 326 1799 Nihilo·
373 1762 573 1799 Praecedat
595 1762 691 1797 enim
715 1772 857 1807 semper
886 1761 1019 1806 aliquid
1047 1773 1195 1797 necesse
1219 1768 1290 1806 est,
1316 1768 1356 1797 ut
1379 1761 1417 1796 in
1440 1762 1555 1806 ludis,
1581 1763 1700 1796 honor

207 1814 377 1852 deorum3
410 1809 450 1854 in
472 1810 624 1851 theatro,
648 1820 722 1843 non
746 1806 880 1842 inutilis
903 1809 1066 1842 laborum
1089 1807 1253 1843 remissio
1278 1815 1362 1852 eim,-
1391 1815 1427 1843 et
1452 1808 1565 1843 nihilo
1582 1808 1698 1842 minus

207 1858 286 1893 ead.
322 1857 384 1890 illa
415 1854 563 1902 religit),
602 1866 683 1889 cum
718 1856 894 1888 theatrum
931 1854 1045 1888 veluti
1083 1855 1260 1898 quoddam
1290 1854 1386 1888 intus
1413 1854 1504 1889 sacri
1528 1855 1697 1899 templtun

207 1902 419 1942 vocabimus
455 1902 500 1944 3,
526 1902 573 1943 8,
597 1902 654 1937 29.
700 1912 736 1934 ιι.
771 1900 984 1934 deteriorem
1009 1901 1169 1934 futurum
1200 1906 1378 1935 oratorem
1414 1901 1544 1934 malum
1577 1899 1694 1936 virum
1726 1911 1728 1937 3

208 1955 331 1995 quam⁴
349 1949 483 1982 boumn
518 1949 584 1989 12,,
610 1949 627 1981 1
643 1973 654 1990 ,
679 1949 735 1980 10.
782 1947 980 1981 accusatori
1003 1958 1038 1980 ιι.
1062 1948 1164 1991 plura
1186 1947 1356 1982 intuenda
1383 1953 1486 1990 sunt,
1521 1950 1628 1991 quam
1657 1952 1697 1980 ut

205 1996 335 2040 probet
359 1995 494 2028 factum
526 2004 606 2027 esse
631 2000 694 2028 etc.
718 1994 754 2036 3,
778 1994 815 2036 6,
840 1993 898 2027 85.

160 2039 466 2086 Nihilominus.
512 2050 535 2081 ι’.
560 2062 589 2082 e.
604 2056 858 2093 praeterea
882 2055 1044 2082 tamen.-
1081 2054 1117 2082 et
1138 2048 1210 2084 nih.
1238 2048 1389 2082 amioum
1411 2060 1558 2095 gravem
1577 2049 1694 2083 virum
1716 2047 1728 2064 ·'

202 2098 306 2133 lateri
331 2096 396 2131 filii
419 2094 476 2130 sui
500 2095 692 2142 adjungere
717 2098 760 2138 1,
782 2098 826 2139 2,
850 2095 884 2130 5.
920 2094 1012 2128 Mihi
1041 2100 1077 2128 et
1108 2094 1266 2138 plurimis
1290 2094 1365 2128 nih.
1394 2095 1599 2129 auctoribus
1620 2101 1693 2129 tres
1716 2119 1718 2122 -

204 2154 380 2178 summum
403 2141 573 2178 videntur
601 2142 749 2185 (paries)
779 2143 814 2184 5,
840 2139 897 2183 14,
922 2142 957 2176 6.
983 2140 1028 2182 cj.
1055 2142 1089 2183 8,
1113 2143 1148 2183 3,
1170 2140 1230 2174 45.

158 2190 388 2233 Nimirum.
447 2198 626 2243 quomodo
651 2208 699 2232 ex
724 2196 992 2242 quaestionibus
1015 2198 1184 2230 ducemus
1219 2196 1442 2231 sententias?
1474 2197 1559 2232 nim·-
1591 2202 1695 2232 erunt

201 2247 411 2292 judicandae
434 2244 533 2288 prius
554 2243 590 2286 4,
614 2246 648 2286 1,
671 2243 729 2278 24.
766 2249 846 2277 uter
867 2244 997 2277 melior
1021 2243 1158 2276 dicetur
1185 2244 1335 2277 orator?
1383 2243 1561 2288 Numqui
1583 2244 1693 2277 homo

202 2303 347 2338 qnoque
370 2290 509 2325 melior.
543 2292 609 2332 12,
635 2292 653 2323 1
669 2315 680 2332 ,
706 2290 740 2324 9.
777 2289 814 2323 id
842 2290 938 2334 quod
962 2294 1016 2324 est
1041 2288 1174 2322 oratori
1202 2288 1464 2331 necessarium,
1496 2301 1564 2324 nec
1589 2300 1611 2323 a
1637 2290 1694 2328 di-

203 2339 308 2373 cendi
334 2335 626 2381 praeceptoribus
648 2335 822 2379 traditur,
850 2336 894 2369 ab
917 2335 962 2369 iis
985 2340 1108 2379 petere
1133 2334 1219 2368 nim.
1246 2346 1394 2370 necesse
1422 2341 1496 2379 est,
1524 2347 1581 2380 ap.
1603 2346 1693 2380 quos

201 2383 373 2419 remansit
397 2385 453 2426 12,
477 2384 513 2425 2,
537 2383 574 2417 8.

157 2429 312 2472 Nimis.
367 2440 540 2485 quaedam
566 2447 657 2473 vero
681 2435 981 2484 transgressiones
1006 2441 1043 2470 et
1073 2437 1204 2484 longae
1231 2442 1314 2471 sunt
1348 2436 1452 2471 nimis
1489 2440 1532 2482 9,
1553 2438 1598 2484 4,
1631 2441 1691 2483 28„

202 2498 238 2519 n.
256 2492 458 2520 currentem
481 2488 527 2520 ib.
551 2486 609 2522 88.
1686 2497 1690 2503 ·

159 2529 365 2573 Nimium·
410 2554 446 2576 n.
469 2546 606 2575 amator
626 2539 663 2574 in
690 2538 761 2574 enii
785 2538 840 2573 sui
867 2541 923 2581 10,
950 2541 982 2581 1,
1007 2539 1065 2573 88.
1107 2551 1144 2573 ιι.
1170 2544 1326 2573 amantes
1348 2540 1407 2574 Pr.
1433 2543 1466 2575 7.
1501 2552 1538 2576 n.
1567 2533 1681 2577 Attic‘

204 2589 246 2629 8,
275 2589 291 2619 1
307 2612 317 2629 ,
341 2590 375 2623 2.
404 2588 513 2633 longe
536 2599 570 2621 n.
596 2587 636 2629 5,
694 2611 706 2628 ,
732 2583 787 2619 14.
823 2595 860 2619 n.
884 2586 1092 2629 frequenter
1114 2587 1156 2628 8,
1181 2586 1222 2628 6,
1250 2586 1303 2620 16.
1344 2596 1391 2619 ne
1419 2591 1479 2620 aut
1501 2598 1634 2632 macrusv
1650 2598 1690 2623 n.

201 2632 326 2669 videar
351 2631 496 2678 exigere
513 2649 557 2658 —
575 2638 635 2666 aut
657 2632 766 2664 multa
790 2633 846 2674 12,
868 2633 924 2673 11,
943 2632 979 2666 9.
1011 2630 1129 2665 satis
1153 2632 1260 2675 plena
1283 2632 1345 2666 vel
1368 2630 1472 2666 nim.
1495 2634 1530 2674 9,
1551 2615 1587 2676 ἒ,
1607 2637 1646 2669 11

200 2690 238 2712 n.
261 2676 399 2711 solicite
427 2678 512 2721 (Sp.
536 2677 690 2721 soliciti)
715 2682 751 2711 et
776 2676 871 2711 circa
895 2675 1016 2720 omnia
1036 2682 1218 2712 momenta
1241 2676 1408 2712 luctantis
1433 2680 1468 2722 5,
1493 2681 1550 2722 13,
1573 2679 1630 2715 51.

196 2736 233 2758 n.
257 2733 424 2758 severum
450 2725 506 2767 11,
531 2726 565 2766 1,
588 2726 722 2766 903-n.
747 2722 899 2757 detineri
923 2725 979 2765 10,
1004 2723 1039 2766 5,
1064 2724 1120 2758 17.

152 2767 335 2812 Nimius.
391 2778 431 2820 α)
459 2791 490 2814 ο.
516 2781 648 2814 substu-
674 2778 802 2814 nimius
824 2779 917 2816 risus
939 2779 1124 2815 affectator
1147 2780 1183 2824 6,
1210 2781 1246 2824 3,
1269 2781 1304 2815 3.
1337 2764 1379 2815 n:
1402 2791 1488 2815 cura
1518 2759 1629 2825 12,-1»,
1647 2778 1691 2822 6..
