1728 3002
548 194 754 238 Doctrina
794 219 849 228 --
892 176 1029 236 Doleo
1156 199 1166 203 “
1518 192 1600 235 259

46 316 289 366 ,Ποθίῐίΰῦι
351 315 446 371 ratio
469 331 651 366 doctrinae
674 332 709 375 5,
739 333 794 374 10,
825 330 902 365 124.
930 327 1027 364 orbis
1053 328 1238 363 doctrinas
1265 331 1300 372 1,
1326 330 1382 372 10,
1408 331 1442 363 1.
1464 340 1498 363 ο.
1518 328 1598 364 Or·

115 380 199 415 bis.
230 380 354 426 ignara
376 379 524 424 hujusce
545 377 728 412 doctrinae
753 377 949 421 loquacitas
973 378 1030 419 12,
1051 378 1087 414 2,
1108 378 1167 410 20.
1193 376 1318 409 demus
1339 375 1437 410 idem
1472 374 1596 423 inge-

104 425 204 470 nii,
226 423 405 467 studii,
439 423 681 459 doctrinae
702 423 859 468 pessimo
882 427 988 467 atque
1010 421 1146 466 optimo
1170 421 1253 457 viro
1278 423 1334 464 12,
1358 423 1394 464 1,
1412 422 1445 456 9.
1478 420 1526 462 ef.
1550 422 1595 456 ib.

115 469 266 506 10..cni
299 470 419 505 onmia
440 469 637 512 affuerint,
671 475 855 512 natura,
881 469 1049 511 doctr.,
1085 467 1287 502 studium
1320 469 1355 512 7,
1381 469 1438 511 10,
1466 467 1521 502 14.
1556 473 1597 502 ut

113 516 475 562 propriama'turae
496 515 591 550 bona
625 515 841 550 doctrina
871 515 1042 549 foverent
1061 514 1098 556 2,
1121 514 1157 556 8,
1181 515 1216 548 3.
1249 518 1478 547 naturane
1514 514 1596 558 plus

78 562 278 605 »conferat
299 562 348 601 ad
371 561 610 607 eloquentiam
638 573 683 595 an
718 562 862 595 doctr.
893 563 936 602 2,
962 561 1027 603 19,
1056 562 1088 593 1.
1125 564 1292 593 natura
1325 558 1475 592 materia
1514 560 1595 593 do-

115 606 305 643 etune
337 603 412 642 e'st:
446 607 536 641 haec
561 608 682 655 fingit,
709 607 770 640 illa
792 606 936 653 fingitur
956 608 1001 639 ib.
1028 607 1063 639 3.
1089 605 1236 640 omnino
1259 615 1482 649 supervacua
1504 610 1594 649 erat,

96 653 146 695 si
169 659 337 688 natura
357 652 562 696 sufficeret,
585 655 737 687 doctr.
764 656 799 695 2,
822 654 858 695 8,
882 653 917 687 8.
942 652 1052 685 multa
1079 651 1186 685 etiam
1209 651 1288 686 sine
1312 652 1455 685 doctr.
1486 661 1595 695 prae-

88 701 207 735 'stare
239 699 366 734 debeat
392 710 459 744 per
491 709 531 734 se
567 699 645 752 ipsa
678 704 844 732 natura
871 700 918 740 8,
940 698 998 731 Pr.
1034 699 1090 731 12.
1123 698 1201 741 plus
1228 697 1291 733 vel
1322 696 1401 731 sine
1432 696 1595 731 doctrina

110 743 434 790 prudentiam,
459 756 563 789 quam
588 756 665 779 sine
688 743 942 789 prudentia
966 745 1086 777 facere
1121 742 1380 778 doctrinam
1413 743 1448 786 6,
1473 745 1508 784 5,
1535 745 1594 780 11.

111 796 193 830 naa
205 796 539 826 ura'nontantum
561 789 600 825 in
622 791 692 825 hoc
718 792 828 833 valet,
850 796 890 823 ut
912 789 1050 823 acutior
1075 787 1152 832 quis
1176 795 1281 833 atque
1305 788 1460 823 habilior
1481 788 1527 822 sit
1550 788 1596 822 ad

11 824 15 826 b
50 860 53 862 -
109 834 381 880 inl'vbniendum,
407 847 489 871 nam
511 836 548 871 id
572 848 659 871 sane
683 835 912 870 doctrina
934 834 1047 878 possit
1069 834 1192 880 augeri
1214 835 1251 878 6,
1270 835 1306 875 3,
1332 837 1388 868 12.
1417 835 1595 869 Natura

97 893 163 931 ,pn
184 882 414 917 doctrina
435 881 572 926 plns=ei
607 881 863 928 (eloquentiae)
899 882 1063 915 conserat
1092 882 1115 914 2
1141 879 1228 923 Cap.
1264 881 1326 923 193
1363 880 1476 915 bonas
1509 890 1596 915 cau-

110 930 172 962 vaas
197 947 248 955 -—
269 928 375 962 etiam
396 927 475 962 sine
499 928 719 962 doctrina
744 927 828 961 satis
850 938 916 971 per
940 938 979 960 se
1003 931 1123 960 tuetur
1156 924 1346 961 veritas
1376 925 1454 969 ipsa
1478 928 1535 969 12,
1561 929 1597 970 1,

111 974 171 1009 33·
197 973 278 1016 plus
302 985 419 1007 usus
443 973 523 1008 sine
549 974 719 1017 doctr„
752 984 857 1017 quam
881 973 979 1006 citra·
1001 983 1134 1005 usum
1171 972 1319 1005 doctr.
1355 973 1455 1006 valet
1478 974 1535 1015 12,
1557 972 1594 1015 6,

109 1017 144 1053 4-
169 1018 233 1054 vel
260 1018 484 1052 doctrina
506 1021 569 1054 vel
584 1031 671 1053 usu
693 1020 812 1061 adjuta
836 1020 971 1061 (ingenii
993 1016 1095 1061 vena)
1118 1018 1153 1060 6,
1177 1020 1214 1060 2,
1239 1019 1279 1060 3;
1304 1016 1491 1061 dispositio
1513 1027 1593 1052 mo-

110 1063 215 1099 dicae
239 1063 421 1101 doctn'nae
442 1064 542 1098 credi
574 1069 692 1108 potest
714 1066 750 1107 8,
775 1066 811 1105 3,
838 1067 871 1098 2.
907 1063 938 1098 si
969 1063 1212 1098 difficultatem
1234 1062 1322 1097 facit
1340 1062 1504 1098 doctrina
1530 1065 1590 1108 10,

107 1109 145 1152 3,
169 1109 227 1152 16.
267 1110 453 1144 detrahere
485 1111 740 1144 doctrinam
778 1109 935 1154 aliquid,
968 1115 1009 1143 ut
1038 1109 1190 1143 limam
1225 1108 1374 1142 rudibus
1403 1111 1441 1152 2,
1474 1112 1532 1152 12,
1554 1110 1592 1144 8.

109 1154 363 1203 doctrinam
390 1155 446 1190 iisae
469 1167 512 1190 ac
542 1155 709 1191 literas
741 1155 909 1196 concedit
947 1156 1003 1198 11,
1029 1157 1064 1198 1,
1096 1156 1153 1191 89.
1186 1153 1344 1190 virtus
1374 1154 1592 1199 perficienda

106 1200 329 1248 doctrina
352 1203 406 1235 12.
431 1203 469 1244 2,
494 1203 529 1236 1.

56 1253 239 1307 Doctus.
290 1268 324 1309 1)
353 1269 548 1311 Adi.e10.:
583 1246 690 1302 rnnii
713 1266 891 1311 Secundi,
923 1266 1080 1306 hominis
1103 1266 1200 1302 docti
1224 1269 1282 1311 11,
1307 1269 1342 1311 3,
1364 1267 1443 1304 143.
1475 1269 1521 1312 cf·
1551 1269 1588 1313 9,

104 1315 142 1356 2,
163 1308 199 1348 4.
230 1312 284 1348 illi
312 1313 478 1349 homines
502 1314 621 1356 docti,
654 1319 689 1348 et
710 1314 805 1348 inter
829 1315 955 1348 doctos
977 1325 1104 1348 verum
1127 1319 1341 1357 quaerentes
1378 1317 1412 1358 5,
1439 1315 1493 1353 14.
1516 1317 1587 1359 283

100 1358 297 1397 doctissimi
321 1360 484 1394 homines
506 1361 543 1404 6,
571 1362 630 1395 Pr.
654 1359 708 1395 14.
722 1362 758 1404 9,
771 1360 808 1404 4,
822 1362 882 1395 87.
905 1359 966 1404 (tle
991 1362 1099 1404 poetis
1128 1358 1232 1403 Cic.)
1255 1361 1290 1404 5,
1310 1363 1367 1403 11,
1391 1362 1447 1396 18.
1468 1362 1588 1396 multis

101 1404 245 1440 doctiss.
274 1404 363 1440 viris
399 1408 435 1449 9,
458 1409 494 1450 2,
521 1409 553 1440 1.
593 1406 739 1440 doctiss.
765 1417 869 1440 senes
895 1409 928 1449 1,
956 1406 991 1448 5,
1018 1404 1074 1439 24.
1108 1405 1254 1440 doctiss.
1286 1406 1456 1453 magister
1485 1410 1519 1450 1,
1550 1410 1587 1451 2,

101 1454 165 1493 11;
214 1452 318 1485 docta
347 1462 426 1487 vox
447 1455 493 1495 2,
517 1452 581 1495 16,
604 1453 638 1488 9.
673 1452 896 1486 doctissimus
924 1462 1041 1486 sermo
1069 1454 1102 1494 1,
1130 1455 1163 1494 1,
1188 1452 1232 1494 63
1271 1462 1340 1486 nos
1373 1453 1452 1497 quis
1485 1454 1591 1498 ferat,

101 1496 132 1530 εἰ
148 1516 203 1535 „-—
231 1497 391 1531 Laelium
414 1499 600 1532 doctum
624 1498 872 1532 nominemus?
907 1497 925 1539 (
937 1510 995 1541 per
1018 1496 1246 1542 metalepsim)
1269 1499 1305 1541 8,
1332 1499 1368 1541 6,
1390 1501 1434 1534 37
1459 1500 1507 1533 Ν.
1538 1513 1585 1534 er.

101 1548 136 1576 et
159 1543 197 1576 S.
221 1553 295 1576 non
318 1543 402 1578 satis
424 1544 472 1577 in
494 1555 538 1578 ea
562 1555 603 1578 re
626 1545 753 1578 doctus
779 1547 834 1586 12,
858 1546 893 1585 3,
917 1546 950 1578 3.
978 1543 1065 1587 quid
1091 1543 1130 1577 in
1154 1544 1231 1586 ejus
1255 1542 1474 1596 (Domitiani)
1498 1554 1588 1589 ope-

88 1587 200 1623 ‘ribus
231 1589 502 1634 sublimius,
534 1590 751 1633 doctius,
785 1590 948 1624 omnibus
974 1590 1128 1633 denique
1154 1600 1311 1623 numens
1347 1597 1585 1635 praestan—

101 1633 323 1678 tius2⁷10‚
347 1639 388 1678 1,
410 1636 470 1671 91.
525 1634 587 1679 11)
623 1637 753 1670 sulm..-
793 1635 888 1670 docti
912 1638 947 1678 2,
977 1637 1035 1677 15,
1058 1638 1117 1669 20.
1155 1637 1211 1677 10,
1237 1637 1271 1678 2,
1298 1637 1353 1670 15.
1386 1639 1442 1681 12,
1467 1641 1501 1679 1,
1525 1639 1584 1671 20.

101 1679 216 1714 doctis
253 1680 408 1714 creditur
439 1684 501 1724 12,
525 1682 569 1724 9,
591 1679 626 1715 4.
659 1681 774 1716 doctis
805 1687 859 1715 est
889 1687 925 1714 et
949 1681 1078 1715 electio
1095 1685 1138 1715 ‘et
1159 1682 1288 1714 modus
1310 1684 1345 1724 2,
1371 1685 1427 1725 12,
1450 1683 1483 1717 6.
1523 1682 1586 1727 qui

99 1726 311 1760 essedocti
342 1727 507 1760 affectant
537 1729 593 1770 10,
622 1729 656 1769 1,
681 1729 736 1763 97.
770 1727 831 1771 qui
854 1726 978 1761 veniat
1009 1727 1048 1760 in
1074 1737 1200 1760 manus
1225 1728 1412 1761 doctorum
1441 1731 1497 1771 12,
1530 1731 1587 1772 10,

100 1771 164 1806 50.
187 1777 336 1814 simiam
358 1783 407 1806 ex
433 1772 707 1807 conversatione
738 1774 981 1807 doctorum
1015 1772 1157 1807 tacitam
1194 1773 1515 1808 eruditionem
1547 1776 1584 1817 6,

103 1817 141 1858 3,
164 1818 219 1850 17.
253 1817 384 1851 docti
413 1818 591 1853 rationem
615 1819 855 1862 componendi
878 1818 1100 1865 intelligunt,
1132 1818 1240 1852 etiam
1269 1818 1410 1865 indqc
1420 1819 1452 1853 ti
1476 1821 1585 1854 volu·

101 1865 237 1906 Ptatem
261 1863 297 1904 9,
318 1861 354 1904 4,
379 1864 459 1897 116.
485 1874 603 1898 sermo
631 1871 667 1898 et
692 1864 843 1899 doctis
866 1864 1059 1908 probabilis
1083 1870 1118 1898 et
1140 1866 1267 1910 planus
1289 1863 1524 1909 imperitis
1547 1867 1584 1909 8,

102 1909 139 1948 2,
166 1908 223 1939 22.
251 1917 332 1940 cum
353 1907 463 1941 iidem
487 1909 611 1942 docti
635 1910 758 1944 facere
779 1911 887 1951 illud,
914 1909 1092 1944 indocti
1116 1916 1151 1944 et
1174 1910 1487 1944 inexercitati
1509 1921 1586 1945 non

101 1951 280 1997 possimus
302 1954 359 1994 11,
386 1955 422 1995 2,
445 1954 481 1988 9.
509 1955 674 1996 laudem,
696 1965 766 1988 nec
797 1957 1039 1989 doctorum
1070 1957 1202 1998 modo,
1239 1957 1304 1989 sed
1325 1956 1432 1989 etiam
1455 1956 1585 2002 vulgi

105 2000 164 2039 12,
190 1999 244 2039 10,
269 1999 325 2031 72.
347 1997 387 2030 in
411 1998 538 2032 ceteris
559 1999 731 2042 judicium
753 2001 1020 2042 doctorum,
1054 1999 1094 2034 in
1115 2001 1186 2034 hoc
1209 2011 1299 2035 vero
1324 2001 1428 2034 etiam
1444 2001 1587 2045 pop‘u-

35 2063 43 2068 -
104 2043 250 2077 larem
282 2044 422 2077 laudem
445 2043 534 2086 petit
555 2045 591 2086 8,
619 2045 654 2086 3,
676 2047 722 2086 2;
756 2045 946 2078 doctior
968 2047 1154 2079 doctum
1184 2045 1223 2078 in
1245 2046 1442 2080 rhetorices
1476 2054 1588 2090 opere

104 2088 287 2132 superabit
316 2091 350 2131 2,
385 2092 442 2130 17,
473 2088 529 2123 43.
562 2089 743 2123 doctiores
773 2092 807 2131 1,
831 2091 866 2132 5,
893 2094 936 2131 7;
968 2090 1081 2132 ratio,
1112 2101 1203 2133 quae
1228 2090 1434 2125 doctissimo
1458 2092 1588 2136 cuique

103 2134 308 2179 planissima
344 2140 399 2168 est
428 2137 464 2177 2,
499 2137 534 2177 3,
556 2135 592 2169 6.
619 2140 763 2178 recepta
789 2141 843 2168 est
877 2145 897 2168 a
928 2135 1227 2168 doctissimis
1258 2136 1348 2170 haec
1378 2137 1590 2181 differentia,

96 2185 142 2221 et
163 2181 256 2224 apud
277 2179 448 2224 plurimos
477 2191 518 2214 ac
541 2179 948 2224 prudentissimos
971 2181 1075 2213 durat
1097 2183 1132 2222 7,
1157 2183 1214 2222 10,
1251 2179 1286 2214 4.

59 2233 387 2277 Documentum·
453 2249 668 2282 documento
701 2252 782 2281 sunt
804 2247 954 2290 juvenes
978 2245 1165 2283 Tarentini
1194 2247 1229 2289 6,
1252 2247 1288 2290 3,
1313 2249 1370 2282 10.
1395 2247 1440 2290 cs.
1470 2251 1527 2291 11,
1553 2251 1589 2294 3,

42 2305 52 2315 υ
94 2290 138 2326 4.
169 2292 270 2335 cujus
295 2293 350 2326 rei
379 2295 644 2328 Demosthenes
677 2304 821 2338 quoque
858 2299 930 2336 atq.
955 2291 1154 2326 Aeschines
1189 2303 1268 2327 esse
1301 2299 1454 2337 possunt
1475 2296 1589 2329 docn-

71 2338 76 2342 ’
107 2342 229 2371 mento
251 2341 287 2379 7,
310 2340 344 2378 1,
368 2341 468 2374 2.·ut
489 2346 582 2375 esset
604 2340 807 2374 hominibus
831 2340 1066 2383 documento,
1094 2349 1137 2372 ea
1159 2348 1302 2384 quoque
1324 2339 1461 2386 percipi
1482 2351 1590 2386 posse

110 2382 180 2422 12,
213 2384 277 2424 11,
309 2384 368 2416 23.

30 2428 34 2432 Δ
65 2431 219 2500 „⁰¹9⁰-
345 2449 439 2484 viter
461 2452 584 2487 dolere
607 2455 665 2497 11,
691 2456 724 2496 1,
752 2452 809 2488 64.
843 2462 972 2494 nemo,
1010 2450 1080 2485 nisi
1102 2452 1322 2496 suaculpa,
1347 2452 1408 2487 diu
1435 2453 1533 2488 dolet
1554 2454 1591 2498 6,

0 2677 30 2709 a*

0 2708 41 2806 t

12 2916 34 2931 V

109 2492 169 2530 h.
194 2493 237 2527 13
299 2517 308 2527 .
335 2500 370 2529 et
395 2495 647 2541 desperant
672 2505 707 2534 et
731 2500 893 2533 dolent
924 2497 1068 2541 (pueri)
1096 2499 1132 2540 2,
1154 2495 1190 2538 4,
1213 2500 1268 2532 10.
1295 2503 1331 2532 et
1359 2499 1522 2535 dolere
1554 2505 1592 2535 et

109 2538 356 2584 indignari
387 2547 422 2575 et
454 2548 609 2586 optare
643 2545 679 2587 9,
702 2548 738 2587 2,
763 2546 819 2579 26.
851 2542 1017 2585 irasci,
1054 2542 1239 2587 dolere,
1278 2543 1492 2580 misereri
1527 2553 1591 2582 etc.

110 2593 187 2617 non
215 2590 298 2618 sunt
323 2586 459 2634 figurae
491 2589 536 2631 9,
564 2591 605 2632 1,
629 2592 685 2624 23.
718 2601 798 2624 cum
828 2589 1098 2632 dolendum,
1121 2588 1432 2634 irascendum,
1471 2590 1592 2624 indi·

110 2631 359 2676 gnandum,
382 2633 798 2669 commiserandum
822 2635 937 2676 situ,
954 2636 988 2673 3,
1013 2635 1069 2669 58.
1091 2645 1158 2669 nec
1180 2640 1299 2678 potest
1320 2655 1366 2663 —-
1388 2642 1593 2680 propter

111 2685 191 2708 eom
216 2676 390 2713 dolere
413 2685 451 2713 et
477 2679 623 2714 irasci
646 2682 768 2724 iudex,
794 2680 853 2715 cui
874 2685 973 2724 putat
994 2680 1065 2714 hoc
1087 2691 1217 2715 vacare
1240 2682 1276 2724 9,
1292 2680 1329 2724 4,
1346 2681 1422 2716 143.
1439 2682 1591 2716 Hecuba

109 2720 198 2755 hoc
222 2722 331 2765 dolet,
353 2725 480 2767 pudet,
503 2723 601 2772 piget
622 2725 780 2770 (Tragic.
805 2725 912 2769 poe'i.)
939 2727 973 2767 9,
997 2727 1033 2769 3,
1060 2729 1118 2761 77.
1142 2727 1263 2761 doleat
1285 2728 1362 2769 ejus
1383 2727 1592 2762 valetudine

112 2764 166 2810 (α.
188 2769 211 2803 1.
235 2769 487 2819 valetudinem)
511 2774 569 2816 11,
592 2774 628 2818 1,
649 2773 708 2808 58.
732 2783 779 2807 an
793 2772 854 2806 ille
880 2771 1029 2816 dolebit,
1050 2771 1112 2817 qui
1135 2772 1256 2807 audiet
1277 2783 1348 2817 me,
1375 2774 1438 2818 qui
1460 2773 1498 2808 in
1519 2774 1593 2809 hoc

1142 2836 1229 2892 ιν*
