1728 3002
133 274 213 313 022
645 268 837 309 Mentum
866 293 921 301 -
951 266 1157 312 Meretrix

177 385 295 429 etiam,
316 395 445 430 >omnes
471 389 564 417 artes
587 383 720 417 habere
746 391 808 417 etc.
833 383 1158 420 Mentiuntur.
1184 387 1219 428 2,
1247 387 1314 428 17,
1338 387 1394 419 22.
1419 385 1561 429 plurimi
1589 385 1667 429 (liti-

175 430 325 475 gatores)
351 429 569 464 mentiuntur
594 432 650 471 12,
675 431 709 472 8,
735 432 768 464 9.
794 430 891 474 quod
915 430 1082 465 mentitus
1106 431 1152 465 sit
1177 429 1214 472 4,
1238 430 1274 474 4‘,
1301 432 1333 466 5.
1365 431 1532 467 mentitur
1559 431 1667 466 facile

166 488 217 512 ·ac
240 479 355 522 palam
380 478 413 519 5,
439 479 495 518 10,
523 477 581 510 87.
606 486 679 509 non
706 475 850 509 videtur
873 477 911 510 in
935 478 1150 523 negando
1180 477 1470 511 mentiturus
1499 477 1666 515 fuisse
1696 474 1702 477 ’

174 525 208 567 5,
235 528 292 566 12,
316 526 349 558 3.
374 522 566 556 mentietur
591 521 630 555 in
651 523 860 566 tormentis,
899 523 959 568 qui
987 524 1148 558 dolorem
1181 523 1256 567 pati
1289 529 1429 568 potest:
1464 523 1669 567 mentietur,

177 570 237 615 qui
262 580 334 604 non
358 574 474 614 potest
499 569 538 611 5,
566 570 629 606 10.
653 571 711 603 70.
749 567 891 604 mentiri
920 570 1145 615 hyperbolen
1189 571 1231 612 8,
1266 569 1311 612 6,
1348 568 1395 604 74
1422 581 1455 604 v.
1481 569 1668 604 Menda-

175 617 314 658 cium3
363 614 559 649 mentiendi
582 614 727 648 occasio
752 618 809 658 12,
836 617 891 658 10,
914 618 971 650 13.
1016 616 1061 660 β)
1086 629 1116 655 c.
1143 616 1239 657 obj„-
1271 615 1335 661 qui
1370 617 1531 651 colorem
1566 617 1666 657 fuoo,

175 670 210 697 et
234 674 360 697 verum
380 662 491 695 robur
513 660 610 694 inam·
635 661 760 708 sagina
786 661 1001 697 mentiantur
1022 665 1067 705 2,
1095 664 1161 706 15,
1186 664 1251 704 25;
1293 667 1333 695 ut
1372 661 1554 697 de-libris
1583 661 1668 696 totis

176 717 236 744 etc.
262 707 452 742 mentiatur
475 713 553 742 tuto
578 710 611 750 1,
635 709 670 749 8,
699 710 754 743 21.
783 710 933 742 multum
966 710 1018 743 de
1051 708 1153 742 annis
1177 707 1303 743 aetatis
1328 719 1414 743 suae
1437 708 1668 743 mentientem
1706 734 1712 738 .

173 757 207 798 6,
234 758 267 798 3,
292 757 357 798 73;
385 761 509 788 tenere
533 765 574 788 se
595 753 737 788 mentiti
773 757 829 799 12,
853 756 888 799 8,
916 757 951 790 3.
998 753 1034 801 y)
1060 757 1187 790 Par-tic.
1212 758 1329 789 Passa
1357 754 1459 789 illum
1481 750 1670 789 mentitum

174 803 332 837 colorem
365 804 421 845 12,
450 801 584 844 10,-76.
875 814 890 818 -

127 859 340 906 Mentum·
389 869 537 905 affixum
560 869 698 924 pectori
722 882 770 904 m.
798 869 917 905 minus
942 872 1074 905 claram
1097 869 1186 904 facit
1203 868 1362 922 (vocem)
1388 852 1446 914 11,
1464 871 1508 914 ’3,
1531 870 1590 904 82.

126 916 262 960 Meo-⁷
293 939 442 970 eorum,
474 938 539 972 per
567 938 659 971 quae
682 929 783 963 velut
806 939 943 976 organa
969 934 1064 963 meat
1100 925 1243 973 (aura)
1278 929 1344 972 11,
1381 929 1417 972 3,
1450 927 1508 963 16.
1528 927 1570 961 >in
1594 924 1669 962 XII

173 974 301 1021 signis,
331 985 396 1017 per
419 985 510 1019 quae
535 974 599 1008 Sol
621 980 716 1008 meat
741 977 797 1019 11,
822 978 856 1015 2,
882 978 939 1009 22.
1443 987 1446 990 ’

124 1019 395 1080 Mercedula.⁶
443 1031 635 1076 cupiditate
663 1030 794 1066 diutius
817 1031 988 1079 exigendi
1014 1031 1235 1066 mercedulas
1265 1034 1323 1076 12,
1347 1033 1404 1076 11,
1430 1029 1487 1066 14.

124 1076 434 1120 Mercenarilfs-
481 1091 739 1126 mercenariam
762 1101 891 1125 vocem
922 1093 977 1132 12,
1004 1091 1037 1132 1,
1061 1090 1120 1123 25.

125 1135 306 1190 Merces·
348 1158 429 1182 cum
455 1150 641 1183 mercedes
666 1162 686 1182 a
714 1146 895 1192 discipulis
930 1145 1196 1191 acceptaverint
1228 1148 1362 1189 12,,7,
1385 1146 1421 1182 9.
1456 1155 1504 1179 ne
1533 1153 1669 1191 pauper

170 1193 314 1236 quidem
342 1198 513 1238 tanquam
536 1196 804 1229 mercedem
827 1192 1003 1237 accipiet,
1041 1194 1103 1226 sed
1128 1197 1250 1226 mutua
1273 1190 1527 1227 benevolentia
1549 1191 1669 1224 utetur

169 1241 213 1272 ib.
242 1241 298 1272 12.
331 1240 490 1283 duplices
515 1241 663 1287 exigere
686 1252 798 1275 merc.
822 1243 857 1282 2,
886 1242 920 1283 3,
949 1242 983 1274 3.
1009 1238 1186 1273 minorem
1209 1238 1359 1285 exigere
1381 1249 1431 1273 m.
1457 1240 1514 1281 12,
1534 1238 1596 1280 11,
1619 1232 1690 1271 29‘

170 1297 203 1318 v.
236 1283 413 1320 Gratia.
446 1289 613 1321 mercede
642 1292 746 1330 pacta
771 1289 828 1329 11,
855 1289 890 1329 2,
915 1288 971 1321 11.
1428 1288 1429 1291 ’

97 1396 100 1397 ⁷
125 1340 309 1383 Mereor·
346 1364 402 1397 ap.
421 1359 565 1388 veteres
588 1364 655 1398 pro
675 1355 792 1387 male
816 1353 1034 1396 mereris,
1058 1355 1172 1388 male
1196 1364 1380 1388 merere
1407 1354 1440 1396 1,
1458 1352 1494 1395 5,
1507 1350 1566 1385 42.
1586 1362 1666 1383 sae-

170 1411 214 1442 pe
239 1401 263 1430 i.
287 1411 318 1443 q.
348 1412 450 1432 cons
463 1412 620 1444 equor:
655 1399 684 1433 15
704 1402 836 1442 Πέρση.
867 1400 911 1438 α)
942 1412 972 1434 0.
997 1402 1150 1433 Aecus-2
1178 1399 1383 1442 auctoritas,
1408 1408 1512 1443 quam
1533 1395 1666 1437 mereri

171 1444 344 1478 debemus
373 1451 454 1479 ante
479 1444 597 1479 omnia
622 1445 765 1489 quidem
788 1444 862 1479 vita
883 1444 919 1487 4,
946 1447 981 1487 2,
1007 1446 1086 1480 125.
1119 1450 1300 1479 mereatur
1330 1446 1541 1489 clamorem,
1581 1444 1665 1476 dum

170 1490 301 1524 dicitur
327 1493 385 1533 12,
409 1493 446 1533 9,
469 1493 503 1526 8.
540 1491 714 1525 deformia
737 1489 903 1525 convicia
926 1490 1087 1524 facere
1112 1502 1153 1524 ac
1178 1490 1355 1525 mereri
1379 1489 1477 1536 cogit
1493 1490 1530 1532 6,
1552 1487 1589 1532 4,
1609 1491 1664 1523 10.
1687 1514 1689 1516 -

170 1538 272 1580 cujus
297 1536 458 1572 eminens
480 1537 662 1585 ingenium
686 1535 864 1571 solicitam
894 1536 1113 1583 diligentiam
1139 1538 1342 1578 merebatur
1363 1537 1408 1580 6,
1431 1537 1490 1571 Pr.
1514 1538 1546 1569 1.
1585 1536 1667 1580 plus

169 1583 308 1626 favoris
332 1584 483 1627 mereri,
514 1584 587 1619 odii
612 1583 730 1617 minus
754 1582 789 1627 4,
819 1586 850 1625 1,
876 1582 933 1617 44.
973 1583 1036 1617 vel
1058 1583 1196 1618 favoris
1219 1582 1355 1627 aliquid
1378 1583 1441 1617 vel
1463 1580 1667 1616 miseratio-

168 1628 224 1662 nis
258 1632 426 1664 merebor
461 1631 508 1674 4,
533 1633 574 1673 2,
598 1633 643 1665 77
665 1631 711 1663 N.
754 1635 911 1663 meretur
938 1629 1044 1666 fidem
1067 1630 1109 1670 9,
1133 1632 1173 1672 2,
1201 1630 1258 1664 98.
1306 1639 1353 1662 ne
1383 1628 1500 1662 minus
1528 1627 1665 1674 gratiae

171 1686 276 1720 quam
305 1676 463 1710 offensae
486 1687 687 1710 mereamur
709 1674 752 1717 4,
777 1678 818 1718 2,
843 1676 888 1710 39
907 1676 954 1709 Ν.
998 1674 1116 1708 minus
1138 1674 1288 1714 honoris
1310 1675 1540 1709 merebuntur
1563 1675 1607 1716 3,
1630 1677 1666 1716 7,

170 1721 228 1755 24.
264 1721 325 1766 qui
352 1723 450 1757 hunc
473 1724 647 1757 honorem
670 1727 892 1759 mererentur
917 1723 973 1764 11,
997 1724 1033 1764 2,
1057 1722 1114 1756 39.
1148 1727 1210 1755 aut
1235 1721 1399 1755 lacrimas
1422 1724 1580 1754 meretur
1605 1724 1666 1752 aut

170 1768 282 1802 risum
314 1769 358 1812 6,
385 1772 426 1812 1,
452 1768 510 1803 45.
536 1769 567 1803 si
598 1768 743 1804 veniam
774 1767 951 1806 meretur,
987 1766 1047 1812 qui
1077 1774 1153 1809 etc„
1177 1778 1251 1801 non
1275 1772 1434 1815 meretur
1455 1763 1667 1810 praemium,

169 1814 230 1858 qui
256 1822 317 1848 εις.
350 1815 392 1858 5,
417 1817 480 1854 10,
504 1816 561 1849 73.
612 1816 708 1859 quod
733 1813 762 1847 si
792 1825 865 1848 non
891 1818 987 1848 totus
1014 1813 1188 1848 orationis
1210 1814 1315 1847 color
1335 1818 1566 1855 meretur,
1603 1812 1668 1847 sed

169 1860 276 1894 etiam
301 1860 447 1907 singulis
475 1861 578 1895 dictis
602 1861 903 1906 tribuendum
933 1865 1003 1894 est
1024 1860 1067 1902 6,
1095 1861 1138 1902 3,
1161 1862 1239 1894 110.
1298 1858 1343 1904 β)
1378 1868 1446 1903 seq.
1469 1861 1583 1892 Relat.
1607 1864 1666 1891 aut

169 1914 233 1940 ui:
269 1914 448 1951 meretur,
480 1908 558 1951 qui
581 1927 627 1934 —
651 1906 829 1941 eximatur
858 1908 923 1949 10,
950 1908 991 1948 1,
1019 1905 1085 1947 74;
1128 1911 1177 1939 ut
1208 1905 1279 1949 sint
1314 1904 1511 1946 carissimi,
1548 1903 1667 1939 studio

170 1954 404 1988 merebuntur
429 1957 464 1996 2,
488 1956 523 1996 9,
547 1956 582 1988 2.
633 1956 671 1998 y)
698 1953 769 1995 adj.
794 1955 907 1987 Adv..·
939 1963 1021 1985 cum
1043 1952 1176 1995 fratre,
1202 1962 1320 1996 eoque
1343 1951 1395 1984 sic
1418 1950 1547 1987 merito
1570 1953 1606 1991 7,
1632 1952 1667 1994 1,

170 1998 228 2034 45.
279 2000 310 2034 si
342 2002 436 2034 bene
465 1999 612 2034 meritus
639 2002 683 2042 7,
707 1997 754 2042 4,
784 2000 848 2040 183
885 1997 1039 2042 pessime
1062 2008 1262 2032 mereamur
1288 1998 1348 2031 de
1370 1998 1478 2031 rebus
1494 1995 1668 2030 humanis

171 2048 230 2089 12,
258 2049 292 2088 1,
319 2048 352 2080 1.
386 2049 443 2088 12,
468 2048 525 2088 11,
550 2046 608 2081 28.
644 2046 693 2079 de
718 2045 864 2091 ingenio
892 2055 958 2078 suo
981 2044 1134 2088 pessime
1157 2043 1274 2077 meriti
1293 2046 1349 2085 10,
1362 2045 1398 2085 3,
1418 2045 1474 2077 11.
1525 2038 1665 2086 ‹Dl'ar-

170 2094 247 2126 tica
282 2091 341 2126 cui
369 2102 436 2139 ego
462 2091 582 2129 omnia
607 2091 915 2126 meritissimo
945 2091 1032 2125 volo
1060 2096 1096 2124 et
1121 2090 1236 2123 debeo
1257 2090 1294 2132 9,
1315 2091 1356 2132 2,,
1374 2090 1431 2123 35.
1489 2087 1666 2131 IIJ-Perf.

172 2141 278 2171 Act.-
314 2136 351 2181 α)
378 2138 512 2182 aliquid
529 2149 577 2173 ex
596 2149 655 2181 ea,
680 2149 786 2182 quam
810 2142 1070 2180 meruerat,
1085 2135 1298 2174 auctoritate,
1316 2133 1583 2178 perdentem
1607 2137 1665 2178 12,

171 2186 235 2227 11,
265 2185 297 2218 3.
343 2196 559 2219 consensum
583 2184 662 2219 fere
689 2183 847 2218 omnium
872 2182 1001 2216 meruit
1027 2184 1072 2225 5,
1098 2184 1138 2225 1,
1163 2183 1195 2215 1.
1244 2179 1558 2214 exheredationem
1591 2190 1671 2214 me-

169 2229 271 2263 ruisti
293 2234 330 2272 7,
355 2233 389 2274 1,
417 2232 471 2265 53.
508 2230 684 2277 insignem
710 2241 784 2265 non
811 2229 989 2264 immerito
1011 2229 1142 2262 famam
1164 2226 1275 2261 tribus
1299 2225 1518 2260 orationibus
1541 2226 1671 2260 meruit

172 2278 230 2318 10,
259 2279 290 2318 1,
318 2278 397 2310 116.
435 2278 585 2310 multum
610 2282 646 2310 et
669 2287 778 2310 verae
804 2275 960 2323 gloriae,
986 2273 1150 2318 quamvis
1177 2283 1250 2312 uno
1273 2271 1387 2315 libro,
1423 2271 1565 2306 Persius
1587 2282 1668 2306 me-

170 2322 242 2354 ruit
266 2325 309 2355 ib.
331 2320 394 2358 94.
436 2334 517 2356 cum
539 2323 610 2366 jam
638 2323 774 2356 clarum
796 2321 990 2356 meruisset
1015 2321 1110 2354 inter
1134 2325 1304 2362 patronos
1330 2328 1463 2352 nomen
1490 2320 1544 2360 12,
1569 2317 1606 2363 6,
1630 2321 1665 2352 7.

173 2378 281 2401 curae
303 2368 546 2402 testim0nium
569 2368 742 2402 meruisse
779 2367 822 2410 3,
861 2370 894 2410 1,
921 2370 980 2400 22.
1039 2366 1084 2411 β)
1108 2378 1175 2409 seq.
1211 2372 1258 2398 ut
1285 2372 1344 2397 aut
1362 2362 1469 2412 *Infi'g
1509 2374 1549 2398 se
1585 2374 1665 2404 me-

171 2413 307 2456 ruisse,
334 2420 381 2448 ut
404 2434 450 2440 —
474 2415 635 2449 dicerent
658 2417 693 2457 2,
712 2418 756 2457 -7,
782 2416 821 2456 53
854 2423 1032 2447 consensu
1057 2411 1215 2445 omnium
1238 2410 1386 2453 meruit,
1411 2409 1544 2449 credi
1568 2409 1621 2450 (a.
1638 2413 1664 2446 1.

172 2460 270 2492 inser.
294 2461 391 2502 esse)
416 2462 595 2495 secundus
620 2462 677 2504 10,
692 2463 726 2504 1,
743 2460 848 2495 72N.
897 2460 933 2503 y)
959 2472 986 2491 c.
1014 2461 1176 2501 Praepos.
1206 2458 1275 2491 de.-
1306 2458 1358 2491 de
1385 2456 1513 2501 quibus
1531 2453 1668 2501 optimo
1714 2480 1719 2482 -

174 2505 371 2539 meruerint
397 2509 454 2550 12,
476 2510 511 2550 7,
538 2509 593 2541 10.
1558 2514 1563 2518 ’
1647 2534 1662 2538 1

125 2558 417 2602 Meretricula.
473 2573 723 2609 meretriculae
747 2572 803 2616 (fn
828 2571 1028 2614 comoediis)
1056 2573 1113 2614 11,
1139 2573 1174 2614 3,
1201 2569 1260 2605 74.

127 2626 351 2668 Meretrlx·
397 2646 432 2674 et
458 2642 487 2674 si
513 2642 600 2685 (Sp.
627 2643 715 2680 om.)
739 2640 813 2675 filia
844 2645 939 2682 nata,
964 2638 1201 2673 meretrix
1227 2650 1304 2673 eam
1321 2643 1436 2672 mater
1453 2634 1666 2682 pudicam

173 2695 253 2718 esse
276 2684 451 2719 voluisset
476 2690 532 2729 11,
559 2691 592 2731 1,
617 2689 662 2723 82
690 2691 732 2722 Ζ.
780 2685 1062 2730 impudicam
1085 2684 1379 2720 meretricem
1402 2683 1550 2719 vocavit
1575 2683 1666 2727 (am-

174 2730 365 2774 plificatio)
388 2732 424 2770 8.
449 2730 485 2774 4,
508 2735 544 2765 2.
591 2744 659 2767 nec
685 2731 841 2768 deditum
864 2733 960 2767 forte
1000 2731 1182 2766 meretrici
1210 2730 1387 2766 nefarium
1416 2727 1590 2772 (dixeris)
1628 2730 1666 2773 8,

173 2778 210 2818 3,
233 2774 291 2810 48.
341 2776 497 2811 decimas
523 2779 758 2812 uxoribus
782 2778 880 2822 dari,
914 2784 1057 2823 quartas
1088 2775 1420 2812 meretricibus
1455 2775 1665 2809 Tracha-

174 2826 251 2855 lus.
278 2823 314 2865 8,
341 2823 376 2864 5,
403 2824 446 2858 19
474 2824 520 2860 Ν.
568 2823 599 2857 si
626 2826 884 2859 exheredatum
908 2835 931 2859 a
954 2835 994 2859 se
1016 2823 1128 2858 filium
1144 2828 1247 2869 pater
1266 2826 1415 2857 testatus
1438 2820 1557 2863 fuerit,
1580 2831 1667 2865 pro-

177 2873 299 2910 pterea
324 2869 418 2911 quod
447 2868 478 2902 is
502 2869 725 2904 meretricem
750 2868 924 2906 amaverit
946 2873 983 2913 7,
1015 2869 1051 2914 4,
1084 2871 1143 2904 20.
1190 2878 1237 2904 ex
1268 2866 1456 2902 meretrice
1489 2871 1589 2900 natus
1619 2877 1666 2900 ne
