1728 3002
142 241 240 281 »670
732 236 862 280 Porto
890 243 947 272 —‘-
976 238 1141 283 Positio

200 350 338 399 (pars)
365 351 546 396 posterior
581 353 684 387 ead.
723 353 944 397 portione
977 353 1082 389 altius
1118 366 1207 400 qua
1236 354 1308 401 (de
1342 358 1431 400 coni.
1468 360 1557 403 Sp.;
1597 362 1701 395 Codd.

199 398 341 490 {13qu,
366 398 525 479 ‹gignetur-a
557 398 806 444 (terminatur)
847 403 914 445 11,
943 402 987 443 3,
1019 403 1100 438 139.
1143 412 1229 446 pro
1263 414 1328 438 sua
1364 402 1510 440 scilicet
1534 406 1702 451 portione

151 503 298 546 Porto.
358 513 404 547 ad
429 512 577 548 modum
604 512 739 558 aliquid
760 513 979 559 portantium
1004 518 1062 559 11,
1086 517 1122 561 3,
1147 518 1225 552 120.
1293 501 1297 509 ¹

151 560 408 602 portorium·
456 580 491 613 p.
516 571 666 606 Rhodiis
691 573 812 606 locare
836 591 883 598 —
906 573 1110 608 conducere
1134 573 1169 617 5,
1195 576 1263 619 10,
1274 575 1334 614 78.

152 617 324 659 Portus.
374 626 403 671 1)
427 627 562 663 intrare
591 635 735 671 portum
761 629 867 666 navis
891 629 960 664 nisi
984 630 1126 665 lenibus
1159 631 1279 667 ventis
1309 637 1437 676 vecta,
1477 643 1555 668 non
1587 633 1702 676 possit

198 677 253 716 10.
279 678 315 718 7,
342 677 360 708 1
390 678 433 709 Ζ.
459 688 491 710 υ.
522 677 663 710 Intro.
712 677 795 710 dum
819 682 962 718 portum
985 689 1005 712 e
1050 677 1167 712 editur
1189 677 1343 723 (navis)
1376 679 1413 722 4,
1450 680 1483 723 1,
1505 677 1563 714 61.
1599 681 1703 715 salva

197 732 295 757 nave
318 720 356 755 in
378 727 522 763 portum
545 722 738 764 pervenire
760 726 794 765 2,
819 725 875 767 17,
903 723 960 757 24.
987 737 1006 757 c
1025 750 1033 758 .
1062 727 1118 767 12,
1145 727 1201 768 11,
1229 724 1263 759 4.
1300 725 1335 760 5.
1380 723 1429 768 11)
1455 727 1489 758 in
1525 730 1699 760 stanislai..-

196 773 390 809 portum
417 777 482 810 pro
507 778 624 810 pace
648 774 720 814 atq.
749 769 1010 804 concordia
1034 774 1191 806 Horat.
1217 771 1252 815 8,
1275 771 1311 815 6,
1335 769 1394 806 44.
1430 772 1513 805 dum
1546 783 1568 806 e
1595 778 1702 814 portu

197 813 401 861 egredimur
427 817 483 858 10,
507 819 543 858 7,
568 818 626 852 23.
651 827 672 850 e
695 822 802 858 portu
825 815 997 863 navigavi
1022 815 1059 860 4,
1082 819 1118 860 2,
1151 815 1211 852 41.
1244 817 1306 862 qui
1341 822 1415 851 tam
1447 819 1576 860 procul
1608 830 1631 852 a
1661 827 1700 860 p.

194 860 404 895 recessisset
429 864 486 904 12,
520 863 578 898 Pr.
612 863 645 897 3.
679 872 714 904 p.
747 862 848 896 illum
878 863 1106 907 eloquentiae
1139 874 1226 898 suae
1263 865 1455 898 salutarem
1486 874 1562 898 non
1592 863 1700 898 etiam

191 906 316 949 piratis
339 907 531 949 patefaciet
557 910 613 951 12,
635 911 672 953 7,
695 908 731 943 4.
755 908 902 956 ingenia
927 910 1148 944 Graecorum
1170 909 1278 944 etiam
1299 909 1441 944 minora
1466 920 1552 945 suos
1576 916 1699 952 portus

191 954 327 987 habent
353 957 407 998 12,
434 957 490 998 10,
522 955 568 989 37
592 955 641 988 N.
1098 969 1100 974 ¹
1687 981 1690 984 ·

146 1013 299 1055 Posco·
346 1021 390 1066 α)
413 1022 663 1066 poscimus
688 1029 725 1058 et
749 1023 1043 1066 pollicemur
1068 1021 1267 1068 (monibus)
1299 1025 1356 1067 11,
1394 1025 1430 1068 3,
1453 1023 1512 1060 86.
1535 1024 1570 1060 ν’.
1595 1025 1701 1060 Pol-

192 1069 285 1103 lice
298 1078 358 1104 or.
389 1075 428 1102 ut
456 1075 554 1104 actus
582 1070 789 1112 poposcerit
813 1073 855 1105 ib.
883 1071 941 1105 75.
969 1070 1062 1104 ratio
1086 1067 1362 1111 comparationis
1389 1077 1427 1105 et
1448 1072 1560 1106 decor
1582 1070 1700 1113 poscit

191 1116 227 1158 8,
251 1115 286 1158 6,
312 1116 372 1150 62.
419 1124 564 1157 parce
589 1122 760 1151 etcum
789 1128 864 1151 res
892 1122 1060 1159 poscet
1093 1117 1128 1160 9,
1162 1118 1197 1159 3,
1231 1114 1268 1151 4.
1305 1115 1350 1158 cf.
1385 1119 1423 1161 2,
1450 1120 1485 1160 1,
1509 1119 1566 1153 12.
1600 1119 1637 1162 2,
1659 1118 1698 1162 4,

192 1164 249 1195 20.
277 1160 312 1202 4,
337 1164 372 1204 2,
403 1163 481 1197 108.
509 1174 589 1196 cum
614 1173 673 1197 res
698 1163 813 1205 poscit
837 1162 899 1206 (a.
925 1167 947 1198 l.
972 1163 1116 1205 posset)
1143 1165 1200 1206 11,
1226 1164 1258 1206 1,
1286 1163 1319 1196 1.
1367 1162 1399 1197 si
1427 1174 1487 1198 res
1511 1169 1637 1207 poscet
1661 1166 1717 1208 1,‘

192 1210 250 1250 10,
276 1209 332 1242 38.
355 1207 385 1241 si
411 1219 483 1252 quo
509 1210 594 1243 loco
618 1221 677 1244 res
700 1215 826 1251 poscet
851 1211 884 1254 3,
919 1212 951 1252 1,
979 1210 1036 1246 19.
1083 1208 1145 1243 ubi
1175 1215 1234 1243 res
1269 1209 1385 1251 poscit
1413 1211 1482 1255 10,
1516 1212 1535 1244 1
1591 1210 1628 1246 9.
1665 1209 1697 1244 si

190 1253 241 1287 ita
265 1254 489 1294 poposcisset
513 1255 646 1289 utilitas
671 1258 705 1299 3,
729 1258 764 1299 8,
794 1257 850 1291 63.
899 1254 938 1300 β)
968 1269 998 1290 c.
1029 1256 1106 1298 Obj.
1155 1253 1193 1298 a)
1223 1256 1267 1288 «le
1298 1258 1467 1299 personis.-
1509 1235 1701 1296 sublimius,

191 1299 328 1343 aliquid
356 1306 523 1342 senatus,
561 1301 775 1336 concitatius
799 1303 952 1344 populus
975 1321 1020 1327 —
1050 1307 1202 1343 poscunt
1224 1301 1320 1345 8,·3,
1345 1301 1403 1336 14.
1432 1302 1507 1350 jam
1533 1303 1696 1346 conchy-

190 1346 279 1379 lium
302 1346 420 1386 poscit
446 1346 604 1388 (infans)
632 1351 665 1388 1,
698 1351 739 1390 2,
777 1348 810 1382 6.
860 1349 1030 1388 poculum
1061 1347 1245 1388 poscentis
1280 1351 1344 1389 11,
1378 1350 1422 1391 3,
1456 1350 1534 1383 117.
1556 1370 1558 1372 -
1580 1348 1696 1382 tineas

189 1391 356 1434 poposcit
380 1394 423 1424 ib.
451 1394 528 1426 133.
552 1393 694 1426 laudem
716 1392 859 1426 silentio
887 1402 1038 1434 poscere
1062 1395 1106 1426 ib.
1137 1395 1225 1434 1213
1249 1394 1338 1427 hoc
1366 1402 1480 1435 posco
1495 1393 1620 1436 mihi,
1646 1399 1695 1429 ut
1720 1398 1728 1413 ²⁴

191 1458 239 1464 —
265 1437 446 1484 intelligar
471 1439 507 1482 9,
540 1438 575 1481 4,
608 1439 654 1472 57
664 1451 675 1481 ς
714 1439 877 1480 poscitur
907 1437 1117 1482 (periodus)
1160 1443 1235 1471 tum
1268 1444 1429 1482 austera,
1459 1438 1497 1480 ssi
1531 1450 1694 1484 accuses,

189 1490 264 1519 tum
285 1485 379 1527 susa,
407 1485 437 1518 si
460 1485 583 1518 laudes
610 1487 654 1521 ib.
685 1487 763 1520 128.
786 1483 822 1527 b)
847 1486 890 1518 de
912 1486 1087 1517 inanimis.-
1113 1485 1185 1517 hoc
1209 1494 1318 1518 omne
1342 1485 1476 1533 bonum
1494 1489 1531 1519 et
1553 1496 1695 1521 comem

190 1530 309 1566 vii-iun
337 1530 455 1572 poscit
481 1532 515 1570 6,
543 1534 579 1573 2,
611 1532 666 1565 18.
715 1531 811 1565 aliud
834 1529 873 1564 in
902 1531 981 1564 ead.
1010 1529 1247 1573 (narratione)
1283 1535 1433 1572 poscent
1460 1531 1607 1566 affectus
1629 1534 1694 1568 vel

190 1577 359 1611 concitati
383 1578 445 1612 vel
478 1578 616 1611 flebiles
650 1579 711 1620 11,
749 1579 793 1621 3,
826 1577 904 1612 162.
936 1575 982 1618 cf.
1021 1579 1078 1619 11,
1113 1578 1148 1619 1,
1178 1576 1236 1612 45.
1283 1576 1487 1619 proximam
1523 1578 1693 1613 clausulis

188 1622 410 1670 diligentiam
433 1630 588 1664 poscunt
611 1623 712 1657 initia
736 1625 771 1666 9,
795 1622 832 1666 4,
856 1623 913 1657 62.
939 1627 1067 1656 ornata
1100 1621 1298 1659 claritatem
1329 1633 1474 1668 quoque
1508 1625 1694 1659 vocalium

188 1675 340 1712 poscant
362 1672 405 1702 ib.
434 1672 512 1704 131.
561 1671 653 1704 haec
678 1680 822 1714 quoque
843 1678 926 1710 pars
953 1679 1105 1703 acumen
1129 1679 1172 1702 ac
1195 1668 1419 1715 vigilantiam
1449 1670 1566 1712 poscit
1592 1671 1626 1714 5,
1655 1674 1692 1715 7,
1712 1707 1714 1709 ,

189 1719 245 1755 10,
275 1716 459 1760 omnium,
496 1728 588 1760 quae
613 1726 732 1763 pugna
758 1715 875 1758 poscit
901 1718 956 1756 12,
979 1717 1013 1755 3,
1038 1715 1073 1749 5.
1099 1715 1121 1748 b
1149 1714 1288 1748 literam
1308 1714 1402 1750 ratio
1436 1715 1555 1757 poscit
1586 1719 1620 1760 1,
1653 1719 1690 1760 7,
1721 1747 1726 1761 2

185 1767 208 1798 7
233 1775 266 1796 v.
291 1762 442 1796 Ratio.
493 1764 579 1807 quid
601 1762 769 1797 secundis
793 1762 958 1805 flatibus,
986 1760 1073 1806 quid
1096 1760 1258 1796 adversis
1282 1760 1375 1796 ratio
1398 1759 1471 1805 (Ζ.
1497 1763 1540 1797 de
1562 1764 1691 1797 emend.
1716 1763 1728 1795 ἔ

186 1811 276 1852 Sp.;
316 1811 420 1844 Codd.
444 1809 558 1854 ratis)
584 1815 709 1849 poscat
739 1812 795 1853 12,
829 1811 899 1852 11,
935 1809 959 1845 5
987 1809 1035 1842 N.
1082 1807 1168 1852 quid
1196 1818 1256 1842 res
1289 1813 1415 1850 poscat
1450 1810 1515 1851 10,
1547 1810 1592 1851 8,
1631 1810 1728 1858 ¹⁵³4

185 1867 311 1890 sensus
344 1855 462 1890 omnis
495 1872 542 1879 -
573 1855 764 1901 poscitque
801 1855 859 1897 (a.
897 1858 921 1888 l.
967 1852 1224 1899 possidetque)
1259 1855 1422 1900 naturale
1460 1853 1707 1890 intervallum

182 1903 225 1945 9,
261 1901 306 1946 4,
337 1904 396 1937 61.
1523 1927 1526 1930 .
1707 1903 1711 1910 ’

136 1960 313 2003 POSitiO·
371 1969 404 2012 Ι)
430 1973 575 2014 proprie.
601 1969 643 2014 α)
669 1971 711 2004 de
745 1971 927 2009 loci-snex
955 1967 1030 2003 loci
1059 1966 1313 2010 positione
1349 1979 1391 2003 ao
1416 1967 1711 2004 munitione

183 2019 217 2060 3,
245 2019 280 2059 7,
307 2017 364 2050 26.
396 2015 450 2060 >β)
477 2020 520 2050 de
544 2020 650 2050 verbis
664 2031 674 2051 .-
715 2016 870 2050 nominis
892 2025 958 2058 pro
981 2012 1128 2067 nomine
1155 2023 1236 2066 pos.
1263 2014 1300 2059 3,
1321 2010 1357 2058 6,
1379 2016 1437 2068 232
1461 2014 1500 2050 in
1523 2010 1723 2069 οςθῑίοιισι

182 2063 516 2105 comprehensionis
546 2064 651 2097 unius
689 2063 915 2108 sequentium
953 2072 995 2095 ac
1030 2070 1190 2102 priorum
1225 2065 1321 2093 inter
1354 2071 1395 2094 se
1424 2062 1678 2096 mconvenien
1696 2107 1697 2110 Ἴ
1716 2072 1719 2079 ·

182 2119 259 2152 Ροε.
289 2113 320 2152 1,
350 2111 383 2151 5,
413 2111 471 2144 51.
521 2109 572 2154 11)
597 2114 711 2143 transl.
740 2108 783 2153 α)
808 2121 896 2154 quae
919 2115 1087 2152 ponuntur
1110 2110 1143 2139 in
1167 2108 1469 2150 (lisputationibus.-
1493 2106 1697 2153 aliquanti·

185 2162 394 2203 argumenta
417 2167 466 2190 ex
491 2156 578 2198 ipsis
603 2155 823 2198 positionum
846 2154 945 2191 vitiis
969 2153 1131 2187 ducimus
1147 2155 1182 2196 2,
1203 2154 1260 2196 10,
1277 2153 1321 2187 15
1344 2154 1392 2186 Ν.
1417 2153 1690 2189 controversia

181 2219 227 2224 —
251 2202 491 2244 positionibus
513 2208 696 2236 mutantur
728 2202 763 2245 7,
800 2201 850 2246 4,·
869 2201 917 2235 40
950 2201 999 2234 Ν.
1045 2197 1084 2244 β)
1117 2202 1155 2236 ,in
1189 2211 1226 2232 re
1257 2201 1416 2234 metrica.-
1461 2199 1530 2234 etsi
1559 2199 1715 2236 brevi

180 2254 378 2292 natura,
413 2255 533 2282 tamen
556 2248 808 2290 positione
831 2250 940 2294 longa
964 2250 1019 2280 est
1042 2247 1075 2287 1,
1101 2246 1135 2287 5,
1165 2246 1221 2279 28.
1250 2245 1341 2279 duae
1364 2250 1531 2294 nat-ura
1553 2247 1658 2282 brev
1684 2259 1690 2290 ’μ

180 2295 435 2335 positione
460 2301 542 2329 sunt
566 2301 827 2336 temporum
854 2298 1021 2339 quattuor
1045 2290 1232 2343 9,..4,.86;
1278 2293 1302 2324 i.
1337 2304 1368 2336 q.
1393 2293 1567 2326 thesis.-
1600 2298 1672 2326 ut.

182 2341 462 2375 sublatione
487 2343 531 2376 ad
561 2341 846 2383 positionem
871 2341 967 2374 idem
1000 2342 1103 2379 spatn
1135 2343 1181 2370 sit
1215 2337 1257 2370 ib.
1295 2334 1352 2371 48.
1385 2348 1455 2382 qua
1487 2347 1684 2380 coeperun

183 2388 368 2431 (rhythmi)
394 2388 670 2422 sublatione
692 2399 734 2421 ac
762 2386 1008 2429 positione
1034 2384 1078 2416 ad
1101 2383 1209 2417 finem
1231 2393 1346 2426 usque
1371 2382 1432 2427 (a.
1461 2387 1485 2418 1.
1509 2385 1555 2418 ad
1578 2385 1660 2426 posi
1707 2397 1711 2400 ·

182 2433 316 2467 tionem
343 2433 450 2478 usq.)
474 2436 668 2468 decurrunt
692 2435 736 2468 ib.
765 2435 822 2471 55.
864 2432 899 2478 γ)
928 2435 961 2464 in
988 2431 1097 2464 verbis
1118 2432 1141 2463 i.
1165 2443 1196 2474 q.
1221 2431 1504 2483 termiuatio:
1531 2441 1603 2475 quo
1632 2445 1683 2473 ιι.Υ

179 2482 394 2520 (nominum)
419 2481 533 2522 prima
558 2490 634 2522 pOS.
657 2480 696 2514 in
719 2481 817 2514 easd.
852 2479 974 2513 literas
1005 2475 1081 2510 exit
1114 2478 1157 2518 1,
1195 2475 1238 2517 5,
1273 2474 1308 2510 6.
1355 2477 1536 2517 slmplices
1567 2488 1658 2512 vn:

181 2524 293 2565 prima
329 2526 609 2570 positione,
655 2525 692 2560 id
731 2532 803 2568 est,
836 2530 1006 2559 natura
1039 2533 1104 2555 sua
1139 2526 1304 2556 constant
1337 2523 1382 2556 ib.
1411 2521 1462 2558 65,
1488 2523 1536 2557 Ν.
1568 2529 1605 2556 et
1656 2528 1671 2547 ὃ

179 2571 294 2610 prima
318 2573 509 2615 aliquando
535 2582 611 2614 ροε.
641 2584 689 2607 ex
714 2570 869 2616 obliquis
893 2569 1077 2605 invenitur
1097 2570 1128 2610 1,
1154 2568 1188 2618 6,
1214 2569 1277 2601 10.ι
1297 2567 1383 2612 quia
1405 2567 1564 2623 primab
1581 2577 1658 2610 po

179 2619 402 2658 paciscor
431 2637 475 2644 —
510 2619 648 2654 faceret
679 2624 900 2660 tempore
937 2613 1207 2659 praeterito
1242 2620 1404 2657 pactus
1431 2626 1518 2646 sum
1550 2617 1596 2648 tb-
1626 2624 1670 2649 1³
1700 2640 1713 2659 ¹3

179 2673 258 2694 cum
276 2663 537 2702 deprehensum
559 2672 613 2699 est
636 2670 774 2708 lepus,
800 2670 835 2698 et
853 2668 960 2707 lupu
973 2676 1001 2705 s,
1025 2660 1154 2694 similia
1174 2660 1216 2704 (S
1225 2672 1267 2704 ρ..
1279 2657 1399 2698 simili)
1417 2659 1636 2700 position
1652 2677 1664 2702 ἢ
1698 2667 1713 2711 1³

178 2713 347 2750 quantum
373 2710 563 2744 casibus
587 2711 879 2755 numerisque
904 2708 1115 2747 dissentiant
1140 2709 1184 2739 ib.
1212 2708 1257 2739 12
1285 2708 1326 2738 Z.
1374 2704 1529 2749 obliquis
1557 2711 1639 2747 caq'
1655 2705 1666 2726 ⁷
1696 2731 1700 2739 .

176 2754 260 2786 bus
296 2754 392 2786 ducti
416 2755 521 2789 etiam
550 2757 680 2798 primas
707 2757 774 2791 sibi
799 2755 996 2798 positiones
1027 2764 1100 2788 non
1126 2750 1293 2787 invenire
1317 2751 1526 2792 permittunt
1544 2754 1590 2787 3⁵.
1611 2772 1616 2777 —

175 2799 310 2833 similes
339 2810 482 2843 quoque
510 2803 787 2842 positiones
810 2803 850 2836 in
872 2804 981 2848 longe
1009 2800 1171 2835 diversas
1202 2796 1386 2850 figures
1421 2806 1487 2840 per
1520 2797 1600 2828 ιη’·
1620 2813 1649 2827 ι·
1682 2802 1691 2842 j

177 2855 308 2881 casus
324 2852 460 2880 exeunt
483 2848 598 2882 ib.25.
628 2860 719 2892 quae
733 2854 809 2884 tota
837 2844 1104 2891 positionis
1126 2843 1241 2889 ejusd.
1262 2853 1302 2879 m
1325 2843 1490 2880 diversos
1511 2844 1637 2882 sse:
1660 2871 1687 2891 ..¹
