1728 3002
170 192 253 233 362
677 190 902 235 Genitims
931 216 984 226 —
1016 192 1162 238 Genus

167 303 408 369 Genitivus.
457 314 618 363 genitivo
643 304 728 369 casu
753 319 769 351 1
786 343 798 359 ,
835 319 876 355 5,
911 299 968 354 62.
995 322 1040 363 1,
1074 321 1116 362 6,
1147 319 1211 362 14;
1242 330 1310 364 per
1330 321 1455 357 varios
1476 323 1611 358 exeant
1633 335 1702 372 ge-

214 369 346 396 nitivos
371 365 404 405 1,
433 363 467 405 6,
495 361 549 399 14.
574 368 754 408 genitivus
781 364 967 398 Achilli
994 371 1030 400 et
1051 366 1192 401 Ulixi
1216 366 1305 402 fecit
1329 369 1363 412 1,
1390 368 1425 412 5,
1448 369 1530 405 63,
1697 375 1700 377 ’

166 408 297 450 Gens.
340 418 382 463 α)
406 419 434 453 si
460 419 545 464 quid
571 419 619 453 ita
643 420 762 454 visum
794 423 1043 468 gentibus,
1090 423 1311 468 populis,
1363 425 1580 469 sapientibus
1611 427 1701 463 viris

211 466 496 508 ac.5,11,3b'.
529 476 575 498 ne
607 466 645 499 in
677 472 772 500 totos
809 468 1028 512 ordines,
1069 475 1130 503 aut
1161 467 1356 516 gentes,
1394 477 1454 505 aut
1489 475 1701 518 populos

207 513 403 557 petulantia
428 512 626 545 incurreret
653 516 759 555 11,1‚
784 514 842 548 86.
867 516 977 561 leges,
1003 527 1093 560 quae
1115 515 1282 560 propriae
1295 526 1351 560 po
1366 517 1496 560 pulis
1527 525 1564 553 et
1593 531 1700 554 uen-

211 552 340 592 ti'bus
375 564 458 591 sunt
495 558 708 592 constitutae
744 562 809 602 12,
843 563 887 603 2,
921 563 955 596 3.
992 564 1088 596 unde
1115 568 1321 609 argumenta
1345 563 1437 596 sumi
1461 549 1614 608 possu'n?
1633 578 1696 600 -—-:

210 605 371 645 Nali03
397 616 476 637 nam
503 610 534 637 et
563 606 789 652 gentibus
813 608 947 650 proprii
960 619 1079 642 mores
1111 614 1204 651 sunt,
1231 619 1298 643 nec
1336 608 1431 643 idem
1466 610 1502 644 in
1527 611 1723 655 Barbare,-

164 666 174 673 ⁴
207 653 390 693 Romano,
422 651 563 684 Graeco
589 652 775 695 probabile
802 658 855 686 est
879 655 912 697 5,
939 657 996 697 10,
1024 654 1082 689 24.
1105 654 1142 688 in
1169 659 1266 688 tanta
1287 665 1353 698 per
1377 666 1502 690 omnes
1526 663 1699 703 gentes

206 697 506 742 nationesque
538 697 681 744 liuguae
714 697 920 734 diversitate
957 703 1012 743 11,
1042 703 1077 743 3,
1102 702 1160 735 87.
1207 700 1251 746 β)
1310 712 1374 736 ens
1398 702 1493 736 enim
1527 714 1576 738 ex
1607 704 1700 738 mul-

206 744 250 777 tis
275 745 309 786 9,
335 745 368 784 3,
396 744 430 777 8.
479 743 602 777 Gallus
626 756 731 778 avem
758 756 802 779 an
828 753 968 792 gentem
995 747 1199 794 significet?
1233 750 1269 790 7,
1318 773 1327 789 ,
1353 750 1388 781 2.
1414 754 1453 781 ut
1477 748 1612 794 aliquid
1631 750 1699 784 ha-

205 790 292 823 bere
327 789 519 824 videantur
550 790 736 837 gentis,
785 792 917 836 aliquid
952 793 1176 827 auctoris
1210 794 1268 836 22,
1299 795 1356 835 10,
1387 795 1445 828 18.
1477 806 1588 839 seque
1621 796 1698 839 ejus

203 835 320 883 gentis
350 842 544 870 amatorem
571 848 650 871 esse
673 837 861 881 profitetur
889 842 943 881 11,
970 842 1001 881 1,
1027 840 1086 875 89.
1115 839 1369 874 barbarismum
1398 841 1559 884 pluribus
1581 842 1699 875 modis

201 882 406 934 accipimus.
435 883 553 917 Unum
581 882 633 927 (S
642 897 674 927 p.
703 887 800 918 inser.
829 883 888 927 in)
912 896 965 932 ge
981 890 1059 920 nte
1085 891 1141 920 —.'
1177 885 1341 920 Alter-turi
1358 896 1470 932 genus
1489 886 1698 922 barbarismi

203 929 419 972 accipimus,
453 929 549 973 quod
573 929 620 963 sit
643 930 785 963 animi
810 937 980 965 natura
1009 935 1040 974 1,
1066 933 1100 975 5,
1123 932 1148 966 8
1169 935 1212 966 Ζ.
1227 937 1394 979 [gentes
1423 943 1566 977 quoque
1589 933 1697 968 inve-

202 975 280 1008 nias
305 974 398 1009 inter
424 974 606 1009 nominum
637 987 760 1010 causas
791 980 822 1019 1,
846 976 882 1020 4,
906 978 962 1012 26.
992 977 1080 1012 fines
1105 972 1315 1025 gentium
1337 983 1416 1024 atq.
1442 979 1626 1014 urbium
1659 980 1695 1023 5,

204 1024 261 1064 10,
288 1023 363 1055 113.
388 1023 466 1065 jure
491 1022 650 1067 gentium
672 1026 708 1064 7,
747 1026 780 1066 1,
804 1023 851 1057 46
875 1025 922 1057 N.
956 1023 1115 1070 gentium
1143 1024 1392 1059 universarum
1432 1024 1635 1059 testimonia
1659 1026 1695 1069 5,

201 1070 237 1110 7,
266 1067 298 1102 5.
332 1067 371 1100 in
405 1069 569 1102 omnibus
601 1069 766 1115 gentibus
811 1070 900 1103 alius
932 1072 1002 1104 alio
1035 1070 1224 1104 facundior
1253 1070 1407 1104 habetur
1443 1073 1507 1114 12,
1538 1074 1602 1114 10,
1634 1069 1694 1106 41.

201 1113 390 1159 peregrina
400 1125 449 1147 ex
463 1115 626 1148 omnibus
639 1125 752 1160 prope
763 1115 916 1150 dixerim
927 1116 1104 1163 gentibus,
1121 1122 1160 1149 ut
1170 1116 1348 1158 homines,
1357 1116 1408 1150 ita
1418 1116 1577 1159 instituta
1587 1116 1695 1151 etiam

199 1161 309 1193 multa
329 1167 507 1194 venerunt
534 1165 566 1203 1,
581 1163 615 1203 5,
635 1162 692 1195 55.
712 1161 753 1205 y)
772 1175 801 1195 c.
819 1165 1017 1196 Attributis:
1045 1162 1271 1196 contraxisse
1288 1161 1440 1206 aliquam
1456 1161 1695 1207 perniciosam

198 1205 328 1239 ceteris
354 1212 495 1252 gentem
519 1208 554 1248 3,
580 1210 615 1248 7,
642 1210 697 1240 21.
727 1208 846 1253 gladio
869 1209 1133 1255 pugnacissima
1167 1219 1276 1254 gens,
1322 1209 1476 1243 Romani
1505 1210 1551 1253 9,
1580 1210 1623 1252 3,
1655 1210 1692 1244 8.

197 1251 334 1285 Asiana
358 1262 445 1298 gens
470 1252 638 1285 tumidior
661 1252 795 1297 alioqui
818 1261 923 1299 atque
945 1256 1132 1298 jactantior
1157 1257 1214 1298 12,
1242 1257 1300 1298 10,
1326 1257 1382 1289 17.
1419 1261 1559 1302 gentes*
1576 1265 1695 1303 vagae

200 1304 236 1331 et
263 1297 341 1331 sine
359 1297 506 1330 urbibus
540 1300 584 1340 3,
622 1300 667 1340 2,
698 1298 733 1331 4.
1635 1320 1639 1323 >

153 1342 291 1386 Genu.
341 1366 420 1388 cum
443 1353 562 1398 posito
582 1364 678 1400 genu
700 1355 972 1398 supplicandum
996 1361 1050 1390 est
1073 1357 1108 1399 9,
1132 1353 1168 1397 4,
1195 1357 1252 1388 11.
1270 1352 1386 1402 genua
1407 1355 1597 1399 complecti
1607 1356 1643 1400 6,
1657 1359 1691 1399 1,

197 1401 254 1435 34.
285 1413 401 1447 genua
425 1406 541 1443 recta,
574 1400 626 1434 sic
650 1406 792 1443 tamen,
834 1406 873 1434 ut
895 1412 969 1435 non
993 1402 1235 1436 extendantur
1261 1403 1317 1444 11,
1341 1402 1375 1443 3,
1401 1403 1480 1436 159.
1505 1402 1618 1436 tendit
1645 1403 1690 1436 ad

195 1446 312 1493 genua
334 1452 455 1481 vestra
480 1446 658 1491 supplices
685 1458 810 1480 manus
834 1447 869 1490 6,
894 1450 928 1491 1,
955 1446 1013 1482 42.
1038 1459 1104 1492 per
1129 1457 1248 1493 genua
1270 1446 1427 1491 reptatio
1462 1450 1502 1491 1,
1541 1451 1597 1491 12,
1614 1466 1617 1468 -
1634 1450 1691 1483 10.

194 1495 289 1528 infra
313 1505 430 1540 genua
455 1496 519 1536 11,
552 1495 594 1535 3,
631 1494 710 1528 138.

147 1539 311 1583 Genus.
369 1549 403 1593 I)
428 1553 460 1583 in
488 1551 686 1583 hominibus.-
727 1547 764 1591 α)
792 1570 840 1576 -
863 1549 993 1584 clarius
1022 1552 1057 1593 3,
1081 1551 1116 1593 8,
1141 1547 1206 1592 48ς
1251 1549 1394 1597 generis
1428 1549 1627 1584 claritatem
1650 1551 1673 1585 8

191 1599 227 1641 6,
250 1601 285 1632 7.
309 1598 439 1630 famam
465 1596 580 1643 g‘ene
593 1595 656 1629 ris
688 1601 723 1629 et
746 1595 958 1630 familiae
981 1598 1016 1638 3,
1029 1596 1085 1639 11,
1098 1596 1343 1641 12.turpitudo
1360 1593 1502 1643 generis
1518 1597 1540 1630 3
1554 1576 1687 1639 ‚7‚1‘

190 1655 304 1691 genus
330 1643 562 1677 Lentulorum
589 1643 624 1683 6,
649 1644 683 1682 3,
710 1642 768 1677 67.
806 1642 902 1676 unde
934 1647 1142 1688 argumenta
1173 1642 1266 1679 sumi
1299 1647 1463 1686 possunt.
1501 1641 1552 1675 E'a
1575 1651 1687 1686 porro

192 1687 298 1733 sunt,
323 1690 464 1731 Genus;
491 1700 573 1767 nain
598 1688 732 1722 similes
755 1688 961 1732 parentibus
988 1699 1030 1722 ac
1053 1687 1248 1733 maioribus
1274 1686 1349 1722 suis
1370 1687 1688 1733 plerumque-ore-

193 1739 337 1770 duntur.
364 1736 385 1770 5
427 1737 470 1769 10
507 1737 527 1768 2
577 1735 623 1768 Ν.
1715 1740 1718 1745 ’

283 1782 371 1826 ΙΙ)ι“η
384 1761 629 1815 'Grarr’zmaiicet
658 1779 694 1814 in
707 1778 984 1814 nominibustria
1001 1789 1135 1827 genera
1153 1778 1301 1823 1,4,23.
1318 1778 1358 1812 in
1369 1777 1557 1813 vocabulis
1570 1784 1607 1812 et
1618 1789 1687 1813 no-

190 1828 345 1864 minibus
359 1828 404 1861 sit
415 1827 650 1861 soloecismus
663 1837 796 1872 genere
821 1827 896 1869 1,5,
913 1825 972 1860 45.
989 1837 1123 1872 genere
1144 1825 1360 1861 exciderunt
1376 1824 1420 1858 ἷῦ.
1447 1825 1502 1860 16.
1524 1823 1687 1860 variatur
1724 1862 1728 1867 ,

190 1876 387 1910 casibus
408 1874 499 1907 haec
525 1879 560 1907 et
584 1872 852 1919 generibus
875 1872 1017 1906 iteratio
1041 1873 1078 1915 9,
1099 1873 1138 1915 .3,
1162 1873 1222 1907 36.
1261 1870 1482 1918 comparatio
1505 1870 1544 1905 in
1565 1870 1686 1904 nomi-

188 1923 294 1958 nibus
319 1926 378 1954 aut
402 1930 545 1967 genus
570 1918 805 1963 deprehendit
834 1924 894 1952 aut
918 1918 1308 1955 declinationem
1332 1921 1366 1959 1,
1390 1917 1427 1958 6,
1454 1917 1488 1951 5.
1523 1916 1685 1950 barbari-

190 1980 306 2003 smum
329 1966 407 2000 lieri
429 1978 496 2011 per
518 1977 620 1998 num
635 1976 742 1999 eros
770 1970 831 1999 aut
852 1975 1033 2011 genera
1059 1967 1092 2006 1,
1119 1963 1153 2007 5,
1178 1965 1330 2008 16.·per
1362 1973 1476 2010 genus
1499 1962 1585 1996 facit
1621 1973 1684 1996 so-

189 2015 399 2049 loecismum
423 2014 466 2046 ib.
490 2014 545 2046 35.
574 2010 617 2052 cf.
645 2013 687 2045 ib.
709 2010 767 2046 41.
790 2011 846 2045 47.
870 2011 957 2044 fiunt
980 2016 1017 2044 et
1040 2010 1136 2044 circa
1158 2020 1271 2058 genus
1294 2009 1428 2056 figurae
1460 2007 1499 2041 in
1525 2007 1682 2042 nomini-

188 2063 256 2095 bus
281 2079 323 2085 --
348 2064 383 2093 et
407 2058 444 2092 in
466 2057 589 2093 verbis
613 2058 648 2098 9,
674 2059 716 2100 3,
740 2057 773 2091 6.
799 2058 837 2090 in
865 2055 987 2091 verbis
1012 2067 1159 2100 quoque
1186 2055 1265 2100 quis
1282 2059 1344 2095 ,est
1370 2054 1459 2088 adeo
1481 2053 1693 2098 imperitus„

188 2114 230 2142 ut
253 2107 396 2153 ignoret
421 2115 599 2151 genera
624 2109 659 2136 et
687 2103 951 2147 qualitates
976 2109 1039 2136 etc.
1067 2105 1099 2144 1,
1122 2101 1159 2144 4,
1183 2104 1241 2136 27.
1327 2113 1329 2115 ’

283 2154 348 2188 ΙΙΙ)
379 2164 456 2194 opp.
481 2149 674 2194 species
701 2152 734 2191 1,
761 2151 794 2190 5,
819 2148 877 2184 49.
900 2152 934 2192 2,
962 2151 1018 2191 17,
1042 2147 1100 2182 42.
1132 2149 1167 2190 3,
1194 2148 1228 2190 5,
1254 2146 1310 2182 15.
1336 2146 1452 2198 5,,30,
1476 2145 1534 2178 33.
1558 2145 1618 2180 90.
1643 2145 1681 2188 6,

188 2202 224 2243 3,
251 2199 310 2234 66.
333 2202 369 2241 7,
398 2200 431 2240 1,
460 2195 516 2230 24.
542 2199 577 2238 7,
599 2197 633 2236 3,
658 2198 693 2228 2.
718 2198 753 2238 7,
782 2196 819 2237 9,
844 2197 875 2228 1.
900 2205 1012 2238 quos,
1040 2199 1081 2227 ut
1104 2193 1290 2236 homines,
1312 2191 1408 2226 inter
1430 2200 1470 2225 se
1497 2200 1681 2238 genere
1717 2210 1723 2215 ·

189 2246 342 2287 similes,
380 2243 583 2276 differentes
609 2241 744 2274 dixeris
768 2240 932 2284 specie
971 2243 1027 2283 12,
1057 2242 1114 2281 10,
1136 2243 1181 2272 22
1207 2241 1254 2273 Ν.
1279 2247 1426 2286 genus
1451 2236 1495 2290 qd
1523 2237 1681 2279 proban-

190 2293 269 2325 dam
295 2289 503 2333 speciem
527 2286 711 2320 minimum
735 2288 832 2320 valet
860 2289 892 2329 5,
920 2289 977 2329 10,
1002 2286 1058 2321 56.
1082 2290 1122 2318 ut
1147 2295 1303 2331 genus
1338 2292 1527 2329 species
1557 2282 1679 2326 sequi-

189 2343 270 2380 tur,
302 2337 351 2369 ita
377 2333 579 2379 speciem
601 2343 752 2380 genus
775 2333 956 2377 praecedit
980 2335 1022 2374 7,
1047 2333 1087 2374 1,
1114 2331 1170 2366 59.
1205 2338 1381 2378 genere
1410 2326 1678 2371 ixi-species
1706 2372 1722 2377 μ

190 2383 335 2416 diducto
360 2382 394 2424 5,
420 2383 474 2416 10,
498 2381 558 2414 61.
591 2390 760 2426 genus,
802 2389 882 2412 cum
918 2377 1088 2418 dividitur
1120 2376 1159 2410 in
1194 2374 1406 2422 species,
1447 2372 1538 2407 nihil
1570 2374 1679 2409 habet

189 2428 374 2472 proprium
398 2428 433 2469 8,
461 2427 495 2468 6,
522 2426 578 2461 58.
608 2430 749 2458 ceterae
773 2435 854 2468 spe
870 2423 965 2457 cies
988 2423 1027 2456 in
1049 2423 1139 2456 haec
1163 2422 1232 2456 tria
1255 2431 1433 2469 genera
1454 2419 1616 2473 incident
1640 2422 1676 2464 3,
1712 2431 1725 2470 g

189 2474 225 2517 4,
252 2475 307 2507 15.
337 2483 538 2517 quanquam
564 2470 670 2504 unius
694 2469 895 2515 generis
919 2469 1080 2503 diversas
1109 2475 1230 2502 tamen
1262 2466 1456 2512 species
1483 2466 1618 2503 habent
1638 2467 1676 2508 9,
1708 2476 1711 2483 ’

188 2523 226 2562 2,
251 2520 305 2552 16.
334 2530 379 2562 sp
396 2518 500 2552 ecie
524 2517 667 2552 diversa
689 2518 753 2550 sed
779 2526 952 2561 genere
977 2515 1102 2548 eadem
1130 2520 1166 2548 et
1192 2515 1283 2548 haec
1314 2517 1397 2553 snut
1425 2513 1460 2555 9,
1484 2513 1520 2554 3,
1543 2514 1600 2564 21:
1627 2510 1678 2558 cs.
1727 2538 1728 2541 ,

191 2568 249 2607 12,
279 2567 335 2606 10,
360 2567 399 2606 1;
438 2574 505 2597 nos
533 2573 712 2609 genera
747 2563 992 2608 degustamus,
1032 2570 1107 2593 non
1130 2559 1449 2594 bibliothecas
1475 2562 1676 2609 excutimus
1720 2560 1728 2580 '⁴

192 2613 250 2652 10,
276 2612 309 2652 1,
335 2608 414 2643 104.
438 2615 477 2642 ut
511 2611 648 2642 locos
686 2608 783 2651 ipsos
827 2612 863 2641 et
898 2617 1091 2653 genera,
1132 2617 1237 2650 quam
1269 2614 1414 2649 possem
1441 2607 1676 2647 apertissime,

189 2657 418 2691 ostenderem
445 2655 479 2696 5,
506 2657 562 2697 12,
586 2657 641 2689 15.
664 2651 803 2688 etiamsi
823 2662 899 2686 non
921 2657 1030 2686 toto
1066 2661 1241 2698 genere
1271 2659 1425 2692 causae,
1467 2652 1588 2683 tamen
1623 2660 1676 2684 ex
1715 2652 1719 2700 j

191 2712 359 2748 magna
388 2705 525 2742 parte
552 2703 587 2742 7,
614 2699 650 2742 4,
676 2701 733 2735 18.

283 2744 352 2790 lv)
376 2747 400 2779 i.
429 2758 460 2790 ‹1-
494 2748 686 2788 classis,
725 2745 898 2786 modus,
941 2745 1081 2778 ratio:
1107 2745 1276 2787 posuerat
1301 2745 1337 2775 et
1366 2737 1497 2775 Cicero
1531 2740 1674 2789 generis
1699 2746 1718 2769 -“

193 2793 388 2839 (statum),
420 2796 458 2823 ut
493 2790 531 2824 iu
565 2801 741 2837 genere
777 2789 980 2835 qualitas
1015 2789 1275 2836 intelligeretur
1310 2788 1355 2829 3,
1386 2786 1430 2830 6,
1462 2787 1521 2823 50.
1573 2786 1616 2832 ι)
1642 2802 1674 2822 ι.
1698 2821 1706 2827 ,

1685 2899 1709 3002 ἑ
