1728 3002
124 196 206 237 350
617 192 842 250 Formator
881 218 938 225 —-
973 194 1176 238 Formula

167 313 203 358 9,
229 313 265 356 3,
287 307 348 346 64.
383 305 528 343 habebit
549 306 702 342 formam
726 307 925 356 syllogismi
950 310 994 354 5,
1023 308 1088 355 14,
1114 310 1184 350 26.v
1206 309 1302 348 veru
1320 311 1455 348 formas
1477 322 1552 348 non
1574 324 1659 350 ver.

168 362 298 395 borum
320 357 449 398 modo,
473 354 537 388 sed
561 359 598 388 et
621 365 791 388 sensuum
814 360 850 390 et
875 356 1147 400 compositionis
1170 357 1206 401 8,
1229 358 1266 402 6,
1288 361 1323 392 2.
1359 369 1436 393 non
1460 356 1687 407 signifi-‘'

167 405 383 442 cationes
414 401 542 442 mod0,
576 400 640 434 sed
673 401 846 435 formas
884 403 991 437 etiam
1025 414 1350 449 mensurasque
1380 402 1576 441 verborum
1601 409 1647 441 10

169 458 212 496 1,
237 454 296 486 10.
333 460 354 482 a
375 448 495 482 forma
516 445 680 482 veritatis
706 453 865 482 remotus
899 451 944 492 2,
972 447 1021 492 4,
1048 452 1084 483 2.
1137 450 1178 490 b)
1202 451 1386 486 Gerundii:
1416 450 1456 486 fi
1497 463 1582 486 ura
1612 432 1658 486 sii

168 505 244 535 arte
270 496 389 540 aliqua
410 498 547 527 novata
576 493 723 527 forma
754 494 897 528 dicendi
923 496 968 538 9,
993 497 1036 539 1,
1061 493 1118 529 14.
1148 497 1177 531 f.
1198 496 1371 541 loquendi
1397 498 1432 540 1,
1479 522 1491 541 ,
1513 499 1569 534 16.
1591 510 1659 532 ne-

164 539 517 627 {332{1.‘¹¹3¹¹'¹{2²‘³¹{¹4f·
536 539 653 620 3311}
668 543 827 621 Ziteoemffi?
843 541 1462 633 &sarantasmum
1479 544 1659 624 “⁰²2¹“”d2

346 614 357 632 ,
406 612 418 631 ,
490 609 500 621 .
1361 600 1525 639 imsxuna
1567 613 1578 624 .
1604 601 1644 625 es
1716 606 1722 616 ·

164 643 206 683 7,
234 641 278 680 2,
316 636 352 671 9·

119 696 154 738 F
157 701 371 785 orn1a1t(t))r.2
407 700 638 783 {graece-pior)
675 706 837 737 rector
870 707 925 738 est
948 702 1146 737 alienorum
1171 701 1398 752 ingeniorum
1422 714 1466 740 ac
1489 702 1658 739 forma-

166 760 239 789 tor
315 777 325 794 ,
374 774 385 792 ‚
456 774 465 782 -

115 810 331 854 Formica.
378 816 549 852 formicas
579 816 619 850 in
649 826 838 851 commune
863 817 1031 852 laborare
1065 817 1101 863 5,
1128 821 1184 862 11,
1208 816 1267 855 24.

116 880 290 922 Formo.
339 886 375 932 Ι)
399 888 557 930 proprie.-
590 895 743 929 corpora
771 884 816 920 ad
841 887 966 931 quosd.
991 887 1234 921 membrorum
1257 886 1377 922 flexus
1398 885 1560 930 formari,
1587 885 1658 920 nisi

163 943 302 978 tenera,
323 943 398 968 non
422 937 572 977 possunt
595 934 628 974 1,
653 935 685 972 1,
707 934 766 966 22.
791 932 843 966 sic
867 933 1056 967 formatam
1074 932 1261 968 Ciceronis
1273 945 1429 977 manum,
1453 944 1535 968 cum
1558 931 1658 966 dice-

162 989 220 1019 ret
252 984 317 1024 11,
346 982 390 1023 3,
420 981 478 1015 97.
515 978 678 1012 formatis
705 979 758 1011 ad
781 980 928 1013 modum
952 979 1176 1024 percutiendi
1202 990 1336 1025 nervos
1359 979 1522 1014 manibus
1545 979 1658 1014 {lv-88.

163 1029 210 1072 cs,
234 1031 277 1072 2,
303 1028 368 1070 13,
391 1027 426 1061 9.
455 1026 581 1059 oculos
604 1025 760 1059 formant
784 1026 1006 1070 aliquatenus
1031 1025 1241 1071 (supercilia)
1280 1028 1324 1061 ib.
1346 1028 1415 1070 783
1453 1026 1564 1064 multa
1597 1036 1657 1059 ex

163 1078 303 1110 Graeco
328 1073 485 1106 formata
515 1082 613 1107 nova
645 1073 686 1115 8,
714 1073 756 1114 3,
781 1073 839 1107 33.
874 1071 976 1107 varie
998 1072 1149 1107 formari
1172 1073 1286 1108 verba
1315 1074 1356 1116 1,
1380 1073 1426 1116 6,
1455 1071 1514 1110 15.
1543 1072 1658 1107 verba
1704 1080 1714 1086 ·

161 1128 260 1157 recte
287 1121 445 1154 formare
476 1121 494 1152 1
509 1143 520 1159 ,
546 1121 609 1161 12,
632 1119 667 1153 9.
733 1117 791 1159 ΙΙ)
813 1122 932 1153 transl.
978 1117 1021 1162 α)
1049 1120 1092 1159 de
1115 1121 1234 1153 rebus:
1270 1119 1483 1153 formandae
1507 1116 1657 1152 actionis

162 1171 220 1212 11,
249 1169 284 1210 3,
315 1167 395 1200 180.
430 1164 578 1198 formari
604 1163 759 1198 animum
781 1164 938 1206 judicum
961 1163 998 1208 4,
1026 1167 1064 1207 1,
1089 1166 1136 1200 60
1162 1169 1205 1200 Ζ.
1227 1163 1336 1198 animi
1362 1164 1502 1199 minore
1525 1169 1656 1198 conatu

160 1218 371 1254 moventur,
395 1221 463 1244 nec
490 1221 556 1244 suo
581 1210 662 1243 nisu
685 1210 810 1244 studiis
836 1209 1016 1253 insistunt,
1041 1212 1105 1244 sed
1128 1211 1411 1245 formandos
1433 1222 1473 1244 se
1499 1215 1656 1243 tantum-

160 1261 270 1295 modo
294 1261 475 1303 praestant
496 1259 529 1300 1,
556 1259 612 1296 12,
638 1258 694 1290 10.
719 1255 782 1289 filii
804 1256 963 1290 formare
987 1256 1212 1299 disciplinam
1233 1255 1270 1299 4,
1294 1257 1353 1290 Pr.
1372 1259 1405 1291 1.
1429 1257 1475 1290 ad
1494 1257 1656 1293 forman-

161 1309 243 1340 dam
271 1301 511 1348 eloquentiam
533 1305 570 1345 2,
597 1304 654 1344 10,
681 1303 717 1339 2.
754 1301 833 1335 sine
860 1311 932 1345 quo
956 1301 1106 1335 formari
1132 1301 1280 1336 materia
1300 1311 1376 1336 non
1399 1300 1515 1345 possit
1535 1304 1572 1344 2,
1594 1304 1654 1344 21,
1694 1335 1696 1341 ,

159 1352 217 1388 24.
242 1364 262 1386 a
286 1350 415 1396 quibus
440 1354 561 1395 gestus
583 1352 774 1391 motusque
797 1347 998 1381 formantur
1022 1349 1055 1390 1,
1076 1349 1133 1390 11,
1159 1348 1215 1382 16.
1249 1358 1368 1392 neque
1390 1347 1506 1381 solum
1528 1346 1656 1381 lectio-

161 1411 245 1434 nem
268 1397 314 1439 (S
320 1411 354 1441 p.
380 1392 550 1438 lectione)
580 1394 714 1428 formet
741 1396 782 1436 1,
809 1395 872 1436 11,
899 1391 956 1438 14.
995 1394 1038 1426 ad
1062 1394 1269 1427 formandas
1294 1398 1435 1427 mentes
1457 1396 1493 1436 2,
1519 1393 1576 1436 16,
1597 1395 1654 1427 10.

159 1444 318 1479 moribus
342 1441 538 1476 formandis
563 1442 630 1483 12,
657 1443 700 1483 2,
725 1442 783 1474 27.
828 1450 909 1472 cum
931 1449 1126 1483 puerorum
1152 1450 1216 1474 ora
1238 1439 1433 1473 formarem
1457 1441 1515 1482 11,
1534 1441 1570 1482 3,
1594 1440 1654 1474 31.

157 1488 392 1526 formandi
423 1485 815 1530 custodiendique
851 1484 999 1530 pudoris
1031 1488 1148 1529 1,,2,
1179 1485 1216 1519 4.
1255 1485 1373 1520 studia
1396 1485 1473 1529 ejus
1497 1486 1654 1518 formare

158 1540 216 1572 Pr.
246 1538 280 1572 5.
322 1535 417 1580 quod
442 1534 513 1568 sint
535 1533 679 1567 formati
705 1533 860 1577 quodam
883 1532 992 1566 modo
1016 1530 1139 1575 (tropi)
1169 1532 1216 1575 9,
1242 1534 1282 1575 1,
1311 1534 1346 1568 1.
1378 1530 1579 1576 provisa
1617 1535 1654 1564 et

157 1585 365 1618 formata
390 1579 558 1628 cogitatio
583 1582 640 1622 10,
666 1580 702 1621 7,
726 1579 762 1613 8.
804 1577 850 1623 β)
888 1579 931 1611 de
953 1579 1155 1612 hominibuss
1189 1576 1251 1622 qui
1281 1576 1335 1612 sic
1362 1576 1587 1620 formabitur,
1613 1582 1656 1610 ut

158 1629 237 1664 fieri
260 1627 372 1673 possit
396 1633 519 1661 orator
543 1629 576 1668 1,
601 1628 635 1668 3,
662 1626 716 1660 18.
753 1623 806 1658 sic
830 1623 873 1657 ab
896 1623 1001 1657 initio
1024 1622 1168 1666 formati
1194 1626 1229 1666 2,
1257 1625 1317 1666 20,
1336 1622 1371 1658 6.
1399 1623 1467 1657 hos
1487 1621 1552 1656 ille
1574 1622 1656 1656 for-

159 1675 270 1710 mabit
296 1677 352 1718 12,
382 1677 438 1716 11,
464 1675 495 1708 5.
534 1684 574 1706 se
598 1669 814 1715 (Apollonio)
843 1681 1009 1704 rursus
1037 1669 1332 1703 formandum
1362 1668 1412 1713 (a.
1437 1672 1462 1703 1.
1485 1667 1655 1712 reform.)

159 1734 201 1757 ac
224 1723 327 1757 velut
349 1720 698 1764 recoquendum
721 1716 820 1751 dedit
848 1719 905 1759 12,
932 1715 968 1759 6,
991 1719 1015 1751 7
1039 1716 1087 1750 N.
1119 1729 1191 1758 cr.‚·
1224 1715 1414 1750 formanda
1439 1719 1535 1749 aetas
1561 1715 1595 1758 1,
1618 1715 1654 1758 3,
1712 1744 1714 1748 ,

158 1772 214 1803 12.
240 1766 373 1814 cogitet
397 1771 578 1800 oratorem
602 1763 816 1806 institui,
840 1774 918 1797 rem
935 1762 1096 1805 andnam,
1121 1761 1228 1796 etiam
1252 1772 1336 1796 cum
1359 1761 1395 1796 ei
1417 1761 1653 1795 formando

156 1815 248 1849 nihil
276 1811 431 1848 defuerit
461 1814 495 1854 1,
524 1814 558 1854 1,
583 1813 639 1844 10.
669 1810 827 1844 formare
850 1809 1050 1854 perfectum
1073 1813 1254 1842 oratorem
1275 1810 1313 1852 2,
1339 1807 1397 1851 15,
1421 1808 1478 1841 33.
1515 1806 1655 1851 sapien-

157 1867 229 1896 tem
256 1861 454 1894 formantes
479 1861 513 1900 1,
533 1859 590 1900 10,
608 1858 643 1891 5.
667 1856 733 1899 illi,
759 1867 865 1900 quem
890 1856 1097 1898 formamus,
1121 1854 1240 1889 virum
1263 1856 1320 1896 12,
1350 1856 1384 1897 1,
1410 1851 1469 1887 44.
1517 1853 1556 1898 y)
1581 1852 1652 1896 adj.

154 1910 271 1941 Ablat.
286 1921 296 1940 .·
330 1904 454 1941 verbis
481 1905 635 1938 formata
660 1902 853 1936 memoriae
877 1902 1046 1936 mandare
1069 1902 1103 1943 3,
1121 1902 1157 1943 3,
1179 1903 1234 1935 10.
1259 1899 1415 1944 ideoque
1438 1904 1520 1932 sunt
1545 1897 1655 1932 disci-

154 1954 253 1999 plina
277 1958 312 1987 et
337 1952 476 1986 ratione
500 1948 679 1984 formandi
704 1946 876 1993 (affectus)
910 1950 951 1981 11
967 1973 978 1990 ,
1007 1949 1053 1990 3,
1080 1947 1142 1982 61.
1189 1943 1327 1981 animus
1353 1943 1653 1988 contemplatione

156 1999 246 2034 recti
269 1999 443 2043 pravique
467 1998 643 2031 formatur
666 1997 687 2028 2
701 2021 710 2038 ‚
735 1994 781 2038 4,
806 1996 862 2028 20.
902 1992 1076 2038 [celerius
1105 2004 1147 2027 ac
1170 1992 1311 2037 saepius
1337 1991 1522 2036 sequendo
1556 1995 1653 2024 certa

155 2046 310 2093 vestigia
334 2043 502 2078 formabit
530 2041 591 2086 (Z.
611 2041 722 2083 firm.)
747 2040 917 2074 articulos
942 2042 977 2084 1,
1003 2042 1036 2082 1,
1053 2037 1131 2083 27.]
1155 2040 1266 2073 multa
1291 2037 1406 2086 magis
1429 2047 1535 2082 quam
1557 2037 1653 2069 mul-

155 2098 273 2126 torum
299 2090 455 2125 lectione
484 2089 673 2122 formanda
697 2098 799 2121 mens
834 2089 899 2129 10,
932 2088 974 2129 1,
1010 2086 1067 2121 59.
1106 2085 1150 2119 ab
1173 2085 1245 2119 illis
1271 2081 1486 2128 (nutriamus)
1508 2091 1653 2126 quoque

156 2139 227 2183 jam
250 2138 473 2172 formandam
498 2147 604 2179 quam
628 2133 770 2177 optimis
798 2131 968 2166 institutis
991 2137 1148 2166 mentem
1171 2130 1363 2165 infantium
1386 2133 1420 2172 1,
1445 2131 1480 2172 1,
1504 2128 1560 2162 16.
1591 2127 1653 2172 qui

156 2195 277 2218 mores
303 2181 504 2227 praeceptis
531 2192 571 2214 ac
595 2180 735 2214 ratione
758 2177 923 2213 formarit
959 2177 1008 2222 (a.
1033 2182 1055 2212 l.
1078 2175 1183 2219 firm.)
1219 2180 1287 2221 12,
1320 2179 1365 2220 2,
1390 2174 1426 2210 4.
1462 2174 1576 2209 multo
1609 2184 1653 2207 ac

155 2231 253 2264 fideli
285 2230 366 2263 stilo
396 2228 447 2262 sic
471 2229 650 2261 formetur
679 2225 815 2268 oratio,
847 2230 888 2258 ut
914 2231 978 2258 etc.
1003 2226 1069 2266 10,
1096 2227 1138 2266 7,
1161 2226 1196 2258 7.
1227 2233 1369 2267 semper
1390 2220 1518 2257 eodem
1541 2219 1651 2253 modo

154 2276 298 2310 formati
317 2274 493 2310 sermonis
511 2275 552 2316 ’9,
577 2275 613 2316 3,
637 2274 671 2306 3.
717 2268 756 2312 ὃ)
783 2286 810 2305 c.
831 2274 993 2314 Praepos.
1030 2271 1082 2302 ad
1103 2273 1158 2302 vel
1183 2272 1245 2313 ins
1280 2274 1321 2302 ut
1343 2272 1398 2303 est
1423 2267 1476 2300 ad
1499 2266 1651 2299 creden-

158 2323 242 2355 dum
264 2323 326 2355 vel
353 2332 427 2355 non
450 2320 670 2354 credendum
698 2323 780 2351 ante
803 2317 977 2351 formatus
1001 2318 1036 2357 5,
1059 2319 1095 2357 7,
1119 2316 1152 2349 8.
1188 2316 1240 2348 ad
1265 2315 1410 2349 modum
1433 2310 1653 2346 Dialectico-

157 2379 238 2401 rum
261 2369 414 2401 formata
439 2365 624 2400 conclusio
648 2368 683 2407 7,
703 2365 744 2406 43,
771 2362 826 2397 14.
857 2361 973 2396 omnis
997 2360 1205 2404 disciplinae
1226 2360 1331 2394 initia
1353 2360 1407 2394 ad
1428 2357 1652 2403 propositum

158 2413 225 2446 sibi
247 2413 505 2456 praescriptum
530 2410 679 2445 formari
713 2411 776 2452 10,
800 2412 845 2451 2,
873 2411 917 2450 23
955 2418 1044 2451 opus
1068 2406 1295 2442 movendi
1319 2405 1477 2449 iudicum
1500 2402 1651 2446 animos,

158 2465 265 2502 atque
296 2459 342 2491 in
369 2470 472 2501 eum,
498 2469 604 2503 quem
628 2457 809 2497 volumus,
833 2454 993 2488 habitum
1017 2452 1261 2486 formandi
1283 2453 1328 2495 6,
1353 2454 1398 2495 2,
1424 2453 1456 2485 1.
1488 2450 1537 2484 in
1560 2459 1651 2494 quae

161 2504 292 2550 (verba)
330 2506 483 2547 judicem
515 2503 622 2538 duci
653 2500 922 2544 formarique
955 2499 1122 2533 volumus
1155 2501 1272 2543 11,-1,
1297 2501 1331 2532 2.

111 2560 332 2602 ΓΟΙἹΠΟὲθ-
377 2572 414 2606 in
443 2572 569 2606 orbem
592 2582 632 2606 se
655 2567 851 2616 formosius
876 2567 1002 2601 fundet
1028 2564 1137 2611 (olea)
1167 2568 1202 2611 8,
1229 2569 1265 2611 3,
1290 2568 1347 2600 10.

111 2628 358 2670 Formosus.
404 2639 545 2672 habitus
571 2639 768 2673 formosior
790 2638 828 2681 9,
849 2634 886 2679 4,
910 2636 947 2670 8·

110 2695 146 2738 F
150 2694 327 2737 ormula.
375 2707 529 2740 formula
553 2707 726 2741 cecidisse
762 2709 808 2748 3,
837 2706 884 2749 6,
910 2704 955 2740 69
981 2704 1030 2737 N.
1076 2703 1266 2736 formulam
1293 2698 1445 2734 scribam
1465 2696 1502 2739 6,
1529 2698 1565 2739 3,
1591 2697 1648 2731 83.

159 2754 255 2798 quod
287 2752 324 2786 in
356 2753 439 2787 foro
466 2753 652 2787 atrocitate
676 2754 911 2786 formularum
940 2747 1154 2793 dijudicatur
1187 2751 1232 2790 7,
1267 2747 1308 2789 1,
1339 2746 1383 2779 37
1419 2744 1466 2778 N.
1510 2742 1651 2787 privata

157 2798 287 2843 judicia
319 2810 428 2843 saepe
463 2810 573 2832 unum
607 2799 760 2842 judicem
792 2799 926 2832 habere
952 2794 1072 2830 multis
1097 2792 1133 2828 et
1156 2791 1308 2829 diversis
1338 2788 1503 2824 formulis
1533 2789 1652 2823 solent
