1728 3002
494 199 765 244 continuatio
794 221 851 231 —-
879 195 1115 248 Continuus
1488 194 1566 235 175

88 321 223 356 factm
437 315 491 363 (a.
506 318 530 353 1.
551 321 591 350 ut
608 313 798 358 sumant)
821 314 856 357 5,
880 316 935 351 11.
957 310 1014 347 43.
1043 310 1224 347 concitare
1245 308 1416 344 invidiam
1431 315 1493 344 etc.
1521 308 1564 343 li-

12 372 21 377 ’
90 364 261 402 beriusiu
367 362 507 397 ratione
528 361 683 409 conting.
707 360 743 404 6,
767 363 800 404 1,
823 358 879 394 14.
907 360 1029 392 forsan
1054 363 1091 392 et
1113 365 1358 392 consummare
1383 355 1564 402 contingat

92 415 150 456 12,
166 413 200 454 1,
215 413 273 445 31.
298 419 389 455 quos
402 407 488 442 mihi
505 417 722 454 cognoscere
737 405 884 452 contigit
902 407 957 448 12,
975 407 1030 444 11,
1049 405 1082 439 3.
1105 403 1256 438 'interim
1278 409 1314 437 et
1331 402 1502 448 singulos,
1525 407 1564 436 ut

22 494 27 497 ,
91 463 290 500 exornare,
330 456 379 489 ita
410 455 591 488 destruere
621 452 777 499 oonting.
809 453 866 504 5,.
884 453 929 495 7,
958 450 1015 484 25.
1064 449 1190 494 quibus
1216 449 1352 482 discere
1377 448 1464 493 ipsis
1490 457 1566 482 non

90 503 223 550 contig.
252 505 292 544 1,
321 503 363 544 1,
385 501 422 535 7.
469 500 533 533 lna
558 509 648 534 vero
676 497 945 542 jucundissima,
980 494 1011 529 si
1037 495 1219 543 contingat
1249 495 1391 539 aliquod
1424 505 1472 528 ex
1499 494 1565 527 ad-

90 547 254 586 versario
277 548 408 581 ducere
431 551 672 592 argumentum
697 546 740 587 6,
765 547 782 578 1
798 570 809 586 ,
835 543 870 576 4.
911 543 942 576 si
964 547 1082 576 tamen
1106 552 1179 576 non
1203 541 1405 586 continget,
1441 541 1564 584 quales

91 594 247 630 maxime
265 592 396 635 velim,
421 591 578 625 nutrices
601 598 663 625 etc.
689 590 821 624 habere
846 593 879 631 1,
903 591 935 630 1,
960 590 1014 622 11.
1051 587 1104 621 Ita
1125 588 1212 622 mihi
1229 587 1408 634 contingat
1430 587 1564 620 herede

91 641 167 675 tilio
188 638 283 674 mori
306 639 342 682 9,
364 640 400 681 2,
422 638 481 673 98.
517 642 557 670 ut
582 636 694 671 oculis
719 635 893 676 subiicere
919 633 1102 680 contingat
1126 635 1161 677 6,
1186 636 1220 676 3,
1242 634 1299 668 38.
1354 631 1384 673 ε)
1409 645 1475 677 seq.
1497 639 1560 664 ut.-

91 685 182 721 milii
205 693 406 730 nunqnam,
439 689 491 716 ut
514 682 592 727 ipse
617 682 824 717 interessem
848 679 996 727 contigit
1021 683 1076 722 11,
1099 682 1140 723 2,
1164 682 1220 715 51.
1268 678 1328 713 Sic
1354 678 1449 712 enim
1473 687 1564 711 cou-

90 732 229 779 tinget,
246 737 295 766 ut
308 729 481 765 -videatur
505 727 540 770 4,
566 730 600 771 1,
621 731 657 763 7.
700 728 759 763 Sic
783 727 975 773 contingit,
1002 731 1048 760 ut
1071 725 1198 770 aliquis
1222 735 1347 759 sensus
1369 725 1564 759 vehemens

89 782 134 812 et
153 776 238 811 aces·
257 780 479 812 venustatem
505 773 658 818 aliqum
679 793 724 800 —
749 773 897 818 accipiat
919 773 956 815 9,
978 774 1014 816 3,
1033 775 1091 807 72.
1120 774 1177 815 11,
1200 774 1236 814 2,
1262 771 1320 806 39.

45 820 335 879 continuatio.
382 832 470 867 alios
494 830 784 866 continuatio
808 829 990 872 extundit,
1016 829 1055 863 in
1081 828 1157 863 aliis
1183 829 1263 873 plus
1286 826 1485 871 impetus
1507 826 1566 860 fa-

89 878 139 914 cit
162 881 195 922 1,
221 880 257 922 3,
283 880 318 914 6.
349 877 501 921 vitium,
526 876 622 922 quod
645 876 779 910 eratin
796 876 888 919 fine,
914 875 1047 909 contin.
1071 874 1234 909 emendat
1257 875 1299 906 ib.
1315 875 1373 907 70.
1402 871 1564 906 brevium

88 925 284 960 verborum
306 935 348 958 ac
368 924 551 958 nominum
573 923 719 957 vitanda
744 922 875 956 contin.
888 948 899 963 ,
925 928 961 955 et
978 932 1025 955 ex
1048 921 1192 956 diverso
1213 929 1355 964 quoque
1376 919 1566 965 longorum

89 973 134 1005 ὓ.
159 969 216 1004 42.
255 969 415 1017 epilogus
437 987 485 992 —
507 968 685 1004 desiderat
710 968 838 1012 quand.
865 967 1090 1002 concisam
1115 966 1305 1000 continuat.
1334 967 1389 1005 11,
1414 966 1460 1006 3,
1484 965 1565 998 170.

91 1017 171 1060 plus
194 1021 249 1049 est
270 1015 495 1050 obscuritatis
517 1014 557 1048 in
579 1019 804 1048 contextu
830 1019 866 1053 et
886 1012 1247 1047 continuatione
1270 1009 1445 1044 sermonis
1468 1010 1503 1051 8,
1526 1011 1563 1051 2,

90 1061 146 1096 14.
185 1062 268 1094 dum
292 1060 548 1095 continuationi
573 1059 745 1105 sermonis
773 1058 910 1093 medius
935 1058 1060 1104 aliquis
1084 1070 1209 1093 sensus
1239 1056 1433 1092 intervenit
1454 1055 1501 1099 9,
1526 1057 1566 1097 3,

86 1109 156 1148 -23;
189 1109 214 1140 ι’.
237 1119 270 1152 ‹1-
296 1109 507 1151 periodus
528 1108 564 1148 9,
589 1104 624 1148 4,
648 1108 706 1140 22.
731 1102 809 1139 124.

47 1149 277 1192 continuo·
323 1162 362 1204 a)
388 1168 593 1197 contextum
614 1162 805 1196 verborum
829 1160 1011 1195 continuet
1031 1161 1157 1195 crebra
1170 1157 1351 1194 meditatio
1371 1160 1427 1200 11,
1451 1159 1486 1199 2,
1503 1158 1563 1192 28.

91 1209 139 1242 nd
163 1206 437 1243 continuandam
455 1205 684 1252 ⁴(iet-tionem)
707 1208 767 1241 vel
791 1208 1058 1241 accelerandam
1082 1210 1100 1241 1
1114 1233 1124 1250 ,
1150 1209 1189 1248 1,
1215 1203 1271 1240 31.
1305 1203 1564 1248 monosyllaba,

90 1253 122 1288 si
142 1255 245 1298 plura
267 1260 368 1296 sunt,
395 1256 487 1288 male
511 1253 807 1287 continuabuntur
831 1254 878 1295 9,
904 1252 944 1294 4,
967 1252 1026 1286 42.
1061 1257 1210 1296 possunt
1234 1251 1424 1295 aliquando
1448 1249 1566 1282 conti-

91 1300 195 1333 nuari
217 1301 307 1334 duae
334 1298 633 1344 (praepositiones)
661 1302 696 1342 1,
720 1301 762 1342 5,
790 1300 847 1334 65.
883 1299 996 1332 verba
1020 1299 1227 1333 continuant
1255 1302 1287 1340 1,
1311 1299 1347 1339 3,
1370 1295 1404 1330 4.
1449 1294 1566 1328 conti-

90 1345 222 1389 nuandi
246 1346 359 1379 verba
378 1347 546 1380 facultate
566 1344 601 1388 4,
627 1348 660 1387 1,
684 1346 726 1379 61
754 1349 795 1379 Ζ.
829 1344 1059 1378 continuabat
1081 1344 1135 1388 (α.
1159 1348 1180 1377 1.
1205 1342 1434 1383 concinebat)
1459 1350 1565 1385 quam

89 1396 211 1435 posset
235 1392 406 1434 plurimos
427 1403 553 1426 versus
579 1394 632 1432 11,
657 1393 691 1433 3,
716 1390 771 1425 54.
808 1391 936 1424 breves
962 1390 992 1423 si
1016 1390 1267 1424 miscentur
1289 1399 1371 1422 oum
1397 1386 1562 1431 quibusd.

90 1438 127 1471 lo
175 1436 206 1470 is
227 1443 395 1480 cun-unt,
420 1437 451 1471 si
474 1437 828 1478 continuantur,
865 1437 1027 1469 exultant
1049 1437 1091 1478 9,
1115 1435 1156 1478 4,
1183 1437 1240 1470 91.
1308 1433 1353 1479 β)
1384 1444 1431 1466 ne
1451 1433 1566 1467 verba

81 1481 152 1526 qui
177 1493 236 1516 em
257 1482 397 1521 verbis,
431 1489 490 1516 aut
512 1482 657 1517 nomina
682 1482 883 1516 nominibus
908 1482 1107 1515 continuari
1128 1483 1168 1524 9,
1193 1481 1235 1523 4,
1258 1479 1316 1514 43.
1355 1480 1504 1521 durum,
1532 1479 1564 1512 si

89 1528 297 1562 desinas:
325 1529 389 1562 sed
413 1539 493 1562 cum
515 1535 583 1562 est
606 1528 911 1563 continuatum
934 1528 998 1570 iis,
1037 1539 1128 1572 quae
1152 1526 1347 1571 sequuntur
1370 1545 1418 1551 ·—
1443 1526 1564 1559 salvus

91 1579 147 1608 est
162 1584 285 1608 cursus
306 1575 348 1607 ib.
367 1576 432 1616 703
464 1574 665 1608 continuata
688 1585 786 1608 cum
807 1574 1017 1617 insequente
1042 1573 1163 1618 (litera)
1187 1574 1222 1615 8,
1244 1574 1278 1609 3.
1299 1570 1365 1612 453
1399 1581 1473 1604 non
1494 1570 1565 1604 ufi-

90 1629 161 1707 εἷς
172 1619 452 1703 ἕίἱὶὴῧοξιιίἒίἕ
474 1620 681 1655 continuare
704 1630 848 1665 operam
872 1622 929 1663 12,
946 1620 982 1663 6,
999 1620 1034 1654 6.
1080 1619 1119 1665 y)
1145 1618 1473 1653 continuatum
1492 1617 1561 1659 fig.

137 1689 166 1707 .,
246 1689 255 1698 .
304 1690 316 1708 ,
363 1691 374 1707 ,
448 1691 457 1699 .

45 1704 272 1750 continuo·
321 1723 438 1756 Adv..·
472 1722 608 1756 subitae
630 1722 859 1756 necessitates
886 1727 982 1756 cont.
1006 1720 1222 1766 agendivio,
1245 1723 1289 1761 7,
1314 1721 1347 1753 2.
1382 1723 1479 1753 cont.
1509 1717 1564 1752 illi

90 1766 294 1800 mmor-iam
319 1779 417 1801 suam
445 1766 602 1812 experiri
631 1769 713 1802 licet
744 1771 783 1802 11
798 1794 809 1811 ,
841 1772 882 1811 2,
913 1766 969 1803 34.
1010 1767 1073 1800 ubi
1103 1766 1362 1800 occurrendum
1384 1770 1480 1798 cont.
1506 1767 1564 1807 12,

91 1811 128 1853 3,
145 1812 188 1863 3.-
210 1822 299 1862 quos
322 1819 416 1847 cont.
436 1814 686 1859 subjungerem
707 1815 742 1858 8,
765 1813 800 1857 4,
820 1815 876 1849 29.
907 1824 981 1847 non
1003 1819 1121 1846 tamen
1144 1818 1239 1848 cont.
1264 1811 1455 1844 tradendos
1478 1810 1566 1843 emiss

90 1861 297 1891 nentisstmo
317 1861 351 1900 2,
374 1861 409 1902 3,
433 1861 476 1902 1;
512 1859 681 1894 continuo
708 1859 759 1903 (α.
785 1864 805 1892 1.
831 1858 1016 1902 continue)
1041 1865 1077 1893 et
1093 1857 1170 1891 sine
1192 1856 1420 1891 fmstratione
1445 1858 1480 1898 2,
1504 1858 1564 1897 20,

91 1903 127 1935 3.
173 1907 296 1935 cont.
326 1903 382 1945 (a.
409 1908 432 1937 1.
459 1904 652 1948 continue)
683 1911 742 1938 aut
765 1911 861 1939 certe
885 1905 1031 1938 nimium
1061 1906 1341 1948 frequenter
1369 1903 1411 1943 9,
1443 1904 1487 1944 1»
1518 1903 1562 1934 11

90 1947 213 2027 ἔρως.)
234 1947 468 2027 οὲυὲἰὲιιοιιε,
493 1950 524 1983 εἰ
542 1950 604 1984 ille
626 1952 732 1985 stulte
751 1951 939 1998 cogitavit,
962 1950 1066 1984 nobis
1089 1960 1233 1994 quoque
1251 1950 1356 1982 stulte
1376 1947 1565 1981 dicendum

153 2017 162 2025 ⁹
215 2018 226 2034 5
269 2019 279 2034 5

1 2077 7 2081 .
46 2034 299 2078 continuus·
332 2067 379 2075 —
403 2049 548 2083 affectus
571 2050 607 2093 6,
631 2053 667 2090 2,
690 2053 744 2085 10.
774 2071 819 2078 -
837 2051 1046 2095 compositio
1064 2051 1100 2092 9,
1123 2049 1158 2092 4,
1182 2049 1260 2083 142.
1288 2048 1443 2093 quinque
1466 2053 1564 2082 cont.

0 2500 15 2603 '³³

94 2094 255 2138 dactylos
282 2096 325 2127 ib.
350 2092 408 2129 49.
443 2114 488 2120 -—
512 2095 720 2130 exercitatio
747 2098 802 2130 Pr.
828 2099 883 2131 27.
928 2102 1045 2130 cont.
1078 2095 1258 2140 expositio
1286 2108 1364 2137 opp.
1392 2093 1564 2136 partita

87 2142 136 2191 7,.
153 2142 212 2182 10,
239 2143 294 2174 11.
334 2140 378 2173 ab
402 2141 553 2174 exordio
576 2152 687 2185 usque
714 2143 759 2174 ad
786 2142 944 2175 ultimam
969 2152 1099 2175 vocem
1125 2141 1312 2174 continuus
1336 2138 1477 2184 quidam
1504 2149 1567 2185 ge-

89 2190 194 2219 mitus
222 2188 278 2228 11,
305 2188 337 2228 1,
365 2185 422 2220 54.
458 2203 501 2209 —
526 2186 677 2230 impetus
699 2189 755 2228 10,
778 2190 813 2226 7,
839 2185 894 2220 14.
933 2206 972 2212 -
996 2186 1099 2219 labor
1122 2190 1156 2227 1,
1180 2188 1215 2228 3,
1239 2187 1272 2219 8.
1306 2185 1480 2218 -lectio
1506 2188 1564 2227 11,

89 2229 206 2283 2,*34.
248 2237 364 2265 cont.
391 2237 426 2265 et
449 2231 749 2268 decurrentes
776 2233 877 2266 locos
901 2234 958 2273 11,
981 2233 1015 2273 3,
1038 2230 1097 2265 84.
1134 2231 1165 2264 si
1193 2241 1266 2264 non
1290 2231 1447 2264 crebra
1473 2231 1563 2264 haec

88 2275 223 2309 lumina
245 2282 281 2310 et
302 2283 425 2311 cont.
449 2277 581 2311 fuerint
606 2280 668 2320 12,
693 2280 756 2318 10,
782 2277 839 2312 46.
874 2283 956 2320 post
978 2278 1090 2310 breve
1116 2282 1254 2320 tempus
1280 2275 1440 2310 continui
1466 2277 1564 2314 lusus

91 2323 126 2362 1,
151 2323 206 2363 12,
231 2323 286 2355 10.
319 2339 363 2347 -
387 2321 575 2367 μεταφορά
596 2324 631 2366 9,
655 2326 689 2366 2,
715 2323 772 2358 46.
811 2333 858 2357 ne
881 2323 1055 2356 actionem
1079 2322 1248 2356 continuo
1274 2328 1373 2356 motu
1395 2321 1564 2356 concide·

90 2371 172 2399 rent
195 2369 252 2408 11,
275 2368 310 2408 3,
334 2369 413 2402 107.
447 2368 666 2402 continua
693 2380 737 2402 an
765 2368 917 2403 divisa
942 2367 1098 2401 narratio
1121 2370 1163 2410 2,
1189 2370 1253 2411 13,
1281 2370 1314 2402 5.
1351 2387 1395 2394 --
1418 2368 1562 2402 obtutus

94 2413 128 2453 1,
151 2413 186 2452 2,
211 2414 267 2444 11.
297 2412 411 2446 oratio
437 2419 531 2447 cont.
556 2417 592 2458 7,
616 2417 672 2455 10,
700 2418 754 2449 17.
792 2427 824 2448 v.
853 2413 1100 2457 Compono.
1136 2413 1180 2455 efi
1205 2415 1240 2456 6,
1266 2417 1299 2455 1,
1322 2412 1378 2448 46.
1408 2414 1443 2456 6,
1467 2412 1503 2456 4,
1529 2415 1563 2448 1.

18 2484 28 2492 .
92 2468 126 2490 ο.
147 2456 401 2490 Particula.
448 2460 602 2493 narratio
626 2466 680 2494 est
705 2459 926 2504 probationis
951 2459 1118 2493 continua
1141 2459 1339 2504 propositio
1364 2458 1408 2502 4,
1430 2462 1474 2501 2,
1502 2460 1561 2495 79.

93 2501 176 2546 quia
199 2508 258 2536 aut
280 2502 426 2549 singulis
445 2504 560 2538 statim
582 2506 671 2539 ratio
690 2506 915 2548 subjiciatur3
944 2523 987 2530 —
1013 2511 1085 2547 aut,
1109 2505 1232 2549 positis
1255 2506 1393 2539 duobus
1416 2506 1477 2538 vel
1496 2505 1562 2538 tri-

88 2546 176 2590 bus,
195 2549 330 2600 'eodem
354 2548 479 2582 ordine
503 2549 649 2597 singulis
671 2552 838 2585 continua
865 2551 915 2594 (a.
941 2555 963 2584 1.
988 2550 1171 2594 continuo)
1193 2552 1361 2584 reddatur
1381 2552 1417 2593 9,
1442 2553 1476 2592 3,
1500 2551 1560 2586 95.

91 2602 166 2626 non
194 2604 230 2626 in
258 2595 410 2637 aliquam
435 2605 510 2628 rem
536 2607 683 2639 uuam,
726 2598 790 2631 sed
818 2598 854 2630 in
879 2597 999 2640 plures
1030 2596 1134 2631 simul
1159 2596 1403 2631 continuas
1435 2598 1494 2638 10,
1524 2599 1559 2639 7,

72 2651 80 2673 ·,
92 2637 149 2671 16.
183 2639 389 2673 continuum
412 2650 611 2675 sermonem
634 2659 679 2665 -—
702 2643 827 2676 dividit
852 2646 916 2685 11,
941 2644 984 2685 3,
1011 2644 1067 2677 37.
1100 2659 1143 2668 ·-
1166 2642 1357 2677 sententias
1383 2644 1437 2684 10,
1466 2642 1500 2684 5,
1524 2643 1560 2675 7.

91 2682 262 2718 continuo
285 2682 590 2730 magisbrationis
610 2692 724 2721 tractu
744 2689 784 2731 5,
807 2690 847 2730 8,
872 2691 908 2722 2.
946 2704 991 2712 -
1013 2699 1097 2722 usus
1121 2700 1196 2732 opp.
1222 2693 1442 2740 opportunus
1464 2688 1500 2729 8,
1524 2686 1561 2728 6,

72 2727 150 2761 ’14.
194 2739 268 2763 non
298 2735 415 2774 potest
446 2731 535 2765 ferri
569 2738 787 2768 contorta
816 2734 892 2792 vis)
936 2734 999 2768 sed
1021 2754 1067 2761 —
1092 2743 1169 2768 non
1202 2738 1452 2777 continua,
1495 2732 1560 2766 sed

92 2773 351 2818 composita
373 2781 428 2811 est
451 2779 507 2821 10,
531 2780 566 2820 7,
592 2776 646 2812 14.

933 2833 958 2846 Χ
