1742 2964
117 203 199 245 950
490 264 492 267 ξ
798 204 963 249 Versus

163 317 259 362 quod
286 317 325 351 in
347 328 386 351 se
410 316 581 352 rationem
611 329 684 352 non
710 320 834 365 habet,
858 319 898 355 in
921 320 1061 356 ratione
1083 327 1249 358 versetur
1273 324 1329 366 10,
1352 326 1388 365 7,
1411 325 1468 360 12.
1490 325 1528 360 in
1549 326 1647 372 peri-
1703 342 1709 349 ‘

159 363 250 398 culis
275 363 432 398 maxime
456 371 620 399 versatur
645 366 790 400 affectus
815 369 849 410 6,
876 370 908 408 1,
931 369 988 403 36.
1020 367 1066 409 cs.
1092 370 1188 411 6,·2,
1213 371 1264 404 10.
1291 369 1472 414 actiones,
1493 372 1647 418 quaein

161 410 278 454 aliqua
309 410 462 444 veritate
490 417 679 445 versantur
701 415 743 455 2,
769 414 836 456 10,
859 416 918 447 11.
955 413 1232 450 architectonice
1267 414 1304 449 in
1339 415 1534 463 omnibus„
1551 429 1648 465 'quae

162 461 243 490 sunt
263 456 425 490 aedificio
447 456 568 500 utilia,
592 463 756 494 versatur
778 463 822 501 2,
846 462 911 503 21,
936 461 969 495 8.
996 461 1040 495 de
1065 460 1191 506 quibus
1213 461 1368 496 maxima
1394 473 1502 508 saepe
1520 463 1648 500 iu-se-

161 508 244 535 natu
272 502 419 536 consilia
442 509 586 538 versata
609 510 692 538 sunt
716 508 770 547 12,
794 508 828 544 2,
855 508 912 540 21.
937 506 1069 553 epilogi
1091 516 1216 542 omnes
1237 507 1277 541 in
1299 509 1377 542 ead.
1399 509 1478 544 fere
1500 511 1649 548 materia

161 549 297 583 versari
326 550 443 582 solent
465 552 508 592 7,
532 547 575 592 4,
603 552 657 585 19.
685 562 777 595 quae
803 552 1049 597 (exercitatio)
1071 559 1236 588 versatur
1263 553 1302 587 in
1322 554 1462 590 ratione
1484 555 1591 591 simili
1612 560 1650 600 2,

159 594 204 636 4,
237 597 292 629 21.
323 595 587 648 ἰαδιιίειῃφιειθ
622 603 787 632 versatur
819 597 857 632 in
889 599 1082 645 tragoediis
1116 605 1186 644 atq.
1217 600 1438 644 carminibus
1463 605 1508 645 2,
1531 599 1577 647 4,
1608 605 1649 638 2.

160 641 288 687 figuras
312 641 448 676 versari
474 652 512 674 ιη
537 653 645 676 sensu
667 649 704 677 et
729 644 767 678 in
793 644 914 679 verbis
938 646 978 687 9,
1005 649 1022 679 1
1039 671 1050 687 ,
1077 647 1132 680 18.
1159 656 1234 691 (nec
1259 652 1423 682 versatur
1449 647 1487 681 in
1509 646 1662 692 judiciis·

158 688 312 731 (aliquod
333 689 466 729 genus),
491 687 558 721 nisi
582 695 727 733 propter
749 691 873 732 verba,
898 702 990 736 quae
1012 691 1110 726 litem
1135 691 1273 726 faciunt
1293 695 1328 736 7,
1353 695 1388 736 3,
1411 696 1447 728 7.
1472 693 1511 728 in
1534 694 1651 729 causis

159 733 445 777 frequentissime
470 735 608 768 versari
631 737 724 770 solet
751 737 946 783 geometria
970 740 1004 780 1,
1035 741 1092 781 10,
1119 739 1176 773 35.
1201 738 1374 782 (imitatio)
1397 744 1472 773 est
1493 741 1651 784 posita

158 780 237 813 fere
260 779 298 812 in
328 781 529 824 eludendo,
562 780 624 815 sed
648 789 876 817 versatur
899 783 1004 818 etiam
1034 784 1072 818 iu
1098 783 1202 819 factis
1223 785 1267 828 9,
1289 785 1332 827 2,
1357 784 1414 820 58.
1443 786 1651 824 (communes

158 827 244 866 loci)
271 832 461 861 versantur
483 827 520 860 in
547 827 674 862 mediis
698 828 812 862 litium
841 830 1006 864 medullis
1028 833 1070 871 2,
1100 833 1137 871 1,
1163 832 1217 864 11.
1246 830 1383 865 tertiam
1410 830 1589 875 (partem)
1611 832 1651 867 in

158 870 366 906 criminibus
402 873 552 907 ambitus
587 885 666 908 esse
696 881 874 910 versatam
898 875 943 920 4,
971 879 1012 920 5,
1038 879 1110 910 12:
1130 878 1314 922 generales
1353 877 1579 921 quaestiones
1606 876 1651 913 'in

154 917 219 952 illo
242 918 399 952 maxime
425 919 621 953 studiorum
644 931 745 955 more
770 928 930 957 versatas
957 925 1012 964 12,
1036 926 1072 964 2,
1096 924 1154 957 18.
1177 933 1246 957 nec
1267 922 1306 956 in
1328 923 1492 967 personis
1513 929 1650 959 tantum

157 965 221 998 sed
249 964 361 998 etiam·
379 964 416 998 in
439 967 546 1000 rebus
569 972 736 1002 versatur
757 969 846 1002 haec
872 968 964 1003 ratio
987 970 1031 1011 9,
1054 970 1180 1012 2,,50.
1214 967 1262 1010 cs·
1289 971 1333 1012 5,
1357 972 1422 1013 10,
1447 968 1507 1004 43.
1532 970 1649 1014 studia
1672 1006 1676 1008 ,

157 1009 353 1054 sapientiae
385 1021 458 1050 non
492 1013 562 1056 jam
593 1012 632 1047 in
667 1019 748 1048 actu
780 1025 845 1048 suo
876 1020 947 1060 atq.
975 1014 1013 1048 in
1037 1015 1104 1048 hac
1126 1013 1199 1049 fori
1226 1016 1307 1049 luce
1333 1026 1430 1050 vers.
1457 1019 1524 1060 12,
1545 1019 1590 1059 2,
1613 1018 1649 1052 8.

157 1057 240 1100 quia
264 1058 456 1101 pleraeque
479 1061 668 1099 (virtutum)
693 1066 885 1095 versentur
906 1060 945 1094 in
968 1061 1127 1104 partibus
1149 1060 1303 1106 propriis
1327 1064 1368 1102 2,
1397 1064 1460 1106 21,
1484 1064 1519 1098 3.
1545 1073 1650 1107 prae-
1713 1099 1720 1104 .

155 1103 366 1146 judiciorum
391 1103 449 1139 vis
476 1105 592 1138 omnis
615 1106 728 1140 tribus
750 1106 789 1140 in
813 1107 1002 1153 generibus
1025 1118 1121 1144 vers-
1143 1108 1178 1151 5,
1202 1109 1240 1151 2,
1265 1110 1304 1151 13
1338 1106 1453 1142 finitio
1472 1127 1515 1136 --
1538 1108 1651 1154 pluri-

158 1149 223 1183 bus
250 1149 388 1196 legibus
411 1150 517 1194 iisd„
545 1151 673 1196 quibus
697 1153 928 1198 conjectura,
954 1165 1053 1190 vers.
1077 1156 1112 1197 7,
1137 1155 1173 1197 3,
1197 1155 1233 1188 1.
1443 1158 1445 1161 “
1593 1173 1599 1177 ·

109 1225 291 1269 VGI'SUS-
340 1241 380 1282 Ι)
418 1244 616 1282 generaliter
653 1245 687 1276 in
717 1245 887 1278 scribendo
918 1252 978 1278 aut
1011 1246 1148 1278 dicendo
1171 1242 1252 1286 sere
1282 1245 1308 1278 ἰ.
1333 1255 1366 1289 ᾳ.
1394 1244 1539 1277 linea.-
1575 1253 1650 1286 non

154 1296 317 1321 versus
352 1288 459 1320 modo
491 1288 654 1322 censoria
693 1291 798 1333 quad.
828 1290 971 1336 virgula
1001 1297 1148 1332 notare,
1182 1288 1390 1324 et‘liboeos
1412 1291 1459 1315 '—
1480 1294 1650 1334 tanquam

153 1331 316 1365 subditos
341 1343 568 1368 summovere
590 1333 724 1368 familia
746 1338 778 1375 1,
796 1333 831 1378 4,
855 1338 888 1369 3.
918 1336 1014 1369 oculi
1038 1342 1132 1370 totos
1156 1335 1261 1369 simul
1282 1335 1322 1368 in
1343 1334 1498 1369 lectione
1521 1345 1650 1371 versus

152 1377 340 1422 flexusque
365 1389 486 1412 eorum
513 1385 548 1413 et
570 1379 737 1414 transitus
761 1380 944 1415 intuentur
970 1384 1025 1424 10,
1049 1384 1084 1424 7,
1113 1384 1168 1415 11.
1194 1379 1371 1415 nomina
1397 1382 1523 1424 quaed.
1549 1392 1648 1417 ver-

153 1435 316 1467 susque
340 1424 522 1459 affectatae
546 1425 761 1460 difficultatis
785 1437 834 1460 ex
864 1427 1025 1470 pluribus
1056 1432 1092 1462 et
1115 1426 1307 1471 asperrime
1327 1425 1539 1461 coeuntibus
1555 1427 1651 1461 inter

155 1480 196 1503 se
219 1469 366 1513 syllabis
400 1476 580 1505 catenatos
615 1477 651 1505 et
680 1473 781 1507 velut
811 1473 1046 1520 confragosos
1072 1484 1177 1517 quam
1203 1471 1417 1507 citatissime·
1438 1473 1590 1509 volitant
1615 1477 1650 1516 1,

157 1517 190 1558 1,
215 1515 280 1558 37;
317 1519 499 1550 sermones
515 1536 562 1543 —-
584 1528 735 1552 numero
762 1529 933 1552 versuum
958 1518 1171 1553 metiebatur
1195 1520 1252 1562 10,
1275 1519 1310 1560 3,
1333 1519 1392 1551 32.
1417 1517 1479 1562 qui
1493 1538 1540 1553 -,—
1554 1518 1652 1557 intra

154 1561 288 1605 primos
309 1561 426 1595 statim
448 1573 484 1595 v.
511 1564 798 1606 deprehendetur
821 1567 886 1607 10,
913 1567 954 1608 1,
978 1563 1037 1598 41.
1063 1575 1145 1598 cum
1168 1564 1221 1599 Μ.
1251 1563 1393 1598 Tunius
1419 1569 1474 1598 tot
1493 1564 1651 1600 minibus
1683 1586 1685 1589 ν

153 1618 323 1642 versuum
355 1609 400 1642 de
428 1609 598 1643 Romanis
625 1614 761 1643 tantum
791 1610 993 1645 oratoribus
1026 1612 1194 1655 loquatur
1225 1611 1271 1643 ib.
1294 1611 1354 1645 38.
1386 1608 1432 1652 cfi
1453 1613 1477 1645 7
1490 1635 1501 1653 ,
1525 1613 1567 1652 1,
1590 1613 1649 1646 37.

154 1653 331 1700 υμΡᾶςί
346 1665 410 1687 na.
460 1655 516 1698 ΙΙ)
541 1658 575 1688 in
600 1659 808 1691 carminibus.
855 1655 903 1697 α)
927 1658 1121 1691 Nominat„-
1154 1667 1282 1692 versus
1306 1666 1448 1702 quoque
1472 1656 1651 1703 Saliorum

155 1700 289 1733 habent
314 1711 458 1734 carmen
483 1703 522 1744 1,
553 1703 615 1745 10,
644 1705 711 1740 201
725 1714 763 1738 v.
788 1702 910 1747 paucis
937 1701 1113 1747 (pedibus)
1136 1701 1419 1744 continetur—;
1448 1713 1486 1738 v.
1509 1712 1652 1756 semper

154 1745 280 1779 similis
305 1746 372 1779 sibi
397 1751 474 1788 est,
506 1752 542 1781 et
570 1759 644 1781 una
678 1748 817 1782 ratione
849 1749 1005 1787 decurrit
1029 1761 1108 1793 opp.
1133 1747 1364 1784 oratione
1392 1749 1433 1791 9,
1460 1748 1504 1792 4,
1527 1749 1585 1785 60.Δ
1610 1752 1651 1788 m

155 1791 319 1825 oratione
341 1802 413 1825 non
439 1793 673 1827 sentientibus
696 1794 800 1828 nobis
820 1794 977 1829 omnium
996 1805 1168 1842 generum
1187 1793 1356 1828 excidant
1373 1805 1507 1830 versus.
1527 1794 1574 1829 ffl.
1593 1794 1651 1831 52.

155 1836 200 1878 cs.
225 1839 284 1871 76.
326 1849 470 1871 versum
499 1839 670 1874 facientes
699 1846 814 1874 totum
846 1841 947 1878 illum
971 1841 1180 1883 decursum,
1213 1850 1288 1874 non
1315 1851 1383 1874 sex
1405 1842 1469 1876 vel
1492 1840 1652 1886 quinque

154 1888 295 1926 partes,
329 1894 378 1917 ex
405 1884 531 1927 quibus
557 1891 698 1920 constat
720 1898 869 1929 versus,
896 1883 1072 1931 aspiciunt
1094 1887 1149 1922 ib.
1165 1886 1244 1920 115.
1274 1886 1443 1930 adjuvant
1466 1886 1651 1923 urbanita-

154 1935 227 1962 tem
258 1934 292 1962 et
330 1940 456 1964 versus
488 1933 675 1966 commode
710 1932 819 1976 positi
842 1933 886 1976 6,
919 1935 964 1976 3,
995 1933 1052 1969 96.
1086 1938 1126 1966 ut
1151 1941 1226 1966 non
1259 1931 1306 1966 sit
1335 1931 1397 1966 ille
1427 1932 1564 1968 inutilis
1593 1945 1650 1977 v„
1704 1971 1723 1975 ,,

157 1976 251 2008 Νοη
275 1979 389 2008 male
416 1979 657 2021 respondit
684 1985 744 2012 etc.
774 1979 818 2020 5,
842 1981 907 2021 13,
930 1978 988 2013 42.
1036 1980 1084 2023 β)
1110 1980 1219 2013 Genii.
1246 1984 1277 2011 et
1300 1981 1407 2012 Dim.-
1435 1979 1570 2012 claudit
1591 1979 1651 2013 ilt-

153 2020 258 2054 terim
286 2021 420 2064 optime
443 2022 556 2066 prima
579 2035 660 2066 pars
683 2035 811 2065 versus
833 2026 876 2068 9,
891 2023 946 2073 ’4,
969 2028 1027 2059 72.
1052 2035 1223 2059 versuum
1244 2023 1390 2068 propria
1414 2025 1579 2059 condicio
1603 2027 1651 2060 ib.

153 2066 212 2103 84.
246 2065 420 2101 dimensio
452 2079 489 2102 v.
525 2072 564 2102 ib.
590 2069 648 2103 48.
684 2071 790 2104 finem
818 2082 854 2105 v.
881 2072 1086 2104 damnamus
1112 2071 1151 2104 in
1183 2070 1254 2104 fine
1290 2069 1463 2104 orationis
1495 2073 1539 2104 ih.
1570 2073 1650 2106 102.

153 2112 278 2146 ultima
303 2125 340 2148 v.
366 2114 469 2148 initio
503 2115 725 2149 conveniunt
756 2117 950 2160 orationis,
984 2118 1048 2151 sed
1070 2117 1169 2150 initia
1195 2115 1304 2151 initiis
1326 2125 1403 2149 non
1428 2116 1652 2151 conveniunt

155 2161 197 2191 ib.
229 2159 296 2200 74;
331 2166 522 2204 praecepta
547 2162 743 2204 sapientiae
766 2163 931 2197 versibus
960 2163 1181 2197 tradiderunt
1207 2164 1250 2205 1,
1274 2160 1318 2204 4,
1345 2159 1378 2195 4.
1432 2163 1475 2206 γ)
1499 2166 1649 2197 Aecus..-

155 2215 233 2238 cum
258 2216 387 2239 versus
413 2207 565 2240 cluditur
588 2209 632 2250 9,
655 2207 699 2250 4,
722 2208 779 2242 65.
806 2208 1037 2252 paucissimos
1063 2209 1119 2242 die
1143 2206 1386 2252 composuisse
1407 2219 1446 2242 v.
1472 2210 1530 2251 10,
1555 2210 1592 2251 3,
1613 2209 1649 2244 8.

155 2251 385 2285 continuabat
408 2264 511 2296 quam
535 2260 659 2297 posset
687 2254 858 2297 plurimos
882 2267 918 2290 v.
946 2258 1002 2297 11,
1026 2257 1062 2298 3,
1086 2253 1142 2290 54.
1167 2255 1239 2288 duo
1264 2254 1377 2288 verba
1399 2253 1461 2286 uni
1485 2253 1675 2301 opposita*

153 2308 200 2330 ne
229 2308 373 2331 versum
398 2298 540 2342 quidem
565 2300 751 2334 decuerint
775 2302 820 2343 8,
845 2302 886 2344 6,
910 2300 967 2335 42.
997 2312 1126 2336 versus
1150 2300 1270 2334 dicere
1296 2299 1340 2342 6,
1365 2301 1408 2342 3,
1435 2300 1494 2334 86.
1523 2303 1579 2344 (in
1602 2304 1650 2333 le-

155 2344 275 2383 ctione)
302 2354 446 2378 versum
473 2345 689 2392 distinguere
716 2350 732 2379 1
748 2372 759 2388 ,
783 2348 824 2388 8,
854 2349 871 2380 1
898 2348 944 2380 N.
971 2347 1112 2380 facilius
1134 2357 1303 2380 versus
1330 2345 1519 2380 ediscimus
1544 2356 1650 2390 quam

155 2399 337 2431 prosam
360 2391 718 2434 orationem-11,
742 2396 782 2434 2,
809 2394 867 2428 39.
897 2404 1043 2428 versum
1073 2403 1154 2427 raro
1181 2391 1267 2425 facit
1291 2390 1459 2435 (dactylus
1477 2399 1508 2425 et
1529 2390 1650 2435 paeon)

152 2436 187 2475 9,
210 2433 244 2475 4,
271 2436 327 2471 89.
355 2432 400 2477 cf.
424 2437 482 2471 76.
506 2449 544 2472 v.
568 2437 607 2470 in
631 2438 794 2472 oratione
818 2438 895 2472 fieri
919 2445 1031 2473 totum
1053 2440 1166 2472 multo
1188 2437 1435 2471 foedissimum
1452 2443 1506 2472 est
1527 2440 1571 2472 ib.
1589 2440 1650 2490 7²:

154 2479 198 2519 cs.
223 2482 279 2514 90.
318 2493 372 2525 ap.
403 2481 478 2517 Cic.
506 2490 566 2516 etc.
598 2484 702 2517 Ennii
721 2504 765 2510 -
785 2484 995 2519 et—aliorum
1018 2484 1128 2518 inseri
1150 2495 1276 2518 versus
1302 2487 1335 2526 1,
1359 2485 1393 2526 8,
1420 2486 1475 2518 11.
1502 2495 1560 2525 7.,
1587 2494 1651 2527 qm

155 2526 198 2558 ad
223 2526 455 2561 imitationem
482 2529 661 2562 scribendi
688 2537 934 2574 proponentur
963 2535 996 2572 1,
1023 2534 1055 2573 1,
1080 2531 1135 2565 35.
1163 2530 1273 2563 semel
1297 2529 1439 2564 auditos
1455 2528 1651 2574 quamlibet
1695 2568 1701 2581 ὁ

155 2573 286 2606 multos
309 2585 346 2607 v.
372 2574 534 2617 protinus
559 2576 759 2610 reddidisse
787 2579 851 2620 11,
876 2580 917 2619 2,
943 2580 1000 2611 51.
1035 2576 1065 2609 si
1092 2575 1248 2620 quinque
1272 2576 1464 2610 continuos
1486 2575 1650 2619 dactylos
1699 2596 1702 2606 .-

155 2618 374 2662 consundas,
398 2621 551 2654 solveris
579 2633 616 2655 v.
643 2623 678 2664 9,
701 2622 737 2664 4,
761 2622 819 2658 49.
845 2622 891 2664 cs.
917 2626 949 2665 1,
973 2625 1007 2660 8,
1032 2624 1100 2664 133
1126 2633 1216 2666 qnae
1241 2621 1408 2659 accidunt
1430 2620 1651 2664 indicendo

154 2661 264 2703 vitia,
290 2684 335 2689 ——
360 2677 439 2698 cum
463 2666 501 2700 in
528 2678 655 2701 versus
679 2667 881 2702 inciderunt
906 2672 947 2711 1,
976 2670 1019 2710 5,
1044 2671 1101 2702 17.
1138 2668 1168 2701 si
1193 2667 1286 2701 intra
1306 2679 1342 2702 v.
1369 2666 1552 2701 trimetros
1577 2671 1652 2701 ste-

87 2735 98 2740 -
157 2706 281 2741 tissent
308 2708 430 2753 (opera
456 2714 616 2753 Terentii)
643 2716 706 2756 10,
736 2717 766 2753 1,
793 2715 849 2749 99.
894 2712 939 2755 δ)
967 2716 1106 2747 Ablat..·
1134 2713 1357 2748 conditorum
1382 2711 1589 2753 Chalcidico
1611 2723 1651 2746 v.

158 2754 351 2787 carminum
384 2758 450 2798 10,
476 2761 518 2799 1,
545 2759 601 2792 56.
640 2765 675 2792 et
699 2759 863 2793 versibus
887 2765 924 2794 et
949 2760 1031 2803 joco
1055 2758 1242 2793 intendere
1267 2759 1402 2792 crimen
1428 2759 1473 2800 9,
1499 2761 1541 2802 2,
1571 2756 1653 2792 104.

161 2799 381 2845 Virgilius—
411 2803 478 2836 alia
505 2804 617 2849 figura
644 2804 768 2848 quinto
798 2807 938 2839 demum
962 2817 998 2841 v.
1025 2804 1116 2840 redit
1137 2806 1172 2849 8,
1195 2808 1229 2849 2,
1254 2805 1308 2840 15.
1333 2803 1503 2848 (periodo)
1525 2805 1658 2840 modus.
1703 2830 1707 2838 .
