1728 3002
164 222 249 262 364
677 216 929 263 Geometres
960 241 1011 250 -—-
1043 217 1201 261 Gestus
1219 244 1223 247 —

206 345 342 382 genere
365 336 407 379 8,
431 335 478 378 3,
505 332 572 376 41;
610 332 648 370 in
674 331 773 368 omni
801 343 934 380 genere
960 344 1145 368 causarum
1170 335 1212 372 2.
1236 331 1279 378 4,
1302 334 1362 370 20.
1399 333 1499 370 omni
1521 333 1593 372 alio
1621 345 1703 382 gen.

208 382 393 416 doctrinae
416 382 473 416 Pr.
498 380 533 415 4.
575 379 673 414 omni
700 390 782 425 gen.
805 380 1031 424 eloquentiae
1055 382 1113 423 10,
1139 382 1173 418 1,
1202 380 1261 415 51.
1288 381 1367 426 125.
1399 391 1507 416 omne
1529 380 1702 417 orationis

208 438 244 474 g.
269 431 305 470 2,
331 431 386 468 17,
408 429 441 462 8.
476 426 514 460 111
538 425 636 460 0111111
661 425 859 460 studiorum
886 437 1018 473 genere
1054 428 1088 471 1,
1111 424 1146 468 4,
1170 426 1204 461 5.
1228 428 1264 469 3,
1294 429 1328 468 1,
1358 425 1416 461 14.
1463 426 1503 472 0)
1532 441 1564 466 c.
1591 430 1704 463 Genii.

209 476 393 509 Gerundii:
436 474 508 506 1100
541 472 695 519 augendi
727 483 840 519 genus
869 478 922 506 est
954 473 996 509 8,
1026 470 1075 515 4,
1103 475 1138 507 7.
1176 471 1216 506 id
1242 471 1446 507 collocandi
1467 483 1503 520 g.
1533 475 1578 517 9,
1601 473 1644 516 4,
1669 476 1703 509 1.

206 530 321 566 genus
345 518 488 553 dicendi
511 519 543 560 8,
557 521 592 561 3,
613 519 668 553 56.
695 520 752 561 12,
770 520 825 559 10,
844 518 902 554 69.
925 530 957 551 v.
983 517 1118 552 Dico.
1142 517 1313 562 optimum
1333 530 1413 553 esse
1436 520 1647 555 emendandi
1671 530 1705 567 g.

209 568 267 609 10,
291 566 326 608 4,
351 569 385 603 2.
417 564 609 609 repetendi,
631 575 664 611 g.
687 565 724 607 9,
748 566 785 613 3,-
809 563 867 598 35.
915 562 964 607 (1)
989 577 1020 598 0.
1044 564 1181 608 Adjeet.
1206 565 1381 608 junctum.-
1416 566 1604 611 utrumque
1631 577 1707 599 am-

207 612 303 646 bitus
318 623 429 656 genus
457 629 495 636 —-
520 612 584 646 vel
605 611 694 644 illud
719 609 826 644 etiam
848 609 1036 654 jactantius
1057 612 1114 652 12,
1137 613 1174 653 7,
1198 612 1234 646 6.
1262 621 1296 658 g.
1319 622 1448 645 causae
1470 617 1532 645 aut
1553 611 1706 657 simplex

208 664 270 693 aut
293 656 575 702 comparativum
586 660 621 700 7,
636 656 674 700 4,
684 659 715 691 3.
731 656 899 700 judiciale
912 668 1039 691 causae
1052 666 1086 702 g.
1100 659 1136 698 2,
1151 659 1184 694 1.
1199 659 1255 691 10.
1266 657 1415 702 amplius
1429 657 1702 701 compositionis

210 715 324 751 genus
351 706 387 744 9,
414 704 450 747 4,
480 705 559 739 129.
597 703 687 737 illud
714 703 879 746 judiciale
905 713 1019 749 genus
1044 703 1265 738 defensionis
1289 706 1346 746 11,
1372 706 1407 747 1,
1430 705 1464 740 9.
1500 703 1565 738 1110
1591 715 1707 748 paene

208 750 368 786 Socratis
404 761 536 797 genere
570 748 792 784 defensionis
830 751 876 786 ib.
902 752 958 782 12.
1007 748 1232 793 eloquentiae
1264 759 1377 797 genus
1406 769 1454 776 —
1490 751 1638 795 plenum
1671 756 1708 785 et

208 802 368 832 erectum
396 804 457 830 etc.
485 799 528 830 ib.
551 798 610 833 31.
648 807 682 843 g.
707 794 978 830 exercitationis
1001 806 1119 840 neque
1142 795 1286 835 inutile,
1320 801 1358 830 et
1378 795 1484 830 nobis
1518 796 1627 830 etiam
1650 796 1708 840 ju-

208 844 365 878 cundum
389 845 430 881 2,
454 841 497 882 4,
520 843 579 878 26.
621 842 726 877 vario
748 842 876 876 florum
905 853 948 875 ac
975 852 1165 875 succorum
1190 852 1226 889 g.
1257 844 1297 884 1,
1323 844 1387 883 10,
1414 845 1450 877 7.
1485 842 1707 876 liberrimum

206 889 395 923 hominum
418 899 452 936 g.
480 890 544 928 12,
569 891 612 931 2,
637 891 694 923 22.
733 888 778 922 de
803 887 975 922 universo
1000 898 1036 935 g.
1061 887 1260 933 aliquorum
1281 887 1466 922 hominum
1491 891 1554 931 11,
1578 891 1622 931 1,
1647 890 1707 923 86.

207 935 435 982 ingeniorum
458 936 559 969 velut
580 945 742 979 praecox
764 945 798 981 g.
824 937 864 975 1,
890 936 931 975 3,
955 935 991 968 3.
1026 933 1106 978 11130
1130 944 1264 981 genere
1287 933 1481 977 orationis,
1513 935 1610 979 quod
1634 945 1707 979 quo

207 982 317 1017 fuerit
341 981 499 1028 gravius,
524 980 694 1023 sanctius,
717 982 789 1015 hoc
811 981 891 1024 plus
915 980 1046 1014 habeat
1069 991 1220 1015 necesse
1237 985 1291 1015 est
1313 979 1352 1014 in
1377 980 1590 1019 affirmando
1615 991 1708 1026 quo-

207 1040 279 1074 que
302 1027 474 1072 ponderis
497 1026 534 1070 4,
557 1030 593 1069 2,
610 1029 691 1062 125.
712 1026 854 1074 vulgari
878 1036 912 1072 g.
938 1026 1112 1060 orationis
1139 1029 1221 1061 Cic.
1244 1027 1280 1068 8,
1305 1027 1363 1060 Pr.
1385 1026 1445 1064 25.
1471 1025 1707 1061 0011133111111111

206 1080 480 1120 praeceptorum
508 1084 542 1120 g.
570 1076 636 1116 11,
662 1076 702 1115 1,
727 1076 788 1108 71.
821 1072 911 1106 illud
933 1073 1069 1119 legale,
1097 1074 1169 1118 1100
1191 1072 1366 1106 rationale
1389 1083 1424 1119 g.
1451 1071 1709 1118 (quaestionum)

207 1123 253 1163 3,
279 1123 322 1163 5,
349 1120 386 1154 4.
418 1119 629 1154 mollissimo
652 1120 902 1164 rhythmorum
926 1129 961 1165 g.
986 1119 1031 1162 9,
1054 1117 1101 1157 4,
1128 1119 1187 1153 78.
1222 1118 1357 1153 humile
1388 1124 1460 1163 atq.
1489 1117 1708 1154 cotidianum

205 1166 382 1201 sermonis
406 1177 439 1213 g.
465 1169 520 1207 11,
544 1169 586 1208 1,
607 1166 641 1200 6.
678 1165 852 1209 optimum
874 1165 1005 1199 secreti
1031 1175 1066 1212 g.
1095 1166 1152 1208 10,
1182 1166 1218 1207 3,
1243 1167 1302 1199 27.
1337 1163 1556 1209 speciosiore
1580 1165 1653 1200 stili
1674 1176 1709 1213 g.

206 1216 241 1253 7,
267 1215 301 1255 1,
326 1211 391 1254 543
429 1213 499 1245 hoc
522 1222 656 1258 genera
678 1211 755 1256 ipsa
780 1210 923 1245 dicendi
949 1210 1027 1244 aliis
1052 1210 1120 1244 alia
1145 1210 1285 1254 potiora
1311 1212 1348 1254 8,
1371 1211 1431 1244 Pr.
1455 1211 1511 1246 16.
1549 1209 1596 1254 qs.
1619 1211 1656 1255 6,
1675 1215 1711 1254 2,

208 1259 266 1294 19.
292 1259 326 1299 8,
338 1260 371 1299 3,
391 1256 436 1290 14
460 1265 521 1290 etc.
546 1258 697 1303 vulgare
723 1257 916 1301 eloquendi
941 1267 975 1303 g.
1001 1259 1056 1300 10,
1077 1259 1110 1294 1,
1135 1259 1190 1291 53.
1221 1256 1449 1291 ambitiosum
1471 1256 1651 1305 gloriandi
1672 1268 1708 1306 g.

209 1307 268 1348 11,
294 1307 327 1346 1,
342 1306 401 1336 21.
427 1301 580 1347 simplici
602 1308 776 1347 rectoque
799 1303 972 1346 loquendi
994 1312 1030 1348 g.
1055 1303 1088 1344 9,
1112 1303 1146 1344 3,
1172 1304 1208 1337 3.

162 1358 429 1401 Geometres.
476 1372 521 1412 2,
554 1367 618 1412 14,
651 1366 688 1402 4.
735 1373 940 1415 geometrae
973 1373 1010 1402 et
1032 1367 1250 1415 grammatici
1281 1374 1550 1413 ceterarumque
1581 1370 1710 1406 artium

205 1418 431 1463 professores
457 1418 514 1458 12,
541 1418 598 1458 11,
622 1417 682 1449 20.
705 1420 885 1448 0101010111
908 1424 983 1447 11011
1007 1420 1209 1459 geometres
1226 1414 1338 1449 faciet
1363 1417 1396 1457 1,
1417 1416 1474 1457 10,
1497 1415 1530 1450 6.
1560 1427 1709 1463 geome-

206 1470 282 1498 trae
310 1469 449 1497 tantum
473 1459 757 1505 (deserviamus)?
786 1463 819 1500 1,
845 1462 902 1502 12,
930 1460 966 1495 6.
1003 1471 1042 1493 se
1093 1459 1260 1494 eometris
1288 1461 1399 1494 multa
1422 1460 1562 1496 dedisse
1589 1466 1623 1506 1,
1649 1466 1708 1507 10,

209 1512 263 1544 18.
304 1509 366 1554 qui
398 1519 467 1541 nec
501 1512 709 1554 geometren
750 1506 954 1540 audiverint
994 1508 1038 1539 ib.
1088 1531 1097 1540 .
1138 1506 1232 1550 apud
1264 1512 1465 1554 geometras
1499 1513 1708 1552 γραμμικαὶ

205 1552 415 1594 ἀποδείξεις
439 1554 483 1596 5,
509 1556 573 1596 10,
597 1557 632 1588 7.
670 1551 904 1597 [reprehensi
929 1563 950 1586 a
974 1551 1168 1598 geometris
1202 1551 1304 1598 (opu.
1324 1554 1436 1592 .God‹1.
1461 1554 1711 1600 geometricis)

207 1608 291 1637 sunt
313 1599 475 1636 historici
502 1602 535 1642 1,
562 1601 619 1642 10,
645 1597 693 1633 40
722 1599 769 1633 Ν.
796 1605 828 1632 et
853 1596 924 1643 S.].

161 1658 423 1701 Geometria.
463 1669 522 1702 De
547 1665 744 1713 geometria
770 1668 804 1709 1,
822 1668 879 1709 10,
902 1663 1072 1702 34-49,
1101 1665 1140 1700 111
1157 1664 1354 1712 geometria
1375 1671 1514 1710 partem
1536 1677 1617 1702 esse
1638 1668 1712 1704 uti-

203 1719 276 1751 lem
300 1714 435 1750 teneris
459 1714 636 1748 aetatibus
663 1715 707 1756 1,
739 1714 804 1755 10,
836 1711 892 1746 34.
938 1723 1020 1745 cum
1046 1712 1092 1746 sit
1115 1711 1311 1759 geometria
1338 1710 1454 1747 divisa
1474 1711 1515 1746 in
1541 1725 1710 1749 numeros

206 1769 313 1807 atque
337 1763 472 1795 formas
497 1762 542 1794 ib.
560 1761 617 1794 35.
640 1758 713 1802 jam
735 1757 889 1803 primum
913 1758 1004 1793 ordo
1029 1764 1085 1792 est
1103 1757 1321 1805 geometriae
1343 1757 1570 1795 necessarius
1593 1762 1637 1794 ib.
1648 1763 1707 1796 37.

204 1821 275 1844 nec
298 1808 423 1852 utique
447 1806 493 1840 ad
519 1805 756 1839 minutissima
779 1803 996 1851 geometriae
1020 1815 1132 1849 opera
1157 1805 1350 1838 descendat
1371 1803 1552 1848 (discens)
1582 1809 1624 1849 1,
1650 1810 1708 1850 12,

206 1854 264 1890 14.
307 1854 403 1888 circa
426 1863 611 1887 mensuras
639 1857 676 1885 et
697 1861 867 1884 numeros
898 1860 974 1883 non
1008 1849 1210 1886 versabitur
1241 1847 1387 1895 (orator)
1401 1849 1419 1884 ’Ξ
1461 1850 1622 1888 dicamus
1643 1853 1710 1887 has

207 1900 426 1949 geometriae
449 1909 529 1933 esse
555 1903 687 1943 partes.
722 1899 759 1940 2,
783 1899 841 1940 21,
868 1897 912 1932 19
936 1897 984 1930 Ν.
1010 1910 1060 1934 ον.
1690 1915 1695 1918 -

163 1947 476 1989 Geometricus·
522 1967 558 1990 v.
598 1955 629 1988 G
639 1965 659 1988 e
669 1964 692 1988 0
702 1965 740 1987 111
749 1964 770 1988 0
778 1958 820 1987 11
829 1964 850 1987 0
858 1964 876 1987 s
913 1957 973 1987 ult.

163 2004 415 2046 Germanus.
454 2011 600 2047 Cimber
625 2011 685 2045 hic
708 2011 789 2053 fuit,
815 2022 836 2044 a
853 2020 926 2054 quo
947 2010 1097 2044 fian-em
1118 2013 1284 2043 necatum
1309 2007 1383 2044 hoc
1401 2006 1590 2045 Ciceronis
1611 2010 1711 2047 dicto

207 2067 368 2095 notatum
396 2064 463 2102 est,
495 2059 715 2093 Germanum
738 2057 886 2092 Cimber
910 2055 1045 2091 occidit
1067 2056 1103 2099 8,
1126 2057 1162 2098 3,
1186 2056 1232 2090 29
1258 2056 1307 2090 Ν.

163 2106 386 2148 Germino·
435 2115 556 2150 omnia
580 2116 682 2151 velut
714 2113 915 2162 germinant
941 2113 991 2156 (in
1017 2111 1257 2155 adolescentia)
1283 2114 1341 2156 11,
1364 2113 1400 2155 3,
1421 2111 1482 2147 29.

161 2174 292 2217 Gero.
336 2186 378 2227 a)
403 2183 492 2231 Quis
510 2183 607 2218 enim
623 2188 770 2217 caneret
786 2182 882 2216 bella
905 2180 1047 2223 melius,
1070 2191 1177 2225 quam
1189 2178 1263 2224 -qui
1286 2179 1339 2214 sic
1353 2177 1445 2227 gerit
1459 2177 1538 2221 (0.1.
1550 2178 1708 2227 egedo?

209 2235 267 2275 10,
293 2234 328 2276 1,
351 2232 396 2267 91
422 2231 470 2264 Ν.
497 2243 546 2264 cr.
575 2228 622 2271 cf.
649 2230 745 2263 bella
770 2231 827 2271 12,
851 2228 887 2270 9,
911 2230 944 2262 2.
971 2226 1070 2272 prius
1095 2231 1150 2260 est
1174 2231 1271 2259 certe
1295 2235 1463 2271 parare
1488 2223 1582 2259 bella
1605 2237 1711 2271 quam

206 2288 379 2323 gerere
404 2279 469 2319 12,
494 2278 541 2319 3,
565 2276 600 2311 5.
638 2275 852 2320 quibuscum
877 2272 1072 2306 simultates
1097 2277 1222 2318 gerant
1245 2270 1280 2314 4,
1306 2274 1341 2316 1,
1365 2272 1428 2314 18;
1461 2272 1637 2315 quaedam
1659 2284 1711 2308 ex

206 2326 272 2366 iis,
310 2333 403 2368 quae
436 2327 536 2369 gesta
567 2327 650 2356 sunt
683 2334 760 2365 opp.
793 2330 885 2364 quae
908 2330 960 2353 ex
984 2316 1114 2352 fabulis
1148 2318 1326 2352 ducuntur
1362 2318 1405 2361 5,
1429 2319 1496 2359 11,
1525 2318 1570 2352 15
1593 2318 1643 2353 Ν.
1678 2318 1711 2353 εἰ

209 2369 330 2404 01111110
359 2368 571 2412 scriberent,
599 2367 654 2401 uti
676 2372 778 2415 gesta
801 2371 884 2400 sunt
908 2368 966 2408 12,
989 2367 1025 2407 8,
1049 2363 1084 2398 6.
1132 2363 1176 2406 β)
1202 2366 1351 2398 Pania:
1375 2368 1458 2397 ante
1481 2368 1582 2409 gesta
1605 2364 1643 2408 9,
1672 2363 1723 2408 4,-

209 2417 267 2450 25.
301 2414 433 2461 legatio
457 2414 549 2448 male
574 2419 677 2460 gesta
699 2411 735 2456 4,
759 2409 795 2455 4,
819 2412 854 2447 5.
886 2414 923 2453 7,
945 2410 981 2453 4,
1005 2409 1063 2444 36.
1102 2408 1159 2442 0111
1183 2409 1299 2444 simile
1324 2414 1379 2444 est
1402 2407 1594 2454 (judicium)
1615 2411 1711 2444 male

210 2467 333 2507 gestae
358 2459 638 2504 procurationis,
664 2469 755 2504 quae
777 2458 815 2491 in
838 2458 922 2490 soro
945 2454 1172 2501 negotiorum
1196 2462 1377 2502 gestorum
1400 2457 1436 2498 7,
1453 2453 1489 2497 4,
1505 2455 1564 2489 35.
1589 2455 1728 2501 gestae*

209 2507 265 2540 rei
297 2505 478 2549 expositio
514 2508 558 2549 2,
581 2504 623 2549 4,
647 2508 670 2539 2
694 2509 737 2539 Ζ.
775 2513 867 2548 quae
891 2511 1013 2537 rerum
1037 2506 1215 2547 gestarum
1246 2500 1459 2536 auctoritate
1488 2500 1648 2536 nituntur
1675 2503 1710 2545 5,

212 2555 269 2594 11,
295 2554 328 2585 1.
365 2551 419 2585 101
444 2557 565 2597 gestae
591 2556 651 2585 aut
674 2557 714 2585 ut
738 2556 860 2596 gestae
888 2546 1181 2581 commemoratio
1206 2549 1249 2581 ib.
1271 2548 1306 2583 6.
1330 2557 1452 2582 rerum
1475 2557 1497 2581 a
1519 2557 1567 2582 se
1589 2553 1711 2594 gesta-

210 2609 291 2633 rum
316 2598 467 2639 jactator
496 2601 552 2640 11,
578 2600 611 2641 1,
637 2600 692 2631 17.
733 2596 776 2637 cs.
803 2597 848 2628 ib.
872 2596 930 2627 22.

166 2640 461 2684 Gesticulatio.
499 2652 742 2696 pronuntiatio
766 2647 1097 2699 gesticulationibus
1119 2649 1272 2684 molesta
1306 2650 1363 2691 11,
1386 2649 1422 2691 3,
1447 2649 1526 2684 183.

169 2700 332 2741 Gestio.
381 2719 635 2752 nonnunquam
664 2726 710 2733 -—
737 2708 959 2754 dialogorum
981 2705 1146 2739 libertate
1174 2705 1395 2752 gestiendum
1420 2706 1479 2749 10,
1502 2705 1537 2749 5,
1563 2709 1619 2742 15.

169 2756 340 2798 Gestus.
389 2766 430 2807 α)
446 2765 641 2798 liabitas
666 2765 808 2808 quidam
822 2769 858 2798 et
886 2761 989 2808 quasi
1019 2766 1187 2808 gestiis
1211 2764 1246 2804 9,
1273 2765 1313 2802 1,
1339 2763 1393 2796 13.
1414 2762 1530 2796 omnis
1555 2763 1648 2798 actio
1673 2763 1710 2798 in

211 2813 298 2847 duas
324 2815 443 2856 partes
473 2809 612 2854 divisa,
649 2821 816 2846 vocem
852 2814 1100 2856 gestumque
1138 2812 1199 2852 11,
1230 2810 1270 2851 3,
1298 2806 1352 2843 14.
1388 2809 1480 2842 Num
1504 2808 1613 2856 igitur
1637 2821 1722 2865 uon·
