<?xml version="1.0" encoding="UTF-8"?>
<!DOCTYPE html PUBLIC "-//W3C//DTD XHTML 1.0 Transitional//EN"
    "http://www.w3.org/TR/xhtml1/DTD/xhtml1-transitional.dtd">
<html xmlns="http://www.w3.org/1999/xhtml" xml:lang="en" lang="en">
 <head>
  <title>
</title>
<meta http-equiv="Content-Type" content="text/html;charset=utf-8" />
  <meta name='ocr-system' content='tesseract 3.04.00' />
  <meta name='ocr-capabilities' content='ocr_page ocr_carea ocr_par ocr_line ocrx_word'/>
</head>
<body>
  <div class='ocr_page' id='page_1' title='image "./lexiconquintilia06bonnuoft_0671.png"; bbox 0 0 1728 3002; ppageno 0'>
   <div class='ocr_carea' id='block_1_1' title="bbox 589 219 1594 270">
    <p class='ocr_par' dir='ltr' id='par_1_1' title="bbox 589 219 1594 270">
     <span class='ocr_line' id='line_1_1' title="bbox 589 219 1594 270; baseline -0.001 -5"><span class='ocrx_word' id='word_1_1' title='bbox 589 219 739 270; x_wconf 82' lang='lat' dir='ltr'>Novus</span> <span class='ocrx_word' id='word_1_2' title='bbox 775 247 832 254; x_wconf 94' lang='lat'><strong>—</strong></span> <span class='ocrx_word' id='word_1_3' title='bbox 871 221 1079 267; x_wconf 86' lang='lat' dir='ltr'>Nubilum</span> <span class='ocrx_word' id='word_1_4' title='bbox 1511 224 1594 264; x_wconf 86' lang='lat'>5⁷9</span> 
     </span>
    </p>
   </div>
   <div class='ocr_carea' id='block_1_2' title="bbox 0 335 1603 2652">
    <p class='ocr_par' dir='ltr' id='par_1_2' title="bbox 100 335 1593 432">
     <span class='ocr_line' id='line_1_2' title="bbox 102 335 1593 386; baseline -0.002 -12"><span class='ocrx_word' id='word_1_5' title='bbox 102 343 233 374; x_wconf 84' lang='lat' dir='ltr'>vantur</span> <span class='ocrx_word' id='word_1_6' title='bbox 254 338 294 374; x_wconf 89' lang='lat' dir='ltr'>in</span> <span class='ocrx_word' id='word_1_7' title='bbox 319 337 417 373; x_wconf 85' lang='lat' dir='ltr'>omni</span> <span class='ocrx_word' id='word_1_8' title='bbox 444 347 577 386; x_wconf 86' lang='lat' dir='ltr'>genere</span> <span class='ocrx_word' id='word_1_9' title='bbox 600 337 768 372; x_wconf 86' lang='lat' dir='ltr'>materiae</span> <span class='ocrx_word' id='word_1_10' title='bbox 793 337 828 381; x_wconf 88' lang='lat'>5,</span> <span class='ocrx_word' id='word_1_11' title='bbox 853 338 911 380; x_wconf 94' lang='grc'>10,</span> <span class='ocrx_word' id='word_1_12' title='bbox 935 337 1014 373; x_wconf 92' lang='grc'><strong>106.</strong></span> <span class='ocrx_word' id='word_1_13' title='bbox 1064 341 1139 371; x_wconf 87' lang='lat' dir='ltr'>arte</span> <span class='ocrx_word' id='word_1_14' title='bbox 1161 336 1282 381; x_wconf 81' lang='lat' dir='ltr'>aliqua</span> <span class='ocrx_word' id='word_1_15' title='bbox 1314 340 1447 372; x_wconf 85' lang='lat' dir='ltr'>novata</span> <span class='ocrx_word' id='word_1_16' title='bbox 1475 335 1593 371; x_wconf 78' lang='lat' dir='ltr'>forma</span> 
     </span>
     <span class='ocr_line' id='line_1_3' title="bbox 100 384 443 432; baseline -0.006 -12"><span class='ocrx_word' id='word_1_17' title='bbox 100 384 251 432; x_wconf 28' lang='lat' dir='ltr'>dicendi,</span> <span class='ocrx_word' id='word_1_18' title='bbox 267 386 304 428; x_wconf 88' lang='grc'>9,</span> <span class='ocrx_word' id='word_1_19' title='bbox 328 388 367 428; x_wconf 91' lang='grc'>1,·</span> <span class='ocrx_word' id='word_1_20' title='bbox 388 384 443 419; x_wconf 79' lang='grc'>14.</span> 
     </span>
    </p>

    <p class='ocr_par' dir='ltr' id='par_1_3' title="bbox 55 424 1592 861">
     <span class='ocr_line' id='line_1_4' title="bbox 55 424 1592 486; baseline 0.003 -16"><span class='ocrx_word' id='word_1_21' title='bbox 55 424 220 472; x_wconf 80' lang='lat' dir='ltr'>Novus·</span> <span class='ocrx_word' id='word_1_22' title='bbox 268 443 301 483; x_wconf 88' lang='grc' dir='ltr'>Ι)</span> <span class='ocrx_word' id='word_1_23' title='bbox 327 444 430 476; x_wconf 54' lang='lat' dir='ltr'>Pol-it.</span> <span class='ocrx_word' id='word_1_24' title='bbox 459 439 501 486; x_wconf 78' lang='grc' dir='ltr'>α)</span> <span class='ocrx_word' id='word_1_25' title='bbox 524 454 554 475; x_wconf 83' lang='lat' dir='ltr'>c.</span> <span class='ocrx_word' id='word_1_26' title='bbox 580 442 698 474; x_wconf 78' lang='lat' dir='ltr'>Sulm:</span> <span class='ocrx_word' id='word_1_27' title='bbox 729 440 777 475; x_wconf 86' lang='lat' dir='ltr'>ita</span> <span class='ocrx_word' id='word_1_28' title='bbox 802 440 853 474; x_wconf 87' lang='lat' dir='ltr'>illi</span> <span class='ocrx_word' id='word_1_29' title='bbox 877 440 1017 474; x_wconf 87' lang='lat' dir='ltr'>coelum</span> <span class='ocrx_word' id='word_1_30' title='bbox 1039 448 1175 474; x_wconf 86' lang='lat' dir='ltr'>novum</span> <span class='ocrx_word' id='word_1_31' title='bbox 1195 437 1276 482; x_wconf 73' lang='lat' dir='ltr'>fnit,</span> <span class='ocrx_word' id='word_1_32' title='bbox 1308 443 1349 472; x_wconf 83' lang='lat' dir='ltr'>ut</span> <span class='ocrx_word' id='word_1_33' title='bbox 1375 439 1493 474; x_wconf 81' lang='lat' dir='ltr'>omnis</span> <span class='ocrx_word' id='word_1_34' title='bbox 1514 439 1592 482; x_wconf 84' lang='lat' dir='ltr'>ejus</span> 
     </span>
     <span class='ocr_line' id='line_1_5' title="bbox 101 485 1592 532; baseline -0.001 -11"><span class='ocrx_word' id='word_1_35' title='bbox 101 488 305 532; x_wconf 73' lang='lat' dir='ltr'>eloquentia</span> <span class='ocrx_word' id='word_1_36' title='bbox 329 487 504 522; x_wconf 76' lang='lat' dir='ltr'>contineri</span> <span class='ocrx_word' id='word_1_37' title='bbox 531 492 625 521; x_wconf 87' lang='lat' dir='ltr'>tecto</span> <span class='ocrx_word' id='word_1_38' title='bbox 649 498 692 521; x_wconf 88' lang='lat' dir='ltr'>ac</span> <span class='ocrx_word' id='word_1_39' title='bbox 714 486 908 531; x_wconf 86' lang='lat' dir='ltr'>parietibus</span> <span class='ocrx_word' id='word_1_40' title='bbox 932 485 1117 520; x_wconf 82' lang='lat' dir='ltr'>videretur</span> <span class='ocrx_word' id='word_1_41' title='bbox 1141 487 1197 527; x_wconf 86' lang='lat'>10,</span> <span class='ocrx_word' id='word_1_42' title='bbox 1225 486 1260 527; x_wconf 90' lang='lat'>5,</span> <span class='ocrx_word' id='word_1_43' title='bbox 1295 486 1351 520; x_wconf 86' lang='lat'>18.</span> <span class='ocrx_word' id='word_1_44' title='bbox 1398 486 1491 519; x_wconf 88' lang='lat' dir='ltr'>Illud</span> <span class='ocrx_word' id='word_1_45' title='bbox 1521 487 1592 530; x_wconf 89' lang='lat' dir='ltr'>jam</span> 
     </span>
     <span class='ocr_line' id='line_1_6' title="bbox 99 531 1590 578; baseline -0.001 -11"><span class='ocrx_word' id='word_1_46' title='bbox 99 544 226 568; x_wconf 84' lang='lat' dir='ltr'>rursus</span> <span class='ocrx_word' id='word_1_47' title='bbox 252 533 434 578; x_wconf 87' lang='lat' dir='ltr'>proprium</span> <span class='ocrx_word' id='word_1_48' title='bbox 457 531 623 568; x_wconf 88' lang='lat' dir='ltr'>materiae</span> <span class='ocrx_word' id='word_1_49' title='bbox 647 539 683 567; x_wconf 90' lang='lat' dir='ltr'>et</span> <span class='ocrx_word' id='word_1_50' title='bbox 714 534 815 567; x_wconf 80' lang='lat' dir='ltr'>velut</span> <span class='ocrx_word' id='word_1_51' title='bbox 848 542 966 567; x_wconf 78' lang='lat' dir='ltr'>novae</span> <span class='ocrx_word' id='word_1_52' title='bbox 1001 531 1292 573; x_wconf 85' lang='lat' dir='ltr'>controversiae,</span> <span class='ocrx_word' id='word_1_53' title='bbox 1326 533 1422 576; x_wconf 89' lang='lat' dir='ltr'>quod</span> <span class='ocrx_word' id='word_1_54' title='bbox 1454 539 1516 565; x_wconf 76' lang='lat' dir='ltr'>etc.</span> <span class='ocrx_word' id='word_1_55' title='bbox 1555 532 1590 574; x_wconf 88' lang='grc'>5,</span> 
     </span>
     <span class='ocr_line' id='line_1_7' title="bbox 103 577 1592 622; baseline -0.001 -10"><span class='ocrx_word' id='word_1_56' title='bbox 103 581 160 622; x_wconf 93' lang='grc'>10,</span> <span class='ocrx_word' id='word_1_57' title='bbox 186 581 265 615; x_wconf 87' lang='grc'><strong>118.</strong></span> <span class='ocrx_word' id='word_1_58' title='bbox 314 590 419 613; x_wconf 90' lang='lat' dir='ltr'>unam</span> <span class='ocrx_word' id='word_1_59' title='bbox 444 581 489 613; x_wconf 89' lang='lat' dir='ltr'>de</span> <span class='ocrx_word' id='word_1_60' title='bbox 511 580 635 613; x_wconf 81' lang='lat' dir='ltr'>schola</span> <span class='ocrx_word' id='word_1_61' title='bbox 658 578 960 621; x_wconf 84' lang='lat' dir='ltr'>controversiam,</span> <span class='ocrx_word' id='word_1_62' title='bbox 993 588 1066 612; x_wconf 90' lang='lat' dir='ltr'>non</span> <span class='ocrx_word' id='word_1_63' title='bbox 1093 577 1190 611; x_wconf 89' lang='lat' dir='ltr'>illam</span> <span class='ocrx_word' id='word_1_64' title='bbox 1227 587 1313 611; x_wconf 76' lang='lat' dir='ltr'>sane</span> <span class='ocrx_word' id='word_1_65' title='bbox 1346 577 1592 612; x_wconf 75' lang='lat' dir='ltr'>difficilli-</span> 
     </span>
     <span class='ocr_line' id='line_1_8' title="bbox 103 623 1591 670; baseline 0.001 -12"><span class='ocrx_word' id='word_1_66' title='bbox 103 636 211 658; x_wconf 82' lang='lat' dir='ltr'>mam</span> <span class='ocrx_word' id='word_1_67' title='bbox 234 630 294 659; x_wconf 79' lang='lat' dir='ltr'>ant</span> <span class='ocrx_word' id='word_1_68' title='bbox 317 635 480 660; x_wconf 88' lang='lat' dir='ltr'>novam</span> <span class='ocrx_word' id='word_1_69' title='bbox 502 628 537 667; x_wconf 91' lang='lat'>7,</span> <span class='ocrx_word' id='word_1_70' title='bbox 563 628 598 667; x_wconf 87' lang='grc'>-1,</span> <span class='ocrx_word' id='word_1_71' title='bbox 622 623 680 659; x_wconf 89' lang='grc'>41.</span> <span class='ocrx_word' id='word_1_72' title='bbox 709 637 744 658; x_wconf 85' lang='grc' dir='ltr'><strong>ιι.</strong></span> <span class='ocrx_word' id='word_1_73' title='bbox 769 624 917 670; x_wconf 78' lang='lat' dir='ltr'>insuper</span> <span class='ocrx_word' id='word_1_74' title='bbox 943 623 1037 658; x_wconf 88' lang='lat' dir='ltr'>curis</span> <span class='ocrx_word' id='word_1_75' title='bbox 1059 623 1095 666; x_wconf 92' lang='grc'>6,</span> <span class='ocrx_word' id='word_1_76' title='bbox 1119 624 1177 657; x_wconf 81' lang='lat' dir='ltr'>Pr.</span> <span class='ocrx_word' id='word_1_77' title='bbox 1206 624 1241 657; x_wconf 88' lang='lat'>3.</span> <span class='ocrx_word' id='word_1_78' title='bbox 1281 633 1378 657; x_wconf 85' lang='lat' dir='ltr'>nova</span> <span class='ocrx_word' id='word_1_79' title='bbox 1409 625 1498 666; x_wconf 85' lang='lat' dir='ltr'>(Sp.</span> <span class='ocrx_word' id='word_1_80' title='bbox 1522 634 1591 659; x_wconf 86' lang='lat' dir='ltr'>no-</span> 
     </span>
     <span class='ocr_line' id='line_1_9' title="bbox 100 668 1591 716; baseline -0.001 -10"><span class='ocrx_word' id='word_1_81' title='bbox 100 670 199 715; x_wconf 80' lang='lat' dir='ltr'>vae)</span> <span class='ocrx_word' id='word_1_82' title='bbox 221 670 368 715; x_wconf 86' lang='lat' dir='ltr'>insuper</span> <span class='ocrx_word' id='word_1_83' title='bbox 392 671 478 705; x_wconf 89' lang='lat' dir='ltr'>mihi</span> <span class='ocrx_word' id='word_1_84' title='bbox 506 670 707 716; x_wconf 70' lang='lat' dir='ltr'>diligentiae</span> <span class='ocrx_word' id='word_1_85' title='bbox 732 682 838 705; x_wconf 86' lang='lat' dir='ltr'>causa</span> <span class='ocrx_word' id='word_1_86' title='bbox 864 671 900 713; x_wconf 96' lang='lat'>4,</span> <span class='ocrx_word' id='word_1_87' title='bbox 933 670 995 706; x_wconf 87' lang='lat' dir='ltr'>Pr.</span> <span class='ocrx_word' id='word_1_88' title='bbox 1031 672 1049 703; x_wconf 88' lang='lat'>1</span> <span class='ocrx_word' id='word_1_89' title='bbox 1084 672 1127 703; x_wconf 83' lang='lat' dir='ltr'>Z.</span> <span class='ocrx_word' id='word_1_90' title='bbox 1156 669 1218 703; x_wconf 89' lang='lat' dir='ltr'>vel</span> <span class='ocrx_word' id='word_1_91' title='bbox 1248 668 1497 704; x_wconf 82' lang='lat' dir='ltr'>veteribus</span> <span class='ocrx_word' id='word_1_92' title='bbox 1525 671 1591 705; x_wconf 82' lang='lat' dir='ltr'>vel</span> 
     </span>
     <span class='ocr_line' id='line_1_10' title="bbox 99 715 1590 761; baseline 0 -11"><span class='ocrx_word' id='word_1_93' title='bbox 99 716 238 752; x_wconf 74' lang='lat' dir='ltr'>novis</span> <span class='ocrx_word' id='word_1_94' title='bbox 261 717 436 761; x_wconf 83' lang='lat' dir='ltr'>exemplis</span> <span class='ocrx_word' id='word_1_95' title='bbox 463 719 518 760; x_wconf 87' lang='lat'>12,</span> <span class='ocrx_word' id='word_1_96' title='bbox 544 720 600 759; x_wconf 91' lang='lat'>11,</span> <span class='ocrx_word' id='word_1_97' title='bbox 623 717 680 752; x_wconf 82' lang='grc'>29.</span> <span class='ocrx_word' id='word_1_98' title='bbox 706 716 751 759; x_wconf 83' lang='lat' dir='ltr'>cf.</span> <span class='ocrx_word' id='word_1_99' title='bbox 778 720 834 760; x_wconf 85' lang='lat'>12,</span> <span class='ocrx_word' id='word_1_100' title='bbox 858 716 895 759; x_wconf 83' lang='lat'>4,</span> <span class='ocrx_word' id='word_1_101' title='bbox 930 719 962 750; x_wconf 87' lang='lat'>1.</span> <span class='ocrx_word' id='word_1_102' title='bbox 996 715 1132 749; x_wconf 90' lang='lat' dir='ltr'>nullum</span> <span class='ocrx_word' id='word_1_103' title='bbox 1162 725 1265 751; x_wconf 86' lang='lat' dir='ltr'>nov.</span> <span class='ocrx_word' id='word_1_104' title='bbox 1290 721 1326 749; x_wconf 86' lang='lat' dir='ltr'>et</span> <span class='ocrx_word' id='word_1_105' title='bbox 1350 716 1470 760; x_wconf 87' lang='lat' dir='ltr'>quod</span> <span class='ocrx_word' id='word_1_106' title='bbox 1496 726 1590 750; x_wconf 92' lang='lat' dir='ltr'>non</span> 
     </span>
     <span class='ocr_line' id='line_1_11' title="bbox 100 761 1591 807; baseline -0.001 -10"><span class='ocrx_word' id='word_1_107' title='bbox 100 762 164 797; x_wconf 76' lang='lat' dir='ltr'>sit</span> <span class='ocrx_word' id='word_1_108' title='bbox 205 762 378 797; x_wconf 90' lang='lat' dir='ltr'>dictum</span> <span class='ocrx_word' id='word_1_109' title='bbox 413 762 645 807; x_wconf 79' lang='lat' dir='ltr'>(exemplum)</span> <span class='ocrx_word' id='word_1_110' title='bbox 687 765 728 806; x_wconf 87' lang='grc'>5,</span> <span class='ocrx_word' id='word_1_111' title='bbox 772 766 838 806; x_wconf 89' lang='grc'>10,</span> <span class='ocrx_word' id='word_1_112' title='bbox 871 765 948 796; x_wconf 92' lang='grc'><strong>120.</strong></span> <span class='ocrx_word' id='word_1_113' title='bbox 996 762 1098 796; x_wconf 90' lang='lat' dir='ltr'>velut</span> <span class='ocrx_word' id='word_1_114' title='bbox 1128 771 1216 796; x_wconf 86' lang='lat' dir='ltr'>nov.</span> <span class='ocrx_word' id='word_1_115' title='bbox 1253 766 1369 796; x_wconf 72' lang='lat' dir='ltr'>sumet</span> <span class='ocrx_word' id='word_1_116' title='bbox 1402 761 1591 796; x_wconf 84' lang='lat' dir='ltr'>exordium</span> 
     </span>
     <span class='ocr_line' id='line_1_12' title="bbox 100 806 1591 861; baseline -0.001 -19"><span class='ocrx_word' id='word_1_117' title='bbox 100 810 135 851; x_wconf 85' lang='grc'>1,</span> <span class='ocrx_word' id='word_1_118' title='bbox 163 811 220 853; x_wconf 89' lang='grc'>12,</span> <span class='ocrx_word' id='word_1_119' title='bbox 247 810 304 845; x_wconf 89' lang='grc'><strong>19.</strong></span> <span class='ocrx_word' id='word_1_120' title='bbox 327 819 459 844; x_wconf 82' lang='lat' dir='ltr'>nova</span> <span class='ocrx_word' id='word_1_121' title='bbox 485 820 527 843; x_wconf 90' lang='lat' dir='ltr'>ac</span> <span class='ocrx_word' id='word_1_122' title='bbox 548 808 684 844; x_wconf 86' lang='lat' dir='ltr'>varia</span> <span class='ocrx_word' id='word_1_123' title='bbox 709 820 851 853; x_wconf 79' lang='lat' dir='ltr'><strong>semper</strong></span> <span class='ocrx_word' id='word_1_124' title='bbox 874 814 928 843; x_wconf 84' lang='lat' dir='ltr'>est</span> <span class='ocrx_word' id='word_1_125' title='bbox 950 807 1063 842; x_wconf 76' lang='lat' dir='ltr'>facies</span> <span class='ocrx_word' id='word_1_126' title='bbox 1090 809 1126 847; x_wconf 83' lang='lat'>2,</span> <span class='ocrx_word' id='word_1_127' title='bbox 1159 806 1194 849; x_wconf 86' lang='grc'>4,</span> <span class='ocrx_word' id='word_1_128' title='bbox 1225 808 1282 842; x_wconf 78' lang='grc'>28.</span> <span class='ocrx_word' id='word_1_129' title='bbox 1322 809 1414 841; x_wconf 86' lang='lat' dir='ltr'>haec</span> <span class='ocrx_word' id='word_1_130' title='bbox 1446 807 1591 861; x_wconf 78' lang='lat' dir='ltr'>magis</span> 
     </span>
    </p>

    <p class='ocr_par' dir='ltr' id='par_1_4' title="bbox 76 853 1593 1358">
     <span class='ocr_line' id='line_1_13' title="bbox 76 853 1593 901; baseline 0 -13"><span class='ocrx_word' id='word_1_131' title='bbox 76 864 220 889; x_wconf 44' lang='lat' dir='ltr'>‘nova</span> <span class='ocrx_word' id='word_1_132' title='bbox 242 855 496 889; x_wconf 81' lang='lat' dir='ltr'>sententiarum</span> <span class='ocrx_word' id='word_1_133' title='bbox 519 865 652 901; x_wconf 85' lang='lat' dir='ltr'>genera</span> <span class='ocrx_word' id='word_1_134' title='bbox 674 855 709 898; x_wconf 84' lang='grc'>8,</span> <span class='ocrx_word' id='word_1_135' title='bbox 734 857 769 898; x_wconf 89' lang='grc'>5,</span> <span class='ocrx_word' id='word_1_136' title='bbox 794 857 850 890; x_wconf 90' lang='grc'>15.</span> <span class='ocrx_word' id='word_1_137' title='bbox 875 866 911 889; x_wconf 89' lang='lat' dir='ltr'>n.</span> <span class='ocrx_word' id='word_1_138' title='bbox 940 854 1092 898; x_wconf 85' lang='lat' dir='ltr'>impetus</span> <span class='ocrx_word' id='word_1_139' title='bbox 1116 853 1212 887; x_wconf 89' lang='lat' dir='ltr'>dabit</span> <span class='ocrx_word' id='word_1_140' title='bbox 1238 855 1294 895; x_wconf 89' lang='lat'>10,</span> <span class='ocrx_word' id='word_1_141' title='bbox 1316 855 1351 896; x_wconf 85' lang='lat'>3,</span> <span class='ocrx_word' id='word_1_142' title='bbox 1374 856 1430 887; x_wconf 90' lang='lat'>10.</span> <span class='ocrx_word' id='word_1_143' title='bbox 1456 865 1492 888; x_wconf 90' lang='lat' dir='ltr'>n.</span> <span class='ocrx_word' id='word_1_144' title='bbox 1521 853 1593 888; x_wconf 78' lang='lat' dir='ltr'>ini-</span> 
     </span>
     <span class='ocr_line' id='line_1_14' title="bbox 97 898 1592 944; baseline 0.001 -11"><span class='ocrx_word' id='word_1_145' title='bbox 97 900 188 934; x_wconf 85' lang='lat' dir='ltr'>tium</span> <span class='ocrx_word' id='word_1_146' title='bbox 209 899 245 943; x_wconf 91' lang='lat'>4,</span> <span class='ocrx_word' id='word_1_147' title='bbox 270 900 305 944; x_wconf 85' lang='lat'>2,</span> <span class='ocrx_word' id='word_1_148' title='bbox 330 902 387 937; x_wconf 83' lang='grc'>50.</span> <span class='ocrx_word' id='word_1_149' title='bbox 433 900 671 935; x_wconf 68' lang='lat' dir='ltr'>intermissam</span> <span class='ocrx_word' id='word_1_150' title='bbox 699 900 864 934; x_wconf 78' lang='lat' dir='ltr'>historias</span> <span class='ocrx_word' id='word_1_151' title='bbox 898 899 1077 934; x_wconf 87' lang='lat' dir='ltr'>scribendi</span> <span class='ocrx_word' id='word_1_152' title='bbox 1111 898 1320 932; x_wconf 80' lang='lat' dir='ltr'>industriam</span> <span class='ocrx_word' id='word_1_153' title='bbox 1355 909 1451 933; x_wconf 86' lang='lat' dir='ltr'>nova</span> <span class='ocrx_word' id='word_1_154' title='bbox 1485 901 1592 934; x_wconf 89' lang='lat' dir='ltr'>laude</span> 
     </span>
     <span class='ocr_line' id='line_1_15' title="bbox 98 944 1592 990; baseline 0.001 -10"><span class='ocrx_word' id='word_1_155' title='bbox 98 945 281 990; x_wconf 81' lang='lat' dir='ltr'>reparavit</span> <span class='ocrx_word' id='word_1_156' title='bbox 300 949 358 989; x_wconf 81' lang='grc'>10,</span> <span class='ocrx_word' id='word_1_157' title='bbox 384 949 418 988; x_wconf 93' lang='grc'>1,</span> <span class='ocrx_word' id='word_1_158' title='bbox 439 949 497 981; x_wconf 88' lang='grc'>75.</span> <span class='ocrx_word' id='word_1_159' title='bbox 522 946 658 988; x_wconf 81' lang='lat' dir='ltr'>cuiusd.</span> <span class='ocrx_word' id='word_1_160' title='bbox 687 957 804 981; x_wconf 82' lang='lat' dir='ltr'>novae</span> <span class='ocrx_word' id='word_1_161' title='bbox 828 946 951 980; x_wconf 90' lang='lat' dir='ltr'>literae</span> <span class='ocrx_word' id='word_1_162' title='bbox 983 947 1018 988; x_wconf 88' lang='grc'>9,</span> <span class='ocrx_word' id='word_1_163' title='bbox 1036 945 1072 988; x_wconf 95' lang='grc'>4,</span> <span class='ocrx_word' id='word_1_164' title='bbox 1090 944 1148 979; x_wconf 88' lang='grc'>40.</span> <span class='ocrx_word' id='word_1_165' title='bbox 1171 944 1276 979; x_wconf 85' lang='lat' dir='ltr'>navis</span> <span class='ocrx_word' id='word_1_166' title='bbox 1306 944 1430 978; x_wconf 89' lang='lat' dir='ltr'>utilior</span> <span class='ocrx_word' id='word_1_167' title='bbox 1467 956 1592 981; x_wconf 86' lang='lat' dir='ltr'>nova</span> 
     </span>
     <span class='ocr_line' id='line_1_16' title="bbox 102 991 1591 1036; baseline 0.001 -11"><span class='ocrx_word' id='word_1_168' title='bbox 102 1003 207 1036; x_wconf 88' lang='lat' dir='ltr'>quam</span> <span class='ocrx_word' id='word_1_169' title='bbox 230 997 374 1026; x_wconf 85' lang='lat' dir='ltr'>vetus</span> <span class='ocrx_word' id='word_1_170' title='bbox 399 993 432 1035; x_wconf 91' lang='lat'>5,</span> <span class='ocrx_word' id='word_1_171' title='bbox 459 996 515 1036; x_wconf 89' lang='lat'>11,</span> <span class='ocrx_word' id='word_1_172' title='bbox 538 993 594 1027; x_wconf 86' lang='lat'>26.</span> <span class='ocrx_word' id='word_1_173' title='bbox 620 992 739 1026; x_wconf 87' lang='lat' dir='ltr'>odium</span> <span class='ocrx_word' id='word_1_174' title='bbox 763 998 903 1027; x_wconf 68' lang='lat' dir='ltr'>vetus</span> <span class='ocrx_word' id='word_1_175' title='bbox 923 1003 974 1025; x_wconf 78' lang='lat' dir='ltr'>un</span> <span class='ocrx_word' id='word_1_176' title='bbox 998 1002 1099 1026; x_wconf 82' lang='lat' dir='ltr'>nov.</span> <span class='ocrx_word' id='word_1_177' title='bbox 1126 992 1161 1033; x_wconf 86' lang='lat'>5,</span> <span class='ocrx_word' id='word_1_178' title='bbox 1197 993 1254 1033; x_wconf 81' lang='lat'>12,</span> <span class='ocrx_word' id='word_1_179' title='bbox 1286 993 1320 1024; x_wconf 84' lang='lat'>7.</span> <span class='ocrx_word' id='word_1_180' title='bbox 1353 1000 1445 1034; x_wconf 86' lang='lat' dir='ltr'>opus</span> <span class='ocrx_word' id='word_1_181' title='bbox 1477 991 1591 1036; x_wconf 78' lang='lat' dir='ltr'>prope</span> 
     </span>
     <span class='ocr_line' id='line_1_17' title="bbox 102 1035 1590 1082; baseline -0.001 -11"><span class='ocrx_word' id='word_1_182' title='bbox 102 1037 236 1071; x_wconf 84' lang='lat' dir='ltr'>cotidie</span> <span class='ocrx_word' id='word_1_183' title='bbox 263 1047 350 1073; x_wconf 88' lang='lat' dir='ltr'>nov.</span> <span class='ocrx_word' id='word_1_184' title='bbox 378 1041 414 1081; x_wconf 88' lang='grc'>2,</span> <span class='ocrx_word' id='word_1_185' title='bbox 443 1040 501 1081; x_wconf 89' lang='grc'>13,</span> <span class='ocrx_word' id='word_1_186' title='bbox 525 1041 580 1073; x_wconf 92' lang='grc'>17.</span> <span class='ocrx_word' id='word_1_187' title='bbox 627 1039 729 1074; x_wconf 90' lang='lat' dir='ltr'>velut</span> <span class='ocrx_word' id='word_1_188' title='bbox 751 1050 787 1072; x_wconf 90' lang='lat' dir='ltr'>n.</span> <span class='ocrx_word' id='word_1_189' title='bbox 819 1037 1112 1082; x_wconf 79' lang='lat' dir='ltr'>interpretatione</span> <span class='ocrx_word' id='word_1_190' title='bbox 1144 1035 1180 1079; x_wconf 89' lang='grc'>4,</span> <span class='ocrx_word' id='word_1_191' title='bbox 1210 1037 1273 1071; x_wconf 87' lang='lat' dir='ltr'>Pr.</span> <span class='ocrx_word' id='word_1_192' title='bbox 1303 1035 1340 1070; x_wconf 92' lang='grc'>4.</span> <span class='ocrx_word' id='word_1_193' title='bbox 1374 1036 1404 1070; x_wconf 84' lang='lat' dir='ltr'>si</span> <span class='ocrx_word' id='word_1_194' title='bbox 1437 1047 1498 1071; x_wconf 84' lang='lat' dir='ltr'>res</span> <span class='ocrx_word' id='word_1_195' title='bbox 1580 1037 1590 1045; x_wconf 78' lang='lat'><strong><em>‘</em></strong></span> 
     </span>
     <span class='ocr_line' id='line_1_18' title="bbox 100 1049 1592 1131; baseline -0.001 -14"><span class='ocrx_word' id='word_1_196' title='bbox 100 1083 245 1118; x_wconf 89' lang='lat' dir='ltr'>videtur</span> <span class='ocrx_word' id='word_1_197' title='bbox 285 1094 432 1126; x_wconf 80' lang='lat' dir='ltr'>nova,</span> <span class='ocrx_word' id='word_1_198' title='bbox 473 1094 656 1131; x_wconf 88' lang='lat' dir='ltr'>magna,</span> <span class='ocrx_word' id='word_1_199' title='bbox 695 1089 857 1126; x_wconf 80' lang='lat' dir='ltr'>atrox,</span> <span class='ocrx_word' id='word_1_200' title='bbox 896 1083 1143 1128; x_wconf 72' lang='lat' dir='ltr'>pertinens</span> <span class='ocrx_word' id='word_1_201' title='bbox 1173 1083 1228 1116; x_wconf 88' lang='lat' dir='ltr'>ad</span> <span class='ocrx_word' id='word_1_202' title='bbox 1260 1049 1592 1128; x_wconf 55' lang='lat' dir='ltr'>exemplumaff:</span> 
     </span>
     <span class='ocr_line' id='line_1_19' title="bbox 82 1129 1593 1174; baseline 0.001 -11"><span class='ocrx_word' id='word_1_203' title='bbox 82 1132 138 1172; x_wconf 86' lang='lat'>-1,</span> <span class='ocrx_word' id='word_1_204' title='bbox 167 1131 225 1163; x_wconf 86' lang='lat'>33.</span> <span class='ocrx_word' id='word_1_205' title='bbox 247 1140 329 1163; x_wconf 89' lang='lat' dir='ltr'>cum</span> <span class='ocrx_word' id='word_1_206' title='bbox 354 1129 490 1173; x_wconf 86' lang='lat' dir='ltr'>aliquid</span> <span class='ocrx_word' id='word_1_207' title='bbox 515 1130 604 1165; x_wconf 88' lang='lat' dir='ltr'>novi</span> <span class='ocrx_word' id='word_1_208' title='bbox 627 1130 774 1164; x_wconf 72' lang='lat' dir='ltr'>sceleris</span> <span class='ocrx_word' id='word_1_209' title='bbox 798 1135 892 1164; x_wconf 82' lang='lat' dir='ltr'>esset</span> <span class='ocrx_word' id='word_1_210' title='bbox 915 1140 1064 1163; x_wconf 80' lang='lat' dir='ltr'>ausurus</span> <span class='ocrx_word' id='word_1_211' title='bbox 1094 1132 1129 1171; x_wconf 94' lang='lat'>7,</span> <span class='ocrx_word' id='word_1_212' title='bbox 1153 1129 1190 1170; x_wconf 85' lang='lat'>4,</span> <span class='ocrx_word' id='word_1_213' title='bbox 1214 1131 1381 1162; x_wconf 46' lang='grc' dir='ltr'><strong>22.οω</strong></span> <span class='ocrx_word' id='word_1_214' title='bbox 1403 1139 1439 1163; x_wconf 89' lang='lat' dir='ltr'>n.</span> <span class='ocrx_word' id='word_1_215' title='bbox 1466 1140 1593 1174; x_wconf 79' lang='lat' dir='ltr'>super-</span> 
     </span>
     <span class='ocr_line' id='line_1_20' title="bbox 101 1172 1592 1220; baseline 0.001 -12"><span class='ocrx_word' id='word_1_216' title='bbox 101 1175 264 1209; x_wconf 86' lang='lat' dir='ltr'>stitiones</span> <span class='ocrx_word' id='word_1_217' title='bbox 287 1175 531 1210; x_wconf 80' lang='lat' dir='ltr'>introduceret</span> <span class='ocrx_word' id='word_1_218' title='bbox 550 1175 587 1220; x_wconf 88' lang='grc'>4,</span> <span class='ocrx_word' id='word_1_219' title='bbox 613 1176 650 1218; x_wconf 90' lang='grc'>4,</span> <span class='ocrx_word' id='word_1_220' title='bbox 674 1178 707 1212; x_wconf 91' lang='grc'>5.</span> <span class='ocrx_word' id='word_1_221' title='bbox 754 1187 874 1220; x_wconf 86' lang='lat' dir='ltr'>neque</span> <span class='ocrx_word' id='word_1_222' title='bbox 895 1175 933 1209; x_wconf 88' lang='lat' dir='ltr'>id</span> <span class='ocrx_word' id='word_1_223' title='bbox 957 1186 1046 1210; x_wconf 84' lang='lat' dir='ltr'>nov.</span> <span class='ocrx_word' id='word_1_224' title='bbox 1068 1173 1205 1213; x_wconf 27' lang='lat' dir='ltr'>,vitium</span> <span class='ocrx_word' id='word_1_225' title='bbox 1231 1179 1286 1208; x_wconf 78' lang='lat' dir='ltr'>est</span> <span class='ocrx_word' id='word_1_226' title='bbox 1306 1175 1342 1217; x_wconf 88' lang='lat'>8,</span> <span class='ocrx_word' id='word_1_227' title='bbox 1370 1178 1407 1218; x_wconf 87' lang='grc'>2,</span> <span class='ocrx_word' id='word_1_228' title='bbox 1434 1176 1491 1210; x_wconf 88' lang='grc'>18.</span> <span class='ocrx_word' id='word_1_229' title='bbox 1515 1172 1592 1210; x_wconf 60' lang='grc' dir='ltr'><strong>ιιοέ</strong></span> 
     </span>
     <span class='ocr_line' id='line_1_21' title="bbox 100 1219 1593 1265; baseline 0.001 -10"><span class='ocrx_word' id='word_1_230' title='bbox 100 1232 159 1255; x_wconf 87' lang='lat' dir='ltr'>va</span> <span class='ocrx_word' id='word_1_231' title='bbox 181 1219 333 1264; x_wconf 73' lang='lat' dir='ltr'>(verba)</span> <span class='ocrx_word' id='word_1_232' title='bbox 358 1234 437 1265; x_wconf 85' lang='lat' dir='ltr'>opp.</span> <span class='ocrx_word' id='word_1_233' title='bbox 465 1221 671 1256; x_wconf 85' lang='lat' dir='ltr'>usitatis</span> <span class='ocrx_word' id='word_1_234' title='bbox 695 1225 731 1264; x_wconf 89' lang='lat'>1,</span> <span class='ocrx_word' id='word_1_235' title='bbox 753 1222 788 1264; x_wconf 91' lang='grc'>5,</span> <span class='ocrx_word' id='word_1_236' title='bbox 814 1225 873 1256; x_wconf 91' lang='grc'>71.</span> <span class='ocrx_word' id='word_1_237' title='bbox 896 1227 936 1255; x_wconf 88' lang='lat' dir='ltr'>ut</span> <span class='ocrx_word' id='word_1_238' title='bbox 961 1230 1192 1255; x_wconf 92' lang='lat' dir='ltr'>novorum</span> <span class='ocrx_word' id='word_1_239' title='bbox 1214 1220 1347 1264; x_wconf 88' lang='lat' dir='ltr'>optima</span> <span class='ocrx_word' id='word_1_240' title='bbox 1376 1226 1482 1255; x_wconf 88' lang='lat' dir='ltr'>erunt</span> <span class='ocrx_word' id='word_1_241' title='bbox 1508 1233 1593 1256; x_wconf 83' lang='lat' dir='ltr'>ma-</span> 
     </span>
     <span class='ocr_line' id='line_1_22' title="bbox 101 1265 1593 1311; baseline 0.001 -11"><span class='ocrx_word' id='word_1_242' title='bbox 101 1266 227 1301; x_wconf 81' lang='lat' dir='ltr'>xime</span> <span class='ocrx_word' id='word_1_243' title='bbox 250 1272 435 1311; x_wconf 85' lang='lat' dir='ltr'>vetera,</span> <span class='ocrx_word' id='word_1_244' title='bbox 467 1267 518 1301; x_wconf 84' lang='lat' dir='ltr'>ita</span> <span class='ocrx_word' id='word_1_245' title='bbox 540 1273 755 1303; x_wconf 88' lang='lat' dir='ltr'>veterum</span> <span class='ocrx_word' id='word_1_246' title='bbox 776 1267 974 1301; x_wconf 80' lang='lat' dir='ltr'>maxime</span> <span class='ocrx_word' id='word_1_247' title='bbox 997 1277 1128 1300; x_wconf 85' lang='lat' dir='ltr'>nova</span> <span class='ocrx_word' id='word_1_248' title='bbox 1153 1269 1187 1309; x_wconf 91' lang='lat'>1,</span> <span class='ocrx_word' id='word_1_249' title='bbox 1224 1267 1261 1309; x_wconf 85' lang='lat'>6,</span> <span class='ocrx_word' id='word_1_250' title='bbox 1295 1265 1354 1300; x_wconf 88' lang='lat'>41.</span> <span class='ocrx_word' id='word_1_251' title='bbox 1400 1267 1437 1311; x_wconf 75' lang='grc' dir='ltr'>β)</span> <span class='ocrx_word' id='word_1_252' title='bbox 1466 1271 1593 1311; x_wconf 73' lang='lat' dir='ltr'>simpli-</span> 
     </span>
     <span class='ocr_line' id='line_1_23' title="bbox 103 1311 1593 1358; baseline 0.001 -12"><span class='ocrx_word' id='word_1_253' title='bbox 103 1315 197 1347; x_wconf 67' lang='lat' dir='ltr'>dier.</span> <span class='ocrx_word' id='word_1_254' title='bbox 217 1313 256 1356; x_wconf 83' lang='lat' dir='ltr'>a)</span> <span class='ocrx_word' id='word_1_255' title='bbox 277 1313 400 1346; x_wconf 74' lang='lat' dir='ltr'>Neam.</span> <span class='ocrx_word' id='word_1_256' title='bbox 425 1314 574 1355; x_wconf 73' lang='lat' dir='ltr'>Singu1.:</span> <span class='ocrx_word' id='word_1_257' title='bbox 611 1311 738 1358; x_wconf 85' lang='lat' dir='ltr'>[Venit</span> <span class='ocrx_word' id='word_1_258' title='bbox 748 1324 796 1347; x_wconf 85' lang='lat' dir='ltr'>ex</span> <span class='ocrx_word' id='word_1_259' title='bbox 805 1313 916 1354; x_wconf 80' lang='lat' dir='ltr'>Asia3</span> <span class='ocrx_word' id='word_1_260' title='bbox 941 1314 1012 1347; x_wconf 89' lang='lat' dir='ltr'>hoc</span> <span class='ocrx_word' id='word_1_261' title='bbox 1023 1312 1140 1356; x_wconf 82' lang='lat' dir='ltr'>ipsum</span> <span class='ocrx_word' id='word_1_262' title='bbox 1151 1323 1257 1356; x_wconf 85' lang='lat' dir='ltr'>quam</span> <span class='ocrx_word' id='word_1_263' title='bbox 1270 1323 1405 1348; x_wconf 81' lang='lat' dir='ltr'>novum</span> <span class='ocrx_word' id='word_1_264' title='bbox 1427 1314 1491 1355; x_wconf 70' lang='lat' dir='ltr'>(sic</span> <span class='ocrx_word' id='word_1_265' title='bbox 1511 1327 1593 1348; x_wconf 78' lang='lat' dir='ltr'>con-</span> 
     </span>
    </p>

    <p class='ocr_par' dir='ltr' id='par_1_5' title="bbox 63 1357 1594 1586">
     <span class='ocr_line' id='line_1_24' title="bbox 63 1357 1593 1403; baseline 0.001 -10"><span class='ocrx_word' id='word_1_266' title='bbox 63 1384 73 1387; x_wconf 82' lang='lat'><em>-</em></span> <span class='ocrx_word' id='word_1_267' title='bbox 95 1359 160 1403; x_wconf 67' lang='lat' dir='ltr'>jin.</span> <span class='ocrx_word' id='word_1_268' title='bbox 182 1361 248 1400; x_wconf 83' lang='lat' dir='ltr'>Z.;</span> <span class='ocrx_word' id='word_1_269' title='bbox 279 1359 350 1402; x_wconf 86' lang='lat' dir='ltr'>Sp.</span> <span class='ocrx_word' id='word_1_270' title='bbox 377 1357 534 1401; x_wconf 86' lang='lat' dir='ltr'>bonum)</span> <span class='ocrx_word' id='word_1_271' title='bbox 555 1359 591 1402; x_wconf 88' lang='grc'>9,</span> <span class='ocrx_word' id='word_1_272' title='bbox 614 1361 651 1402; x_wconf 89' lang='grc'>3,</span> <span class='ocrx_word' id='word_1_273' title='bbox 673 1359 719 1394; x_wconf 83' lang='grc'>43</span> <span class='ocrx_word' id='word_1_274' title='bbox 743 1357 805 1402; x_wconf 88' lang='lat' dir='ltr'>S.]</span> <span class='ocrx_word' id='word_1_275' title='bbox 832 1359 863 1393; x_wconf 86' lang='lat' dir='ltr'>si</span> <span class='ocrx_word' id='word_1_276' title='bbox 890 1359 974 1403; x_wconf 91' lang='lat' dir='ltr'>quid</span> <span class='ocrx_word' id='word_1_277' title='bbox 1000 1357 1105 1393; x_wconf 85' lang='lat' dir='ltr'>nobis</span> <span class='ocrx_word' id='word_1_278' title='bbox 1135 1358 1322 1403; x_wconf 78' lang='lat' dir='ltr'>agentibus</span> <span class='ocrx_word' id='word_1_279' title='bbox 1348 1359 1438 1394; x_wconf 87' lang='lat' dir='ltr'>novi</span> <span class='ocrx_word' id='word_1_280' title='bbox 1462 1360 1593 1394; x_wconf 89' lang='lat' dir='ltr'>accidit</span> 
     </span>
     <span class='ocr_line' id='line_1_25' title="bbox 100 1403 1594 1449; baseline 0.001 -11"><span class='ocrx_word' id='word_1_281' title='bbox 100 1403 139 1446; x_wconf 72' lang='lat'>⁴,</span> <span class='ocrx_word' id='word_1_282' title='bbox 161 1404 200 1447; x_wconf 84' lang='grc'>3,</span> <span class='ocrx_word' id='word_1_283' title='bbox 222 1404 280 1439; x_wconf 87' lang='grc'>16.</span> <span class='ocrx_word' id='word_1_284' title='bbox 325 1403 357 1438; x_wconf 80' lang='lat' dir='ltr'>si</span> <span class='ocrx_word' id='word_1_285' title='bbox 380 1404 469 1448; x_wconf 87' lang='lat' dir='ltr'>quid</span> <span class='ocrx_word' id='word_1_286' title='bbox 490 1405 579 1440; x_wconf 87' lang='lat' dir='ltr'>novi</span> <span class='ocrx_word' id='word_1_287' title='bbox 600 1406 663 1439; x_wconf 89' lang='lat' dir='ltr'>vel</span> <span class='ocrx_word' id='word_1_288' title='bbox 686 1415 769 1439; x_wconf 88' lang='lat' dir='ltr'>sero</span> <span class='ocrx_word' id='word_1_289' title='bbox 792 1405 1013 1440; x_wconf 68' lang='lat' dir='ltr'>invenissem</span> <span class='ocrx_word' id='word_1_290' title='bbox 1035 1407 1070 1448; x_wconf 88' lang='grc'>2,</span> <span class='ocrx_word' id='word_1_291' title='bbox 1097 1405 1132 1446; x_wconf 93' lang='grc'>5,</span> <span class='ocrx_word' id='word_1_292' title='bbox 1156 1406 1189 1438; x_wconf 90' lang='grc'>3.</span> <span class='ocrx_word' id='word_1_293' title='bbox 1237 1404 1276 1438; x_wconf 93' lang='lat' dir='ltr'>in</span> <span class='ocrx_word' id='word_1_294' title='bbox 1300 1406 1397 1449; x_wconf 90' lang='lat' dir='ltr'>quod</span> <span class='ocrx_word' id='word_1_295' title='bbox 1423 1416 1464 1440; x_wconf 81' lang='lat' dir='ltr'>se</span> <span class='ocrx_word' id='word_1_296' title='bbox 1492 1406 1594 1442; x_wconf 88' lang='lat' dir='ltr'>velut</span> 
     </span>
     <span class='ocr_line' id='line_1_26' title="bbox 100 1449 1594 1495; baseline 0.002 -11"><span class='ocrx_word' id='word_1_297' title='bbox 100 1460 237 1485; x_wconf 82' lang='lat' dir='ltr'>novum</span> <span class='ocrx_word' id='word_1_298' title='bbox 258 1449 444 1485; x_wconf 82' lang='lat' dir='ltr'>intendant</span> <span class='ocrx_word' id='word_1_299' title='bbox 469 1450 506 1494; x_wconf 88' lang='lat'>9,</span> <span class='ocrx_word' id='word_1_300' title='bbox 528 1453 565 1494; x_wconf 92' lang='grc'>2,</span> <span class='ocrx_word' id='word_1_301' title='bbox 588 1451 655 1494; x_wconf 87' lang='grc'>63;</span> <span class='ocrx_word' id='word_1_302' title='bbox 686 1455 804 1485; x_wconf 69' lang='lat' dir='ltr'>Phar..-</span> <span class='ocrx_word' id='word_1_303' title='bbox 838 1462 919 1485; x_wconf 92' lang='lat' dir='ltr'>cum</span> <span class='ocrx_word' id='word_1_304' title='bbox 943 1462 1004 1494; x_wconf 89' lang='lat' dir='ltr'>ea,</span> <span class='ocrx_word' id='word_1_305' title='bbox 1037 1461 1129 1495; x_wconf 86' lang='lat' dir='ltr'>quae</span> <span class='ocrx_word' id='word_1_306' title='bbox 1151 1450 1335 1494; x_wconf 86' lang='lat' dir='ltr'>praedicta</span> <span class='ocrx_word' id='word_1_307' title='bbox 1355 1457 1439 1485; x_wconf 86' lang='lat' dir='ltr'>sunt</span> <span class='ocrx_word' id='word_1_308' title='bbox 1459 1452 1504 1486; x_wconf 89' lang='lat' dir='ltr'>ab</span> <span class='ocrx_word' id='word_1_309' title='bbox 1531 1464 1594 1487; x_wconf 85' lang='lat' dir='ltr'>ac-</span> 
     </span>
     <span class='ocr_line' id='line_1_27' title="bbox 102 1495 1593 1541; baseline 0.001 -11"><span class='ocrx_word' id='word_1_310' title='bbox 102 1495 285 1539; x_wconf 77' lang='lat' dir='ltr'>cusatore,</span> <span class='ocrx_word' id='word_1_311' title='bbox 315 1497 406 1540; x_wconf 81' lang='lat' dir='ltr'>jam,</span> <span class='ocrx_word' id='word_1_312' title='bbox 435 1495 467 1530; x_wconf 86' lang='lat' dir='ltr'>si</span> <span class='ocrx_word' id='word_1_313' title='bbox 489 1507 557 1540; x_wconf 91' lang='lat' dir='ltr'>pro</span> <span class='ocrx_word' id='word_1_314' title='bbox 582 1507 648 1531; x_wconf 89' lang='lat' dir='ltr'>reo</span> <span class='ocrx_word' id='word_1_315' title='bbox 673 1502 862 1541; x_wconf 85' lang='lat' dir='ltr'>petentur,</span> <span class='ocrx_word' id='word_1_316' title='bbox 894 1507 969 1531; x_wconf 88' lang='lat' dir='ltr'>non</span> <span class='ocrx_word' id='word_1_317' title='bbox 996 1496 1068 1530; x_wconf 82' lang='lat' dir='ltr'>sint</span> <span class='ocrx_word' id='word_1_318' title='bbox 1089 1507 1188 1531; x_wconf 86' lang='lat' dir='ltr'>nova</span> <span class='ocrx_word' id='word_1_319' title='bbox 1210 1497 1246 1539; x_wconf 88' lang='lat'>6,</span> <span class='ocrx_word' id='word_1_320' title='bbox 1276 1499 1309 1540; x_wconf 88' lang='lat'>1,</span> <span class='ocrx_word' id='word_1_321' title='bbox 1337 1499 1396 1532; x_wconf 91' lang='grc'>20.</span> <span class='ocrx_word' id='word_1_322' title='bbox 1432 1498 1502 1532; x_wconf 87' lang='lat' dir='ltr'>alia</span> <span class='ocrx_word' id='word_1_323' title='bbox 1530 1500 1593 1534; x_wconf 81' lang='lat' dir='ltr'>vel</span> 
     </span>
     <span class='ocr_line' id='line_1_28' title="bbox 103 1541 1592 1586; baseline 0.002 -11"><span class='ocrx_word' id='word_1_324' title='bbox 103 1541 199 1578; x_wconf 78' lang='lat' dir='ltr'>sint</span> <span class='ocrx_word' id='word_1_325' title='bbox 221 1541 374 1586; x_wconf 75' lang='lat' dir='ltr'>forsitan</span> <span class='ocrx_word' id='word_1_326' title='bbox 395 1562 443 1568; x_wconf 91' lang='lat'><strong>—</strong></span> <span class='ocrx_word' id='word_1_327' title='bbox 464 1543 526 1576; x_wconf 89' lang='lat' dir='ltr'>vel</span> <span class='ocrx_word' id='word_1_328' title='bbox 549 1542 656 1577; x_wconf 80' lang='lat' dir='ltr'>etiam</span> <span class='ocrx_word' id='word_1_329' title='bbox 685 1553 807 1579; x_wconf 81' lang='lat' dir='ltr'>nova</span> <span class='ocrx_word' id='word_1_330' title='bbox 829 1543 848 1576; x_wconf 82' lang='lat' dir='ltr'>f</span> <span class='ocrx_word' id='word_1_331' title='bbox 856 1543 948 1578; x_wconf 88' lang='lat' dir='ltr'>ieri</span> <span class='ocrx_word' id='word_1_332' title='bbox 972 1544 1090 1577; x_wconf 86' lang='lat' dir='ltr'>adhuc</span> <span class='ocrx_word' id='word_1_333' title='bbox 1114 1541 1252 1586; x_wconf 81' lang='lat' dir='ltr'>possint</span> <span class='ocrx_word' id='word_1_334' title='bbox 1273 1544 1308 1585; x_wconf 88' lang='lat'>9,</span> <span class='ocrx_word' id='word_1_335' title='bbox 1333 1545 1369 1586; x_wconf 84' lang='lat'>2,</span> <span class='ocrx_word' id='word_1_336' title='bbox 1394 1546 1473 1578; x_wconf 92' lang='grc'><strong>107.</strong></span> <span class='ocrx_word' id='word_1_337' title='bbox 1500 1546 1592 1578; x_wconf 86' lang='grc' dir='ltr'><strong>ιιιιιΙ-</strong></span> 
     </span>
    </p>

    <p class='ocr_par' dir='ltr' id='par_1_6' title="bbox 78 1587 1603 2179">
     <span class='ocr_line' id='line_1_29' title="bbox 78 1587 1592 1633; baseline 0.002 -12"><span class='ocrx_word' id='word_1_338' title='bbox 78 1591 141 1621; x_wconf 82' lang='lat' dir='ltr'>-·ta</span> <span class='ocrx_word' id='word_1_339' title='bbox 165 1598 214 1621; x_wconf 86' lang='lat' dir='ltr'>ex</span> <span class='ocrx_word' id='word_1_340' title='bbox 236 1587 379 1622; x_wconf 84' lang='lat' dir='ltr'>Graeco</span> <span class='ocrx_word' id='word_1_341' title='bbox 405 1588 561 1623; x_wconf 75' lang='lat' dir='ltr'>formata</span> <span class='ocrx_word' id='word_1_342' title='bbox 584 1599 682 1623; x_wconf 85' lang='lat' dir='ltr'>nova</span> <span class='ocrx_word' id='word_1_343' title='bbox 703 1590 740 1630; x_wconf 92' lang='grc'>8,</span> <span class='ocrx_word' id='word_1_344' title='bbox 764 1590 798 1632; x_wconf 82' lang='grc'>3,</span> <span class='ocrx_word' id='word_1_345' title='bbox 822 1591 881 1624; x_wconf 87' lang='grc'>33.</span> <span class='ocrx_word' id='word_1_346' title='bbox 905 1595 954 1632; x_wconf 85' lang='lat' dir='ltr'>et,</span> <span class='ocrx_word' id='word_1_347' title='bbox 987 1599 1078 1633; x_wconf 91' lang='lat' dir='ltr'>quae</span> <span class='ocrx_word' id='word_1_348' title='bbox 1102 1594 1272 1623; x_wconf 87' lang='lat' dir='ltr'>vetera</span> <span class='ocrx_word' id='word_1_349' title='bbox 1295 1600 1392 1623; x_wconf 89' lang='lat' dir='ltr'>nunc</span> <span class='ocrx_word' id='word_1_350' title='bbox 1414 1596 1510 1633; x_wconf 78' lang='lat' dir='ltr'>mut,</span> <span class='ocrx_word' id='word_1_351' title='bbox 1535 1591 1592 1624; x_wconf 83' lang='lat' dir='ltr'>fu-</span> 
     </span>
     <span class='ocr_line' id='line_1_30' title="bbox 93 1633 1592 1679; baseline 0.003 -13"><span class='ocrx_word' id='word_1_352' title='bbox 93 1639 209 1678; x_wconf 73' lang='lat' dir='ltr'>erunt</span> <span class='ocrx_word' id='word_1_353' title='bbox 230 1633 317 1668; x_wconf 90' lang='lat' dir='ltr'>olim</span> <span class='ocrx_word' id='word_1_354' title='bbox 339 1644 479 1677; x_wconf 84' lang='lat' dir='ltr'>nova,</span> <span class='ocrx_word' id='word_1_355' title='bbox 511 1640 549 1668; x_wconf 92' lang='lat' dir='ltr'>et</span> <span class='ocrx_word' id='word_1_356' title='bbox 572 1635 699 1679; x_wconf 85' lang='lat' dir='ltr'>quaed.</span> <span class='ocrx_word' id='word_1_357' title='bbox 728 1634 767 1668; x_wconf 89' lang='lat' dir='ltr'>in</span> <span class='ocrx_word' id='word_1_358' title='bbox 791 1646 860 1669; x_wconf 88' lang='lat' dir='ltr'>usu</span> <span class='ocrx_word' id='word_1_359' title='bbox 880 1646 1053 1679; x_wconf 83' lang='lat' dir='ltr'>perquam</span> <span class='ocrx_word' id='word_1_360' title='bbox 1075 1633 1298 1668; x_wconf 85' lang='lat' dir='ltr'>recentia</span> <span class='ocrx_word' id='word_1_361' title='bbox 1331 1637 1364 1668; x_wconf 84' lang='lat' dir='ltr'>ib</span> <span class='ocrx_word' id='word_1_362' title='bbox 1415 1637 1473 1669; x_wconf 84' lang='lat'>34.</span> <span class='ocrx_word' id='word_1_363' title='bbox 1506 1639 1592 1670; x_wconf 82' lang='lat' dir='ltr'>Fa-</span> 
     </span>
     <span class='ocr_line' id='line_1_31' title="bbox 103 1679 1596 1724; baseline 0.003 -12"><span class='ocrx_word' id='word_1_364' title='bbox 103 1690 256 1712; x_wconf 76' lang='lat' dir='ltr'>vet-em</span> <span class='ocrx_word' id='word_1_365' title='bbox 278 1685 316 1714; x_wconf 90' lang='lat' dir='ltr'>et</span> <span class='ocrx_word' id='word_1_366' title='bbox 341 1682 557 1713; x_wconf 77' lang='lat' dir='ltr'>urbanum</span> <span class='ocrx_word' id='word_1_367' title='bbox 580 1680 710 1715; x_wconf 88' lang='lat' dir='ltr'>Cicero</span> <span class='ocrx_word' id='word_1_368' title='bbox 737 1691 836 1715; x_wconf 88' lang='lat' dir='ltr'>nova</span> <span class='ocrx_word' id='word_1_369' title='bbox 857 1681 971 1715; x_wconf 82' lang='lat' dir='ltr'>credit</span> <span class='ocrx_word' id='word_1_370' title='bbox 994 1683 1038 1714; x_wconf 81' lang='lat' dir='ltr'>ib.</span> <span class='ocrx_word' id='word_1_371' title='bbox 1061 1690 1290 1714; x_wconf 89' lang='lat' dir='ltr'>novorum</span> <span class='ocrx_word' id='word_1_372' title='bbox 1321 1679 1596 1724; x_wconf 82' lang='lat' dir='ltr'>interpositione</span> 
     </span>
     <span class='ocr_line' id='line_1_32' title="bbox 102 1723 1597 1771; baseline 0.003 -14"><span class='ocrx_word' id='word_1_373' title='bbox 102 1723 270 1768; x_wconf 82' lang='lat' dir='ltr'>priora</span> <span class='ocrx_word' id='word_1_374' title='bbox 295 1726 519 1759; x_wconf 83' lang='lat' dir='ltr'>confundant</span> <span class='ocrx_word' id='word_1_375' title='bbox 540 1729 599 1769; x_wconf 90' lang='grc'>10,</span> <span class='ocrx_word' id='word_1_376' title='bbox 622 1728 657 1769; x_wconf 89' lang='grc'>3,</span> <span class='ocrx_word' id='word_1_377' title='bbox 685 1728 742 1760; x_wconf 89' lang='grc'>32.</span> <span class='ocrx_word' id='word_1_378' title='bbox 766 1730 818 1760; x_wconf 91' lang='grc' dir='ltr'>Η.</span> <span class='ocrx_word' id='word_1_379' title='bbox 867 1726 1068 1771; x_wconf 83' lang='lat' dir='ltr'>excipimus</span> <span class='ocrx_word' id='word_1_380' title='bbox 1101 1735 1224 1761; x_wconf 85' lang='lat' dir='ltr'>nova</span> <span class='ocrx_word' id='word_1_381' title='bbox 1254 1725 1318 1759; x_wconf 90' lang='lat' dir='ltr'>illa</span> <span class='ocrx_word' id='word_1_382' title='bbox 1360 1728 1463 1762; x_wconf 86' lang='lat' dir='ltr'>velut</span> <span class='ocrx_word' id='word_1_383' title='bbox 1509 1739 1597 1762; x_wconf 87' lang='lat' dir='ltr'>na·-</span> 
     </span>
     <span class='ocr_line' id='line_1_33' title="bbox 105 1769 1596 1816; baseline 0.004 -14"><span class='ocrx_word' id='word_1_384' title='bbox 105 1769 285 1804; x_wconf 84' lang='lat' dir='ltr'>scentia</span> <span class='ocrx_word' id='word_1_385' title='bbox 309 1781 391 1813; x_wconf 79' lang='lat' dir='ltr'>cum</span> <span class='ocrx_word' id='word_1_386' title='bbox 411 1771 542 1805; x_wconf 82' lang='lat' dir='ltr'>favore</span> <span class='ocrx_word' id='word_1_387' title='bbox 564 1782 607 1806; x_wconf 87' lang='lat' dir='ltr'>ac</span> <span class='ocrx_word' id='word_1_388' title='bbox 629 1771 855 1806; x_wconf 84' lang='lat' dir='ltr'>solicitudine</span> <span class='ocrx_word' id='word_1_389' title='bbox 890 1775 948 1816; x_wconf 90' lang='grc'>10,</span> <span class='ocrx_word' id='word_1_390' title='bbox 986 1775 1021 1815; x_wconf 90' lang='grc'>1,</span> <span class='ocrx_word' id='word_1_391' title='bbox 1046 1773 1103 1806; x_wconf 80' lang='grc'>16.</span> <span class='ocrx_word' id='word_1_392' title='bbox 1132 1781 1260 1815; x_wconf 79' lang='lat' dir='ltr'>sapor,</span> <span class='ocrx_word' id='word_1_393' title='bbox 1287 1782 1367 1815; x_wconf 89' lang='lat' dir='ltr'>·quo</span> <span class='ocrx_word' id='word_1_394' title='bbox 1395 1783 1494 1808; x_wconf 86' lang='lat' dir='ltr'>nova</span> <span class='ocrx_word' id='word_1_395' title='bbox 1524 1773 1596 1807; x_wconf 90' lang='lat' dir='ltr'>im-</span> 
     </span>
     <span class='ocr_line' id='line_1_34' title="bbox 105 1814 1596 1862; baseline 0.004 -14"><span class='ocrx_word' id='word_1_396' title='bbox 105 1814 195 1849; x_wconf 82' lang='lat' dir='ltr'>buas</span> <span class='ocrx_word' id='word_1_397' title='bbox 218 1817 258 1857; x_wconf 86' lang='grc'>1,</span> <span class='ocrx_word' id='word_1_398' title='bbox 279 1818 312 1857; x_wconf 91' lang='grc'>1,</span> <span class='ocrx_word' id='word_1_399' title='bbox 337 1817 372 1850; x_wconf 89' lang='grc'>5.</span> <span class='ocrx_word' id='word_1_400' title='bbox 398 1815 430 1849; x_wconf 84' lang='lat' dir='ltr'>si</span> <span class='ocrx_word' id='word_1_401' title='bbox 450 1826 527 1850; x_wconf 89' lang='lat' dir='ltr'>non</span> <span class='ocrx_word' id='word_1_402' title='bbox 547 1816 757 1852; x_wconf 85' lang='lat' dir='ltr'>inveniendi</span> <span class='ocrx_word' id='word_1_403' title='bbox 779 1828 923 1862; x_wconf 87' lang='lat' dir='ltr'>nova,</span> <span class='ocrx_word' id='word_1_404' title='bbox 954 1823 991 1852; x_wconf 86' lang='lat' dir='ltr'>at</span> <span class='ocrx_word' id='word_1_405' title='bbox 1017 1824 1114 1851; x_wconf 82' lang='lat' dir='ltr'>certe</span> <span class='ocrx_word' id='word_1_406' title='bbox 1144 1817 1323 1859; x_wconf 89' lang='lat' dir='ltr'>judicandi</span> <span class='ocrx_word' id='word_1_407' title='bbox 1347 1818 1393 1852; x_wconf 90' lang='lat' dir='ltr'>de</span> <span class='ocrx_word' id='word_1_408' title='bbox 1416 1820 1596 1854; x_wconf 84' lang='lat' dir='ltr'>veteri-</span> 
     </span>
     <span class='ocr_line' id='line_1_35' title="bbox 104 1860 1596 1908; baseline 0.003 -14"><span class='ocrx_word' id='word_1_409' title='bbox 104 1861 184 1894; x_wconf 86' lang='lat' dir='ltr'>bus</span> <span class='ocrx_word' id='word_1_410' title='bbox 206 1861 368 1895; x_wconf 89' lang='lat' dir='ltr'>laborem</span> <span class='ocrx_word' id='word_1_411' title='bbox 387 1860 449 1896; x_wconf 83' lang='lat' dir='ltr'>Pr.</span> <span class='ocrx_word' id='word_1_412' title='bbox 473 1864 508 1895; x_wconf 86' lang='lat'>2.</span> <span class='ocrx_word' id='word_1_413' title='bbox 555 1874 636 1896; x_wconf 88' lang='lat' dir='ltr'>cum</span> <span class='ocrx_word' id='word_1_414' title='bbox 660 1869 695 1897; x_wconf 91' lang='lat' dir='ltr'>et</span> <span class='ocrx_word' id='word_1_415' title='bbox 717 1863 900 1908; x_wconf 84' lang='lat' dir='ltr'>scripta</span> <span class='ocrx_word' id='word_1_416' title='bbox 922 1862 1098 1908; x_wconf 88' lang='lat' dir='ltr'>perdidit,</span> <span class='ocrx_word' id='word_1_417' title='bbox 1129 1868 1166 1896; x_wconf 84' lang='lat' dir='ltr'>et</span> <span class='ocrx_word' id='word_1_418' title='bbox 1191 1873 1265 1897; x_wconf 89' lang='lat' dir='ltr'>non</span> <span class='ocrx_word' id='word_1_419' title='bbox 1299 1864 1438 1908; x_wconf 87' lang='lat' dir='ltr'>quaerit</span> <span class='ocrx_word' id='word_1_420' title='bbox 1469 1875 1596 1901; x_wconf 88' lang='lat' dir='ltr'>nova</span> 
     </span>
     <span class='ocr_line' id='line_1_36' title="bbox 106 1907 1596 1953; baseline 0.004 -14"><span class='ocrx_word' id='word_1_421' title='bbox 106 1908 166 1948; x_wconf 90' lang='grc'>10,</span> <span class='ocrx_word' id='word_1_422' title='bbox 193 1909 231 1950; x_wconf 91' lang='grc'>7,</span> <span class='ocrx_word' id='word_1_423' title='bbox 258 1907 316 1940; x_wconf 87' lang='grc'>33.</span> <span class='ocrx_word' id='word_1_424' title='bbox 342 1911 383 1939; x_wconf 88' lang='lat' dir='ltr'>ut</span> <span class='ocrx_word' id='word_1_425' title='bbox 406 1907 450 1940; x_wconf 86' lang='lat' dir='ltr'>ad</span> <span class='ocrx_word' id='word_1_426' title='bbox 474 1917 516 1940; x_wconf 88' lang='lat' dir='ltr'>ea</span> <span class='ocrx_word' id='word_1_427' title='bbox 537 1909 639 1942; x_wconf 82' lang='lat' dir='ltr'>velut</span> <span class='ocrx_word' id='word_1_428' title='bbox 663 1919 784 1944; x_wconf 88' lang='lat' dir='ltr'>nova</span> <span class='ocrx_word' id='word_1_429' title='bbox 812 1916 918 1953; x_wconf 89' lang='lat' dir='ltr'>atque</span> <span class='ocrx_word' id='word_1_430' title='bbox 943 1909 1100 1943; x_wconf 87' lang='lat' dir='ltr'>aliena</span> <span class='ocrx_word' id='word_1_431' title='bbox 1123 1909 1311 1943; x_wconf 86' lang='lat' dir='ltr'>redeamus</span> <span class='ocrx_word' id='word_1_432' title='bbox 1335 1911 1392 1952; x_wconf 91' lang='lat'>10,</span> <span class='ocrx_word' id='word_1_433' title='bbox 1426 1909 1462 1953; x_wconf 90' lang='grc'>4,</span> <span class='ocrx_word' id='word_1_434' title='bbox 1498 1914 1533 1945; x_wconf 90' lang='grc'>2.</span> <span class='ocrx_word' id='word_1_435' title='bbox 1565 1911 1596 1945; x_wconf 86' lang='lat' dir='ltr'>si</span> 
     </span>
     <span class='ocr_line' id='line_1_37' title="bbox 105 1951 1596 2000; baseline 0.004 -15"><span class='ocrx_word' id='word_1_436' title='bbox 105 1951 187 1996; x_wconf 85' lang='lat' dir='ltr'>quis</span> <span class='ocrx_word' id='word_1_437' title='bbox 210 1956 387 1986; x_wconf 78' lang='lat' dir='ltr'>vetera</span> <span class='ocrx_word' id='word_1_438' title='bbox 418 1951 550 1986; x_wconf 84' lang='lat' dir='ltr'>novis</span> <span class='ocrx_word' id='word_1_439' title='bbox 584 1953 733 1988; x_wconf 78' lang='lat' dir='ltr'>misceat</span> <span class='ocrx_word' id='word_1_440' title='bbox 762 1956 798 1996; x_wconf 88' lang='lat'>8,</span> <span class='ocrx_word' id='word_1_441' title='bbox 835 1957 871 1997; x_wconf 86' lang='lat'>3,</span> <span class='ocrx_word' id='word_1_442' title='bbox 902 1956 961 1990; x_wconf 93' lang='grc'>60.</span> <span class='ocrx_word' id='word_1_443' title='bbox 1009 1954 1166 1989; x_wconf 81' lang='lat' dir='ltr'>assuevit</span> <span class='ocrx_word' id='word_1_444' title='bbox 1195 1955 1266 1988; x_wconf 86' lang='lat' dir='ltr'>illis</span> <span class='ocrx_word' id='word_1_445' title='bbox 1297 1954 1439 1998; x_wconf 82' lang='lat' dir='ltr'>(rebus)</span> <span class='ocrx_word' id='word_1_446' title='bbox 1470 1957 1596 2000; x_wconf 75' lang='lat' dir='ltr'>jude1,</span> 
     </span>
     <span class='ocr_line' id='line_1_38' title="bbox 105 1997 1598 2044; baseline 0.003 -12"><span class='ocrx_word' id='word_1_447' title='bbox 105 1997 247 2042; x_wconf 80' lang='lat' dir='ltr'>jamque</span> <span class='ocrx_word' id='word_1_448' title='bbox 271 2008 331 2031; x_wconf 86' lang='lat' dir='ltr'>eas</span> <span class='ocrx_word' id='word_1_449' title='bbox 355 1997 433 2032; x_wconf 87' lang='lat' dir='ltr'>sine</span> <span class='ocrx_word' id='word_1_450' title='bbox 456 2003 557 2032; x_wconf 85' lang='lat' dir='ltr'>motu</span> <span class='ocrx_word' id='word_1_451' title='bbox 578 1999 708 2033; x_wconf 81' lang='lat' dir='ltr'>mentis</span> <span class='ocrx_word' id='word_1_452' title='bbox 732 1998 885 2043; x_wconf 81' lang='lat' dir='ltr'>accipit,</span> <span class='ocrx_word' id='word_1_453' title='bbox 919 1999 1048 2044; x_wconf 83' lang='lat' dir='ltr'>quibus</span> <span class='ocrx_word' id='word_1_454' title='bbox 1072 2006 1270 2034; x_wconf 83' lang='lat' dir='ltr'>commotus</span> <span class='ocrx_word' id='word_1_455' title='bbox 1302 2000 1410 2035; x_wconf 87' lang='lat' dir='ltr'>novis</span> <span class='ocrx_word' id='word_1_456' title='bbox 1439 2012 1516 2035; x_wconf 88' lang='lat' dir='ltr'>non</span> <span class='ocrx_word' id='word_1_457' title='bbox 1543 2008 1598 2036; x_wconf 86' lang='lat' dir='ltr'>est</span> 
     </span>
     <span class='ocr_line' id='line_1_39' title="bbox 105 2042 1603 2090; baseline 0.004 -14"><span class='ocrx_word' id='word_1_458' title='bbox 105 2042 143 2086; x_wconf 79' lang='lat'>4,</span> <span class='ocrx_word' id='word_1_459' title='bbox 166 2046 203 2086; x_wconf 90' lang='grc'>2,</span> <span class='ocrx_word' id='word_1_460' title='bbox 229 2044 309 2078; x_wconf 90' lang='grc'><strong>115.</strong></span> <span class='ocrx_word' id='word_1_461' title='bbox 353 2044 395 2087; x_wconf 88' lang='lat' dir='ltr'>b)</span> <span class='ocrx_word' id='word_1_462' title='bbox 422 2046 556 2077; x_wconf 53' lang='lat' dir='ltr'>Masta:</span> <span class='ocrx_word' id='word_1_463' title='bbox 589 2044 686 2079; x_wconf 86' lang='lat' dir='ltr'>Novi</span> <span class='ocrx_word' id='word_1_464' title='bbox 707 2055 799 2080; x_wconf 89' lang='lat' dir='ltr'>vero</span> <span class='ocrx_word' id='word_1_465' title='bbox 826 2051 863 2079; x_wconf 89' lang='lat' dir='ltr'>et</span> <span class='ocrx_word' id='word_1_466' title='bbox 886 2045 1077 2089; x_wconf 87' lang='lat' dir='ltr'>praecipue</span> <span class='ocrx_word' id='word_1_467' title='bbox 1109 2046 1367 2079; x_wconf 85' lang='lat' dir='ltr'>declamatores</span> <span class='ocrx_word' id='word_1_468' title='bbox 1403 2047 1439 2088; x_wconf 91' lang='lat'>9,</span> <span class='ocrx_word' id='word_1_469' title='bbox 1469 2050 1504 2090; x_wconf 87' lang='lat'>2,</span> <span class='ocrx_word' id='word_1_470' title='bbox 1540 2047 1603 2083; x_wconf 86' lang='grc'>42.</span> 
     </span>
     <span class='ocr_line' id='line_1_40' title="bbox 108 2087 1602 2137; baseline 0.003 -14"><span class='ocrx_word' id='word_1_471' title='bbox 108 2087 155 2129; x_wconf 69' lang='lat' dir='ltr'>tf.</span> <span class='ocrx_word' id='word_1_472' title='bbox 178 2087 236 2130; x_wconf 85' lang='grc'>10,</span> <span class='ocrx_word' id='word_1_473' title='bbox 259 2092 294 2133; x_wconf 90' lang='grc'>1,</span> <span class='ocrx_word' id='word_1_474' title='bbox 316 2088 375 2123; x_wconf 87' lang='grc'>41.</span> <span class='ocrx_word' id='word_1_475' title='bbox 424 2089 646 2124; x_wconf 90' lang='lat' dir='ltr'>Oeconomia</span> <span class='ocrx_word' id='word_1_476' title='bbox 666 2089 706 2124; x_wconf 93' lang='lat' dir='ltr'>in</span> <span class='ocrx_word' id='word_1_477' title='bbox 727 2090 784 2124; x_wconf 88' lang='lat' dir='ltr'>his</span> <span class='ocrx_word' id='word_1_478' title='bbox 807 2089 1078 2133; x_wconf 71' lang='lat' dir='ltr'>(veteribus)</span> <span class='ocrx_word' id='word_1_479' title='bbox 1101 2090 1308 2136; x_wconf 84' lang='lat' dir='ltr'>diligentior</span> <span class='ocrx_word' id='word_1_480' title='bbox 1332 2102 1436 2134; x_wconf 82' lang='lat' dir='ltr'>quam</span> <span class='ocrx_word' id='word_1_481' title='bbox 1460 2092 1499 2125; x_wconf 90' lang='lat' dir='ltr'>in</span> <span class='ocrx_word' id='word_1_482' title='bbox 1522 2094 1602 2137; x_wconf 90' lang='lat' dir='ltr'>ple-</span> 
     </span>
     <span class='ocr_line' id='line_1_41' title="bbox 106 2133 1599 2179; baseline 0.004 -12"><span class='ocrx_word' id='word_1_483' title='bbox 106 2133 230 2178; x_wconf 78' lang='lat' dir='ltr'>risque</span> <span class='ocrx_word' id='word_1_484' title='bbox 255 2145 496 2170; x_wconf 84' lang='lat' dir='ltr'>novorum</span> <span class='ocrx_word' id='word_1_485' title='bbox 524 2140 559 2179; x_wconf 91' lang='lat'>1,</span> <span class='ocrx_word' id='word_1_486' title='bbox 581 2137 617 2178; x_wconf 88' lang='lat'>8,</span> <span class='ocrx_word' id='word_1_487' title='bbox 639 2136 675 2171; x_wconf 91' lang='lat'>9.</span> <span class='ocrx_word' id='word_1_488' title='bbox 719 2146 900 2172; x_wconf 89' lang='lat' dir='ltr'>novorum</span> <span class='ocrx_word' id='word_1_489' title='bbox 925 2135 1034 2170; x_wconf 90' lang='lat' dir='ltr'>lectio</span> <span class='ocrx_word' id='word_1_490' title='bbox 1063 2137 1099 2177; x_wconf 88' lang='grc'>2,</span> <span class='ocrx_word' id='word_1_491' title='bbox 1124 2137 1158 2177; x_wconf 91' lang='grc'>5,</span> <span class='ocrx_word' id='word_1_492' title='bbox 1182 2136 1239 2170; x_wconf 88' lang='grc'>26.</span> <span class='ocrx_word' id='word_1_493' title='bbox 1266 2136 1449 2171; x_wconf 87' lang='lat' dir='ltr'>orationes</span> <span class='ocrx_word' id='word_1_494' title='bbox 1470 2145 1599 2173; x_wconf 86' lang='lat' dir='ltr'>vete—</span> 
     </span>
    </p>

    <p class='ocr_par' dir='ltr' id='par_1_7' title="bbox 0 2180 1599 2274">
     <span class='ocr_line' id='line_1_42' title="bbox 0 2180 1599 2229; baseline 0.003 -17"><span class='ocrx_word' id='word_1_495' title='bbox 0 2207 7 2213; x_wconf 95' lang='lat'>.</span> <span class='ocrx_word' id='word_1_496' title='bbox 108 2189 204 2213; x_wconf 88' lang='lat' dir='ltr'>rum</span> <span class='ocrx_word' id='word_1_497' title='bbox 225 2191 268 2214; x_wconf 85' lang='lat' dir='ltr'>ac</span> <span class='ocrx_word' id='word_1_498' title='bbox 290 2190 520 2217; x_wconf 82' lang='lat' dir='ltr'>novorum</span> <span class='ocrx_word' id='word_1_499' title='bbox 544 2182 580 2224; x_wconf 90' lang='grc'>5,</span> <span class='ocrx_word' id='word_1_500' title='bbox 610 2180 646 2223; x_wconf 91' lang='lat'>4,</span> <span class='ocrx_word' id='word_1_501' title='bbox 674 2184 692 2214; x_wconf 93' lang='lat'>1</span> <span class='ocrx_word' id='word_1_502' title='bbox 726 2183 773 2216; x_wconf 88' lang='lat' dir='ltr'>N.</span> <span class='ocrx_word' id='word_1_503' title='bbox 821 2181 1042 2226; x_wconf 88' lang='lat' dir='ltr'>antiquos</span> <span class='ocrx_word' id='word_1_504' title='bbox 1070 2186 1108 2214; x_wconf 87' lang='lat' dir='ltr'>et</span> <span class='ocrx_word' id='word_1_505' title='bbox 1137 2190 1288 2215; x_wconf 81' lang='lat' dir='ltr'>novos</span> <span class='ocrx_word' id='word_1_506' title='bbox 1320 2183 1443 2229; x_wconf 86' lang='lat' dir='ltr'>legere</span> <span class='ocrx_word' id='word_1_507' title='bbox 1476 2186 1523 2228; x_wconf 93' lang='grc'>2,</span> <span class='ocrx_word' id='word_1_508' title='bbox 1562 2186 1599 2228; x_wconf 87' lang='grc'>5,</span> 
     </span>
     <span class='ocr_line' id='line_1_43' title="bbox 39 2225 1599 2274; baseline 0.003 -15"><span class='ocrx_word' id='word_1_509' title='bbox 39 2232 44 2235; x_wconf 91' lang='grc'><strong>’</strong></span> <span class='ocrx_word' id='word_1_510' title='bbox 108 2226 168 2259; x_wconf 88' lang='grc'>23.</span> <span class='ocrx_word' id='word_1_511' title='bbox 210 2225 277 2259; x_wconf 84' lang='lat' dir='ltr'>Est</span> <span class='ocrx_word' id='word_1_512' title='bbox 299 2231 361 2269; x_wconf 89' lang='lat' dir='ltr'>et,</span> <span class='ocrx_word' id='word_1_513' title='bbox 395 2228 493 2271; x_wconf 87' lang='lat' dir='ltr'>quod</span> <span class='ocrx_word' id='word_1_514' title='bbox 518 2228 716 2272; x_wconf 87' lang='lat' dir='ltr'>appellatur</span> <span class='ocrx_word' id='word_1_515' title='bbox 738 2238 759 2261; x_wconf 88' lang='lat' dir='ltr'>a</span> <span class='ocrx_word' id='word_1_516' title='bbox 782 2227 922 2263; x_wconf 86' lang='lat' dir='ltr'>novis</span> <span class='ocrx_word' id='word_1_517' title='bbox 956 2225 1086 2270; x_wconf 61' lang='grc' dir='ltr'>νόημά</span> <span class='ocrx_word' id='word_1_518' title='bbox 1107 2226 1143 2268; x_wconf 86' lang='grc'>8,</span> <span class='ocrx_word' id='word_1_519' title='bbox 1168 2227 1202 2268; x_wconf 91' lang='grc'>5,</span> <span class='ocrx_word' id='word_1_520' title='bbox 1231 2229 1274 2260; x_wconf 90' lang='grc'>12</span> <span class='ocrx_word' id='word_1_521' title='bbox 1299 2229 1345 2262; x_wconf 84' lang='grc' dir='ltr'>Ν.</span> <span class='ocrx_word' id='word_1_522' title='bbox 1392 2227 1445 2272; x_wconf 85' lang='grc' dir='ltr'>ΙΙ)</span> <span class='ocrx_word' id='word_1_523' title='bbox 1470 2231 1599 2274; x_wconf 80' lang='lat' dir='ltr'>Super-</span> 
     </span>
    </p>

    <p class='ocr_par' dir='ltr' id='par_1_8' title="bbox 110 2271 1600 2410">
     <span class='ocr_line' id='line_1_44' title="bbox 110 2271 1599 2316; baseline 0.005 -13"><span class='ocrx_word' id='word_1_524' title='bbox 110 2274 172 2303; x_wconf 69' lang='lat' dir='ltr'>lai.</span> <span class='ocrx_word' id='word_1_525' title='bbox 198 2272 222 2304; x_wconf 84' lang='grc' dir='ltr'>ἰ.</span> <span class='ocrx_word' id='word_1_526' title='bbox 247 2283 280 2315; x_wconf 77' lang='lat' dir='ltr'>q.</span> <span class='ocrx_word' id='word_1_527' title='bbox 305 2274 508 2306; x_wconf 71' lang='lat' dir='ltr'>ultimus:</span> <span class='ocrx_word' id='word_1_528' title='bbox 532 2273 624 2307; x_wconf 89' lang='lat' dir='ltr'>nihil</span> <span class='ocrx_word' id='word_1_529' title='bbox 646 2273 816 2307; x_wconf 84' lang='lat' dir='ltr'>faciamus</span> <span class='ocrx_word' id='word_1_530' title='bbox 843 2273 912 2306; x_wconf 83' lang='lat' dir='ltr'>nisi</span> <span class='ocrx_word' id='word_1_531' title='bbox 938 2271 1175 2307; x_wconf 84' lang='lat' dir='ltr'>novissimum</span> <span class='ocrx_word' id='word_1_532' title='bbox 1200 2274 1234 2314; x_wconf 91' lang='lat'>1,</span> <span class='ocrx_word' id='word_1_533' title='bbox 1262 2275 1318 2316; x_wconf 89' lang='grc'>12,</span> <span class='ocrx_word' id='word_1_534' title='bbox 1346 2274 1381 2308; x_wconf 90' lang='grc'>6.</span> <span class='ocrx_word' id='word_1_535' title='bbox 1403 2275 1599 2311; x_wconf 81' lang='lat' dir='ltr'>novissima</span> 
     </span>
     <span class='ocr_line' id='line_1_45' title="bbox 110 2315 1600 2366; baseline 0.005 -18"><span class='ocrx_word' id='word_1_536' title='bbox 110 2315 262 2359; x_wconf 81' lang='lat' dir='ltr'>qualitas</span> <span class='ocrx_word' id='word_1_537' title='bbox 284 2324 468 2360; x_wconf 85' lang='lat' dir='ltr'>supererat</span> <span class='ocrx_word' id='word_1_538' title='bbox 493 2321 529 2362; x_wconf 93' lang='lat'>3,</span> <span class='ocrx_word' id='word_1_539' title='bbox 562 2320 598 2361; x_wconf 92' lang='grc'>6,</span> <span class='ocrx_word' id='word_1_540' title='bbox 633 2320 690 2354; x_wconf 91' lang='grc'>81.</span> <span class='ocrx_word' id='word_1_541' title='bbox 739 2330 830 2363; x_wconf 89' lang='lat' dir='ltr'>quae</span> <span class='ocrx_word' id='word_1_542' title='bbox 859 2318 1006 2353; x_wconf 87' lang='lat' dir='ltr'>alterius</span> <span class='ocrx_word' id='word_1_543' title='bbox 1035 2316 1121 2351; x_wconf 83' lang='lat' dir='ltr'>artis</span> <span class='ocrx_word' id='word_1_544' title='bbox 1156 2317 1304 2362; x_wconf 88' lang='lat' dir='ltr'>prima</span> <span class='ocrx_word' id='word_1_545' title='bbox 1338 2326 1441 2354; x_wconf 88' lang='lat' dir='ltr'>erant</span> <span class='ocrx_word' id='word_1_546' title='bbox 1475 2331 1600 2366; x_wconf 88' lang='lat' dir='ltr'>opera,</span> 
     </span>
     <span class='ocr_line' id='line_1_46' title="bbox 110 2361 1576 2410; baseline 0.007 -17"><span class='ocrx_word' id='word_1_547' title='bbox 110 2361 206 2410; x_wconf 87' lang='lat' dir='ltr'>facta</span> <span class='ocrx_word' id='word_1_548' title='bbox 229 2361 300 2394; x_wconf 86' lang='lat' dir='ltr'>sint</span> <span class='ocrx_word' id='word_1_549' title='bbox 327 2363 470 2397; x_wconf 87' lang='lat' dir='ltr'>alterius</span> <span class='ocrx_word' id='word_1_550' title='bbox 495 2364 766 2400; x_wconf 86' lang='lat' dir='ltr'>novissima</span> <span class='ocrx_word' id='word_1_551' title='bbox 789 2368 824 2409; x_wconf 91' lang='grc'>2,</span> <span class='ocrx_word' id='word_1_552' title='bbox 849 2367 882 2408; x_wconf 91' lang='grc'>1,</span> <span class='ocrx_word' id='word_1_553' title='bbox 913 2367 948 2399; x_wconf 91' lang='grc'>3.</span> <span class='ocrx_word' id='word_1_554' title='bbox 971 2377 1004 2398; x_wconf 83' lang='lat' dir='ltr'>v.</span> <span class='ocrx_word' id='word_1_555' title='bbox 1031 2363 1152 2397; x_wconf 86' lang='lat' dir='ltr'>Ante</span> <span class='ocrx_word' id='word_1_556' title='bbox 1176 2363 1328 2403; x_wconf 85' lang='lat' dir='ltr'>omnia</span> <span class='ocrx_word' id='word_1_557' title='bbox 1350 2368 1411 2398; x_wconf 79' lang='lat' dir='ltr'>sub</span> <span class='ocrx_word' id='word_1_558' title='bbox 1433 2366 1576 2402; x_wconf 83' lang='lat' dir='ltr'>Ante.</span> 
     </span>
    </p>

    <p class='ocr_par' dir='ltr' id='par_1_9' title="bbox 64 2404 1601 2652">
     <span class='ocr_line' id='line_1_47' title="bbox 64 2404 1599 2466; baseline 0.005 -16"><span class='ocrx_word' id='word_1_559' title='bbox 64 2404 183 2463; x_wconf 66' lang='lat' dir='ltr'><strong>NQX·</strong></span> <span class='ocrx_word' id='word_1_560' title='bbox 229 2429 263 2452; x_wconf 77' lang='lat' dir='ltr'>v.</span> <span class='ocrx_word' id='word_1_561' title='bbox 283 2417 411 2452; x_wconf 77' lang='lat' dir='ltr'>Die&#39;s.</span> <span class='ocrx_word' id='word_1_562' title='bbox 435 2421 545 2454; x_wconf 82' lang='lat' dir='ltr'>Lux.</span> <span class='ocrx_word' id='word_1_563' title='bbox 569 2428 713 2456; x_wconf 89' lang='lat' dir='ltr'>noctem</span> <span class='ocrx_word' id='word_1_564' title='bbox 740 2422 1026 2466; x_wconf 87' lang='lat' dir='ltr'>appropinquare</span> <span class='ocrx_word' id='word_1_565' title='bbox 1054 2422 1089 2464; x_wconf 89' lang='lat'>8,</span> <span class='ocrx_word' id='word_1_566' title='bbox 1126 2421 1162 2463; x_wconf 90' lang='lat'>6,</span> <span class='ocrx_word' id='word_1_567' title='bbox 1188 2423 1246 2456; x_wconf 90' lang='grc'>22.</span> <span class='ocrx_word' id='word_1_568' title='bbox 1269 2433 1308 2454; x_wconf 87' lang='grc' dir='ltr'>ιι.</span> <span class='ocrx_word' id='word_1_569' title='bbox 1332 2422 1496 2458; x_wconf 84' lang='lat' dir='ltr'>oboritur</span> <span class='ocrx_word' id='word_1_570' title='bbox 1530 2426 1599 2458; x_wconf 88' lang='lat' dir='ltr'>Se-</span> 
     </span>
     <span class='ocr_line' id='line_1_48' title="bbox 110 2462 1513 2516; baseline 0.005 -21"><span class='ocrx_word' id='word_1_571' title='bbox 110 2475 206 2514; x_wconf 42' lang='grc' dir='ltr'><strong>ιιι-ο.</strong></span> <span class='ocrx_word' id='word_1_572' title='bbox 228 2463 264 2506; x_wconf 84' lang='grc'>9,</span> <span class='ocrx_word' id='word_1_573' title='bbox 293 2465 330 2506; x_wconf 87' lang='grc'>2,</span> <span class='ocrx_word' id='word_1_574' title='bbox 352 2462 410 2498; x_wconf 90' lang='grc'>43.</span> <span class='ocrx_word' id='word_1_575' title='bbox 454 2471 492 2499; x_wconf 89' lang='lat' dir='ltr'>et</span> <span class='ocrx_word' id='word_1_576' title='bbox 516 2473 659 2510; x_wconf 82' lang='lat' dir='ltr'>noctes,</span> <span class='ocrx_word' id='word_1_577' title='bbox 691 2479 839 2512; x_wconf 82' lang='lat' dir='ltr'>quarum</span> <span class='ocrx_word' id='word_1_578' title='bbox 866 2469 960 2502; x_wconf 90' lang='lat' dir='ltr'>bona</span> <span class='ocrx_word' id='word_1_579' title='bbox 983 2478 1065 2511; x_wconf 82' lang='lat' dir='ltr'>pars</span> <span class='ocrx_word' id='word_1_580' title='bbox 1094 2467 1194 2501; x_wconf 82' lang='lat' dir='ltr'>omni</span> <span class='ocrx_word' id='word_1_581' title='bbox 1220 2477 1347 2502; x_wconf 87' lang='lat' dir='ltr'>somno</span> <span class='ocrx_word' id='word_1_582' title='bbox 1368 2468 1513 2516; x_wconf 84' lang='lat' dir='ltr'>longior</span> 
     </span>
     <span class='ocr_line' id='line_1_49' title="bbox 113 2508 1601 2561; baseline 0.005 -19"><span class='ocrx_word' id='word_1_583' title='bbox 113 2509 324 2560; x_wconf 71' lang='lat' dir='ltr'>adjuvarent</span> <span class='ocrx_word' id='word_1_584' title='bbox 349 2508 421 2552; x_wconf 71' lang='lat' dir='ltr'>(sc.</span> <span class='ocrx_word' id='word_1_585' title='bbox 445 2513 620 2555; x_wconf 72' lang='lat' dir='ltr'>studia)</span> <span class='ocrx_word' id='word_1_586' title='bbox 644 2516 701 2556; x_wconf 89' lang='lat'>12,</span> <span class='ocrx_word' id='word_1_587' title='bbox 730 2517 788 2556; x_wconf 91' lang='lat'>11,</span> <span class='ocrx_word' id='word_1_588' title='bbox 814 2516 869 2549; x_wconf 88' lang='lat'>19.</span> <span class='ocrx_word' id='word_1_589' title='bbox 916 2512 1096 2547; x_wconf 78' lang='lat' dir='ltr'>silentium</span> <span class='ocrx_word' id='word_1_590' title='bbox 1118 2513 1236 2547; x_wconf 90' lang='lat' dir='ltr'>noctis</span> <span class='ocrx_word' id='word_1_591' title='bbox 1275 2515 1332 2557; x_wconf 92' lang='grc'>10,</span> <span class='ocrx_word' id='word_1_592' title='bbox 1355 2515 1391 2557; x_wconf 90' lang='grc'>3,</span> <span class='ocrx_word' id='word_1_593' title='bbox 1421 2516 1482 2552; x_wconf 82' lang='grc'>25.</span> <span class='ocrx_word' id='word_1_594' title='bbox 1512 2515 1601 2561; x_wconf 77' lang='lat' dir='ltr'>ipsis</span> 
     </span>
     <span class='ocr_line' id='line_1_50' title="bbox 111 2554 1600 2606; baseline 0.006 -19"><span class='ocrx_word' id='word_1_595' title='bbox 111 2559 229 2588; x_wconf 82' lang='lat' dir='ltr'>nocus</span> <span class='ocrx_word' id='word_1_596' title='bbox 251 2554 408 2588; x_wconf 84' lang='lat' dir='ltr'>tenebris</span> <span class='ocrx_word' id='word_1_597' title='bbox 434 2558 493 2598; x_wconf 90' lang='grc'>10,</span> <span class='ocrx_word' id='word_1_598' title='bbox 514 2557 552 2600; x_wconf 91' lang='grc'>6,</span> <span class='ocrx_word' id='word_1_599' title='bbox 586 2561 619 2592; x_wconf 91' lang='lat'>1.</span> <span class='ocrx_word' id='word_1_600' title='bbox 664 2559 869 2606; x_wconf 85' lang='lat' dir='ltr'>vigilandae</span> <span class='ocrx_word' id='word_1_601' title='bbox 905 2565 1032 2593; x_wconf 82' lang='lat' dir='ltr'>noctes</span> <span class='ocrx_word' id='word_1_602' title='bbox 1062 2561 1118 2601; x_wconf 93' lang='lat'>11,</span> <span class='ocrx_word' id='word_1_603' title='bbox 1153 2561 1188 2601; x_wconf 89' lang='grc'>3,</span> <span class='ocrx_word' id='word_1_604' title='bbox 1223 2560 1283 2598; x_wconf 82' lang='grc'>23,</span> <span class='ocrx_word' id='word_1_605' title='bbox 1328 2567 1523 2605; x_wconf 78' lang='lat' dir='ltr'>occupatos</span> <span class='ocrx_word' id='word_1_606' title='bbox 1552 2562 1600 2596; x_wconf 84' lang='lat' dir='ltr'>in</span> 
     </span>
     <span class='ocr_line' id='line_1_51' title="bbox 110 2602 1508 2652; baseline 0.006 -19"><span class='ocrx_word' id='word_1_607' title='bbox 110 2605 296 2634; x_wconf 87' lang='lat' dir='ltr'>noctem</span> <span class='ocrx_word' id='word_1_608' title='bbox 320 2602 376 2641; x_wconf 92' lang='grc'>10,</span> <span class='ocrx_word' id='word_1_609' title='bbox 401 2602 436 2643; x_wconf 84' lang='grc'>3,</span> <span class='ocrx_word' id='word_1_610' title='bbox 459 2603 526 2644; x_wconf 84' lang='grc'>27;</span> <span class='ocrx_word' id='word_1_611' title='bbox 556 2604 659 2638; x_wconf 89' lang='lat' dir='ltr'>velut</span> <span class='ocrx_word' id='word_1_612' title='bbox 678 2612 818 2640; x_wconf 90' lang='lat' dir='ltr'>nocte</span> <span class='ocrx_word' id='word_1_613' title='bbox 841 2605 879 2639; x_wconf 90' lang='lat' dir='ltr'>in</span> <span class='ocrx_word' id='word_1_614' title='bbox 904 2605 1035 2652; x_wconf 88' lang='lat' dir='ltr'>ignotis</span> <span class='ocrx_word' id='word_1_615' title='bbox 1066 2604 1158 2639; x_wconf 89' lang='lat' dir='ltr'>locis</span> <span class='ocrx_word' id='word_1_616' title='bbox 1182 2615 1305 2639; x_wconf 84' lang='lat' dir='ltr'>errans</span> <span class='ocrx_word' id='word_1_617' title='bbox 1330 2609 1366 2650; x_wconf 92' lang='grc'>7,</span> <span class='ocrx_word' id='word_1_618' title='bbox 1388 2607 1448 2640; x_wconf 85' lang='lat' dir='ltr'>Pr.</span> <span class='ocrx_word' id='word_1_619' title='bbox 1473 2609 1508 2641; x_wconf 81' lang='lat'>3.</span> 
     </span>
    </p>
   </div>
   <div class='ocr_carea' id='block_1_3' title="bbox 65 2641 1600 2738">
    <p class='ocr_par' dir='ltr' id='par_1_10' title="bbox 65 2641 1600 2738">
     <span class='ocr_line' id='line_1_52' title="bbox 65 2641 1600 2709; baseline 0.008 -24"><span class='ocrx_word' id='word_1_620' title='bbox 65 2641 252 2687; x_wconf 80' lang='lat' dir='ltr'>NoxiuS.</span> <span class='ocrx_word' id='word_1_621' title='bbox 297 2656 412 2690; x_wconf 80' lang='lat' dir='ltr'>noxio</span> <span class='ocrx_word' id='word_1_622' title='bbox 440 2662 557 2709; x_wconf 71' lang='lat' dir='ltr'>terrae</span> <span class='ocrx_word' id='word_1_623' title='bbox 579 2660 693 2695; x_wconf 84' lang='lat' dir='ltr'>halitu</span> <span class='ocrx_word' id='word_1_624' title='bbox 715 2665 752 2707; x_wconf 89' lang='lat'>7,</span> <span class='ocrx_word' id='word_1_625' title='bbox 774 2665 811 2706; x_wconf 91' lang='grc'>2,</span> <span class='ocrx_word' id='word_1_626' title='bbox 835 2664 870 2697; x_wconf 85' lang='grc'>3.</span> <span class='ocrx_word' id='word_1_627' title='bbox 917 2661 1051 2706; x_wconf 84' lang='lat' dir='ltr'>noxia,</span> <span class='ocrx_word' id='word_1_628' title='bbox 1085 2667 1126 2696; x_wconf 90' lang='lat' dir='ltr'>ut</span> <span class='ocrx_word' id='word_1_629' title='bbox 1146 2660 1316 2709; x_wconf 80' lang='lat' dir='ltr'>frigidam</span> <span class='ocrx_word' id='word_1_630' title='bbox 1343 2663 1439 2699; x_wconf 77' lang='lat' dir='ltr'>febri</span> <span class='ocrx_word' id='word_1_631' title='bbox 1471 2665 1506 2708; x_wconf 87' lang='lat'>5,</span> <span class='ocrx_word' id='word_1_632' title='bbox 1543 2667 1600 2707; x_wconf 89' lang='grc'>11,</span> 
     </span>
     <span class='ocr_line' id='line_1_53' title="bbox 112 2701 527 2738; baseline 0.005 -2"><span class='ocrx_word' id='word_1_633' title='bbox 112 2703 156 2736; x_wconf 81' lang='grc'>31</span> <span class='ocrx_word' id='word_1_634' title='bbox 179 2713 213 2735; x_wconf 81' lang='lat' dir='ltr'>v.</span> <span class='ocrx_word' id='word_1_635' title='bbox 241 2701 527 2738; x_wconf 80' lang='lat' dir='ltr'>Contrarlus.</span> 
     </span>
    </p>
   </div>
   <div class='ocr_carea' id='block_1_4' title="bbox 19 2743 1602 2856">
    <p class='ocr_par' dir='ltr' id='par_1_11' title="bbox 19 2743 1602 2856">
     <span class='ocr_line' id='line_1_54' title="bbox 66 2743 1602 2812; baseline 0.006 -20"><span class='ocrx_word' id='word_1_636' title='bbox 66 2743 289 2788; x_wconf 66' lang='lat' dir='ltr'>Nabflum·</span> <span class='ocrx_word' id='word_1_637' title='bbox 315 2759 486 2812; x_wconf 72' lang='lat' dir='ltr'>vitandos</span> <span class='ocrx_word' id='word_1_638' title='bbox 510 2762 642 2812; x_wconf 64' lang='lat' dir='ltr'>eoles</span> <span class='ocrx_word' id='word_1_639' title='bbox 665 2769 735 2808; x_wconf 84' lang='lat' dir='ltr'>atq.</span> <span class='ocrx_word' id='word_1_640' title='bbox 758 2770 923 2799; x_wconf 77' lang='lat' dir='ltr'>ventos</span> <span class='ocrx_word' id='word_1_641' title='bbox 951 2770 987 2799; x_wconf 88' lang='lat' dir='ltr'>et</span> <span class='ocrx_word' id='word_1_642' title='bbox 1013 2764 1182 2800; x_wconf 85' lang='lat' dir='ltr'>nubila</span> <span class='ocrx_word' id='word_1_643' title='bbox 1209 2766 1316 2801; x_wconf 87' lang='lat' dir='ltr'>etiam</span> <span class='ocrx_word' id='word_1_644' title='bbox 1342 2776 1385 2800; x_wconf 87' lang='lat' dir='ltr'>ac</span> <span class='ocrx_word' id='word_1_645' title='bbox 1408 2765 1602 2802; x_wconf 73' lang='lat' dir='ltr'>siccita-</span> 
     </span>
     <span class='ocr_line' id='line_1_55' title="bbox 19 2806 1558 2856; baseline 0.008 -21"><span class='ocrx_word' id='word_1_646' title='bbox 19 2842 22 2846; x_wconf 37' lang='grc'>,</span> <span class='ocrx_word' id='word_1_647' title='bbox 83 2846 87 2847; x_wconf 21' lang='lat'><em>⁷</em></span> <span class='ocrx_word' id='word_1_648' title='bbox 114 2807 184 2837; x_wconf 82' lang='lat' dir='ltr'>tes</span> <span class='ocrx_word' id='word_1_649' title='bbox 211 2806 268 2856; x_wconf 75' lang='grc'>11,</span> <span class='ocrx_word' id='word_1_650' title='bbox 293 2807 328 2849; x_wconf 83' lang='grc'>3,</span> <span class='ocrx_word' id='word_1_651' title='bbox 351 2808 408 2841; x_wconf 88' lang='lat'>27.</span> <span class='ocrx_word' id='word_1_652' title='bbox 436 2806 598 2842; x_wconf 78' lang='lat' dir='ltr'>tnsutiae</span> <span class='ocrx_word' id='word_1_653' title='bbox 622 2807 680 2852; x_wconf 83' lang='grc' dir='ltr'>(α.</span> <span class='ocrx_word' id='word_1_654' title='bbox 705 2813 730 2845; x_wconf 89' lang='lat'>1.</span> <span class='ocrx_word' id='word_1_655' title='bbox 754 2809 907 2854; x_wconf 63' lang='lat' dir='ltr'>matida)</span> <span class='ocrx_word' id='word_1_656' title='bbox 936 2812 1068 2856; x_wconf 79' lang='lat' dir='ltr'>quodd.</span> <span class='ocrx_word' id='word_1_657' title='bbox 1094 2811 1254 2847; x_wconf 89' lang='lat' dir='ltr'>nubilum</span> <span class='ocrx_word' id='word_1_658' title='bbox 1278 2813 1410 2847; x_wconf 86' lang='lat' dir='ltr'>ducant</span> <span class='ocrx_word' id='word_1_659' title='bbox 1432 2814 1476 2847; x_wconf 72' lang='lat' dir='ltr'>sb.</span> <span class='ocrx_word' id='word_1_660' title='bbox 1498 2812 1558 2847; x_wconf 87' lang='grc'>75.</span> 
     </span>
    </p>
   </div>
   <div class='ocr_carea' id='block_1_5' title="bbox 1229 2878 1322 2916">
    <p class='ocr_par' dir='ltr' id='par_1_12' title="bbox 1229 2878 1322 2916">
     <span class='ocr_line' id='line_1_56' title="bbox 1229 2878 1322 2916; baseline 0 -17"><span class='ocrx_word' id='word_1_661' title='bbox 1229 2878 1322 2916; x_wconf 52' lang='lat'>375</span> 
     </span>
    </p>
   </div>
  </div>
 </body>
</html>
