1728 3002
175 100 257 140 880
679 95 883 153 Suppono
914 121 969 128 —-
999 95 1194 155 Suscipio

217 211 327 294 2³2³}
352 209 606 256 supplosione,
645 209 739 246 sicut
773 211 887 246 cauda
924 212 1050 246 leones
1079 206 1422 259 facere'“diountur,
1463 213 1628 248 hortatur
1654 216 1712 258 10,

172 286 388 360 SUI’JPORO·
438 313 640 358 suppositos
667 313 775 359 capiti
795 313 907 349 libros
931 317 967 358 1,
991 317 1048 360 10,
1074 316 1132 350 17.

173 373 415 429 supprimo·
463 382 694 427 supprimitur
719 393 797 418 vox
820 384 862 427 8,
886 385 928 428 3,
951 383 1009 419 85.
1050 395 1085 418 v.
1110 383 1333 419 Abscide-

173 442 325 497 Supra·
373 450 408 493 Ι)
437 453 609 485 Λᾱυενό..·
648 450 708 494 qui
740 462 769 485 s.
805 456 888 485 sunt
912 450 1038 496 (digiti)
1060 454 1100 486 11
1115 478 1125 495 ,
1151 454 1194 496 3,
1219 454 1276 489 98.
1309 453 1462 487 extollat
1485 452 1542 495 id,
1565 454 1663 498 quod
1682 466 1713 488 s.

214 498 369 544 positum
394 503 448 531 est
474 499 508 539 8,
532 496 568 540 4,
596 498 619 533 9
651 509 683 530 υ.
709 497 868 540 Infra3
904 509 933 532 s.
959 498 1203 541 demonstravi
1229 502 1287 542 11,
1310 501 1345 542 3,
1376 499 1452 535 159.
1479 501 1714 544 quemadmo-

217 547 301 579 dum
326 556 355 579 s.
381 544 457 578 dixi
482 545 523 586 3,
556 546 621 586 11,
653 544 709 578 18.
734 550 881 588 propter
908 555 995 588 quas
1026 545 1102 579 dixi
1125 557 1155 579 s.
1180 556 1303 580 causas
1328 547 1379 586 -3,
1401 547 1445 587 8,
1473 548 1533 582 59.
1564 558 1592 581 s.
1618 547 1714 582 dicta

218 595 260 635 1,
284 592 331 634 5,
362 593 397 626 1.
422 589 468 632 cs.
498 593 561 634 12,
590 592 655 631 10,
685 593 726 632 73
752 592 794 623 de
819 593 938 632 exiguo
963 593 1156 625 intervallo.-
1193 592 1238 626 de
1268 591 1396 636 quibus
1430 602 1460 626 8.
1493 593 1627 626 dictum
1657 598 1715 627 est

218 642 260 680 1,
291 639 335 680 5,
360 636 403 670 41
433 637 481 670 Ν.
507 641 547 669 nt
569 648 597 671 s.
622 635 702 669 dixi
724 637 767 678 9,
792 638 834 677 3,
858 635 901 670 41
923 638 968 670 N.
996 636 1042 679 cs.
1066 640 1110 679 2,
1140 640 1185 680 1,
1210 640 1256 672 10
1275 638 1320 672 N.
1346 638 1446 682 cujus
1471 649 1502 672 s.
1525 639 1714 674 habuimus

215 683 435 718 mentionem
460 684 496 726 8,
521 683 578 716 Pr.
600 684 656 716 13.
680 687 719 715 ut
742 694 769 716 s.
797 682 936 716 ostendi
959 683 994 718 9.
1020 687 1056 727 2,
1080 684 1138 718 65.
1168 695 1260 728 quae
1283 695 1314 718 s.
1342 684 1495 728 probavi
1521 685 1556 728 9,
1586 683 1622 728 4,
1645 682 1714 720 100

215 743 250 764 v.
281 731 452 764 Probo.
487 729 533 763 de
562 728 690 773 quibus
721 739 750 762 s.
779 729 985 773 scripsimus
1008 731 1054 772 5,
1077 731 1135 763 Pr.
1159 730 1196 764 4.
1232 729 1277 771 cs.
1303 733 1344 773 7,
1369 729 1413 772 4,
1440 731 1496 766 15.
1532 735 1573 764 ut
1604 742 1714 775 supra

215 778 251 819 5,
277 779 334 819 10,
363 775 422 810 44.
469 776 502 809 ΙΙ
512 776 534 821 ))
555 778 717 818 praepos.
755 774 804 818 α)
827 775 907 809 tolli
930 787 1074 809 manum
1098 787 1126 810 s.
1153 777 1278 811 oculos
1303 779 1359 819 11,
1383 778 1418 818 3,
1450 779 1530 812 112.
1557 776 1655 811 sinus
1682 777 1714 811 si

214 823 457 867 aliquanto
491 832 518 856 s.
542 820 649 854 imam
679 827 801 867 togam
831 822 940 856 fuerit
964 824 1006 856 ib.
1032 821 1110 856 140.
1166 821 1218 875 ῥ’)
1254 822 1438 867 diligentia
1466 834 1508 856 ac
1540 823 1651 858 decor
1675 823 1715 857 in

213 870 402 913 Polycleto
427 879 456 901 s.
481 873 620 902 ceteros
645 870 709 908 12,
736 870 799 910 10,
824 871 857 903 7.
896 868 985 901 nihil
1018 867 1057 901 in
1079 872 1196 913 poetis
1222 880 1249 903 s.
1265 869 1420 903 ,Livium
1442 867 1712 913 Andronicum3

215 915 307 949 nihil
328 914 367 948 in
397 914 556 948 historiis
583 926 612 948 s.
642 913 854 948 Pontificum
879 916 1024 948 annales
1047 915 1260 949 haberemus
1283 917 1347 958 10,
1372 917 1417 958 2,
1445 918 1480 950 7.
1509 914 1659 951 multum
1682 927 1713 950 s.

213 973 359 1006 prosam
385 961 585 995 orationem
609 960 722 1007 surgit
746 963 810 1003 10,
834 964 851 994 1
866 987 876 1003 ,
902 962 960 995 81.
989 959 1108 995 mollis
1136 973 1165 999 s.
1190 961 1334 995 modum
1363 961 1494 996 frontis
1517 962 1561 1005 6,
1585 961 1628 1006 4,
1655 964 1712 996 11.

214 1020 254 1043 se
278 1019 308 1042 s.
336 1008 483 1041 modum
513 1008 655 1041 extollit
679 1010 743 1050 11,
770 1009 808 1049 1,
834 1009 889 1042 16.
920 1018 948 1040 s.
974 1008 1120 1041 modum
1144 1008 1258 1042 elatus
1285 1010 1351 1051 12,
1378 1009 1441 1050 10,
1465 1007 1524 1043 39.
1552 1018 1584 1042 s.
1611 1014 1713 1042 natu-

212 1066 288 1089 ram
313 1055 348 1097 9,
373 1053 408 1097 4,
437 1054 490 1089 19.
519 1065 547 1087 s.
571 1064 671 1096 spem
695 1058 755 1086 aut
781 1053 1070 1097 expectationem
1096 1056 1131 1096 3,
1157 1057 1192 1096 7,
1221 1054 1276 1089 16.
1310 1065 1339 1088 s.
1361 1064 1536 1096 summum
1559 1054 1713 1099 adjectio

212 1103 248 1144 8,
272 1099 308 1144 4,
336 1101 369 1134 6.
395 1111 424 1134 s·
444 1111 577 1136 ,verum
602 1102 659 1141 12,
689 1101 745 1141 10,
769 1100 804 1133 8.
831 1098 875 1139 cs.
901 1100 936 1142 9,
963 1103 998 1141 2,
1029 1102 1084 1134 33.
1111 1112 1140 1134 s.
1167 1101 1265 1144 quod
1286 1098 1377 1134 nihil
1399 1106 1454 1134 est
1479 1101 1525 1143 8,
1549 1099 1594 1143 4,
1617 1102 1653 1136 5.
1681 1112 1712 1135 s,

213 1159 350 1192 quam
381 1145 540 1181 enarrari
573 1150 693 1190 potest
720 1146 947 1190 eloquentem
973 1149 1034 1188 10,
1061 1149 1078 1179 1
1095 1172 1106 1189 ,
1133 1148 1220 1189 1013
1254 1145 1329 1180 illic
1354 1151 1516 1189 contra
1540 1146 1714 1192 scriptum

214 1193 364 1236 dicitur,
395 1193 455 1226 hic
480 1195 513 1226 in
537 1194 721 1235 syllogismo
749 1203 894 1236 supra
919 1193 1091 1237 scriptum
1114 1195 1149 1236 7,
1177 1194 1223 1236 8,
1249 1195 1266 1226 1
1293 1193 1342 1226 Ν.

167 1237 389 1280 Surculus.
436 1251 499 1283 des
526 1249 615 1283 mihi
637 1250 821 1285 surculum
844 1261 893 1284 ex
915 1249 978 1283 illa
1006 1250 1154 1293 arbore,
1178 1255 1219 1284 ut
1239 1249 1394 1284 inseram
1416 1249 1452 1294 6,
1480 1251 1514 1294 3,
1537 1250 1597 1286 88.

166 1306 345 1398 Stssduss.
375 1328 421 1397 ΞΒ.
445 1324 508 1350 etc.
534 1315 629 1362 (vox)
654 1318 711 1358 11,
728 1319 762 1360 3,
786 1319 843 1352 32.
867 1318 1057 1351 surdum
1081 1317 1203 1363 quidd.
1225 1323 1262 1353 et
1284 1319 1528 1353 barbarum
1554 1316 1714 1354 efficient

165 1390 322 1465 Ξυῐὲο.
341 1389 352 1406 ²
370 1418 415 1463 Ι)
442 1421 599 1463 proprie.-
625 1430 708 1453 cum
735 1419 779 1452 ad
808 1418 1000 1452 dicendum
1026 1418 1095 1464 ipsi
1118 1420 1313 1466 surgerent
1326 1422 1361 1460 2,
1385 1419 1422 1463 6,
1444 1400 1479 1455 2.
1503 1421 1591 1454 nolo
1617 1432 1713 1464 eum,

211 1468 272 1512 qui
296 1466 455 1500 dicturus
481 1471 560 1508 est,
593 1465 771 1499 solicitum
794 1476 941 1511 surgere
967 1468 1033 1508 12,
1059 1467 1102 1505 5,
1126 1466 1162 1500 4.
1198 1466 1264 1502 vix
1288 1465 1458 1514 surgendi
1479 1477 1582 1501 mora
1604 1469 1652 1510 2,
1675 1466 1712 1510 4,

212 1515 256 1548 15
272 1515 308 1546 S.
337 1513 459 1546 fontes
488 1517 675 1558 surgentes
693 1513 728 1554 8,
745 1513 779 1554 3,
796 1513 830 1546 8.
857 1511 1038 1558 surgentia
1060 1511 1099 1545 in
1123 1513 1232 1546 altum
1256 1513 1443 1546 cacumina
1466 1513 1568 1547 oleae
1591 1514 1641 1548 ih.
1653 1513 1712 1548 10.

210 1560 263 1602 11)
286 1563 426 1593 transh:
463 1559 614 1592 multum
636 1569 746 1602 supra
770 1567 912 1602 prosam
942 1557 1142 1592 orationem
1165 1558 1277 1605 surgit
1303 1560 1359 1602 10,
1384 1562 1417 1602 1,
1445 1559 1502 1597 81,

165 1604 372 1660 SurrePO·
420 1614 641 1649 dissimulata
675 1613 770 1648 actio
800 1614 927 1648 melius
969 1625 1075 1658 saepe
1111 1615 1266 1660 surrepit
1287 1614 1334 1658 4,
1359 1617 1402 1659 1,
1429 1616 1486 1651 60.
1519 1614 1712 1657 insinunio

211 1668 375 1706 surrepat
398 1661 500 1696 annis
524 1663 568 1700 ib,
592 1662 651 1695 42.
676 1659 726 1694 ita
750 1666 956 1704 surrepetur
984 1662 1103 1694 animo
1127 1661 1254 1704 judicis
1277 1660 1314 1704 4,
1339 1662 1372 1705 5,
1398 1664 1458 1696 20.

165 1707 374 1764 surripio·
421 1718 462 1763 1)
489 1721 644 1763 proprie.-
679 1718 870 1762 pecuniam
893 1738 940 1744 —
963 1718 1163 1763 surripuisti
1188 1721 1230 1762 5,
1257 1722 1323 1761 10,
1348 1719 1404 1757 66.
1431 1720 1503 1754 duo
1527 1718 1711 1764 surripuef-

210 1772 294 1799 runt
319 1765 454 1810 pariter
478 1766 604 1799 decem
627 1764 737 1798 millia
760 1768 795 1807 7,
822 1765 856 1806 6,
888 1767 933 1807 2;
964 1776 1041 1799 rem
1065 1776 1204 1798 sacram
1229 1766 1282 1799 de
1307 1766 1440 1809 templo
1467 1765 1710 1810 surripere‘7,

211 1815 251 1855 3,
277 1815 334 1846 10.
371 1811 417 1853 cs.
440 1814 497 1845 21.
533 1810 615 1856 quia
641 1811 693 1844 de
716 1811 851 1854 templo
875 1817 1038 1855 surrepta
1063 1812 1110 1844 sit
1138 1811 1290 1855 pecunia
1315 1814 1357 1846 ib.
1386 1814 1445 1845 22.
1494 1811 1547 1855 11)
1572 1816 1709 1847 transm

211 1859 391 1901 surripere
416 1859 510 1891 hanc
534 1857 869 1904 transgressionem,
894 1862 930 1890 et
950 1857 1106 1901 judicem
1126 1858 1255 1892 fallere
1272 1857 1308 1901 4,
1334 1861 1368 1902 1,
1392 1859 1439 1894 78
1456 1859 1505 1892 Ν.
1531 1868 1603 1903 quo
1624 1858 1710 1893 loco

211 1904 312 1949 quasi
335 1904 580 1948 surripiendus
604 1910 659 1938 est
682 1902 854 1948 (spiritus)
879 1906 936 1947 11,
961 1905 997 1948 3,
1023 1904 1081 1939 39.

166 1949 360 1991 Sursum.
408 1973 442 1995 v.
466 1962 501 1994 D
514 1972 534 1995 e
547 1971 722 1995 orsum.

165 2017 263 2060 Sus.
308 2029 387 2074 quis
411 2039 478 2063 nos
502 2030 616 2072 ferat,
649 2029 682 2063 si
706 2028 858 2063 Verrem
884 2039 985 2063 suem
1007 2026 1260 2062 nominemus?
1285 2029 1331 2071 ὃ,
1355 2028 1400 2071 6,
1424 2029 1482 2063 37.

166 2085 379 2141 Suscipio.
413 2099 446 2142 Ι)
471 2100 623 2142 proprie:
653 2097 852 2140 cicatrices,
878 2108 964 2142 quas
987 2096 1018 2131 is
1046 2106 1113 2142 pto
1138 2095 1251 2140 patria
1275 2101 1423 2140 pectore
1447 2097 1603 2132 advemo
1629 2107 1709 2131 sus-

212 2145 366 2188 cepisset
389 2146 424 2186 2,
452 2145 508 2187 15,
535 2147 571 2179 7.
599 2156 633 2177 v.
660 2143 892 2182 Cicatrix.
957 2142 1009 2186 ΙΙ)
1031 2145 1147 2176 transl.
1175 2141 1214 2183 α)
1238 2143 1322 2176 ideo
1348 2154 1368 2176 a
1395 2154 1434 2177 se
1459 2142 1602 2187 parasiti
1625 2154 1708 2188 per-

212 2201 335 2224 sonam
355 2202 435 2225 esse
456 2195 656 2234 susceptam
678 2188 712 2229 4,
731 2193 766 2234 2,
786 2191 850 2232 95;
877 2190 921 2223 ad
949 2200 1069 2223 curam
1093 2188 1205 2222 semel
1230 2194 1475 2232 susceptorum
1499 2189 1710 2224 adolescen-

210 2237 298 2270 tium
323 2240 379 2280 11,
407 2239 438 2279 1,
464 2238 521 2271 55.
547 2243 730 2280 susceptos
758 2248 778 2270 a
803 2247 841 2270 se
869 2235 1062 2280 discipulos
1084 2237 1130 2276 2,
1155 2234 1195 2276 5,
1223 2238 1254 2267 1.
1281 2234 1440 2284 litigator
1462 2237 1647 2279 susceptus
1671 2238 1710 2279 2,

213 2286 278 2326 12,
302 2282 337 2320 4.
373 2283 433 2327 qui
466 2289 602 2317 temere
637 2288 811 2316 nocentes
846 2293 929 2315 reos
962 2280 1159 2324 susciperet
1184 2283 1250 2322 11,
1276 2282 1317 2323 1,
1345 2279 1410 2326 743
1447 2280 1479 2315 si
1507 2281 1709 2316 docendum

210 2328 473 2373 pancratiasten
500 2329 697 2372 susceperit
718 2331 762 2371 2,
785 2329 831 2371 8,
857 2330 912 2362 13.
945 2338 1034 2372 quos
1068 2326 1283 2360 erudiendos
1315 2326 1513 2371 susceperit
1547 2330 1591 2363 ib.
1620 2330 1652 2362 1.
1671 2327 1710 2361 ·si

212 2377 383 2410 tuendum
407 2375 605 2419 susceperit
633 2374 757 2418 (reum)
784 2377 839 2416 12,
866 2378 898 2416 1,
923 2372 980 2407 40.
1037 2372 1081 2416 β)
1108 2372 1324 2416 suscipiendi
1349 2373 1513 2416 (causam)
1537 2373 1629 2408 ratio
1651 2373 1712 2417 iu-

213 2421 366 2455 stissima
399 2424 467 2464 12,
495 2423 538 2464 9,
568 2425 603 2456 7.
637 2427 760 2455 orator
791 2421 884 2454 bene
917 2418 1084 2462 suscipiat
1111 2420 1182 2453 tale
1207 2430 1335 2454 causae
1362 2430 1474 2466 genus
1498 2422 1563 2462 12,
1591 2423 1609 2453 1
1625 2445 1636 2461 ,
1662 2420 1709 2454 39

212 2479 246 2500 v.
271 2470 329 2501 Re
341 2467 483 2512 cipio.
523 2467 686 2506 Causa.
725 2467 922 2510 suscepisse
945 2464 1147 2499 inimicitias
1174 2465 1209 2509 6,
1236 2467 1269 2507 1,
1293 2468 1350 2499 22.
1381 2465 1591 2509 gravissima
1613 2464 1710 2508 judi-

212 2512 266 2545 cia
294 2510 613 2558 susceperint‘12,
638 2513 680 2556 6,
706 2516 737 2547 1.
763 2523 834 2557 quo
858 2512 975 2546 minus
999 2517 1201 2555 susceptam
1224 2511 1322 2545 litem
1346 2510 1496 2545 dimittat
1521 2513 1588 2554 12,
1611 2513 1647 2553 7,
1670 2510 1707 2545 6.

214 2559 258 2591 ad
285 2559 527 2603 suscipiendas
552 2561 810 2594 elementorum
835 2557 1016 2592 molestias
1037 2560 1072 2599 2,
1097 2560 1131 2600 3,
1159 2560 1192 2590 1.
1218 2569 1322 2602 quam
1345 2556 1510 2600 (moriem)
1528 2561 1709 2600 praestan-

212 2603 350 2637 tissimo
385 2606 541 2649 suscepit
576 2605 695 2639 animo
723 2608 786 2648 12,
814 2608 852 2648 1,
879 2607 935 2639 17.
972 2608 1206 2647 susceperunt
1240 2603 1386 2649 negotia
1418 2606 1484 2646 12,
1509 2603 1551 2645 9,
1580 2603 1614 2636 8.
1645 2602 1708 2636 ille

213 2650 427 2692 suscepisset
452 2652 522 2685 hoc
547 2652 706 2686 officium
735 2654 768 2693 1,
794 2654 828 2692 1,
852 2652 908 2684 23.
937 2651 1015 2694 plus
1040 2661 1144 2693 qnam
1167 2649 1416 2693 imponebatur
1438 2647 1558 2682 oneris
1580 2653 1708 2691 sponte

214 2695 356 2739 suscepi
381 2697 439 2731 Pr.
454 2699 487 2731 3.
512 2697 558 2738 cf.
586 2701 644 2742 10,
669 2701 704 2742 2,
730 2698 787 2733 18.
809 2696 847 2730 in
871 2695 1106 2741 suscipiendis
1130 2695 1298 2740 periculis
1322 2697 1379 2738 12,
1404 2697 1438 2738 1,
1466 2697 1509 2729 17
1543 2706 1575 2728 υ.
1598 2694 1708 2729 Pro-
