1728 3002
716 172 1009 234 Deprehendo
1554 170 1643 215 211

145 291 308 341 litigator
324 288 605 324 destitutus
629 299 710 325 esse
731 289 897 325 videatur
922 289 979 333 10,
1005 290 1042 331 7,
1069 287 1129 323 29.
1156 295 1337 332 nunquam
1369 294 1648 330 oppressum

150 350 192 374 se
225 349 270 373 ac
299 336 637 380 deprehensum
669 338 791 371 credet
823 342 969 378 orator,
1002 334 1061 369 cui
1087 332 1275 377 disciplina
1298 339 1358 366 etc.
1386 331 1525 366 dederit
1547 330 1649 367 vires

151 384 260 421 etiam
286 381 468 418 facilitatis
495 385 559 425 12,
586 383 626 424 9,
653 383 712 417 20.
747 381 877 430 agendi
910 380 1027 415 subita
1054 379 1268 415 necessitate
1294 377 1506 422 deprehunsi
1533 380 1651 426 1,-12,

150 431 177 467 4
235 429 276 474 b)
303 431 462 472 imprimis
485 431 517 461 in
544 430 750 462 criminatus.-
775 427 836 473 qui
860 434 967 462 nocte
992 427 1091 461 ferro
1111 427 1355 470 deprehensus
1373 425 1481 458 fuerit
1503 427 1539 465 7,
1560 426 1596 464 6,
1615 424 1651 458 8.

87 519 90 523 ⁴
150 487 234 512 oum
260 486 319 510 res
342 473 477 508 furtiva
499 473 537 508 iu
564 475 671 508 domo
697 475 920 519 deprehensa
945 473 990 507 sit
1015 475 1049 515 5,
1075 475 1130 515 13,
1155 472 1221 514 493
1249 471 1471 515 deprehensa
1490 471 1652 504 adultera

153 525 190 566 3,
215 525 272 564 11,
294 524 328 556 7.
358 520 582 566 sacrilegium
599 521 878 564 deprehensum,
906 530 979 554 non
998 519 1124 554 sacrile
1161 530 1207 552 un
1232 516 1443 560 (translatio)
1469 517 1505 557 8,
1538 517 1574 559 6,
1592 516 1652 550 26.

158 568 402 613 deprehensus
425 566 470 600 in
495 567 655 611 lupanari
670 570 703 604 7.
723 569 758 610 3,
776 569 810 602 6.
827 568 862 603 9.
894 567 992 610 depr.
1022 565 1069 600 in
1097 577 1118 599 a
1145 564 1273 598 ulterio
1287 564 1323 606 6,
1340 565 1375 604 3,
1395 564 1453 598 87.
1477 563 1513 606 9,
1526 565 1568 602 ’2,
1590 561 1651 596 42.

209 613 259 655 11)
282 617 398 647 transl.
452 611 495 656 ι)
519 615 542 647 ἰ.
573 626 604 658 q.
634 615 834 656 invenio,
866 614 1028 646 interdum
1046 614 1068 646 ι’.
1089 625 1122 658 q.
1146 609 1370 653 ossendor-
1407 610 1444 651 a)
1470 621 1500 642 c.
1524 611 1652 642 Aecus.

154 665 196 695 ut
223 670 268 695 ea
296 657 426 703 (salsa)
461 658 602 692 facilius
632 664 669 693 et
701 659 1111 704 deprehendamus
1143 662 1181 692 et
1213 656 1493 691 refellamus
1527 657 1583 696 12,
1617 656 1650 696 1,

157 705 216 742 34.
258 715 412 750 quonum
435 705 685 749 deprehendet
713 706 879 759 exempla
902 705 939 747 8,
961 705 1007 747 6,
1033 703 1090 739 16.
1114 713 1268 748 quornm
1291 701 1469 736 inscitiam
1492 711 1551 735 res
1575 700 1655 745 ipsa

158 752 403 797 deprehendet
425 752 465 794 3,
488 752 532 793 6,
559 754 591 785 1.
619 751 795 795 inspectio
822 762 898 796 ipsa
921 761 1028 795 saepe
1053 749 1158 784 etiam
1183 749 1273 782 falsa
1296 747 1530 792 deprehendit
1557 747 1592 789 5,
1617 748 1655 790 5,

160 800 197 832 2.
220 803 260 831 ut
276 808 334 832 me
351 807 425 831 non
444 796 610 830 lacrimae
633 799 761 840 solum,
786 800 848 832 sed
868 798 985 842 pallor
1008 801 1044 830 et
1066 795 1147 830 veri
1172 794 1297 829 similis
1321 794 1428 828 dolor
1452 793 1655 838 deprehen-

159 845 287 879 derent
308 843 354 887 6,
376 847 424 886 2,
447 845 503 877 36.
538 844 800 887 deprehendat,
836 855 926 888 quae
951 843 1123 884 barbara,
1151 852 1241 886 quae
1265 838 1459 884 impropria
1485 847 1547 873 etc.
1574 843 1657 873 sunt

160 893 197 934 1,
221 891 258 934 8,
287 891 342 924 13.
367 888 507 923 stabilia
529 890 738 933 probant,
763 891 888 924 clauda
914 888 1276 933 deprehendant
1302 885 1438 930 (aures)
1457 886 1494 928 9,
1511 885 1546 927 4,
1567 885 1655 927 1163

155 940 282 971 *Passa
315 936 386 969 hoc
409 935 635 968 manifestum
659 941 733 978 est,
769 936 949 979 quomodo
983 934 1139 977 judicem
1172 932 1436 973 fefellerit,
1469 932 1566 975 quod
1589 930 1659 965 vix

162 994 185 1017 a
208 983 344 1016 lectore
375 981 752 1024 deprehenditur
773 983 808 1024 4,
836 985 870 1024 2,
895 983 940 1016 59
961 983 998 1015 S.
1037 979 1220 1014 dissimilia
1257 978 1308 1012 sic
1340 978 1659 1022 deprehenduntur

163 1030 204 1071 5,
230 1030 294 1070 11,
319 1029 375 1061 33.
416 1027 641 1070 deprehensa
671 1027 802 1062 totiens
833 1027 1051 1061 audientium
1084 1024 1255 1060 memoria
1277 1024 1409 1058 infelix
1433 1024 1598 1068 supellex
1621 1026 1659 1066 2,

163 1072 200 1117 4,
226 1074 284 1109 29.
315 1074 454 1116 culpam
485 1072 692 1116 praesertim
722 1075 981 1117 deprehensam
1015 1073 1056 1114 6,
1082 1071 1128 1115 4,
1157 1071 1212 1106 14.
1246 1071 1343 1115 quod
1369 1069 1489 1104 omnia
1518 1071 1658 1103 scelera
1702 1065 1706 1078 ⁸

163 1119 205 1154 in
238 1120 352 1152 malos
379 1119 521 1160 cadant,
553 1119 706 1164 ideoque
741 1120 882 1164 saepius
906 1119 1128 1163 deprehensa
1154 1117 1226 1151 sint
1250 1120 1292 1159 7,
1326 1119 1369 1156 2,
1405 1118 1462 1150 31.
1507 1115 1660 1150 consilia

165 1166 371 1206 lateant,
402 1170 439 1198 et
460 1164 650 1209 quidquid,
674 1165 705 1199 si
728 1165 1122 1209 deprehenditur,
1149 1163 1242 1207 perit
1268 1166 1336 1204 12,
1361 1164 1406 1204 9,
1434 1163 1473 1204 53
1522 1160 1558 1204 b)
1583 1162 1659 1205 adj.

169 1223 250 1245 casu
274 1211 468 1244 Praedicau·
492 1218 550 1243 aut
573 1214 699 1244 Aecus.
730 1224 759 1244 c.
786 1210 876 1252 Ins..·
911 1212 1001 1244 falsa
1037 1220 1182 1255 quoque
1214 1208 1314 1244 veris
1348 1207 1476 1241 similia
1511 1217 1664 1254 geome-

167 1257 236 1292 tria
257 1255 397 1291 ratione
421 1256 656 1300 deprehendit
682 1260 717 1300 1,
746 1259 802 1299 10,
826 1259 881 1293 39.
910 1268 992 1291 cum
1014 1256 1053 1290 in
1072 1256 1226 1290 dicendo
1241 1255 1310 1288 alia
1333 1255 1456 1297 utilia,
1483 1255 1552 1288 alia
1576 1254 1662 1287 inu-

166 1302 244 1337 titis
267 1302 575 1347 deprehenderent
626 1305 661 1346 3,
686 1306 722 1346 2,
750 1305 783 1338 3.
803 1303 854 1337 sic
875 1314 989 1348 prope
1011 1302 1289 1337 innumerabiles
1313 1301 1453 1345 species
1477 1300 1663 1345 reperi-

167 1353 322 1383 untur:
356 1347 449 1382 sicut
487 1354 655 1400 quattuor
684 1355 815 1384 ventos
841 1361 862 1384 a
893 1350 1043 1384 totidem
1076 1348 1199 1382 mundi
1232 1347 1434 1381 cardinibus
1459 1346 1662 1391 accepimus

166 1395 274 1438 flare,
298 1405 380 1428 cum
407 1394 550 1428 interim
573 1395 715 1439 plurimi
738 1395 846 1430 medii
865 1406 990 1430 eorum
1013 1415 1060 1421 -—
1082 1394 1488 1439 deprehenduntur
1514 1396 1569 1436 12,
1601 1394 1662 1435 10,

166 1441 224 1477 67.
250 1451 341 1485 quae
363 1438 540 1483 (actiones)
568 1441 792 1486 praecipites,
815 1442 1018 1476 invidiosae
1034 1449 1096 1475 etc.
1115 1441 1431 1485 deprehenduntur
1454 1441 1488 1482 5,
1514 1441 1573 1481 13,
1600 1441 1665 1482 21,

166 1492 327 1523 vestrum
354 1487 424 1530 jam
450 1486 510 1520 hio
537 1488 673 1521 fuctum
697 1489 997 1533 deprehenditur,
1026 1498 1101 1522 non
1125 1498 1245 1521 meum
1273 1490 1353 1520 Cic.
1380 1487 1424 1528 9,
1455 1487 1496 1527 3,
1520 1487 1588 1527 403
1622 1490 1663 1518 ut

167 1533 454 1577 deprehendatur
476 1532 607 1568 vitiose
630 1534 732 1579 loqui
759 1538 792 1578 1,
810 1535 845 1569 6.
865 1538 899 1569 7.
942 1534 1082 1578 species
1104 1544 1195 1568 vero
1217 1531 1421 1578 diligentius
1451 1530 1666 1565 intuenti

167 1578 330 1614 diversas
354 1589 434 1614 esse
458 1578 566 1614 facile
594 1585 648 1614 est
677 1581 1037 1624 deprehendere
1058 1581 1095 1621 9,
1119 1582 1155 1622 2,
1180 1578 1239 1613 44.
1287 1578 1321 1621 c)
1348 1579 1421 1622 adj.
1444 1580 1590 1611 Ablat..·
1618 1588 1664 1611 ea

167 1635 279 1668 vero,
315 1636 406 1669 quae
437 1631 519 1659 suut
551 1626 749 1670 praesentis
787 1628 980 1671 temporis,
1011 1626 1042 1660 si
1079 1636 1155 1660 nou
1179 1624 1395 1672 argumentis
1409 1649 1421 1666 ,
1453 1625 1518 1657 sed
1546 1622 1665 1658 oculis

168 1671 469 1715 deprehendenda
490 1678 572 1706 sunt
594 1675 638 1716 7,
662 1672 708 1715 2,
734 1672 771 1706 4.
810 1672 943 1717 alioqui
971 1678 1091 1706 tumor
1117 1671 1180 1706 ille
1202 1670 1320 1705 inanis
1346 1670 1463 1714 primo
1489 1670 1665 1714 cujusque

142 1749 147 1754 ,
168 1717 252 1753 veri
276 1717 398 1761 operis
422 1724 556 1752 conatu
585 1719 873 1762 deprehendetur
896 1722 940 1763 2,
970 1721 1027 1762 10,
1052 1722 1086 1753 7.
1130 1718 1227 1763 quod
1253 1723 1289 1751 et
1313 1718 1417 1751 vultu
1442 1716 1665 1760 saepissime,

171 1769 210 1798 et
231 1762 423 1808 aliquando
448 1763 544 1798 dicto
568 1764 687 1808 aliquo
710 1766 855 1800 factove
882 1765 959 1807 ejus
985 1766 1148 1809 (judicis)
1176 1763 1455 1808 deprehenditur
1480 1763 1516 1806 6,
1541 1761 1577 1805 4,
1603 1763 1663 1797 19.

171 1810 269 1853 quod
299 1809 486 1843 cotidianis
515 1810 770 1854 experimentis
809 1811 1088 1856 deprehenditur
1119 1813 1184 1854 11,
1215 1813 1260 1850 2,
1292 1810 1338 1843 42
1377 1808 1421 1850 ff.
1459 1811 1498 1849 1,
1526 1810 1591 1851 12,
1628 1808 1666 1842 8.

172 1865 315 1898 semper
348 1855 514 1890 habuisse
541 1867 624 1890 eum
657 1857 834 1900 animum,
874 1857 934 1902 qui
967 1857 1013 1891 sit
1037 1863 1170 1892 eventu
1194 1856 1439 1900 deprehensus
1465 1853 1508 1898 4,
1537 1857 1580 1897 2,
1604 1852 1664 1888 74.

173 1900 391 1945 negligentia
419 1902 666 1937 collocationis
696 1903 775 1947 ipsa
811 1905 1006 1938 verborum
1038 1905 1120 1937 luce
1152 1901 1433 1946 deprehenditur
1460 1902 1504 1941 9,
1534 1899 1578 1942 4,
1610 1900 1668 1933 15.

173 1946 378 1979 animalium
408 1947 564 1982 adulatio
598 1956 661 1982 etc.
689 1955 726 1983 et
753 1950 867 1983 oculis
894 1955 930 1983 et
954 1949 1117 1993 quibusd.
1150 1948 1229 1982 aliis
1262 1948 1372 1993 signis
1403 1946 1567 1990 corporis
1600 1946 1668 1978 de-

173 1991 407 2036 prehenditur
433 1995 491 2034 11,
515 1995 550 2035 3,
573 1994 631 2028 66.
667 2006 738 2038 qua
765 1990 1090 2040 (ὄμυιολογίᾳ)
1112 1994 1267 2027 maxime
1293 1991 1572 2037 deprehenditur
1606 2002 1669 2024 ca-

172 2048 258 2071 rens
284 2042 359 2070 arte
382 2037 540 2072 oratoria
565 2039 612 2080 8,
639 2041 683 2082 3,
708 2042 764 2074 52.
791 2051 859 2074 nec
883 2040 954 2074 alio
983 2051 1022 2074 se
1048 2040 1086 2073 id
1109 2038 1409 2083 deprehendisse,
1434 2049 1540 2082 quam
1569 2037 1669 2080 quod

175 2091 238 2117 etc.
264 2083 308 2125 8,
337 2085 377 2125 1,
401 2085 436 2117 2.
483 2083 524 2125 d)
558 2085 629 2126 adj.
663 2087 726 2118 in.-
760 2085 978 2129 comparatio
1006 2085 1054 2118 in
1082 2085 1286 2118 nominibus
1311 2090 1369 2117 aut
1398 2094 1510 2130 genus
1538 2083 1671 2126 depre-

173 2128 299 2163 hendit
331 2134 391 2162 aut
422 2129 697 2163 declinationem
733 2133 750 2164 1
768 2156 779 2172 ,
805 2132 851 2172 6,
879 2133 914 2165 5.
952 2132 1083 2164 elatum
1109 2131 1271 2174 spiritum
1298 2130 1544 2173 deprehendas
1568 2134 1605 2162 et
1629 2127 1670 2162 ‘m

173 2174 240 2218 iis,
271 2185 363 2219 quae
393 2182 456 2208 etc.
483 2177 547 2217 10,
574 2178 616 2219 1,
639 2174 717 2209 104.
748 2176 865 2210 Pollio
889 2175 1123 2220 deprehendit
1145 2176 1182 2208 in
1206 2175 1312 2209 Livio
1336 2174 1606 2209 Patavinitatem
1632 2177 1668 2217 1,
1690 2186 1693 2194 ¹

176 2223 220 2264 5,
254 2222 309 2255 56.
339 2219 384 2261 cf.
421 2222 465 2263 3,
489 2221 533 2263 8,
557 2221 622 2263 69,
654 2221 685 2255 si
715 2233 796 2265 pars
823 2221 1003 2265 posterior
1026 2221 1065 2255 in
1089 2222 1247 2254 clausula
1271 2221 1580 2265 deprehendatur,
1608 2226 1671 2254 aut

176 2277 300 2302 rursus
319 2265 418 2310 prior
443 2265 482 2299 in
506 2266 670 2313 ingressu
694 2268 731 2310 9,
753 2266 791 2308 4,
813 2270 871 2302 72.
899 2266 1015 2311 [quasi
1042 2266 1181 2301 numeri
1204 2277 1279 2300 non
1301 2267 1434 2300 fuerint
1457 2266 1495 2300 in
1519 2277 1670 2310 compo-

177 2312 308 2347 sitione
327 2312 540 2356 deprehensi
567 2315 610 2346 ib.
627 2312 707 2350 114.
724 2325 757 2347 v.
779 2312 840 2347 Co
852 2324 972 2357 mpos
983 2311 1102 2356 iti0.]
1128 2313 1217 2347 haec
1237 2312 1307 2346 nisi
1321 2313 1359 2346 in
1377 2312 1456 2357 ipso
1473 2314 1669 2357 complexu

175 2369 374 2400 causartun,
391 2368 464 2392 non
481 2359 795 2403 deprehenduntur
807 2362 842 2402 7,
855 2362 889 2399 2,
899 2361 954 2394 57.
978 2358 1024 2399 cs.
1035 2360 1070 2399 9,
1082 2361 1117 2401 3,
1127 2359 1187 2393 78.
1203 2358 1243 2392 id
1260 2359 1446 2402 (dissimile)
1466 2358 1504 2392 in
1515 2359 1595 2402 jure
1612 2359 1673 2393 fa-

177 2403 246 2438 cile
261 2405 538 2447 deprehenditur
549 2406 583 2448 5,
596 2407 652 2448 13,
665 2407 722 2439 23.
745 2405 846 2450 quasi
860 2406 954 2438 ullus
970 2410 1067 2439 esset
1079 2403 1188 2449 (pes),
1205 2416 1312 2449 quem
1325 2415 1400 2439 non
1411 2405 1456 2438 sit
1470 2416 1619 2440 neeesse
1631 2404 1671 2438 iu

176 2449 340 2484 oratione
350 2450 611 2494 deprehendi9,
620 2451 657 2494 4,
665 2453 724 2486 87.
745 2462 827 2485 cum
840 2452 933 2496 apud
943 2451 1150 2485 Graecoset
1161 2449 1314 2486 inverbi
1328 2457 1403 2485 tota
1414 2451 1567 2493 ratione,
1585 2458 1619 2485 et
1632 2451 1672 2485 iu

128 2541 131 2543 ι
175 2495 378 2529 nominibus
391 2497 677 2540 deprehendatur
690 2497 825 2541 (duale)
842 2501 876 2540 1,
890 2499 924 2540 5,
935 2495 992 2531 42.
1017 2496 1058 2530 in
1073 2507 1144 2541 qua
1161 2497 1379 2540 (urbanitate)
1396 2497 1673 2531 nihilabsonum

177 2549 239 2576 etc.
268 2541 488 2585 deprehendi
510 2542 562 2583 (a.
591 2547 613 2577 l.
638 2543 828 2588 deprendi)
852 2544 888 2586 6,
913 2545 947 2585 3,
977 2545 1057 2578 107.
1082 2543 1121 2576 in
1145 2542 1294 2578 medicis
1315 2554 1471 2586 venena,
1497 2549 1533 2577 et
1555 2543 1673 2585 iniis,

177 2586 241 2640 qui
261 2587 558 2632 philosophorum
578 2589 725 2624 nomine
746 2590 841 2624 male
863 2594 1033 2633 utuntur,
1058 2587 1270 2635 gravissima
1291 2600 1551 2634 nonnunquam
1568 2588 1675 2636 flagi-

179 2637 230 2666 tia
259 2634 483 2677 deprehensa
516 2639 599 2668 sunt
620 2638 662 2678 2,
702 2636 770 2677 16,
798 2635 832 2670 5.
890 2636 928 2677 e)
966 2637 1037 2668 alia
1058 2638 1223 2679 Praepos.
1255 2636 1347 2677 adfl:
1374 2635 1412 2669 id
1438 2646 1525 2679 per
1545 2644 1679 2670 omnes

178 2678 352 2713 orationis
375 2685 493 2724 partes
515 2680 812 2724 deprehendimus
839 2683 872 2724 1,
898 2682 932 2724 5,
955 2680 1026 2722 413
1053 2681 1268 2726 exquisitam
1295 2682 1445 2729 figuram
1470 2682 1679 2725 deprehen-

182 2724 278 2758 disse
301 2723 355 2767 (ιι.
374 2730 396 2758 t.
412 2724 523 2770 repr.)
551 2727 670 2770 apud
691 2727 885 2761 Pindarum
900 2728 937 2770 8,
950 2727 986 2770 6,
1001 2728 1059 2762 71.
1083 2738 1149 2771 ap.
1171 2727 1385 2763 Ciceronem
1397 2727 1678 2771 deprehenditur

184 2771 224 2814 9,
246 2772 281 2814 3,
302 2769 373 2814 403
407 2772 481 2816 qui,
515 2771 547 2806 si
570 2772 649 2817 quis
673 2779 745 2816 est,
774 2773 912 2808 intra
937 2771 1071 2818 primos
1094 2773 1214 2810 statim
1235 2784 1365 2810 versu
1388 2773 1676 2818 deprehendam!
