1728 3002
72 150 93 174 ιι

0 183 7 232 ζ
69 224 76 227 .
701 176 744 220 Is
1396 182 1480 223 4⁵7

0 233 10 259 Ι

6 290 9 294 ’
75 294 112 331 di
135 295 240 330 datur
264 296 299 338 6,
324 295 358 336 3,
381 295 424 329 81
451 294 518 336 Ν.;
548 293 588 326 ὶιι
611 293 818 326 citando.-
850 292 894 326 Id
910 290 1028 335 enim,
1054 291 1303 326 Ocallidoe
1334 291 1480 333 bomi-

0 381 2 384 y
37 353 104 385 es,
139 341 337 385 perfectum
360 345 427 373 est.
460 340 497 382 9,
518 337 555 380 4,
579 340 658 373 123.
683 338 718 372 id
741 337 840 372 sibi
873 341 909 380 7,
931 339 968 379 9,
993 341 1047 371 12.
1072 338 1172 379 cuius
1194 342 1249 371 est
1272 337 1414 383 generis
1437 337 1483 371 id

0 383 222 434 augusti:
245 388 325 429 6,3,
338 386 435 428 59;ο.
457 385 625 429 Annam.-
659 384 706 417 Id
725 389 841 418 autem
864 383 1126 419 universum
1150 382 1487 428 verbiscomplecti-

2 431 84 469 mur
102 435 138 476 5,
161 434 217 474 10,
245 431 291 467 54
317 432 364 464 Ν.
393 431 488 475 quod
513 429 611 464 libris
635 429 1077 474 Sibyllinis—dominatio
1101 429 1295 463 daritrihus
1307 428 1484 464 Corneliis

0 478 210 522 dicebatur,
239 488 349 522 seque
373 487 469 511 eum
490 475 688 510 tertium
714 487 792 510 esse
824 476 987 510 credebat
1011 473 1216 518 (Lentulus)
1239 482 1319 519 post
1349 475 1484 511 Sullam

4 523 227 568 Cinnamque
249 525 292 557 ib.
315 524 372 557 30.
419 527 617 566 antequam,
644 533 739 566 quae
763 521 893 565 cuique
917 521 970 555 rei
995 522 1106 568 figura
1129 521 1333 564 conveniat,
1360 527 1483 556 osten-

3 570 75 613 do,
104 569 293 603 dicendum
320 573 394 611 est,
429 576 653 612 nequaquam
676 579 754 601 eas
781 567 844 611 (a.
868 572 890 602 l.
913 566 999 609 om.)
1030 578 1108 601 esse
1143 573 1213 601 tam
1250 568 1420 601 multas
1446 570 1483 611 9,

5 619 42 658 1,
66 617 124 649 22.
151 614 219 650 ei·
246 613 465 658 utrisque
498 624 553 658 ap.
578 618 614 648 te
634 613 788 657 judicem
821 612 1038 657 periclitatur
1069 615 1223 647 Domii.
1257 614 1300 654 9,
1332 611 1379 655 4,
1413 615 1483 656 313

3 661 127 696 Ναίν.
151 663 176 695 ἰ.
198 673 229 705 q.
254 671 305 696 ea
328 672 417 699 tes.-
451 660 591 703 Itaque,
622 660 719 703 quod
742 658 787 692 in
812 669 867 693 eo
900 658 1074 692 incertum
1094 664 1172 700 est,
1202 669 1286 692 cura
1309 664 1345 693 et
1365 659 1484 703 inqui-

5 705 135 740 tilione
158 715 249 749 oput
277 711 331 739 est
360 712 420 739 eto.
445 705 479 746 5,
507 707 543 747 ⁷,
576 705 621 739 23
654 706 725 747 M3
766 706 878 738 eodem
900 703 979 746 sere
996 707 1166 747 -pertr'nete
1205 703 1379 739 Vitium
1408 715 1482 739 non

4 762 114 785 unum
137 761 260 796 genus.
282 770 328 776 —
349 750 541 794 Praecipua
564 755 682 784 tamen
705 752 806 794 ejus
829 761 938 795 opera
964 746 1124 784 δείνωσις
1155 749 1194 784 in
1233 752 1484 797 exaggeranda

0 794 214 844 'indignitate
240 803 309 831 etc.
327 797 363 839 8,
390 798 427 839 3,
450 797 496 831 88
522 797 570 830 Ν.
595 808 628 830 v.
657 795 748 838 insta
772 797 834 834 111,
882 795 926 841 β)
951 798 972 828 ι’.
998 809 1028 840 q.
1052 797 1182 828 talis.-
1214 807 1296 830 nam
1319 808 1363 830 ea
1385 807 1482 831 nunc

4 841 121 879 virtus
143 848 198 877 est
218 845 255 886 7,
280 845 313 884 1,
339 840 398 876 44.
443 853 523 876 cum
546 842 589 875 ad
626 852 704 876 eam
736 840 796 886 (a.
823 845 846 876 1.
876 841 963 882 om.)
998 840 1305 884 amplificationem
1335 842 1483 877 veneri-

4 899 85 922 mus
106 889 143 929 6,
167 890 202 930 2,
225 889 271 922 23
294 888 364 930 N.,·
396 898 444 921 ea
466 898 631 921 mensura
654 888 759 921 ducta
783 886 822 921 in
853 886 1085 920 minutionem
1122 897 1240 921 rerum
1281 888 1323 931 6,
1358 889 1404 931 3,
1436 889 1483 923 52

5 933 56 967 Ν.
81 943 135 967 ea
156 938 210 966 est
231 932 420 975 facundia,
454 938 583 966 tanta
607 933 717 979 gratia
742 934 796 975 10,
828 935 861 975 1,
893 935 971 966 121.
1018 937 1150 966 tanta
1181 932 1220 966 in
1248 943 1293 967 eo
1323 932 1380 968 vis
1414 940 1493 978 est,

4 977 55 1013 id
78 988 249 1021 acumen,
283 989 334 1011 ea
357 977 549 1012 concitatio
574 980 618 1013 ib.
645 978 733 1019 1143
768 977 814 1011 id
835 977 986 1022 ipsum
1008 990 1040 1011 v.
1070 979 1173 1021 Ipse
1190 977 1242 1021 11)
1267 991 1302 1023 y.

1 1066 3 1069 ι
67 1039 70 1043 ,
95 1021 144 1064 11)
166 1025 200 1056 in
222 1026 374 1056 transitu.
406 1023 447 1066 α)
472 1031 552 1057 cum
583 1023 875 1067 Aristophontem
905 1039 952 1046 —
980 1023 1233 1070 interrogasset
1268 1041 1316 1047 —
1348 1023 1482 1069 isque

4 1065 52 1103 id
71 1074 238 1115 negasset
260 1069 306 1111 5,
332 1071 395 1111 12,
426 1071 481 1103 10.
528 1068 675 1113 idque
698 1069 737 1102 fit
761 1074 860 1103 recte
889 1067 926 1112 4,
950 1071 994 1110 2.
1023 1070 1070 1104 29
1103 1071 1151 1103 Ν.
1182 1070 1326 1114 idque
1356 1071 1483 1105 vitium

4 1124 86 1148 esse
110 1114 285 1149 sublatum
310 1116 366 1156 10,
389 1116 424 1156 3,
446 1117 502 1148 22.
530 1113 575 1155 cs.
601 1115 636 1159 9,
660 1118 696 1156 2,
723 1117 799 1148 ιο2.
822 1116 880 1158 ιο,
905 1118 946 1157 ι,
969 1115 1026 1149 35.
1054 1117 1110 1157 10,
1131 1115 1167 1158 4,
1195 1117 1232 1149 3.
1268 1119 1324 1159 ιι,
1354 1119 1391 1160 2,
1426 1121 1484 1152 17.
1554 1151 1556 1154 ,

6 1162 65 1203 12,
86 1158 124 1202 7,
146 1159 181 1194 4.
206 1161 263 1202 12,
285 1160 320 1200 9,
349 1161 382 1194 5.
406 1160 471 1193 sed
497 1160 632 1193 dandus
661 1159 732 1194 illis
767 1160 985 1194 deformibus
1015 1162 1134 1202 color,
1171 1161 1314 1205 idque
1343 1162 1483 1197 etiam

3 1215 63 1250 ap.
86 1205 199 1239 malo·
220 1206 263 1248 3,
278 1205 314 1247 8,
339 1203 397 1239 44.
419 1204 564 1249 idque
589 1205 840 1239 admirantibus
863 1207 914 1244 (a.
938 1210 963 1239 l.
986 1211 1091 1249 atque
1120 1206 1157 1239 id
1188 1206 1285 1251 mir.)
1315 1208 1480 1251 quibusd.

3 1249 187 1294 respondit
210 1252 266 1293 12,
291 1253 325 1292 1,
346 1249 405 1284 43.
429 1250 536 1294 idque
560 1250 624 1294 (a.
647 1255 670 1285 1.
695 1250 732 1284 id
755 1249 876 1295 quod)
910 1256 987 1284 tum
1014 1252 1059 1284 ad
1090 1252 1293 1295 qualitatem
1331 1254 1484 1298 pertinet

3 1295 40 1338 5,
63 1296 117 1336 10,
139 1297 207 1337 52ς
236 1296 381 1339 'quue
403 1295 604 1330 faciendum
627 1302 724 1331 vetat
746 1297 799 1330 M.
825 1296 1004 1330 Antonius
1029 1300 1077 1339 7,
1101 1299 1143 1341 3,
1176 1299 1233 1333 16.
1278 1300 1421 1344 quue
1443 1301 1482 1334 in

0 1339 143 1388 maio
166 1340 342 1375 desiderat
367 1343 421 1383 11,
442 1343 478 1384 3,
504 1344 582 1376 123.
609 1341 654 1383 cs.
683 1342 718 1384 9,
744 1345 779 1384 2,
802 1342 861 1378 93.
886 1345 943 1384 ιο,
970 1345 1002 1385 ι,
1025 1343 1084 1377 67.
1110 1346 1166 1386 ιι,
1189 1346 1224 1386 3,
1260 1343 1339 1379 143.
1371 1345 1432 1389 (a.
1457 1351 1481 1385 ι,

2 1385 42 1421 id
70 1387 190 1430 quod)
213 1388 248 1431 9,
271 1389 308 1430 2,
332 1389 388 1422 55.
411 1387 448 1430 9,
470 1384 507 1431 4,
534 1388 590 1423 56.
635 1386 676 1431 β)
707 1390 740 1420 in
766 1390 983 1431 expzicando:
1017 1389 1217 1423 declamare
1230 1392 1347 1425 ‘modo
1370 1392 1483 1426 officii

3 1433 61 1474 nui
83 1432 236 1474 ducunt,
269 1431 416 1477 idque
442 1432 534 1467 intra
561 1433 811 1468 deliberativas
844 1433 1096 1478 iudicialesque
1119 1435 1284 1469 materias
1312 1440 1348 1480 2,
1382 1441 1415 1480 1,
1447 1441 1482 1473 2.

0 1475 53 1525 ff.
71 1479 129 1520 11,
154 1480 188 1520 1,
213 1478 275 1513 76.-
299 1480 355 1521 11,
378 1479 413 1520 3,
448 1481 527 1513 110.
574 1479 635 1523 qui
657 1478 752 1513 circa
784 1489 897 1514 voces
930 1486 1139 1514 senescunt:
1181 1480 1318 1525 idque
1347 1483 1483 1518 faciunt

0 1534 2 1538 ·
67 1522 117 1557 tia
144 1523 283 1557 decoris
305 1524 342 1567 8,
362 1524 420 1558 Pr.
448 1525 504 1558 18.
551 1535 631 1558 cum
657 1525 787 1567 fratre,
819 1535 972 1569 eoque
998 1525 1051 1559 sic
1073 1526 1201 1560 merito
1230 1530 1266 1570 7,
1301 1532 1334 1571 1,
1361 1528 1418 1564 45.
1443 1529 1483 1564 in

0 1532 74 1613 a
94 1568 318 1602 cunctatione
343 1575 424 1602 sunt
457 1571 629 1613 quaedam
662 1580 735 1604 non
764 1570 968 1604 indecentes
999 1582 1141 1615 morae,
1186 1579 1292 1617 caput
1324 1577 1484 1610 mulcere

4 1615 88 1652 istm:
113 1624 258 1658 eaque
279 1613 422 1657 diutius,
448 1615 479 1648 si
500 1616 610 1659 judex
634 1617 791 1649 nondum
814 1615 973 1650 intendet
997 1617 1152 1651 animlun
1180 1622 1235 1661 11,
1260 1621 1294 1661 3,
1333 1622 1411 1655 158.
1436 1621 1483 1662 cs.

2 1657 42 1702 9,
63 1658 100 1702 4,
123 1659 181 1695 95.
207 1665 248 1693 ut
269 1670 463 1704 quorum
485 1660 696 1704 (verborum)
721 1661 915 1695 certissima
939 1661 984 1696 sit
1005 1665 1128 1709 regula
1150 1663 1189 1696 in
1214 1666 1483 1709 consuetudine,

7 1709 157 1748 eaque
181 1715 256 1738 non
277 1715 342 1739 sua
369 1711 493 1740 natura
516 1706 588 1740 sint
610 1707 702 1740 bona
729 1712 789 1740 aut
810 1709 903 1740 mala
926 1710 982 1751 10,
1015 1711 1050 1750 2,
1079 1711 1123 1743 13
1153 1711 1223 1751 N.;
1255 1717 1396 1754 atque
1432 1724 1484 1747 ea

6 1749 165 1782 maxime
188 1749 375 1792 jucundam
397 1751 532 1786 facient
554 1751 750 1786 ora¹i0nem
774 1751 811 1794 4,
836 1755 872 1796 3,
897 1754 950 1787 15.
997 1765 1147 1798 neque
1177 1754 1221 1788 id
1251 1767 1335 1790 raro
1368 1759 1413 1799 4,
1446 1761 1481 1801 2,

9 1793 67 1827 26.
110 1793 192 1826 Non
220 1793 315 1828 enim
339 1805 459 1829 rerum
490 1798 618 1839 modo,
663 1798 727 1831 sed
758 1797 863 1831 eniam
890 1799 1083 1833 verborum
1114 1800 1275 1834 ordinem
1307 1809 1481 1845 praestat:

0 1847 94 1872 ,neo
117 1846 167 1871 en
188 1837 393 1890 (memoria)
417 1852 529 1884 pauca
553 1842 733 1885 contexit,
767 1844 830 1876 sed
852 1843 955 1877 durat
976 1855 1089 1888 prope
1112 1845 1149 1878 in
1168 1845 1342 1881 infinitum
1366 1851 1422 1891 11,
1445 1852 1480 1892 2,

6 1883 56 1925 85
88 1883 151 1934 Est
173 1889 210 1916 et
231 1885 331 1935 alius*
344 1894 392 1918 ex
413 1885 570 1919 historiis
591 1897 697 1930 usus,
728 1893 773 1921 et
794 1887 834 1922 is
856 1888 1038 1932 quidem
1071 1890 1247 1925 maximus
1282 1895 1337 1935 10,
1366 1897 1399 1936 1,
1422 1894 1481 1930 34.

7 1929 175 2008 ῃειιιιὸὲᾱ
198 1930 380 1973 quidem
402 1936 462 1964 aut
483 1931 567 1964 satis
591 1939 652 1965 etc.
678 1932 808 1966 dictum
832 1938 887 1967 est
907 1936 953 1968 ib.
984 1933 1020 1969 4.
1053 1935 1099 1976 cs.
1125 1935 1170 1979 4,
1208 1940 1254 1980 2,
1287 1939 1334 1972 60
1365 1943 1410 1973 Z.
1446 1941 1481 1984 5,

65 1999 77 2017 ⁹
100 2018 169 2061 111)
201 2031 267 2062 seq.
291 2021 402 2053 Relat.
448 2018 490 2063 a)
518 2014 631 2063 ἦθος,
661 2022 756 2064 quod
778 2021 1006 2069 intelligimus
1030 2044 1075 2049 —-
1098 2025 1143 2058 id
1165 2025 1250 2069 erit,
1278 2030 1392 2071 quod
1417 2038 1480 2068 etc.

8 2065 47 2108 6,
66 2066 173 2106 2513.
207 2063 238 2098 is
263 2064 490 2107 candidatus,
518 2065 578 2109 qui
603 2066 678 2099 coci
701 2066 792 2099 filius
815 2068 1011 2102 habebatur
1033 2070 1070 2111 6,
1084 2072 1119 2112 3,
1137 2069 1194 2105 47.
1242 2073 1290 2115 Is,
1315 2075 1376 2117 qui
1400 2077 1480 2111 hos

10 2109 232 2151 adhibuisse,
267 2114 304 2143 et
336 2108 394 2142 cui
428 2109 472 2142 id
494 2111 626 2144 factum
649 2111 778 2144 dicitur
798 2112 834 2154 6,
849 2115 883 2155 2,
902 2115 957 2148 53.
987 2113 1031 2154 cs:
1058 2118 1092 2158 7,
1117 2117 1152 2158 3,
1176 2116 1234 2151 36.
1268 2124 1308 2151 ut
1330 2119 1395 2164 id,
1425 2124 1479 2158 de

11 2165 102 2200 quo
115 2155 232 2195 Jnodo
255 2154 330 2188 dixi
343 2156 379 2197 8,
394 2154 428 2196 6,
448 2154 502 2188 14.
537 2155 680 2189 affectus
704 2156 868 2200 quidem,
891 2159 1080 2203 praecipue
1103 2171 1189 2204 eos,
1216 2163 1277 2206 qui
1300 2172 1381 2200 sunt
1400 2168 1479 2202 dul-

10 2201 128 2234 ciores
154 2202 210 2242 10,
237 2202 270 2242 1,
296 2201 373 2233 101.
406 2199 438 2233 is
460 2201 549 2243 erit,
574 2212 678 2244 quem
702 2202 923 2247 quaerimus,
946 2206 1126 2248 perfectus
1147 2213 1269 2242 orator
1293 2212 1349 2253 10,
1367 2215 1403 2256 2,
1421 2215 1478 2249 28.

12 2245 60 2280 sit
81 2250 203 2279 orator
224 2245 280 2290 is,
314 2245 374 2289 qui
402 2257 423 2279 a
446 2246 500 2280 Μ.
526 2245 661 2281 Catone
689 2248 808 2281 finitur
841 2252 903 2291 12,
931 2253 974 2292 1,
999 2254 1032 2283 1.
1078 2253 1315 2290 membrorum
1344 2257 1479 2294 inciso-

10 2301 161 2334 rumque
184 2291 346 2332 junctura
369 2301 441 2324 non
467 2302 509 2325 ea
534 2291 585 2335 (a.
611 2296 634 2325 1.
659 2293 723 2336 eo)
751 2294 859 2328 modo
892 2301 946 2329 est
977 2297 1214 2342 observanda,
1249 2312 1340 2345 quae
1370 2303 1430 2348 (a.
1454 2311 1477 2342 ι,

13 2335 105 2380 quo)
127 2336 318 2370 verborum
342 2338 376 2379 9,
398 2336 434 2378 4,
458 2336 516 2371 44.
541 2336 586 2379 cs.
613 2341 646 2380 1,
671 2342 704 2381 1,
726 2340 783 2372 32.
819 2343 851 2382 1,
876 2343 932 2383 10,
956 2341 990 2374 4.
1019 2340 1056 2386 4,
1079 2345 1113 2385 2,
1137 2344 1194 2379 81.
1228 2346 1264 2390 5,
1290 2350 1347 2391 11,
1371 2351 1406 2384 8.
1440 2353 1464 2386 8

11 2383 48 2423 3,
70 2382 128 2414 31.
149 2379 209 2415 64.
242 2381 284 2423 9,
306 2379 348 2423 4,
373 2382 453 2416 106.
489 2384 549 2426 ιο,
574 2386 607 2425 ι,
634 2385 690 2418 87.
721 2383 797 2418 104.
835 2387 891 2428 11,
916 2389 948 2427 1,
972 2386 1030 2421 74.
1066 2390 1120 2430 12,
1143 2392 1178 2433 7,
1201 2393 1236 2424 7.
1270 2395 1328 2437 12,
1354 2398 1392 2429 11
1431 2379 1476 2432 εἴ

9 2425 107 2459 hunc
124 2425 296 2477 (animum)
314 2427 560 2478 transformari
583 2430 844 2472 quodammodo
867 2432 913 2464 ad
934 2438 1093 2466 naturam
1117 2445 1284 2480 eorum,
1312 2440 1365 2475 de
1385 2422 1478 2486 qui:

10 2471 98 2505 bus
121 2471 228 2505 modo
252 2472 325 2504 dlxl
349 2474 383 2514 1,
401 2474 436 2515 2,
455 2474 512 2507 30.
544 2479 683 2509 constat
708 2475 932 2511 accusatione
954 2483 989 2512 et
1012 2479 1221 2516 defensione
1243 2494 1348 2519 causa
1368 2489 1463 2529 ejus

0 2517 127 2569 Ιιιιιρά
154 2518 194 2560 (S
203 2529 236 2560 p.
262 2527 411 2560 causae,
437 2517 549 2562 quod)
575 2525 628 2553 est
650 2521 863 2563 judicialium
886 2522 1066 2568 proprium
1093 2526 1127 2567 3,
1149 2527 1185 2569 8,
1208 2528 1253 2564 55
1272 2534 1315 2564 2.
1363 2533 1412 2567 At
1435 2514 1478 2568 ὶᾶ

10 2562 154 2605 quidem
176 2567 252 2604 est,
278 2567 472 2606 propter
496 2566 614 2608 quod
640 2571 762 2610 tropus
785 2573 839 2601 est
864 2569 900 2610 8,
923 2569 957 2612 6,
979 2569 1038 2604 66.
1069 2577 1168 2605 actor
1188 2572 1234 2607 in
1261 2586 1313 2610 eo
1360 2582 1478 2622 quod

0 2606 144 2659 »sactum
167 2607 417 2659 ean-liberum
440 2609 546 2643 habet
567 2610 735 2654 impetum
750 2625 818 2646 —:
854 2612 899 2647 in
925 2625 979 2648 eo
1004 2625 1112 2658 vero,
1143 2618 1244 2662 cujus
1263 2602 1374 2657 libeira
1397 2636 1476 2658 mu..

10 2657 99 2686 tatto
122 2658 198 2695 est,
224 2654 284 2686 dm
305 2659 407 2699 roget
428 2659 464 2687 et
485 2656 630 2690 suadeat
651 2659 687 2699 7,
703 2656 740 2699 4,
762 2659 818 2692 30.
841 2658 885 2699 cs.
900 2659 936 2701 9,
951 2662 986 2704 3,
1001 2661 1069 2703 813
1105 2662 1158 2697 sic
1180 2665 1234 2698 ab
1256 2677 1331 2710 eo,
1355 2680 1440 2713 quo
1453 2672 1475 2704 d

0 2698 258 2750 ,est-robur,
279 2699 464 2733 roboris
486 2700 582 2744 fieri,
607 2704 786 2746 quomodo
810 2704 861 2738 ab
884 2715 955 2748 eo,
989 2708 1108 2750 quod
1133 2715 1186 2744 est
1206 2711 1344 2747 miles
1399 2727 1432 2748 m
1445 2716 1476 2749 i-

13 2741 119 2778 hus
146 2750 206 2778 etc.
233 2747 265 2787 1,
288 2746 324 2789 6,
347 2746 411 2790 24;
443 2758 512 2792 seq.
529 2748 758 2792 Conjunctivo:
787 2750 832 2784 de
856 2750 968 2796 justis,
991 2752 1168 2800 honestis,
1205 2741 1367 2803 utilibus:
1398 2761 1476 2796 iis-
