1728 3002
551 214 557 219 ‚
616 161 766 207 Donec
780 150 785 153 .
805 190 863 199 —-
900 162 1064 208 Dubito
1532 169 1609 208 261

4 279 14 291 '
53 275 59 279 ’
110 277 333 324 Mad»,
354 281 413 314 22.
438 278 483 313 in
508 278 705 324 pu'blico
728 277 859 322 tristes,
886 278 1005 314 domi
1029 277 1193 314 dissoluti
1217 281 1274 324 12,
1297 281 1333 324 3,
1357 280 1413 314 12.
1435 279 1611 325 potiorem

93 320 166 362 *h
186 323 373 362 'sobolis
395 325 631 360 eruditionem
649 334 729 360 esse
751 335 857 368 quam
882 324 1008 359 domi
1036 328 1070 368 2,
1098 327 1134 368 3,
1163 327 1218 360 10.
1245 336 1327 360 cum
1349 325 1467 361 aliena
1490 338 1610 363 uxore

120 370 219 407 domi
241 371 341 407 coire
363 373 399 415 7,
415 373 451 415 3,
466 373 523 406 10.
546 378 587 405 ut
608 370 849 406 doctissimum
867 378 929 405 etc.
950 371 1155 419 magistrum
1180 373 1277 406 domi
1299 372 1430 406 habeat
1446 375 1478 415 1,
1497 375 1533 416 2,
1552 377 1610 409 11.

120 428 211 454 »σω
234 416 429 465 Sphingem
453 416 548 452 domi
569 417 701 452 habeas
724 417 759 459 6,
783 418 819 459 3,
834 418 891 451 98.
906 417 1000 451 inter
1023 423 1136 452 tantas
1160 419 1258 452 domi
1278 418 1529 453 contentiones
1550 422 1609 463 12,

117 467 176 508 11,
199 466 263 507 23;
292 463 340 498 in
363 464 495 498 domo
516 464 650 498 furtum
673 465 807 498 factum
832 463 874 496 ab
900 474 957 507 eo,
979 464 1041 508 qui
1064 465 1193 499 domi
1216 465 1285 499 fuit
1307 467 1342 508 5,
1367 467 1425 507 10,
1456 466 1510 500 16.
1537 466 1609 500 do-

115 520 232 545 mum
255 519 301 544 eo
323 509 359 552 6,
382 511 418 554 3,
443 510 508 553 63;
537 521 628 554 quae
654 511 763 544 domo
786 509 937 543 afferunt
961 513 1017 553 10,
1040 513 1075 553 7,
1099 513 1158 545 30.
1184 510 1229 552 cf.
1253 511 1289 554 4,
1315 513 1347 553 1,
1370 513 1428 545 20.
1456 510 1492 556 4,
1517 513 1552 556 5,
1574 510 1609 547 4.

121 556 155 599 5,
179 557 215 599 3,
240 557 310 598 36.,
329 558 388 599 10,
409 556 445 599 6,
469 556 504 592 6.
537 559 594 600 11,
616 559 652 600 2,
675 555 734 592 46.
755 566 812 590 ex
838 556 945 589 domo
972 555 1011 590 in
1038 556 1094 600 jus
1117 558 1270 592 educere
1292 561 1326 600 7,
1350 558 1386 600 8,
1408 557 1445 594 6.

58 598 255 653 ,Βῦῐὶθθῐ
297 611 408 647 lectio
431 611 478 647 sit
499 612 561 647 diu
581 612 725 656 lentior,
750 614 867 646 donec
893 612 1075 660 contingat
1098 615 1287 648 emendata
1310 614 1487 649 velocitas
1512 616 1546 658 1,
1573 619 1607 659 1,

116 659 173 693 33.
214 659 331 694 donee
362 659 407 692 ab
440 669 485 693 eo
523 660 644 704 quaeri
676 659 856 694 desineret
897 662 952 700 11,
976 661 1011 701 3,
1034 660 1070 694 6.
1106 671 1175 695 nec
1208 671 1418 706 eousque
1448 661 1608 696 trahatur

117 703 280 749 spiritus,
302 703 459 740 donec
482 705 623 740 deficiat
643 708 686 740 ib.
710 708 766 741 53.

69 746 214 803 Doni>-
277 759 327 805 ι)
358 763 553 808 aliquid.
600 763 643 804 a)
667 764 822 806 proprie.-
848 760 937 795 nihil
961 772 1043 796 eum
1066 761 1183 809 egisse
1205 762 1373 798 donando
1389 789 1403 807 ,
1436 774 1512 799 non
1538 775 1607 809 po-

113 805 227 844 tuine
250 806 406 852 donare,
428 818 504 842 non
526 809 679 843 donasse
703 810 737 851 5,
763 811 820 851 10,
846 810 925 842 113.
970 807 1020 851 b)
1043 812 1181 860 trust..-
1221 810 1392 853 quasdam
1424 811 1607 855 quaestio-

112 863 181 890 nes
212 852 392 888 donare
423 859 460 888 et
491 855 754 889 concedere
788 858 825 896 7,
847 857 881 897 1,
911 855 964 889 18.
994 865 1054 896 ea,
1089 854 1216 899 qulbus
1240 855 1358 890 minus
1381 856 1606 900 confidimus,

114 904 243 945 sponte
265 905 389 934 nostra
410 901 512 935 velut
535 901 708 935 donantes
743 903 778 942 3,
804 901 841 943 9,
865 901 900 934 8.
914 913 944 935 v.
961 899 1152 934 Omitto.
1185 910 1260 934 non
1287 901 1448 945 potuisse
1480 903 1606 937 donari

72 942 75 944 ’
114 955 139 980 ι
159 943 300 980 victore
322 945 403 989 jus,
437 945 520 990 quia
541 945 581 980 id
607 947 750 980 demum
775 946 821 979 sit
844 946 942 990 ejus,
960 946 1062 992 ,quod
1098 951 1258 981 teneat
1290 948 1324 990 5,
1351 950 1406 990 10,
1432 949 1510 983 116.
1542 950 1608 983 do·-

114 994 201 1031 nnto
223 989 271 1033 (ἱ.
299 1003 328 1025 e.
356 990 583 1034 concesso)
607 992 757 1036 imperio
783 994 839 1035 10,
864 994 897 1034 1,
920 993 963 1027 91
989 993 1036 1026 Ν.
1065 998 1096 1025 ei
1122 994 1178 1034 S.;
1210 1003 1252 1027 ro
1279 994 1363 1027 andi
1385 993 1544 1037 judices,
1568 1001 1608 1029 ut

114 1045 194 1071 mm
222 1035 346 1080 potius
377 1035 666 1071 intueantur
697 1038 829 1082 ipsam,
860 1049 965 1082 quam
994 1037 1215 1081 jurijurando
1273 1039 1356 1073 ieuo
1389 1051 1493 1074 sunm
1523 1042 1607 1075 do-

114 1085 225 1122 nent
259 1080 295 1124 5,
322 1084 359 1126 2,
380 1080 417 1116 4.
450 1082 578 1127 quibus
609 1084 735 1118 studiis
760 1085 850 1117 haec
872 1090 1074 1128 temporum
1094 1085 1198 1120 velut
1221 1085 1411 1120 subseciva
1435 1087 1607 1121 donamus

116 1129 153 1170 1,
174 1129 234 1170 12,
259 1129 316 1162 13.
366 1126 415 1173 β)
441 1131 636 1174 aliquem
670 1133 826 1174 aliqua
862 1142 935 1163 re.-
976 1141 1086 1174 quem
1113 1130 1267 1164 donasse
1290 1130 1420 1165 dicitur
1446 1133 1607 1175 ejusdem

113 1170 304 1225 leguminis
323 1170 446 1207 modio
467 1176 504 1216 2,
527 1177 586 1218 20,
609 1177 643 1210 3.
668 1175 888 1219 proditorem
908 1175 1118 1209 donabimus
1141 1176 1294 1210 oratoris
1320 1176 1384 1211 illo
1406 1189 1511 1212 sacro
1536 1189 1607 1213 no-

111 1217 236 1265 mme?
260 1220 319 1260 12,
344 1221 378 1262 1,
401 1217 459 1253 24.
485 1218 529 1261 os.
554 1221 590 1263 8,
614 1221 651 1265 5,
679 1223 735 1255 12.
769 1231 879 1255 aureo
906 1223 1045 1265 plectro
1067 1222 1196 1256 merito
1224 1223 1376 1256 donatur
1400 1226 1457 1268 10,
1483 1227 1524 1268 1,
1547 1225 1605 1260 63.

0 1313 4 1317 ,
65 1258 254 1309 Dommi.
312 1274 424 1310 ‘dona
454 1276 577 1321 templi
615 1278 659 1321 3,
694 1278 739 1322 6,
770 1279 826 1314 78.
869 1279 967 1313 dono
997 1279 1153 1324 quodam
1183 1279 1435 1324 providentiae
1465 1281 1606 1330 genitus

112 1315 185 1363 μὴ’
208 1323 256 1362 1,
292 1322 375 1357 109.

48 1363 264 1420 ¹D‘Q'mio·
287 1390 323 1413 ο.
345 1377 519 1425 Vigilo.

0 1438 17 1465 J
64 1423 279 1469 Doi'mim.
341 1436 444 1470 velut
478 1435 711 1471 dormitantes
737 1447 801 1471 eos
833 1436 982 1472 excitari
1005 1436 1042 1480 4,
1068 1441 1102 1481 1,
1124 1439 1182 1473 73.
1220 1449 1301 1472 cum
1329 1438 1498 1474 Ciceroni
1523 1441 1606 1474 dor-

0 1484 4 1491 '
48 1498 50 1502 >
108 1479 236 1517 mitare
258 1481 401 1516 interim
424 1482 687 1517 Demosthenes
714 1491 774 1517 etc.
799 1483 967 1518 videatur
991 1486 1048 1527 10,
1076 1487 1109 1527 1,
1134 1483 1181 1518 24
1204 1485 1252 1523 N.
1283 1484 1326 1526 cs.
1356 1488 1413 1529 12,
1432 1489 1466 1529 1,
1489 1489 1536 1520 22
1551 1488 1599 1521 Ν.

64 1522 358 1638 ΒἚρὶιοιοε.
422 1539 656 1584 doryphoron
681 1539 784 1574 inum
810 1540 1021 1585 (Polycleti)
1046 1544 1082 1586 5,
1109 1545 1166 1586 12,
1191 1544 1234 1577 21
1264 1544 1312 1577 N.

64 1587 137 1639 Du
185 1609 224 1638 e·
289 1605 397 1640 animi
424 1609 631 1652 conjectura
663 1619 760 1642 non
793 1609 890 1653 dub.
928 1609 968 1643 in
993 1610 1114 1644 omnia
1136 1615 1298 1655 tempora
1321 1611 1418 1644 cadit
1442 1614 1479 1655 7,
1504 1614 1541 1655 2,
1568 1613 1602 1647 6.

110 1651 158 1698 (ζί-
189 1654 233 1696 9,
262 1651 304 1696 4,
335 1653 392 1688 67.
429 1656 493 1697 11,
524 1656 567 1697 2,
602 1656 636 1687 1.
670 1654 766 1688 haud
801 1655 883 1688 dub.
917 1658 982 1699 10,
1019 1659 1059 1699 1,
1094 1657 1151 1692 85.
1185 1668 1256 1692 neo
1290 1657 1374 1691 dub.
1406 1659 1450 1702 2,
1481 1656 1545 1702 14,
1569 1661 1603 1691 2.

8 1689 35 1713 ‘⁶
72 1704 75 1706 ·
110 1699 161 1733 31·
189 1697 234 1742 4,
271 1701 308 1732 1.

0 1762 6 1779 ¹
65 1720 324 1798 Dila'pfflldo·
358 1759 395 1789 et
425 1755 515 1789 dua
537 1761 575 1790 et
594 1761 665 1791 tre
687 1758 844 1800 pondo
871 1757 954 1802 (Sp.
973 1763 1011 1792 et
1025 1757 1166 1802 pondo)
1182 1758 1407 1794 diversorum
1429 1769 1602 1806 gener-mn

110 1800 196 1833 sunt
215 1799 451 1834 barbarismi:
487 1807 523 1835 at
545 1803 793 1846 duapondo
816 1809 853 1837 et
877 1806 1110 1848 trepondo
1147 1816 1261 1850 usque
1284 1807 1329 1840 ad
1356 1811 1516 1840 nostram
1541 1817 1602 1839 ac-

111 1849 221 1878 tatem
245 1845 288 1879 ab
316 1845 482 1880 omnibus
506 1846 639 1882 dictum
661 1854 716 1882 est
743 1852 777 1892 1,
802 1850 838 1892 5,
865 1851 909 1884 15
934 1854 979 1884 Ζ.

59 1887 307 1932 4Βιιιήαεικίο.
343 1900 441 1952 fig)
467 1903 504 1946 9,
527 1905 562 1946 3,
585 1904 644 1939 88.
672 1903 749 1948 (op.
776 1906 879 1947 eie.)
902 1907 937 1948 9,
967 1908 999 1948 1,
1025 1908 1082 1941 30.
1104 1907 1162 1942 35.
1191 1908 1290 1941 dub.
1321 1907 1423 1942 affert
1451 1907 1604 1952 anquam

111 1946 220 1980 fidem
249 1947 473 1980 veritatis
504 1948 541 1988 9,
567 1951 602 1988 2,
631 1950 686 1984 19.
714 1955 817 1983 extra
841 1951 1098 1985 dubitationem
1123 1958 1178 1986 est
1200 1957 1236 1996 7,
1261 1956 1294 1995 1,
1319 1952 1377 1987 48.
1415 1953 1503 1987 fecit
1535 1955 1603 1986 du-

111 1990 321 2027 bitationem
347 1993 423 2034 ejus
446 1992 644 2026 stultiorem
670 1994 706 2036 6,
729 1996 764 2037 3,
787 1998 845 2029 71.
876 2007 935 2028 res
961 1997 1216 2032 dubitationem
1238 2009 1313 2032 non
1338 1998 1483 2032 habebit
1504 1997 1540 2040 4,
1567 2001 1603 2042 3,

111 2037 148 2073 6.
183 2035 440 2070 dubitationem
471 2038 577 2081 hujus
608 2036 768 2072 utilitatis
793 2039 953 2074 eximere
979 2044 1012 2083 1,
1035 2044 1092 2084 10,
1121 2044 1178 2078 28.
1214 2044 1261 2076 ad
1284 2045 1478 2077 tollendam
1502 2044 1605 2077 dubi-

114 2082 287 2119 tationem
309 2084 343 2125 5,
369 2083 405 2125 9,
428 2083 464 2117 8.
496 2085 532 2126 5,
560 2085 617 2126 13,
642 2084 699 2118 51.
724 2095 772 2118 ex
794 2085 863 2118 hac
900 2085 1125 2131 ingeniorum
1160 2087 1367 2122 diversitate
1402 2094 1483 2122 nata
1517 2090 1600 2123 dub.

54 2160 57 2162 .
113 2133 183 2172 est,
207 2129 253 2162 ad
274 2128 427 2163 verbum
445 2127 492 2163 sit
514 2128 745 2163 ediscendum
767 2129 926 2172 dicturis,
953 2142 1007 2164 an
1032 2139 1092 2165 etc.
1121 2134 1177 2175 11,
1195 2135 1231 2175 2,
1258 2133 1318 2170 44.
1346 2134 1603 2170 dubitationem

113 2173 297 2218 (mnam)
322 2174 542 2208 ostendimus
566 2177 624 2218 11,
647 2177 684 2219 3,
706 2175 763 2210 86.
789 2175 1018 2210 dubitationis
1030 2187 1149 2211 meras
1172 2180 1216 2212 ib.
1243 2181 1323 2214 182.

0 2227 1 2264 ἶ
67 2229 246 2272 nlilitu-
310 2239 350 2285 α)
378 2244 590 2285 simpliciter.-
628 2240 716 2288 Quis
741 2242 900 2276 dubitat?
930 2245 965 2285 3,
998 2244 1033 2286 8,
1065 2244 1123 2278 24.
1158 2244 1284 2280 Livius
1313 2247 1601 2291 frequentissime

0 2294 2 2315 k

106 2287 252 2320 *dubitat
276 2289 314 2330 2,
333 2286 371 2329 4,
398 2288 454 2323 19.
479 2294 515 2322 et
553 2288 811 2322 dubitamus
842 2294 879 2322 et
909 2288 1208 2325 affirmamus
1245 2291 1306 2337 (in
1333 2293 1455 2337 dictis)
1486 2295 1525 2338 6,
1564 2297 1600 2338 3,

77 2332 274 2409 εξέῃείνε
297 2331 493 2370 dubites
520 2333 599 2370 sive
621 2333 865 2368 memoriae
887 2335 1090 2381 affigere
1110 2337 1271 2379 vefile,
1288 2340 1322 2382 1,
1342 2340 1397 2374 19.
1421 2340 1450 2374 si
1468 2340 1603 2375 tardior

108 2380 112 2387 “
151 2419 155 2422 .
197 2387 241 2409 us
255 2376 392 2411 dubitet
405 2378 440 2421 5,
460 2381 518 2422 10,
531 2379 590 2415 24.
613 2386 648 2414 et
670 2380 849 2414 dubitasse
872 2391 938 2414 nos
963 2381 1128 2427 fingimus
1147 2383 1183 2425 9,
1198 2385 1233 2426 2,
1252 2385 1310 2417 20.
1339 2385 1422 2419 Noli
1438 2387 1600 2422 dubitare

133 2431 165 2455 a.
183 2424 206 2455 1.
227 2420 324 2465 om),
346 2427 522 2468 tamquam
544 2437 658 2461 assem
680 2427 869 2470 elephanto
892 2427 955 2460 des
978 2427 1013 2470 6,
1029 2429 1064 2470 3,
1085 2429 1131 2464 59
1153 2429 1201 2463 Ν.
1224 2429 1367 2464 interim
1390 2433 1500 2475 pudet
1523 2433 1600 2467 du-

149 2465 270 2501 itare
293 2473 352 2501 aut
377 2469 610 2506 resistere
639 2479 700 2508 etc.
723 2472 783 2516 (in
808 2471 986 2516 dictando)
1012 2475 1069 2515 10,
1093 2475 1127 2517 3,
1153 2475 1211 2511 19.
1234 2477 1332 2519 quod
1356 2476 1431 2512 illio
1465 2478 1599 2512 dubi-

118 2515 206 2556 ut,
240 2511 301 2547 hio
335 2516 553 2550 emendat
580 2518 621 2560 9,
645 2519 690 2561 3,
716 2518 796 2561 88.;
832 2517 1169 2564 cogitantibus
1206 2526 1243 2555 et
1265 2522 1599 2558 dubitantibus

36 2564 42 2570 ’
111 2555 252 2593 *ssmiles
276 2561 353 2602 ’11,
377 2562 419 2603 2,
441 2559 499 2595 47.
532 2572 758 2607 suspensa
787 2575 829 2598 ac
862 2565 964 2598 vetut
998 2565 1215 2600 dubitans
1250 2568 1366 2602 oratio
1402 2572 1458 2612 10,
1482 2573 1517 2611 7,
1543 2573 1600 2604 22.

79 2604 81 2607 “
110 2602 162 2648 ᾖ)
185 2615 216 2638 c.
245 2607 370 2640 Aecus.
396 2613 455 2639 aut
476 2608 549 2641 de.-
573 2610 703 2652 quod
726 2610 817 2643 adeo
842 2626 887 2634 —-
910 2621 1016 2645 nemo
1039 2611 1231 2656 dubitavit,
1254 2619 1294 2647 ut
1318 2622 1381 2648 etc.
1407 2618 1444 2658 2,
1476 2618 1532 2657 17,
1556 2619 1598 2658 23

112 2648 171 2682 de
191 2648 257 2684 illo
272 2650 443 2695 'plerique
467 2652 626 2688 dubitant
646 2653 683 2698 4,
711 2657 746 2698 5,
770 2657 826 2690 13.
855 2654 886 2689 si
911 2655 990 2700 quis
1012 2661 1086 2690 tam
1107 2669 1235 2693 caecus
1262 2659 1370 2693 animi
1393 2666 1468 2704 est,
1492 2667 1531 2695 ut
1555 2663 1600 2695 de

119 2692 198 2747 ali'n
225 2695 360 2731 dubitet
386 2700 419 2740 1,
445 2700 501 2742 10,
528 2700 584 2735 29.
609 2699 640 2734 si
660 2699 698 2734 id
721 2706 907 2734 certum
930 2700 1013 2746 sit,
1038 2713 1113 2738 non
1133 2709 1253 2748 potest
1278 2706 1323 2741 de
1347 2711 1493 2741 auctore
1524 2707 1599 2740 du-

117 2739 263 2777 bitari
293 2745 331 2786 7,
354 2745 388 2786 2,
416 2744 451 2778 8.
488 2745 534 2779 de
570 2746 784 2781 carminibus
811 2746 989 2782 neminem
1011 2749 1172 2785 dubitare
1196 2752 1252 2794 10,
1278 2751 1312 2795 5,
1336 2750 1368 2786 4.
1404 2753 1448 2786 de
1478 2753 1600 2787 ultima
