1702 3054
139 235 311 273 XXXVI
762 226 1076 284 prolegomena

131 349 340 411 flexum
360 346 495 395 vocis
517 357 616 391 etc.
642 342 711 389 ib.
738 337 846 390 150.
906 341 1086 407 Neque
1099 338 1274 389 eadem
1300 341 1365 389 in
1390 359 1563 404 voce,
1594 361 1668 408 ge

148 438 277 488 sta,
323 429 602 485 incessu,
639 424 783 489 apud
801 423 1111 489 princerem,
1145 430 1403 485 senatum,
1427 413 1593 492 popnl

150 510 513 574 magistratus,
559 506 827 572 privato
861 504 1123 570 publico
1155 504 1438 569 jndicio,
1475 514 1622 573 post

138 592 424 651 ¹latione,
474 588 733 637 actione
781 587 1016 635 sirm'liter
1058 587 1247 634 decent.
1297 572 1364 634 —.-’·
1415 589 1482 637 ln
1523 587 1634 649 Gra
1654 573 1679 593 ⁵

153 672 225 722 eis
278 671 452 722 verbis
498 687 601 736 pro
643 667 904 718 Ablativo
947 666 1080 733 poni
1123 669 1258 715 solet
1295 667 1532 716 Dativus
1572 686 1671 734 pos

151 751 583 818 Praepositiones
613 748 866 811 LatinaS,
910 763 972 797 ut
1003 767 1020 797 1
1041 785 1054 809 ,
1078 762 1136 809 4,
1166 750 1239 797 18.
1269 765 1335 821 θέᾳ
1352 748 1624 817 συνδεςμῷ.
1648 764 1679 814 9

156 848 203 894 2,
230 830 309 882 55.
335 833 441 882 sine
464 827 822 891 ἁποσιωπήσει,
855 843 1034 878 cetera
1056 832 1264 881 v.⁷Lex.
1305 817 1562 895 Denique
1587 830 1673 878 exi

155 931 323 982 guum
345 930 629 960 numerum
654 913 1049 977 exemplorum,
1073 910 1131 959 in
1150 911 1346 977 quibus
1367 909 1664 976 Praepositi

157 1011 190 1041 a
219 1011 315 1043 suo
346 994 486 1043 Casu
520 992 626 1041 alio
659 1009 825 1057 quam
855 991 1112 1042 Genitivo
1147 992 1432 1053 dirimitur,
1481 991 1676 1060 augebi

162 1091 185 1122 1
202 1092 240 1135 ι,
269 1090 316 1136 3,
345 1091 452 1132 133.
483 1074 728 1122 adversa-s
756 1072 869 1121 hoc
888 1074 1191 1137 facientem.

479 1229 519 1268 5.
578 1225 667 1267 DE
707 1222 1386 1268 CONJUNCTIONIBUS.

296 1315 400 1364 Hie
436 1330 653 1364 tantum
687 1319 958 1382 quaedam
987 1316 1045 1364 in
1075 1314 1388 1365 universum
1417 1316 1671 1371 tractanti

164 1410 350 1457 erunt,
388 1414 531 1461 quae
562 1401 629 1444 de
662 1414 763 1444 usu
787 1396 1249 1462 Conjunctionum
1273 1394 1653 1461 copulativaru

165 1477 507 1526 observanda
528 1477 724 1527 censui.
792 1478 1029 1542 Quando
1054 1477 1195 1525 enim
1227 1491 1325 1524 aut
1357 1476 1485 1524 bina
1513 1475 1685 1523 talibu

166 1556 656 1624 Conjunctionibus
687 1559 878 1625 juncta
914 1560 1189 1607 vocabula
1225 1572 1279 1606 et
1316 1557 1434 1622 ipsa
1466 1554 1683 1605 Convin

164 1636 345 1684 ctione
377 1637 637 1704 ejusmodi
665 1640 947 1706 jungenda
982 1654 1134 1700 sunt,
1179 1653 1276 1687 aut
1306 1637 1480 1687 verbis
1513 1635 1685 1684 tali-bu

164 1717 441 1781 particulis
465 1719 768 1785 conjunctis
796 1720 901 1768 alia
931 1720 1359 1787 subjunguntur,
1396 1716 1591 1768 variari
1625 1707 1683 1777 qn

166 1798 282 1845 lent
318 1798 442 1846 illae
479 1800 780 1865 particulae
820 1800 920 1866 ita.)
964 1815 1053 1860 ut,
1098 1817 1243 1866 quae
1277 1798 1511 1865 singulas
1545 1811 1684 1845 voce

163 1876 426 1944 jungant,
479 1880 665 1928 similes
706 1881 836 1942 sint,
894 1884 1086 1947 quale:
1132 1868 1481 1928 Demosthenis
1520 1885 1675 1941 atqu

166 1959 426 2007 Aeschinis
445 1961 581 2009 inter
608 1979 659 2009 se
678 1963 970 2010 contrarias
990 1962 1264 2024 (actiones)
1276 1979 1294 2008 .·
1323 1977 1349 2007 e
1362 1968 1388 2008 t
1406 1958 1578 2006 Servii
1594 1956 1693 2006 »Sul

159 2039 294 2103 picii
324 2049 515 2106 atque
541 2043 794 2091 Blessalae
829 2058 912 2103 10,
949 2060 999 2103 1,
1034 2057 1113 2089 22.
1181 2044 1492 2101 Praeterea,
1528 2055 1695 2103 quan-

168 2136 333 2184 quam
364 2124 430 2168 de
449 2121 526 2169 his
549 2125 706 2170 rebus
730 2138 878 2172 certa
899 2137 953 2172 et
979 2122 1227 2171 omnibus
1256 2120 1386 2170 locis
1415 2115 1686 2171 communi

166 2201 255 2246 lex
290 2202 545 2250 constitui
578 2206 731 2252 nulla
753 2218 959 2270 potest,
995 2202 1156 2253 vitari
1185 2202 1310 2250 mihi
1346 2200 1516 2250 visum
1544 2211 1621 2245 est
1649 2214 1695 2246 ez

166 2294 295 2328 ante
316 2282 492 2330 literas
517 2287 784 2346 dentales‚
819 2299 1054 2350 propter-
1067 2281 1388 2348 asperiorem
1408 2278 1521 2326 sine
1542 2277 1696 2327 dubis:

167 2376 383 2421 sonum,
427 2363 525 2409 nisi
561 2366 700 2412 forte
735 2384 838 2426 ac,
887 2365 998 2428 ejus
1035 2365 1165 2410 loco.
1201 2359 1470 2426 positum,
1518 2358 1694 2424 ipsum

170 2443 515 2490 antecedenti
538 2447 807 2494 vocabulo
829 2446 885 2492 in
905 2462 939 2492 a
959 2442 1259 2499 desinente,
1291 2439 1617 2498 offenderet,
1646 2451 1696 2487 ut

173 2538 226 2580 Ω,
263 2538 316 2582 2,
353 2538 424 2571 10.
471 2524 732 2574 indecora
770 2535 833 2576 et
864 2523 1152 2574 theatralis
1179 2538 1278 2569 voa·
1306 2524 1607 2579 diceretur,
1652 2531 1696 2565 ai

167 2602 252 2647 Pr.
284 2600 343 2648 16
367 2605 664 2668 proprietas
686 2625 757 2654 ac
787 2607 823 2653 d
831 2603 1119 2673 offerentia.
1166 2604 1367 2651 Verum
1386 2604 1522 2647 haec
1542 2595 1702 2646 subd-1

168 2679 237 2727 lia
258 2697 386 2730 sunt
407 2700 472 2732 ac
496 2684 726 2746 minuta,
757 2685 909 2736 volui
929 2699 1111 2733 tamen
1133 2681 1285 2749 quasi
1309 2679 1696 2746 praetereundc

168 2763 446 2830 attingere.
