1702 3054
1432 242 1438 249 “
1502 252 1570 287 vu

50 365 373 434 ingredienda
404 365 680 427 videretur3
727 374 835 415 tum
871 364 1174 428 singulorum
1209 362 1565 412 vocabulorum

50 481 102 519 et
132 472 212 519 vis
245 478 296 526 et
328 484 446 518 usus
490 483 629 516 suam
675 467 924 532 quandam
959 440 1204 515 rationem
1240 463 1566 521 desiderabat,

47 573 121 620 ita
157 578 215 619 ut
253 579 303 619 te
343 585 638 634 omnesque,
692 571 869 634 quibus
914 571 987 616 uti
1025 569 1102 616 his
1146 568 1270 616 meis
1311 566 1566 630 placuerit,

48 673 383 736 praemonitos
429 671 610 729 velim,
662 684 728 717 ne
776 685 931 717 unam
982 678 1033 717 et
1082 668 1293 717 eandem
1345 667 1567 714 onmium

46 774 263 837 partium
300 773 478 821 faciem
514 771 764 836 quandam
800 778 1089 835 expectent,
1127 769 1215 817 sed
1248 768 1423 816 Saltem
1460 782 1570 829 per-

50 874 293 922 suadeant
325 875 444 933 sibi,
488 890 571 922 me
605 889 708 921 non
752 881 939 921 temere
971 873 1254 920 declinasse.

182 974 253 1024 At
306 990 428 1024 vero
483 975 581 1022 alia
638 975 789 1023 venia
841 974 966 1022 mihi
1021 969 1307 1037 expetenda
1358 967 1572 1018 videtur.

52 1075 214 1140 Opus,
254 1075 386 1139 quod
423 1076 533 1138 jam
575 1082 693 1124 ante
735 1073 826 1122 hos
870 1075 1086 1138 quinque
1119 1088 1279 1121 annos
1312 1084 1574 1136 propemo-

51 1175 172 1224 dum
200 1176 266 1224 ad
284 1153 579 1224 umbilicum
598 1175 868 1224 adductum
893 1175 971 1223 Tu
990 1174 1185 1234 dixisti,
1220 1189 1354 1221 nunc
1372 1171 1574 1219 demum

51 1278 106 1324 in
137 1277 299 1326 lucem
322 1259 520 1342 prodit,
566 1293 747 1343 quum,
790 1279 869 1326 cui
902 1277 1102 1342 quidem
1136 1276 1209 1324 rei
1245 1273 1578 1332 Quintilianus

51 1379 158 1442 ipse
192 1379 327 1427 haud
357 1381 672 1438 irasceretur,
717 1380 828 1442 jam
862 1380 916 1425 in
949 1393 1141 1426 nonum
1179 1377 1283 1424 fere
1325 1381 1582 1440 prematur

55 1496 268 1539 annum,
310 1481 354 1528 si
390 1480 508 1527 inde
542 1480 605 1527 ab
647 1496 706 1527 eo
741 1481 958 1544 primum
991 1478 1223 1525 inchoato
1265 1477 1391 1525 duco
1433 1476 1581 1523 ratio-

54 1596 188 1629 nem.
255 1580 333 1629 Tu
368 1581 569 1645 quidem
604 1583 722 1630 satis
753 1582 887 1630 nosti
921 1595 1092 1628 causas
1122 1587 1226 1627 tam
1253 1579 1340 1626 diu
1372 1575 1584 1624 extracti

26 1728 29 1736 ,
55 1684 158 1731 mei
189 1683 395 1731 laboris:
440 1690 563 1747 quot
594 1683 828 1731 fortunae
854 1683 1047 1732 vicibus
1077 1681 1296 1744 jactatus
1329 1679 1462 1725 intra
1490 1675 1584 1722 hoc

57 1798 212 1847 prope
250 1782 547 1831 decennium
591 1799 623 1831 a
651 1800 798 1832 cursu
829 1785 1059 1831 instituto
1089 1783 1201 1847 plus
1239 1779 1396 1829 semel
1427 1777 1586 1842 repel-

58 1882 209 1943 lerer,
239 1892 359 1948 quot
388 1886 517 1932 curis
550 1892 602 1932 et
630 1885 839 1947 negotiis
863 1883 1185 1944 distraherer3
1219 1881 1308 1930 sed
1328 1879 1447 1945 quid
1467 1879 1590 1925 haec

62 1981 128 2028 ad
147 1982 349 2032 literas?
394 1984 556 2032 Tenui
587 1985 816 2050 equidem
845 1987 1181 2050 propositum,
1216 1983 1446 2048 quamvis
1474 1996 1588 2028 sen-

66 2082 236 2139 tirem,
299 2094 539 2145 quantum
585 2101 711 2133 onus
754 2088 1024 2145 subissem,
1082 2101 1238 2149 quum
1286 2082 1589 2132 Herculeum

66 2180 339 2245 quendam,
375 2184 571 2246 qualem
603 2186 857 2247 aptissime
880 2185 1118 2232 Matthias
1146 2184 1395 2231 Gesnerus
1421 2182 1593 2230 Lexici

68 2281 314 2330 condendi
348 2299 551 2347 operam
587 2292 763 2344 vocat,
796 2265 1017 2332 laborem
1041 2285 1383 2348 suscepissem,
1413 2297 1592 2346 quum-

69 2398 164 2446 que
195 2384 389 2432 irritum
425 2393 573 2447 atque
604 2386 831 2433 inutilem
859 2401 1015 2450 prope
1046 2400 1163 2433 eum
1191 2386 1298 2434 fore
1328 2398 1595 2440 censerem,

70 2483 112 2530 si
144 2485 328 2547 passim
362 2492 587 2544 tantum,
643 2502 771 2549 quae
816 2486 948 2538 mihi
983 2487 1223 2547 liberent,
1276 2500 1498 2550 quaeque
1533 2481 1598 2530 ad

69 2583 288 2632 indolem
310 2589 535 2634 'auctoris
569 2588 766 2651 proprie
800 2589 1048 2651 pertinere
1089 2588 1212 2636 mihi
1246 2588 1337 2635 soli
1371 2584 1598 2633 videren-

74 2690 180 2742 tur,
244 2695 561 2752 excerperem
582 2723 595 2745 ,
660 2687 822 2751 neque
872 2704 993 2736 vero
1050 2705 1198 2752 quam
1261 2687 1599 2752 plenissimam

77 2785 267 2847 copiam
301 2789 537 2836 orationis
565 2789 672 2850 ejus
705 2789 1081 2852 diligentissima
1108 2806 1224 2838 cura
1253 2801 1601 2851 expromerem
