<?xml version="1.0" encoding="UTF-8"?>
<!DOCTYPE html PUBLIC "-//W3C//DTD XHTML 1.0 Transitional//EN"
    "http://www.w3.org/TR/xhtml1/DTD/xhtml1-transitional.dtd">
<html xmlns="http://www.w3.org/1999/xhtml" xml:lang="en" lang="en">
 <head>
  <title>
</title>
<meta http-equiv="Content-Type" content="text/html;charset=utf-8" />
  <meta name='ocr-system' content='tesseract 3.04.00' />
  <meta name='ocr-capabilities' content='ocr_page ocr_carea ocr_par ocr_line ocrx_word'/>
</head>
<body>
  <div class='ocr_page' id='page_1' title='image "./lexiconquintilia06bonnuoft/lexiconquintilia06bonnuoft_0655.png"; bbox 0 0 1728 3002; ppageno 0'>
   <div class='ocr_carea' id='block_1_1' title="bbox 625 211 1570 258">
    <p class='ocr_par' dir='ltr' id='par_1_1' title="bbox 625 211 1570 258">
     <span class='ocr_line' id='line_1_1' title="bbox 625 211 1570 258; baseline 0 -2"><span class='ocrx_word' id='word_1_1' title='bbox 625 212 723 257; x_wconf 76' lang='lat' dir='ltr'>Neu</span> <span class='ocrx_word' id='word_1_2' title='bbox 763 238 819 247; x_wconf 83' lang='lat'>—</span> <span class='ocrx_word' id='word_1_3' title='bbox 859 211 979 255; x_wconf 77' lang='lat' dir='ltr'>Nihil</span> <span class='ocrx_word' id='word_1_4' title='bbox 1488 218 1570 258; x_wconf 81' lang='grc'>563</span> 
     </span>
    </p>
   </div>
   <div class='ocr_carea' id='block_1_2' title="bbox 34 325 1569 1156">
    <p class='ocr_par' dir='ltr' id='par_1_2' title="bbox 34 325 1569 1156">
     <span class='ocr_line' id='line_1_2' title="bbox 83 325 1568 375; baseline -0.005 -7"><span class='ocrx_word' id='word_1_5' title='bbox 83 330 225 368; x_wconf 67' lang='lat' dir='ltr'>notione</span> <span class='ocrx_word' id='word_1_6' title='bbox 245 329 428 375; x_wconf 71' lang='lat' dir='ltr'>pelluoent</span> <span class='ocrx_word' id='word_1_7' title='bbox 450 330 508 373; x_wconf 85' lang='grc'>11,</span> <span class='ocrx_word' id='word_1_8' title='bbox 529 328 566 372; x_wconf 77' lang='grc'>3,</span> <span class='ocrx_word' id='word_1_9' title='bbox 586 325 666 363; x_wconf 77' lang='grc'>154.</span> <span class='ocrx_word' id='word_1_10' title='bbox 691 326 737 369; x_wconf 59' lang='lat' dir='ltr'>ej:</span> <span class='ocrx_word' id='word_1_11' title='bbox 758 325 793 367; x_wconf 75' lang='grc'>4.</span> <span class='ocrx_word' id='word_1_12' title='bbox 817 329 854 371; x_wconf 83' lang='grc'>2,</span> <span class='ocrx_word' id='word_1_13' title='bbox 876 326 956 363; x_wconf 83' lang='grc'>119.</span> <span class='ocrx_word' id='word_1_14' title='bbox 981 326 1019 371; x_wconf 84' lang='grc'>9,</span> <span class='ocrx_word' id='word_1_15' title='bbox 1038 326 1077 372; x_wconf 84' lang='grc'>4,</span> <span class='ocrx_word' id='word_1_16' title='bbox 1098 325 1159 364; x_wconf 79' lang='grc'>94.</span> <span class='ocrx_word' id='word_1_17' title='bbox 1183 329 1243 374; x_wconf 86' lang='grc'>12,</span> <span class='ocrx_word' id='word_1_18' title='bbox 1261 329 1319 367; x_wconf 70' lang='lat' dir='ltr'>to,</span> <span class='ocrx_word' id='word_1_19' title='bbox 1334 325 1395 364; x_wconf 78' lang='grc'>28.</span> <span class='ocrx_word' id='word_1_20' title='bbox 1439 328 1476 374; x_wconf 74' lang='grc' dir='ltr'>ε)</span> <span class='ocrx_word' id='word_1_21' title='bbox 1498 343 1568 374; x_wconf 67' lang='lat' dir='ltr'>aeq.</span> 
     </span>
     <span class='ocr_line' id='line_1_3' title="bbox 84 373 1567 422; baseline -0.001 -11"><span class='ocrx_word' id='word_1_22' title='bbox 84 392 149 413; x_wconf 75' lang='lat' dir='ltr'>an.</span> <span class='ocrx_word' id='word_1_23' title='bbox 204 375 244 422; x_wconf 75' lang='lat' dir='ltr'>a)</span> <span class='ocrx_word' id='word_1_24' title='bbox 270 377 468 410; x_wconf 58' lang='lat' dir='ltr'>dubitantia</span> <span class='ocrx_word' id='word_1_25' title='bbox 507 385 563 410; x_wconf 77' lang='lat' dir='ltr'>an</span> <span class='ocrx_word' id='word_1_26' title='bbox 587 374 659 409; x_wconf 83' lang='lat' dir='ltr'>hoo</span> <span class='ocrx_word' id='word_1_27' title='bbox 681 373 863 409; x_wconf 79' lang='lat' dir='ltr'>voluerint</span> <span class='ocrx_word' id='word_1_28' title='bbox 883 379 1049 410; x_wconf 74' lang='lat' dir='ltr'>anctore·</span> <span class='ocrx_word' id='word_1_29' title='bbox 1073 375 1235 410; x_wconf 67' lang='lat' dir='ltr'>nescio</span> <span class='ocrx_word' id='word_1_30' title='bbox 1262 378 1298 419; x_wconf 88' lang='grc'>1,</span> <span class='ocrx_word' id='word_1_31' title='bbox 1320 375 1356 418; x_wconf 82' lang='grc'>7,</span> <span class='ocrx_word' id='word_1_32' title='bbox 1380 373 1438 410; x_wconf 80' lang='grc'>24.</span> <span class='ocrx_word' id='word_1_33' title='bbox 1463 374 1508 417; x_wconf 70' lang='lat' dir='ltr'>qs.</span> <span class='ocrx_word' id='word_1_34' title='bbox 1531 378 1567 419; x_wconf 83' lang='lat'>2,</span> 
     </span>
     <span class='ocr_line' id='line_1_4' title="bbox 84 421 1567 467; baseline -0.001 -9"><span class='ocrx_word' id='word_1_35' title='bbox 84 427 152 467; x_wconf 79' lang='grc'>17,</span> <span class='ocrx_word' id='word_1_36' title='bbox 176 424 233 458; x_wconf 82' lang='grc'>38.</span> <span class='ocrx_word' id='word_1_37' title='bbox 269 423 316 465; x_wconf 87' lang='grc'>8,</span> <span class='ocrx_word' id='word_1_38' title='bbox 338 421 385 465; x_wconf 88' lang='grc'>6,</span> <span class='ocrx_word' id='word_1_39' title='bbox 408 423 455 455; x_wconf 87' lang='grc'>22</span> <span class='ocrx_word' id='word_1_40' title='bbox 475 421 521 455; x_wconf 83' lang='grc' dir='ltr'>Ν.</span> <span class='ocrx_word' id='word_1_41' title='bbox 565 421 723 455; x_wconf 76' lang='lat' dir='ltr'>nondum</span> <span class='ocrx_word' id='word_1_42' title='bbox 747 425 802 454; x_wconf 72' lang='lat' dir='ltr'>est</span> <span class='ocrx_word' id='word_1_43' title='bbox 829 425 952 454; x_wconf 81' lang='lat' dir='ltr'>orator</span> <span class='ocrx_word' id='word_1_44' title='bbox 972 421 1173 465; x_wconf 78' lang='lat' dir='ltr'>perfectus,</span> <span class='ocrx_word' id='word_1_45' title='bbox 1208 432 1250 455; x_wconf 79' lang='lat' dir='ltr'>ac</span> <span class='ocrx_word' id='word_1_46' title='bbox 1273 431 1311 457; x_wconf 85' lang='grc' dir='ltr'>ιι.</span> <span class='ocrx_word' id='word_1_47' title='bbox 1335 432 1383 455; x_wconf 82' lang='lat' dir='ltr'>an</span> <span class='ocrx_word' id='word_1_48' title='bbox 1412 431 1470 454; x_wconf 75' lang='lat' dir='ltr'>ars</span> <span class='ocrx_word' id='word_1_49' title='bbox 1494 423 1567 456; x_wconf 85' lang='lat' dir='ltr'>ulla</span> 
     </span>
     <span class='ocr_line' id='line_1_5' title="bbox 67 465 1566 512; baseline -0.001 -8"><span class='ocrx_word' id='word_1_50' title='bbox 67 473 150 512; x_wconf 83' lang='lat'><strong>-12,</strong></span> <span class='ocrx_word' id='word_1_51' title='bbox 177 471 238 511; x_wconf 95' lang='grc'>10,</span> <span class='ocrx_word' id='word_1_52' title='bbox 262 470 286 501; x_wconf 85' lang='grc'>2</span> <span class='ocrx_word' id='word_1_53' title='bbox 305 468 349 501; x_wconf 80' lang='grc' dir='ltr'>Ν.</span> <span class='ocrx_word' id='word_1_54' title='bbox 383 472 484 501; x_wconf 81' lang='lat' dir='ltr'>motu</span> <span class='ocrx_word' id='word_1_55' title='bbox 507 465 615 501; x_wconf 84' lang='lat' dir='ltr'>animi</span> <span class='ocrx_word' id='word_1_56' title='bbox 649 466 821 511; x_wconf 83' lang='lat' dir='ltr'><strong>quodam,</strong></span> <span class='ocrx_word' id='word_1_57' title='bbox 857 476 894 500; x_wconf 89' lang='grc' dir='ltr'>ιι.</span> <span class='ocrx_word' id='word_1_58' title='bbox 917 477 965 500; x_wconf 79' lang='lat' dir='ltr'>an</span> <span class='ocrx_word' id='word_1_59' title='bbox 990 467 1181 502; x_wconf 77' lang='lat' dir='ltr'>enarrabili</span> <span class='ocrx_word' id='word_1_60' title='bbox 1203 468 1250 510; x_wconf 90' lang='grc'>6,</span> <span class='ocrx_word' id='word_1_61' title='bbox 1275 469 1321 510; x_wconf 86' lang='grc'>3,</span> <span class='ocrx_word' id='word_1_62' title='bbox 1347 467 1371 502; x_wconf 90' lang='grc'>6</span> <span class='ocrx_word' id='word_1_63' title='bbox 1394 468 1440 501; x_wconf 83' lang='grc' dir='ltr'>Ν.</span> <span class='ocrx_word' id='word_1_64' title='bbox 1466 475 1499 501; x_wconf 74' lang='grc' dir='ltr'>ει</span> <span class='ocrx_word' id='word_1_65' title='bbox 1528 469 1566 502; x_wconf 88' lang='lat' dir='ltr'>S.</span> 
     </span>
     <span class='ocr_line' id='line_1_6' title="bbox 80 511 1568 558; baseline -0.001 -8"><span class='ocrx_word' id='word_1_66' title='bbox 80 526 118 550; x_wconf 90' lang='grc' dir='ltr'>ιι.</span> <span class='ocrx_word' id='word_1_67' title='bbox 142 526 188 549; x_wconf 84' lang='lat' dir='ltr'>an</span> <span class='ocrx_word' id='word_1_68' title='bbox 214 512 386 548; x_wconf 69' lang='lat' dir='ltr'>orationis</span> <span class='ocrx_word' id='word_1_69' title='bbox 407 512 525 557; x_wconf 78' lang='lat' dir='ltr'>potius</span> <span class='ocrx_word' id='word_1_70' title='bbox 553 523 658 558; x_wconf 76' lang='lat' dir='ltr'>qum</span> <span class='ocrx_word' id='word_1_71' title='bbox 680 511 879 546; x_wconf 79' lang='lat' dir='ltr'>sententiae</span> <span class='ocrx_word' id='word_1_72' title='bbox 900 511 947 546; x_wconf 71' lang='lat' dir='ltr'>tit</span> <span class='ocrx_word' id='word_1_73' title='bbox 970 513 1015 556; x_wconf 91' lang='grc'>9,</span> <span class='ocrx_word' id='word_1_74' title='bbox 1037 516 1073 556; x_wconf 96' lang='grc'>2,</span> <span class='ocrx_word' id='word_1_75' title='bbox 1098 516 1175 548; x_wconf 89' lang='grc'>101.</span> <span class='ocrx_word' id='word_1_76' title='bbox 1214 514 1309 558; x_wconf 79' lang='lat' dir='ltr'>quod</span> <span class='ocrx_word' id='word_1_77' title='bbox 1336 512 1499 547; x_wconf 69' lang='lat' dir='ltr'>inutilius</span> <span class='ocrx_word' id='word_1_78' title='bbox 1521 513 1568 549; x_wconf 77' lang='lat' dir='ltr'>sit</span> 
     </span>
     <span class='ocr_line' id='line_1_7' title="bbox 79 557 1567 604; baseline -0.001 -9"><span class='ocrx_word' id='word_1_79' title='bbox 79 572 136 596; x_wconf 86' lang='lat' dir='ltr'>an</span> <span class='ocrx_word' id='word_1_80' title='bbox 156 560 300 595; x_wconf 70' lang='lat' dir='ltr'>foedius</span> <span class='ocrx_word' id='word_1_81' title='bbox 324 558 484 599; x_wconf 70' lang='lat' dir='ltr'>nescio</span> <span class='ocrx_word' id='word_1_82' title='bbox 512 562 567 602; x_wconf 87' lang='grc'>11,</span> <span class='ocrx_word' id='word_1_83' title='bbox 589 560 634 601; x_wconf 87' lang='grc'>3,</span> <span class='ocrx_word' id='word_1_84' title='bbox 658 559 723 600; x_wconf 83' lang='grc'>57;</span> <span class='ocrx_word' id='word_1_85' title='bbox 757 557 801 599; x_wconf 81' lang='lat' dir='ltr'>cs.</span> <span class='ocrx_word' id='word_1_86' title='bbox 826 561 947 591; x_wconf 75' lang='lat' dir='ltr'>eiiam:</span> <span class='ocrx_word' id='word_1_87' title='bbox 980 569 1018 592; x_wconf 83' lang='lat' dir='ltr'>n.</span> <span class='ocrx_word' id='word_1_88' title='bbox 1039 570 1093 593; x_wconf 82' lang='lat' dir='ltr'>an</span> <span class='ocrx_word' id='word_1_89' title='bbox 1116 570 1271 604; x_wconf 77' lang='lat' dir='ltr'>unquam</span> <span class='ocrx_word' id='word_1_90' title='bbox 1304 559 1403 603; x_wconf 79' lang='lat' dir='ltr'><strong>(Sp.</strong></span> <span class='ocrx_word' id='word_1_91' title='bbox 1426 571 1472 593; x_wconf 76' lang='lat' dir='ltr'>ex</span> <span class='ocrx_word' id='word_1_92' title='bbox 1492 564 1567 594; x_wconf 67' lang='lat' dir='ltr'>sola</span> 
     </span>
     <span class='ocr_line' id='line_1_8' title="bbox 83 603 1567 653; baseline 0 -13"><span class='ocrx_word' id='word_1_93' title='bbox 83 610 227 650; x_wconf 83' lang='lat' dir='ltr'>Camp.</span> <span class='ocrx_word' id='word_1_94' title='bbox 249 603 447 649; x_wconf 78' lang='lat' dir='ltr'>nunquam)</span> <span class='ocrx_word' id='word_1_95' title='bbox 469 607 510 646; x_wconf 78' lang='grc'>7,</span> <span class='ocrx_word' id='word_1_96' title='bbox 532 607 573 647; x_wconf 91' lang='grc'>2,</span> <span class='ocrx_word' id='word_1_97' title='bbox 595 603 652 638; x_wconf 87' lang='grc'>41.</span> <span class='ocrx_word' id='word_1_98' title='bbox 694 603 750 638; x_wconf 80' lang='lat' dir='ltr'>cui</span> <span class='ocrx_word' id='word_1_99' title='bbox 775 616 811 638; x_wconf 92' lang='lat' dir='ltr'>n.</span> <span class='ocrx_word' id='word_1_100' title='bbox 838 615 893 637; x_wconf 87' lang='lat' dir='ltr'>an</span> <span class='ocrx_word' id='word_1_101' title='bbox 915 605 988 638; x_wconf 82' lang='lat' dir='ltr'>ulla</span> <span class='ocrx_word' id='word_1_102' title='bbox 1013 616 1095 650; x_wconf 73' lang='lat' dir='ltr'>para</span> <span class='ocrx_word' id='word_1_103' title='bbox 1117 605 1163 639; x_wconf 76' lang='lat' dir='ltr'>sit</span> <span class='ocrx_word' id='word_1_104' title='bbox 1187 606 1300 653; x_wconf 67' lang='lat' dir='ltr'>magia</span> <span class='ocrx_word' id='word_1_105' title='bbox 1323 606 1506 640; x_wconf 69' lang='lat' dir='ltr'>elaborata</span> <span class='ocrx_word' id='word_1_106' title='bbox 1530 607 1567 650; x_wconf 84' lang='lat'>9,</span> 
     </span>
     <span class='ocr_line' id='line_1_9' title="bbox 77 649 1568 697; baseline -0.003 -9"><span class='ocrx_word' id='word_1_107' title='bbox 77 652 124 696; x_wconf 80' lang='grc'>4,</span> <span class='ocrx_word' id='word_1_108' title='bbox 148 656 181 686; x_wconf 93' lang='grc'>1.</span> <span class='ocrx_word' id='word_1_109' title='bbox 214 662 252 685; x_wconf 88' lang='lat' dir='ltr'>n.</span> <span class='ocrx_word' id='word_1_110' title='bbox 281 662 336 684; x_wconf 76' lang='lat' dir='ltr'>an</span> <span class='ocrx_word' id='word_1_111' title='bbox 369 652 442 684; x_wconf 77' lang='lat' dir='ltr'>ulla</span> <span class='ocrx_word' id='word_1_112' title='bbox 464 666 504 675; x_wconf 95' lang='lat'>—</span> <span class='ocrx_word' id='word_1_113' title='bbox 530 649 680 684; x_wconf 72' lang='lat' dir='ltr'>similior</span> <span class='ocrx_word' id='word_1_114' title='bbox 703 650 749 684; x_wconf 73' lang='lat' dir='ltr'>sit</span> <span class='ocrx_word' id='word_1_115' title='bbox 774 652 836 693; x_wconf 88' lang='lat'>10,</span> <span class='ocrx_word' id='word_1_116' title='bbox 860 652 900 694; x_wconf 87' lang='lat'>1,</span> <span class='ocrx_word' id='word_1_117' title='bbox 925 651 983 685; x_wconf 81' lang='lat'>65.</span> <span class='ocrx_word' id='word_1_118' title='bbox 1020 651 1119 697; x_wconf 73' lang='lat' dir='ltr'>(quos</span> <span class='ocrx_word' id='word_1_119' title='bbox 1141 653 1226 685; x_wconf 67' lang='lat' dir='ltr'>duos</span> <span class='ocrx_word' id='word_1_120' title='bbox 1249 656 1339 686; x_wconf 71' lang='lat' dir='ltr'>locon</span> <span class='ocrx_word' id='word_1_121' title='bbox 1361 653 1435 696; x_wconf 72' lang='lat' dir='ltr'>Sp.</span> <span class='ocrx_word' id='word_1_122' title='bbox 1461 652 1568 693; x_wconf 74' lang='lat' dir='ltr'>conji-</span> 
     </span>
     <span class='ocr_line' id='line_1_10' title="bbox 81 696 1567 740; baseline -0.001 -8"><span class='ocrx_word' id='word_1_123' title='bbox 81 700 196 732; x_wconf 71' lang='lat' dir='ltr'>ciendo</span> <span class='ocrx_word' id='word_1_124' title='bbox 219 701 348 731; x_wconf 68' lang='lat' dir='ltr'>nulla</span> <span class='ocrx_word' id='word_1_125' title='bbox 364 696 499 738; x_wconf 71' lang='lat' dir='ltr'>frustm</span> <span class='ocrx_word' id='word_1_126' title='bbox 523 699 684 739; x_wconf 52' lang='lat' dir='ltr'><strong>mindi,-</strong></span> <span class='ocrx_word' id='word_1_127' title='bbox 705 700 749 732; x_wconf 84' lang='grc' dir='ltr'>Ζ.</span> <span class='ocrx_word' id='word_1_128' title='bbox 773 708 887 730; x_wconf 80' lang='lat' dir='ltr'>veram</span> <span class='ocrx_word' id='word_1_129' title='bbox 911 700 986 730; x_wconf 71' lang='lat' dir='ltr'>lec-t.</span> <span class='ocrx_word' id='word_1_130' title='bbox 1012 697 1184 740; x_wconf 62' lang='lat' dir='ltr'>renituit.)</span> <span class='ocrx_word' id='word_1_131' title='bbox 1212 699 1261 732; x_wconf 79' lang='lat' dir='ltr'>N.</span> <span class='ocrx_word' id='word_1_132' title='bbox 1285 701 1375 732; x_wconf 71' lang='lat' dir='ltr'>criu.</span> <span class='ocrx_word' id='word_1_133' title='bbox 1404 697 1439 739; x_wconf 74' lang='lat' dir='ltr'>h)</span> <span class='ocrx_word' id='word_1_134' title='bbox 1464 697 1567 740; x_wconf 80' lang='lat' dir='ltr'><strong><em>asfir-</em></strong></span> 
     </span>
     <span class='ocr_line' id='line_1_11' title="bbox 80 741 1567 786; baseline -0.001 -8"><span class='ocrx_word' id='word_1_135' title='bbox 80 747 221 778; x_wconf 72' lang='lat' dir='ltr'>marm&#39;s:</span> <span class='ocrx_word' id='word_1_136' title='bbox 249 741 372 778; x_wconf 71' lang='lat' dir='ltr'>neacio</span> <span class='ocrx_word' id='word_1_137' title='bbox 396 754 455 786; x_wconf 84' lang='lat' dir='ltr'>an,</span> <span class='ocrx_word' id='word_1_138' title='bbox 478 741 508 776; x_wconf 77' lang='lat' dir='ltr'>si</span> <span class='ocrx_word' id='word_1_139' title='bbox 531 743 611 785; x_wconf 74' lang='lat' dir='ltr'>(Sp.</span> <span class='ocrx_word' id='word_1_140' title='bbox 632 741 721 786; x_wconf 82' lang='lat' dir='ltr'>om.)</span> <span class='ocrx_word' id='word_1_141' title='bbox 742 748 931 786; x_wconf 78' lang='lat' dir='ltr'>utrumque</span> <span class='ocrx_word' id='word_1_142' title='bbox 949 753 1030 776; x_wconf 70' lang='lat' dir='ltr'>cvun</span> <span class='ocrx_word' id='word_1_143' title='bbox 1048 754 1133 777; x_wconf 81' lang='lat' dir='ltr'>cura</span> <span class='ocrx_word' id='word_1_144' title='bbox 1155 749 1193 778; x_wconf 84' lang='lat' dir='ltr'>et</span> <span class='ocrx_word' id='word_1_145' title='bbox 1218 743 1339 779; x_wconf 70' lang='lat' dir='ltr'>studio</span> <span class='ocrx_word' id='word_1_146' title='bbox 1361 743 1567 786; x_wconf 68' lang='lat' dir='ltr'>fecerimus,</span> 
     </span>
     <span class='ocr_line' id='line_1_12' title="bbox 79 788 1567 835; baseline -0.001 -10"><span class='ocrx_word' id='word_1_147' title='bbox 79 789 238 825; x_wconf 76' lang='lat' dir='ltr'>invicem</span> <span class='ocrx_word' id='word_1_148' title='bbox 260 788 374 834; x_wconf 82' lang='lat' dir='ltr'><strong>prosit</strong></span> <span class='ocrx_word' id='word_1_149' title='bbox 398 791 465 831; x_wconf 88' lang='grc'>10,</span> <span class='ocrx_word' id='word_1_150' title='bbox 488 792 529 830; x_wconf 92' lang='lat'>7,</span> <span class='ocrx_word' id='word_1_151' title='bbox 555 789 601 824; x_wconf 83' lang='lat'>29</span> <span class='ocrx_word' id='word_1_152' title='bbox 619 791 686 823; x_wconf 81' lang='lat' dir='ltr'>Fr.</span> <span class='ocrx_word' id='word_1_153' title='bbox 728 798 764 822; x_wconf 94' lang='grc' dir='ltr'>ιι.</span> <span class='ocrx_word' id='word_1_154' title='bbox 802 788 1019 835; x_wconf 72' lang='lat' dir='ltr'>negligentia</span> <span class='ocrx_word' id='word_1_155' title='bbox 1047 788 1088 823; x_wconf 83' lang='lat' dir='ltr'>in</span> <span class='ocrx_word' id='word_1_156' title='bbox 1119 790 1191 824; x_wconf 88' lang='lat' dir='ltr'>hoc</span> <span class='ocrx_word' id='word_1_157' title='bbox 1218 801 1272 824; x_wconf 84' lang='lat' dir='ltr'>an</span> <span class='ocrx_word' id='word_1_158' title='bbox 1302 789 1493 824; x_wconf 72' lang='lat' dir='ltr'>solicitudo</span> <span class='ocrx_word' id='word_1_159' title='bbox 1521 789 1567 824; x_wconf 85' lang='lat' dir='ltr'>sit</span> 
     </span>
     <span class='ocr_line' id='line_1_13' title="bbox 79 833 1567 881; baseline 0.001 -12"><span class='ocrx_word' id='word_1_160' title='bbox 79 835 184 881; x_wconf 74' lang='lat' dir='ltr'>pejor</span> <span class='ocrx_word' id='word_1_161' title='bbox 203 836 240 878; x_wconf 84' lang='lat'>9,</span> <span class='ocrx_word' id='word_1_162' title='bbox 266 833 304 878; x_wconf 92' lang='grc'>4,</span> <span class='ocrx_word' id='word_1_163' title='bbox 332 836 389 871; x_wconf 86' lang='grc'>35.</span> <span class='ocrx_word' id='word_1_164' title='bbox 416 834 464 876; x_wconf 79' lang='lat' dir='ltr'>cf.</span> <span class='ocrx_word' id='word_1_165' title='bbox 486 836 521 877; x_wconf 87' lang='lat'>3,</span> <span class='ocrx_word' id='word_1_166' title='bbox 546 835 581 877; x_wconf 83' lang='lat'>8,</span> <span class='ocrx_word' id='word_1_167' title='bbox 603 833 661 872; x_wconf 81' lang='grc'>40.</span> <span class='ocrx_word' id='word_1_168' title='bbox 690 834 725 877; x_wconf 85' lang='grc'>5,</span> <span class='ocrx_word' id='word_1_169' title='bbox 753 836 811 877; x_wconf 90' lang='grc'>10,</span> <span class='ocrx_word' id='word_1_170' title='bbox 833 836 912 868; x_wconf 89' lang='grc'>123.</span> <span class='ocrx_word' id='word_1_171' title='bbox 945 837 1001 877; x_wconf 91' lang='grc'>11,</span> <span class='ocrx_word' id='word_1_172' title='bbox 1027 838 1061 878; x_wconf 89' lang='grc'>1,</span> <span class='ocrx_word' id='word_1_173' title='bbox 1084 838 1142 870; x_wconf 88' lang='grc'>21.</span> <span class='ocrx_word' id='word_1_174' title='bbox 1166 837 1233 878; x_wconf 83' lang='grc'>57;</span> <span class='ocrx_word' id='word_1_175' title='bbox 1266 841 1323 869; x_wconf 69' lang='lat' dir='ltr'>eut</span> <span class='ocrx_word' id='word_1_176' title='bbox 1347 835 1497 880; x_wconf 74' lang='lat' dir='ltr'>aliquis,</span> <span class='ocrx_word' id='word_1_177' title='bbox 1525 847 1567 870; x_wconf 85' lang='lat' dir='ltr'>ac</span> 
     </span>
     <span class='ocr_line' id='line_1_14' title="bbox 81 879 1569 924; baseline -0.001 -8"><span class='ocrx_word' id='word_1_178' title='bbox 81 893 119 916; x_wconf 81' lang='lat' dir='ltr'>n.</span> <span class='ocrx_word' id='word_1_179' title='bbox 144 891 199 915; x_wconf 82' lang='lat' dir='ltr'>an</span> <span class='ocrx_word' id='word_1_180' title='bbox 221 880 398 914; x_wconf 80' lang='lat' dir='ltr'>maximus</span> <span class='ocrx_word' id='word_1_181' title='bbox 421 881 552 923; x_wconf 88' lang='lat' dir='ltr'>etiam,</span> <span class='ocrx_word' id='word_1_182' title='bbox 580 889 628 914; x_wconf 79' lang='lat' dir='ltr'>ex</span> <span class='ocrx_word' id='word_1_183' title='bbox 655 879 802 915; x_wconf 74' lang='lat' dir='ltr'>seeretis</span> <span class='ocrx_word' id='word_1_184' title='bbox 827 880 966 915; x_wconf 73' lang='lat' dir='ltr'>fructus</span> <span class='ocrx_word' id='word_1_185' title='bbox 990 883 1033 923; x_wconf 83' lang='lat'>2,</span> <span class='ocrx_word' id='word_1_186' title='bbox 1057 882 1120 924; x_wconf 91' lang='grc'>18,</span> <span class='ocrx_word' id='word_1_187' title='bbox 1146 879 1180 915; x_wconf 90' lang='grc'>4.</span> <span class='ocrx_word' id='word_1_188' title='bbox 1234 880 1295 915; x_wconf 81' lang='lat' dir='ltr'>An</span> <span class='ocrx_word' id='word_1_189' title='bbox 1321 892 1395 915; x_wconf 90' lang='lat' dir='ltr'>non</span> <span class='ocrx_word' id='word_1_190' title='bbox 1422 881 1461 915; x_wconf 91' lang='lat' dir='ltr'>in</span> <span class='ocrx_word' id='word_1_191' title='bbox 1483 882 1569 916; x_wconf 82' lang='lat' dir='ltr'>foro</span> 
     </span>
     <span class='ocr_line' id='line_1_15' title="bbox 79 925 1568 970; baseline -0.001 -8"><span class='ocrx_word' id='word_1_192' title='bbox 79 928 297 962; x_wconf 82' lang='lat' dir='ltr'>narrandum</span> <span class='ocrx_word' id='word_1_193' title='bbox 320 926 400 960; x_wconf 72' lang='lat' dir='ltr'>est?</span> <span class='ocrx_word' id='word_1_194' title='bbox 430 937 500 970; x_wconf 82' lang='lat' dir='ltr'>qua</span> <span class='ocrx_word' id='word_1_195' title='bbox 520 925 560 960; x_wconf 89' lang='lat' dir='ltr'>in</span> <span class='ocrx_word' id='word_1_196' title='bbox 582 931 680 970; x_wconf 83' lang='lat' dir='ltr'>parte</span> <span class='ocrx_word' id='word_1_197' title='bbox 702 936 740 960; x_wconf 90' lang='lat' dir='ltr'>n.</span> <span class='ocrx_word' id='word_1_198' title='bbox 765 937 819 959; x_wconf 86' lang='lat' dir='ltr'>an</span> <span class='ocrx_word' id='word_1_199' title='bbox 845 926 890 959; x_wconf 76' lang='lat' dir='ltr'>sit</span> <span class='ocrx_word' id='word_1_200' title='bbox 909 927 972 961; x_wconf 74' lang='lat' dir='ltr'>vel</span> <span class='ocrx_word' id='word_1_201' title='bbox 992 926 1182 970; x_wconf 76' lang='lat' dir='ltr'>plurimum</span> <span class='ocrx_word' id='word_1_202' title='bbox 1204 929 1239 969; x_wconf 90' lang='grc'>2,</span> <span class='ocrx_word' id='word_1_203' title='bbox 1261 930 1295 969; x_wconf 91' lang='grc'>1,</span> <span class='ocrx_word' id='word_1_204' title='bbox 1317 928 1375 962; x_wconf 89' lang='grc'>10.</span> <span class='ocrx_word' id='word_1_205' title='bbox 1405 938 1465 962; x_wconf 71' lang='lat' dir='ltr'>res</span> <span class='ocrx_word' id='word_1_206' title='bbox 1479 927 1568 961; x_wconf 88' lang='lat' dir='ltr'>utri-</span> 
     </span>
     <span class='ocr_line' id='line_1_16' title="bbox 82 971 1566 1019; baseline 0 -12"><span class='ocrx_word' id='word_1_207' title='bbox 82 983 154 1018; x_wconf 74' lang='lat' dir='ltr'>que</span> <span class='ocrx_word' id='word_1_208' title='bbox 174 971 267 1017; x_wconf 75' lang='lat' dir='ltr'>parti</span> <span class='ocrx_word' id='word_1_209' title='bbox 292 972 496 1014; x_wconf 82' lang='lat' dir='ltr'>tractanda,</span> <span class='ocrx_word' id='word_1_210' title='bbox 523 983 566 1006; x_wconf 88' lang='lat' dir='ltr'>ac</span> <span class='ocrx_word' id='word_1_211' title='bbox 589 971 713 1006; x_wconf 81' lang='lat' dir='ltr'>nescio</span> <span class='ocrx_word' id='word_1_212' title='bbox 740 983 786 1005; x_wconf 86' lang='lat' dir='ltr'>an</span> <span class='ocrx_word' id='word_1_213' title='bbox 811 971 919 1006; x_wconf 86' lang='lat' dir='ltr'>etiam</span> <span class='ocrx_word' id='word_1_214' title='bbox 945 971 986 1015; x_wconf 80' lang='lat' dir='ltr'>(S</span> <span class='ocrx_word' id='word_1_215' title='bbox 995 985 1031 1016; x_wconf 86' lang='lat' dir='ltr'>p.</span> <span class='ocrx_word' id='word_1_216' title='bbox 1056 974 1139 1015; x_wconf 86' lang='lat' dir='ltr'>om.)</span> <span class='ocrx_word' id='word_1_217' title='bbox 1163 972 1198 1007; x_wconf 90' lang='lat' dir='ltr'>ei</span> <span class='ocrx_word' id='word_1_218' title='bbox 1218 972 1333 1019; x_wconf 71' lang='lat' dir='ltr'>magis</span> <span class='ocrx_word' id='word_1_219' title='bbox 1355 972 1392 1015; x_wconf 82' lang='grc'>4,</span> <span class='ocrx_word' id='word_1_220' title='bbox 1411 976 1446 1017; x_wconf 91' lang='grc'>1,</span> <span class='ocrx_word' id='word_1_221' title='bbox 1462 975 1508 1008; x_wconf 91' lang='grc'>18</span> <span class='ocrx_word' id='word_1_222' title='bbox 1522 976 1566 1007; x_wconf 93' lang='grc' dir='ltr'>Ζ.</span> 
     </span>
     <span class='ocr_line' id='line_1_17' title="bbox 81 1017 1566 1066; baseline 0.001 -13"><span class='ocrx_word' id='word_1_223' title='bbox 81 1018 171 1064; x_wconf 84' lang='lat' dir='ltr'>quin</span> <span class='ocrx_word' id='word_1_224' title='bbox 192 1029 230 1052; x_wconf 88' lang='grc' dir='ltr'>ιι.</span> <span class='ocrx_word' id='word_1_225' title='bbox 255 1028 310 1052; x_wconf 84' lang='lat' dir='ltr'>an</span> <span class='ocrx_word' id='word_1_226' title='bbox 332 1017 440 1051; x_wconf 78' lang='lat' dir='ltr'>etiam</span> <span class='ocrx_word' id='word_1_227' title='bbox 461 1017 685 1062; x_wconf 70' lang='lat' dir='ltr'>frequentior</span> <span class='ocrx_word' id='word_1_228' title='bbox 707 1017 922 1060; x_wconf 66' lang='lat' dir='ltr'>(refutatio),</span> <span class='ocrx_word' id='word_1_229' title='bbox 942 1018 1005 1051; x_wconf 74' lang='lat' dir='ltr'>ubi</span> <span class='ocrx_word' id='word_1_230' title='bbox 1034 1018 1120 1063; x_wconf 85' lang='lat' dir='ltr'>qnid</span> <span class='ocrx_word' id='word_1_231' title='bbox 1141 1024 1294 1066; x_wconf 84' lang='lat' dir='ltr'>negatur</span> <span class='ocrx_word' id='word_1_232' title='bbox 1315 1021 1352 1064; x_wconf 78' lang='lat'>5,</span> <span class='ocrx_word' id='word_1_233' title='bbox 1372 1021 1431 1064; x_wconf 83' lang='lat'>13,</span> <span class='ocrx_word' id='word_1_234' title='bbox 1446 1020 1504 1055; x_wconf 81' lang='lat'>55.</span> <span class='ocrx_word' id='word_1_235' title='bbox 1521 1018 1566 1062; x_wconf 63' lang='lat' dir='ltr'>‘f-</span> 
     </span>
     <span class='ocr_line' id='line_1_18' title="bbox 34 1063 1043 1154; baseline -0.001 -55"><span class='ocrx_word' id='word_1_236' title='bbox 34 1067 117 1154; x_wconf 72' lang='lat' dir='ltr'><strong>Na,</strong></span> <span class='ocrx_word' id='word_1_237' title='bbox 143 1067 177 1108; x_wconf 86' lang='lat'>1,</span> <span class='ocrx_word' id='word_1_238' title='bbox 199 1066 234 1098; x_wconf 84' lang='lat'>2.</span> <span class='ocrx_word' id='word_1_239' title='bbox 273 1064 309 1106; x_wconf 86' lang='lat'>6,</span> <span class='ocrx_word' id='word_1_240' title='bbox 333 1065 369 1107; x_wconf 83' lang='grc'>3,</span> <span class='ocrx_word' id='word_1_241' title='bbox 391 1065 428 1099; x_wconf 78' lang='lat'>8.</span> <span class='ocrx_word' id='word_1_242' title='bbox 463 1065 500 1107; x_wconf 83' lang='lat'>8,</span> <span class='ocrx_word' id='word_1_243' title='bbox 521 1063 557 1107; x_wconf 85' lang='lat'>4,</span> <span class='ocrx_word' id='word_1_244' title='bbox 579 1065 615 1099; x_wconf 86' lang='lat'>8.</span> <span class='ocrx_word' id='word_1_245' title='bbox 653 1065 690 1108; x_wconf 86' lang='lat'>8,</span> <span class='ocrx_word' id='word_1_246' title='bbox 714 1063 749 1108; x_wconf 85' lang='lat'>5,</span> <span class='ocrx_word' id='word_1_247' title='bbox 771 1066 831 1098; x_wconf 83' lang='lat'>21.</span> <span class='ocrx_word' id='word_1_248' title='bbox 868 1065 925 1107; x_wconf 76' lang='grc' dir='ltr'>ιο,</span> <span class='ocrx_word' id='word_1_249' title='bbox 948 1063 984 1108; x_wconf 86' lang='grc'>6,</span> <span class='ocrx_word' id='word_1_250' title='bbox 1008 1067 1043 1098; x_wconf 88' lang='lat'>1.</span> 
     </span>
     <span class='ocr_line' id='line_1_19' title="bbox 80 1121 327 1156; baseline 0.008 -4"><span class='ocrx_word' id='word_1_251' title='bbox 80 1125 147 1152; x_wconf 74' lang='lat' dir='ltr'>eu·</span> <span class='ocrx_word' id='word_1_252' title='bbox 180 1133 214 1156; x_wconf 71' lang='lat' dir='ltr'>v·</span> <span class='ocrx_word' id='word_1_253' title='bbox 251 1121 327 1154; x_wconf 67' lang='grc' dir='ltr'>ΝΘ·</span> 
     </span>
    </p>
   </div>
   <div class='ocr_carea' id='block_1_3' title="bbox 34 1165 1568 1408">
    <p class='ocr_par' dir='ltr' id='par_1_3' title="bbox 34 1165 1568 1408">
     <span class='ocr_line' id='line_1_20' title="bbox 34 1165 1568 1222; baseline 0.001 -12"><span class='ocrx_word' id='word_1_254' title='bbox 34 1165 214 1210; x_wconf 81' lang='lat' dir='ltr'>Nenter.</span> <span class='ocrx_word' id='word_1_255' title='bbox 251 1176 484 1222; x_wconf 76' lang='lat' dir='ltr'>neutriusque</span> <span class='ocrx_word' id='word_1_256' title='bbox 511 1186 666 1221; x_wconf 83' lang='lat' dir='ltr'>aequare</span> <span class='ocrx_word' id='word_1_257' title='bbox 688 1175 841 1211; x_wconf 79' lang='lat' dir='ltr'>virtutes</span> <span class='ocrx_word' id='word_1_258' title='bbox 866 1178 922 1220; x_wconf 91' lang='grc'>10,</span> <span class='ocrx_word' id='word_1_259' title='bbox 947 1179 981 1220; x_wconf 92' lang='grc'>1,</span> <span class='ocrx_word' id='word_1_260' title='bbox 1002 1177 1058 1212; x_wconf 86' lang='grc'>53.</span> <span class='ocrx_word' id='word_1_261' title='bbox 1094 1176 1256 1222; x_wconf 80' lang='lat' dir='ltr'>quamvis</span> <span class='ocrx_word' id='word_1_262' title='bbox 1277 1175 1398 1212; x_wconf 85' lang='lat' dir='ltr'>neutri</span> <span class='ocrx_word' id='word_1_263' title='bbox 1422 1175 1568 1211; x_wconf 81' lang='lat' dir='ltr'>dubium</span> 
     </span>
     <span class='ocr_line' id='line_1_21' title="bbox 81 1223 1567 1268; baseline -0.001 -9"><span class='ocrx_word' id='word_1_264' title='bbox 81 1224 128 1258; x_wconf 70' lang='lat' dir='ltr'>ait</span> <span class='ocrx_word' id='word_1_265' title='bbox 149 1225 185 1267; x_wconf 87' lang='grc'>8,</span> <span class='ocrx_word' id='word_1_266' title='bbox 211 1224 254 1268; x_wconf 90' lang='grc'>6,</span> <span class='ocrx_word' id='word_1_267' title='bbox 277 1225 344 1266; x_wconf 86' lang='grc'>36;</span> <span class='ocrx_word' id='word_1_268' title='bbox 378 1228 590 1257; x_wconf 81' lang='lat' dir='ltr'>neutrum</span> <span class='ocrx_word' id='word_1_269' title='bbox 616 1223 837 1257; x_wconf 73' lang='lat' dir='ltr'>abaltero</span> <span class='ocrx_word' id='word_1_270' title='bbox 862 1233 990 1267; x_wconf 86' lang='lat' dir='ltr'>separo</span> <span class='ocrx_word' id='word_1_271' title='bbox 1016 1225 1060 1267; x_wconf 97' lang='grc'>2,</span> <span class='ocrx_word' id='word_1_272' title='bbox 1086 1224 1128 1266; x_wconf 88' lang='grc'>6,</span> <span class='ocrx_word' id='word_1_273' title='bbox 1150 1226 1186 1257; x_wconf 90' lang='grc'>2.</span> <span class='ocrx_word' id='word_1_274' title='bbox 1222 1233 1374 1268; x_wconf 80' lang='lat' dir='ltr'>quorum</span> <span class='ocrx_word' id='word_1_275' title='bbox 1399 1228 1567 1258; x_wconf 82' lang='lat' dir='ltr'>neutrum</span> 
     </span>
     <span class='ocr_line' id='line_1_22' title="bbox 78 1266 1568 1314; baseline -0.001 -9"><span class='ocrx_word' id='word_1_276' title='bbox 78 1275 135 1305; x_wconf 73' lang='lat' dir='ltr'>est</span> <span class='ocrx_word' id='word_1_277' title='bbox 156 1276 280 1314; x_wconf 79' lang='lat' dir='ltr'>turpe,</span> <span class='ocrx_word' id='word_1_278' title='bbox 315 1281 398 1304; x_wconf 88' lang='lat' dir='ltr'>cum</span> <span class='ocrx_word' id='word_1_279' title='bbox 422 1279 471 1302; x_wconf 76' lang='lat' dir='ltr'>ex</span> <span class='ocrx_word' id='word_1_280' title='bbox 494 1268 590 1302; x_wconf 83' lang='lat' dir='ltr'>bona</span> <span class='ocrx_word' id='word_1_281' title='bbox 612 1266 751 1302; x_wconf 80' lang='lat' dir='ltr'>ratione</span> <span class='ocrx_word' id='word_1_282' title='bbox 774 1268 1032 1312; x_wconf 87' lang='lat' dir='ltr'>proficiscitur:</span> <span class='ocrx_word' id='word_1_283' title='bbox 1066 1268 1222 1314; x_wconf 82' lang='lat' dir='ltr'>ideoque</span> <span class='ocrx_word' id='word_1_284' title='bbox 1248 1275 1412 1304; x_wconf 84' lang='lat' dir='ltr'>nentrum</span> <span class='ocrx_word' id='word_1_285' title='bbox 1441 1268 1568 1305; x_wconf 75' lang='lat' dir='ltr'>vitium</span> 
     </span>
     <span class='ocr_line' id='line_1_23' title="bbox 77 1313 1567 1359; baseline -0.002 -8"><span class='ocrx_word' id='word_1_286' title='bbox 77 1319 125 1359; x_wconf 87' lang='grc'>2,</span> <span class='ocrx_word' id='word_1_287' title='bbox 151 1318 218 1359; x_wconf 90' lang='grc'>17,</span> <span class='ocrx_word' id='word_1_288' title='bbox 244 1318 303 1350; x_wconf 90' lang='grc'>27.</span> <span class='ocrx_word' id='word_1_289' title='bbox 338 1320 556 1349; x_wconf 80' lang='lat' dir='ltr'>neutrum</span> <span class='ocrx_word' id='word_1_290' title='bbox 578 1313 656 1348; x_wconf 84' lang='lat' dir='ltr'>sine</span> <span class='ocrx_word' id='word_1_291' title='bbox 678 1315 828 1349; x_wconf 87' lang='lat' dir='ltr'>altero</span> <span class='ocrx_word' id='word_1_292' title='bbox 852 1314 1007 1349; x_wconf 78' lang='lat' dir='ltr'>sufficiet</span> <span class='ocrx_word' id='word_1_293' title='bbox 1032 1317 1076 1359; x_wconf 87' lang='lat'>2,</span> <span class='ocrx_word' id='word_1_294' title='bbox 1099 1316 1142 1359; x_wconf 88' lang='grc'>9,</span> <span class='ocrx_word' id='word_1_295' title='bbox 1167 1317 1201 1350; x_wconf 88' lang='grc'>3.</span> <span class='ocrx_word' id='word_1_296' title='bbox 1229 1315 1273 1356; x_wconf 67' lang='lat' dir='ltr'>cs:</span> <span class='ocrx_word' id='word_1_297' title='bbox 1302 1317 1366 1359; x_wconf 87' lang='lat'>11,</span> <span class='ocrx_word' id='word_1_298' title='bbox 1396 1318 1440 1358; x_wconf 87' lang='lat'>1,</span> <span class='ocrx_word' id='word_1_299' title='bbox 1462 1316 1509 1351; x_wconf 84' lang='lat'>93</span> <span class='ocrx_word' id='word_1_300' title='bbox 1532 1327 1567 1349; x_wconf 85' lang='lat' dir='ltr'>v.</span> 
     </span>
     <span class='ocr_line' id='line_1_24' title="bbox 80 1359 1543 1408; baseline -0.001 -11"><span class='ocrx_word' id='word_1_301' title='bbox 80 1361 241 1405; x_wconf 79' lang='lat' dir='ltr'>Alter3</span> <span class='ocrx_word' id='word_1_302' title='bbox 265 1360 306 1394; x_wconf 88' lang='lat' dir='ltr'>in</span> <span class='ocrx_word' id='word_1_303' title='bbox 326 1371 363 1395; x_wconf 88' lang='lat' dir='ltr'>n.</span> <span class='ocrx_word' id='word_1_304' title='bbox 388 1365 523 1405; x_wconf 82' lang='lat' dir='ltr'>partem</span> <span class='ocrx_word' id='word_1_305' title='bbox 547 1362 603 1403; x_wconf 88' lang='grc'>12,</span> <span class='ocrx_word' id='word_1_306' title='bbox 626 1361 661 1403; x_wconf 88' lang='grc'>8,</span> <span class='ocrx_word' id='word_1_307' title='bbox 683 1360 721 1397; x_wconf 88' lang='grc'>8.</span> <span class='ocrx_word' id='word_1_308' title='bbox 751 1372 843 1405; x_wconf 83' lang='lat' dir='ltr'>qnae</span> <span class='ocrx_word' id='word_1_309' title='bbox 867 1372 904 1395; x_wconf 93' lang='grc' dir='ltr'>ιι.</span> <span class='ocrx_word' id='word_1_310' title='bbox 927 1371 1118 1405; x_wconf 83' lang='lat' dir='ltr'><strong>personam</strong></span> <span class='ocrx_word' id='word_1_311' title='bbox 1142 1361 1354 1408; x_wconf 84' lang='lat' dir='ltr'>contingunt</span> <span class='ocrx_word' id='word_1_312' title='bbox 1376 1361 1411 1404; x_wconf 92' lang='lat'>6,</span> <span class='ocrx_word' id='word_1_313' title='bbox 1430 1362 1465 1405; x_wconf 89' lang='grc'>3,</span> <span class='ocrx_word' id='word_1_314' title='bbox 1483 1359 1543 1395; x_wconf 90' lang='grc'>24.</span> 
     </span>
    </p>
   </div>
   <div class='ocr_carea' id='block_1_4' title="bbox 33 1404 1568 1570">
    <p class='ocr_par' dir='ltr' id='par_1_4' title="bbox 33 1404 1568 1570">
     <span class='ocr_line' id='line_1_25' title="bbox 34 1404 1568 1463; baseline 0.002 -14"><span class='ocrx_word' id='word_1_315' title='bbox 34 1404 267 1449; x_wconf 64' lang='lat' dir='ltr'>Neuttali&amp;</span> <span class='ocrx_word' id='word_1_316' title='bbox 321 1423 438 1452; x_wconf 72' lang='lat' dir='ltr'>neutr-</span> <span class='ocrx_word' id='word_1_317' title='bbox 475 1416 673 1461; x_wconf 77' lang='lat' dir='ltr'>(nomina),</span> <span class='ocrx_word' id='word_1_318' title='bbox 705 1418 831 1462; x_wconf 78' lang='lat' dir='ltr'>quibus</span> <span class='ocrx_word' id='word_1_319' title='bbox 865 1418 1022 1452; x_wconf 77' lang='lat' dir='ltr'>feminae</span> <span class='ocrx_word' id='word_1_320' title='bbox 1044 1417 1234 1463; x_wconf 70' lang='lat' dir='ltr'>(utuntur)</span> <span class='ocrx_word' id='word_1_321' title='bbox 1259 1422 1294 1463; x_wconf 84' lang='lat'>1,</span> <span class='ocrx_word' id='word_1_322' title='bbox 1320 1419 1356 1462; x_wconf 83' lang='lat'>5,</span> <span class='ocrx_word' id='word_1_323' title='bbox 1379 1416 1438 1455; x_wconf 61' lang='lat'>52.</span> <span class='ocrx_word' id='word_1_324' title='bbox 1476 1427 1568 1463; x_wconf 77' lang='lat' dir='ltr'>quae</span> 
     </span>
     <span class='ocr_line' id='line_1_26' title="bbox 79 1462 992 1510; baseline -0.002 -11"><span class='ocrx_word' id='word_1_325' title='bbox 79 1469 195 1499; x_wconf 79' lang='lat' dir='ltr'>neutr.</span> <span class='ocrx_word' id='word_1_326' title='bbox 218 1462 397 1508; x_wconf 72' lang='lat' dir='ltr'>positione</span> <span class='ocrx_word' id='word_1_327' title='bbox 419 1463 570 1498; x_wconf 76' lang='lat' dir='ltr'>feminas</span> <span class='ocrx_word' id='word_1_328' title='bbox 596 1463 796 1510; x_wconf 78' lang='lat' dir='ltr'>significant</span> <span class='ocrx_word' id='word_1_329' title='bbox 819 1467 853 1506; x_wconf 88' lang='lat'>1,</span> <span class='ocrx_word' id='word_1_330' title='bbox 873 1464 909 1507; x_wconf 86' lang='grc'>4,</span> <span class='ocrx_word' id='word_1_331' title='bbox 933 1464 992 1498; x_wconf 83' lang='grc'>24.</span> 
     </span>
     <span class='ocr_line' id='line_1_27' title="bbox 33 1506 1132 1570; baseline 0.001 -16"><span class='ocrx_word' id='word_1_332' title='bbox 33 1506 211 1570; x_wconf 63' lang='grc' dir='ltr'><strong>ΝΦΏΠὈ.</strong></span> <span class='ocrx_word' id='word_1_333' title='bbox 268 1520 301 1555; x_wconf 73' lang='grc' dir='ltr'>εἰ</span> <span class='ocrx_word' id='word_1_334' title='bbox 322 1532 359 1554; x_wconf 89' lang='grc' dir='ltr'>ιι.</span> <span class='ocrx_word' id='word_1_335' title='bbox 379 1520 452 1555; x_wconf 73' lang='lat' dir='ltr'>litis</span> <span class='ocrx_word' id='word_1_336' title='bbox 479 1520 644 1555; x_wconf 87' lang='lat' dir='ltr'>condicio</span> <span class='ocrx_word' id='word_1_337' title='bbox 666 1523 927 1565; x_wconf 81' lang='lat' dir='ltr'>praeponderet</span> <span class='ocrx_word' id='word_1_338' title='bbox 951 1524 987 1565; x_wconf 91' lang='lat'>7,</span> <span class='ocrx_word' id='word_1_339' title='bbox 1014 1523 1050 1564; x_wconf 87' lang='grc'>2,</span> <span class='ocrx_word' id='word_1_340' title='bbox 1072 1520 1132 1555; x_wconf 80' lang='grc'><strong>39.</strong></span> 
     </span>
    </p>
   </div>
   <div class='ocr_carea' id='block_1_5' title="bbox 10 1565 1570 1780">
    <p class='ocr_par' dir='ltr' id='par_1_5' title="bbox 10 1565 1570 1780">
     <span class='ocr_line' id='line_1_28' title="bbox 35 1565 1569 1669; baseline 0.001 -50"><span class='ocrx_word' id='word_1_341' title='bbox 35 1574 301 1669; x_wconf 54' lang='grc' dir='ltr'><strong>Νξῗ..3ιιιιιίοἰ</strong></span> <span class='ocrx_word' id='word_1_342' title='bbox 327 1588 390 1624; x_wconf 80' lang='lat' dir='ltr'>vel</span> <span class='ocrx_word' id='word_1_343' title='bbox 417 1588 610 1634; x_wconf 86' lang='lat' dir='ltr'>propinqui</span> <span class='ocrx_word' id='word_1_344' title='bbox 646 1600 773 1624; x_wconf 87' lang='lat' dir='ltr'>necem</span> <span class='ocrx_word' id='word_1_345' title='bbox 806 1591 870 1633; x_wconf 87' lang='grc'>12,</span> <span class='ocrx_word' id='word_1_346' title='bbox 899 1592 942 1633; x_wconf 90' lang='grc'>7,</span> <span class='ocrx_word' id='word_1_347' title='bbox 971 1591 1006 1623; x_wconf 89' lang='grc'>2.</span> <span class='ocrx_word' id='word_1_348' title='bbox 1056 1587 1098 1623; x_wconf 83' lang='grc' dir='ltr'>ἰιι</span> <span class='ocrx_word' id='word_1_349' title='bbox 1129 1565 1294 1623; x_wconf 81' lang='lat' dir='ltr'>deflenda</span> <span class='ocrx_word' id='word_1_350' title='bbox 1324 1584 1446 1621; x_wconf 58' lang='lat' dir='ltr'>&amp;atris</span> <span class='ocrx_word' id='word_1_351' title='bbox 1477 1596 1569 1621; x_wconf 85' lang='lat' dir='ltr'>nece</span> 
     </span>
     <span class='ocr_line' id='line_1_29' title="bbox 10 1636 1570 1734; baseline 0.002 -14"><span class='ocrx_word' id='word_1_352' title='bbox 10 1667 14 1675; x_wconf 40' lang='grc' dir='ltr'>Ι</span> <span class='ocrx_word' id='word_1_353' title='bbox 33 1660 223 1721; x_wconf 51' lang='lat' dir='ltr'>Nexils’</span> <span class='ocrx_word' id='word_1_354' title='bbox 247 1636 440 1724; x_wconf 58' lang='lat' dir='ltr'>griez-cendi</span> <span class='ocrx_word' id='word_1_355' title='bbox 464 1701 614 1733; x_wconf 88' lang='lat' dir='ltr'>corpora</span> <span class='ocrx_word' id='word_1_356' title='bbox 637 1689 771 1734; x_wconf 83' lang='lat' dir='ltr'>peritus</span> <span class='ocrx_word' id='word_1_357' title='bbox 793 1701 870 1725; x_wconf 87' lang='lat' dir='ltr'>non</span> <span class='ocrx_word' id='word_1_358' title='bbox 894 1710 942 1717; x_wconf 91' lang='lat'>—-</span> <span class='ocrx_word' id='word_1_359' title='bbox 965 1701 1082 1725; x_wconf 73' lang='lat' dir='ltr'>nexus</span> <span class='ocrx_word' id='word_1_360' title='bbox 1104 1690 1234 1733; x_wconf 86' lang='lat' dir='ltr'><strong>modo,</strong></span> <span class='ocrx_word' id='word_1_361' title='bbox 1258 1694 1329 1734; x_wconf 83' lang='lat' dir='ltr'>atq.</span> <span class='ocrx_word' id='word_1_362' title='bbox 1352 1687 1392 1723; x_wconf 86' lang='lat' dir='ltr'>in</span> <span class='ocrx_word' id='word_1_363' title='bbox 1413 1687 1470 1722; x_wconf 72' lang='lat' dir='ltr'>hia</span> <span class='ocrx_word' id='word_1_364' title='bbox 1487 1698 1570 1724; x_wconf 81' lang='lat' dir='ltr'>cer-</span> 
     </span>
     <span class='ocr_line' id='line_1_30' title="bbox 82 1734 723 1780; baseline 0 -10"><span class='ocrx_word' id='word_1_365' title='bbox 82 1742 138 1770; x_wconf 81' lang='lat' dir='ltr'>tos</span> <span class='ocrx_word' id='word_1_366' title='bbox 165 1735 304 1780; x_wconf 83' lang='lat' dir='ltr'>aliquos</span> <span class='ocrx_word' id='word_1_367' title='bbox 328 1734 469 1769; x_wconf 86' lang='lat' dir='ltr'>docebit</span> <span class='ocrx_word' id='word_1_368' title='bbox 496 1739 531 1778; x_wconf 87' lang='grc'>2,</span> <span class='ocrx_word' id='word_1_369' title='bbox 555 1737 590 1778; x_wconf 91' lang='grc'>8,</span> <span class='ocrx_word' id='word_1_370' title='bbox 616 1738 658 1769; x_wconf 80' lang='grc'>13</span> <span class='ocrx_word' id='word_1_371' title='bbox 675 1737 723 1770; x_wconf 84' lang='lat' dir='ltr'>N.</span> 
     </span>
    </p>
   </div>
   <div class='ocr_carea' id='block_1_6' title="bbox 35 1778 1572 1883">
    <p class='ocr_par' dir='ltr' id='par_1_6' title="bbox 35 1778 1572 1883">
     <span class='ocr_line' id='line_1_31' title="bbox 35 1778 1572 1837; baseline -0.001 -12"><span class='ocrx_word' id='word_1_372' title='bbox 35 1778 110 1822; x_wconf 62' lang='lat' dir='ltr'>Ni·</span> <span class='ocrx_word' id='word_1_373' title='bbox 152 1791 201 1825; x_wconf 85' lang='lat' dir='ltr'>ni</span> <span class='ocrx_word' id='word_1_374' title='bbox 227 1793 246 1825; x_wconf 75' lang='grc'>1</span> <span class='ocrx_word' id='word_1_375' title='bbox 251 1798 350 1826; x_wconf 89' lang='lat' dir='ltr'>orte</span> <span class='ocrx_word' id='word_1_376' title='bbox 375 1797 446 1825; x_wconf 83' lang='lat' dir='ltr'>tam</span> <span class='ocrx_word' id='word_1_377' title='bbox 474 1802 707 1836; x_wconf 85' lang='lat' dir='ltr'>numerosus,</span> <span class='ocrx_word' id='word_1_378' title='bbox 732 1797 772 1825; x_wconf 89' lang='lat' dir='ltr'>ut</span> <span class='ocrx_word' id='word_1_379' title='bbox 799 1792 877 1836; x_wconf 87' lang='lat' dir='ltr'>ipse</span> <span class='ocrx_word' id='word_1_380' title='bbox 903 1801 1048 1837; x_wconf 75' lang='lat' dir='ltr'>qnoque</span> <span class='ocrx_word' id='word_1_381' title='bbox 1075 1789 1187 1825; x_wconf 81' lang='lat' dir='ltr'>dividi</span> <span class='ocrx_word' id='word_1_382' title='bbox 1211 1788 1340 1824; x_wconf 74' lang='lat' dir='ltr'>debeat</span> <span class='ocrx_word' id='word_1_383' title='bbox 1365 1791 1422 1834; x_wconf 87' lang='lat'>11,</span> <span class='ocrx_word' id='word_1_384' title='bbox 1447 1792 1485 1835; x_wconf 87' lang='grc'>2,</span> <span class='ocrx_word' id='word_1_385' title='bbox 1509 1778 1572 1825; x_wconf 61' lang='lat'>2⁷1</span> 
     </span>
     <span class='ocr_line' id='line_1_32' title="bbox 83 1836 1303 1883; baseline 0.001 -13"><span class='ocrx_word' id='word_1_386' title='bbox 83 1836 137 1870; x_wconf 83' lang='lat' dir='ltr'>Ni</span> <span class='ocrx_word' id='word_1_387' title='bbox 161 1843 310 1871; x_wconf 83' lang='lat' dir='ltr'>tamen</span> <span class='ocrx_word' id='word_1_388' title='bbox 334 1837 528 1880; x_wconf 81' lang='lat' dir='ltr'>exciderit,</span> <span class='ocrx_word' id='word_1_389' title='bbox 552 1849 621 1882; x_wconf 85' lang='lat' dir='ltr'>qua</span> <span class='ocrx_word' id='word_1_390' title='bbox 648 1849 738 1872; x_wconf 83' lang='lat' dir='ltr'>cava</span> <span class='ocrx_word' id='word_1_391' title='bbox 756 1839 868 1872; x_wconf 83' lang='lat' dir='ltr'>funda</span> <span class='ocrx_word' id='word_1_392' title='bbox 890 1844 987 1883; x_wconf 84' lang='lat' dir='ltr'>patet</span> <span class='ocrx_word' id='word_1_393' title='bbox 1012 1839 1099 1872; x_wconf 77' lang='lat' dir='ltr'>cic.</span> <span class='ocrx_word' id='word_1_394' title='bbox 1122 1837 1158 1880; x_wconf 88' lang='lat'>8,</span> <span class='ocrx_word' id='word_1_395' title='bbox 1182 1837 1218 1880; x_wconf 82' lang='lat'>6,</span> <span class='ocrx_word' id='word_1_396' title='bbox 1243 1837 1303 1871; x_wconf 85' lang='lat'>73.</span> 
     </span>
    </p>
   </div>
   <div class='ocr_carea' id='block_1_7' title="bbox 35 1880 722 1937">
    <p class='ocr_par' dir='ltr' id='par_1_7' title="bbox 35 1880 722 1937">
     <span class='ocr_line' id='line_1_33' title="bbox 35 1880 722 1937; baseline 0.007 -13"><span class='ocrx_word' id='word_1_397' title='bbox 35 1880 191 1924; x_wconf 84' lang='lat' dir='ltr'>Nidus.</span> <span class='ocrx_word' id='word_1_398' title='bbox 242 1893 347 1927; x_wconf 79' lang='lat' dir='ltr'>nidos</span> <span class='ocrx_word' id='word_1_399' title='bbox 373 1898 497 1927; x_wconf 84' lang='lat' dir='ltr'>texere</span> <span class='ocrx_word' id='word_1_400' title='bbox 522 1896 559 1937; x_wconf 89' lang='grc'>2,</span> <span class='ocrx_word' id='word_1_401' title='bbox 584 1894 640 1937; x_wconf 87' lang='grc'>16,</span> <span class='ocrx_word' id='word_1_402' title='bbox 665 1895 722 1930; x_wconf 90' lang='grc'>16.</span> 
     </span>
    </p>
   </div>
   <div class='ocr_carea' id='block_1_8' title="bbox 0 1948 1569 2050">
    <p class='ocr_par' dir='ltr' id='par_1_8' title="bbox 0 1948 1569 2050">
     <span class='ocr_line' id='line_1_34' title="bbox 0 1948 1569 2005; baseline 0.001 -13"><span class='ocrx_word' id='word_1_403' title='bbox 0 1969 1 1972; x_wconf 75' lang='grc'>’</span> <span class='ocrx_word' id='word_1_404' title='bbox 35 1948 188 2005; x_wconf 76' lang='lat' dir='ltr'>Niger·</span> <span class='ocrx_word' id='word_1_405' title='bbox 208 1959 387 1994; x_wconf 83' lang='lat' dir='ltr'>hominem</span> <span class='ocrx_word' id='word_1_406' title='bbox 399 1960 839 2005; x_wconf 69' lang='lat' dir='ltr'>nigranec-lamator</span> <span class='ocrx_word' id='word_1_407' title='bbox 859 1962 1040 2005; x_wconf 77' lang='lat' dir='ltr'>quidam.</span> <span class='ocrx_word' id='word_1_408' title='bbox 1055 1957 1406 2004; x_wconf 77' lang='lat' dir='ltr'>6‚3‚58.necminus</span> <span class='ocrx_word' id='word_1_409' title='bbox 1420 1957 1569 2005; x_wconf 75' lang='lat' dir='ltr'>niger,</span> 
     </span>
     <span class='ocr_line' id='line_1_35' title="bbox 84 2005 1568 2050; baseline -0.001 -10"><span class='ocrx_word' id='word_1_410' title='bbox 84 2018 153 2040; x_wconf 84' lang='lat' dir='ltr'>nec</span> <span class='ocrx_word' id='word_1_411' title='bbox 167 2006 284 2040; x_wconf 83' lang='lat' dir='ltr'>minus</span> <span class='ocrx_word' id='word_1_412' title='bbox 302 2005 488 2040; x_wconf 78' lang='lat' dir='ltr'>confide</span> <span class='ocrx_word' id='word_1_413' title='bbox 499 2017 562 2048; x_wconf 85' lang='lat' dir='ltr'>ns,</span> <span class='ocrx_word' id='word_1_414' title='bbox 587 2017 691 2050; x_wconf 86' lang='lat' dir='ltr'>quam</span> <span class='ocrx_word' id='word_1_415' title='bbox 704 2012 758 2040; x_wconf 85' lang='lat' dir='ltr'>est</span> <span class='ocrx_word' id='word_1_416' title='bbox 774 2006 836 2040; x_wconf 87' lang='lat' dir='ltr'>ille</span> <span class='ocrx_word' id='word_1_417' title='bbox 845 2005 1085 2040; x_wconf 77' lang='lat' dir='ltr'>Terentianus</span> <span class='ocrx_word' id='word_1_418' title='bbox 1101 2006 1272 2040; x_wconf 80' lang='lat' dir='ltr'>Phormio</span> <span class='ocrx_word' id='word_1_419' title='bbox 1298 2007 1383 2039; x_wconf 79' lang='lat' dir='ltr'>cic.</span> <span class='ocrx_word' id='word_1_420' title='bbox 1403 2006 1448 2039; x_wconf 76' lang='lat' dir='ltr'>ib.</span> <span class='ocrx_word' id='word_1_421' title='bbox 1463 2005 1568 2040; x_wconf 77' lang='lat' dir='ltr'><strong><em>⁵6N.</em></strong></span> 
     </span>
    </p>
   </div>
   <div class='ocr_carea' id='block_1_9' title="bbox 22 2050 1571 2840">
    <p class='ocr_par' dir='ltr' id='par_1_9' title="bbox 22 2050 1571 2840">
     <span class='ocr_line' id='line_1_36' title="bbox 37 2050 1569 2106; baseline 0 -12"><span class='ocrx_word' id='word_1_422' title='bbox 37 2050 174 2094; x_wconf 79' lang='lat' dir='ltr'>Nihil.</span> <span class='ocrx_word' id='word_1_423' title='bbox 230 2062 272 2106; x_wconf 83' lang='grc' dir='ltr'>α)</span> <span class='ocrx_word' id='word_1_424' title='bbox 305 2063 350 2096; x_wconf 94' lang='lat' dir='ltr'>de</span> <span class='ocrx_word' id='word_1_425' title='bbox 381 2062 576 2096; x_wconf 77' lang='lat' dir='ltr'>mutatione</span> <span class='ocrx_word' id='word_1_426' title='bbox 617 2062 798 2096; x_wconf 85' lang='lat' dir='ltr'>literarum</span> <span class='ocrx_word' id='word_1_427' title='bbox 849 2074 884 2096; x_wconf 88' lang='grc' dir='ltr'>ιι.</span> <span class='ocrx_word' id='word_1_428' title='bbox 925 2068 1089 2105; x_wconf 84' lang='lat' dir='ltr'>repetere</span> <span class='ocrx_word' id='word_1_429' title='bbox 1117 2061 1178 2095; x_wconf 88' lang='lat' dir='ltr'>hic</span> <span class='ocrx_word' id='word_1_430' title='bbox 1206 2071 1355 2095; x_wconf 76' lang='lat' dir='ltr'>necesse</span> <span class='ocrx_word' id='word_1_431' title='bbox 1383 2066 1439 2094; x_wconf 81' lang='lat' dir='ltr'>est</span> <span class='ocrx_word' id='word_1_432' title='bbox 1470 2059 1569 2103; x_wconf 85' lang='lat' dir='ltr'><em>(Sp.</em></span> 
     </span>
     <span class='ocr_line' id='line_1_37' title="bbox 22 2105 1570 2152; baseline -0.001 -9"><span class='ocrx_word' id='word_1_433' title='bbox 22 2114 25 2115; x_wconf 72' lang='grc'>’</span> <span class='ocrx_word' id='word_1_434' title='bbox 85 2109 168 2150; x_wconf 81' lang='lat' dir='ltr'>om.)</span> <span class='ocrx_word' id='word_1_435' title='bbox 193 2112 211 2142; x_wconf 89' lang='lat'>1</span> <span class='ocrx_word' id='word_1_436' title='bbox 227 2134 237 2152; x_wconf 93' lang='lat'>,</span> <span class='ocrx_word' id='word_1_437' title='bbox 263 2112 306 2151; x_wconf 92' lang='lat'>7,</span> <span class='ocrx_word' id='word_1_438' title='bbox 333 2109 387 2141; x_wconf 89' lang='grc'>13.</span> <span class='ocrx_word' id='word_1_439' title='bbox 420 2113 460 2140; x_wconf 86' lang='lat' dir='ltr'>ut</span> <span class='ocrx_word' id='word_1_440' title='bbox 485 2120 521 2142; x_wconf 89' lang='lat' dir='ltr'>n.</span> <span class='ocrx_word' id='word_1_441' title='bbox 544 2108 715 2142; x_wconf 86' lang='lat' dir='ltr'>credibile</span> <span class='ocrx_word' id='word_1_442' title='bbox 739 2108 784 2142; x_wconf 77' lang='lat' dir='ltr'>ait</span> <span class='ocrx_word' id='word_1_443' title='bbox 807 2109 941 2141; x_wconf 79' lang='lat' dir='ltr'>factum</span> <span class='ocrx_word' id='word_1_444' title='bbox 968 2118 1047 2141; x_wconf 74' lang='lat' dir='ltr'>esse</span> <span class='ocrx_word' id='word_1_445' title='bbox 1069 2107 1147 2141; x_wconf 70' lang='lat' dir='ltr'>sine</span> <span class='ocrx_word' id='word_1_446' title='bbox 1172 2117 1279 2140; x_wconf 83' lang='lat' dir='ltr'>causa</span> <span class='ocrx_word' id='word_1_447' title='bbox 1304 2109 1349 2150; x_wconf 94' lang='grc'>7,</span> <span class='ocrx_word' id='word_1_448' title='bbox 1371 2109 1416 2149; x_wconf 92' lang='grc'>2,</span> <span class='ocrx_word' id='word_1_449' title='bbox 1440 2106 1500 2140; x_wconf 88' lang='grc'>36.</span> <span class='ocrx_word' id='word_1_450' title='bbox 1530 2105 1570 2141; x_wconf 84' lang='lat' dir='ltr'>in</span> 
     </span>
     <span class='ocr_line' id='line_1_38' title="bbox 84 2151 1570 2201; baseline -0.003 -12"><span class='ocrx_word' id='word_1_451' title='bbox 84 2154 232 2201; x_wconf 78' lang='lat' dir='ltr'>agendis</span> <span class='ocrx_word' id='word_1_452' title='bbox 256 2153 372 2188; x_wconf 80' lang='lat' dir='ltr'>causis</span> <span class='ocrx_word' id='word_1_453' title='bbox 395 2164 431 2186; x_wconf 92' lang='lat' dir='ltr'>n.</span> <span class='ocrx_word' id='word_1_454' title='bbox 454 2153 556 2197; x_wconf 83' lang='lat' dir='ltr'>pensi</span> <span class='ocrx_word' id='word_1_455' title='bbox 577 2154 701 2188; x_wconf 85' lang='lat' dir='ltr'>haberi</span> <span class='ocrx_word' id='word_1_456' title='bbox 726 2157 783 2197; x_wconf 90' lang='grc'>11,</span> <span class='ocrx_word' id='word_1_457' title='bbox 809 2157 841 2196; x_wconf 92' lang='grc'>1,</span> <span class='ocrx_word' id='word_1_458' title='bbox 867 2154 924 2188; x_wconf 88' lang='grc'>29.</span> <span class='ocrx_word' id='word_1_459' title='bbox 956 2159 992 2187; x_wconf 90' lang='lat' dir='ltr'>et</span> <span class='ocrx_word' id='word_1_460' title='bbox 1014 2154 1115 2187; x_wconf 83' lang='lat' dir='ltr'>velut</span> <span class='ocrx_word' id='word_1_461' title='bbox 1138 2152 1222 2186; x_wconf 74' lang='lat' dir='ltr'>satis</span> <span class='ocrx_word' id='word_1_462' title='bbox 1245 2152 1313 2195; x_wconf 75' lang='lat' dir='ltr'><strong>sit,</strong></span> <span class='ocrx_word' id='word_1_463' title='bbox 1340 2151 1436 2186; x_wconf 68' lang='lat' dir='ltr'>scire</span> <span class='ocrx_word' id='word_1_464' title='bbox 1457 2151 1570 2195; x_wconf 71' lang='lat' dir='ltr'>ipsos,</span> 
     </span>
     <span class='ocr_line' id='line_1_39' title="bbox 84 2196 1570 2245; baseline -0.002 -11"><span class='ocrx_word' id='word_1_465' title='bbox 84 2212 177 2245; x_wconf 84' lang='lat' dir='ltr'>quae</span> <span class='ocrx_word' id='word_1_466' title='bbox 200 2201 319 2234; x_wconf 85' lang='lat' dir='ltr'>dicere</span> <span class='ocrx_word' id='word_1_467' title='bbox 345 2199 478 2241; x_wconf 85' lang='lat' dir='ltr'>velint,</span> <span class='ocrx_word' id='word_1_468' title='bbox 512 2205 678 2243; x_wconf 82' lang='lat' dir='ltr'>quantum</span> <span class='ocrx_word' id='word_1_469' title='bbox 710 2199 755 2233; x_wconf 83' lang='lat' dir='ltr'>ad</span> <span class='ocrx_word' id='word_1_470' title='bbox 779 2199 868 2233; x_wconf 77' lang='lat' dir='ltr'>alios</span> <span class='ocrx_word' id='word_1_471' title='bbox 892 2199 1087 2243; x_wconf 70' lang='lat' dir='ltr'>pertineat,</span> <span class='ocrx_word' id='word_1_472' title='bbox 1114 2198 1203 2232; x_wconf 83' lang='lat' dir='ltr'>nihil</span> <span class='ocrx_word' id='word_1_473' title='bbox 1229 2197 1274 2240; x_wconf 82' lang='lat' dir='ltr'>(S</span> <span class='ocrx_word' id='word_1_474' title='bbox 1283 2211 1316 2241; x_wconf 89' lang='lat' dir='ltr'>p.</span> <span class='ocrx_word' id='word_1_475' title='bbox 1339 2197 1425 2239; x_wconf 76' lang='lat' dir='ltr'>conj.</span> <span class='ocrx_word' id='word_1_476' title='bbox 1449 2196 1570 2242; x_wconf 83' lang='lat' dir='ltr'>nihili)</span> 
     </span>
     <span class='ocr_line' id='line_1_40' title="bbox 83 2241 1569 2291; baseline -0.003 -11"><span class='ocrx_word' id='word_1_477' title='bbox 83 2252 211 2291; x_wconf 82' lang='lat' dir='ltr'>putant</span> <span class='ocrx_word' id='word_1_478' title='bbox 232 2247 267 2289; x_wconf 90' lang='grc'>8,</span> <span class='ocrx_word' id='word_1_479' title='bbox 286 2249 321 2289; x_wconf 82' lang='grc'>2,</span> <span class='ocrx_word' id='word_1_480' title='bbox 339 2246 403 2287; x_wconf 71' lang='grc'>19,</span> <span class='ocrx_word' id='word_1_481' title='bbox 433 2244 555 2279; x_wconf 89' lang='lat' dir='ltr'>nihil</span> <span class='ocrx_word' id='word_1_482' title='bbox 578 2255 691 2289; x_wconf 85' lang='lat' dir='ltr'>aeque</span> <span class='ocrx_word' id='word_1_483' title='bbox 712 2246 790 2280; x_wconf 79' lang='lat' dir='ltr'>vel</span> <span class='ocrx_word' id='word_1_484' title='bbox 813 2250 962 2291; x_wconf 85' lang='lat' dir='ltr'>augetur</span> <span class='ocrx_word' id='word_1_485' title='bbox 985 2255 1092 2287; x_wconf 82' lang='lat' dir='ltr'><strong>cura,</strong></span> <span class='ocrx_word' id='word_1_486' title='bbox 1118 2245 1196 2279; x_wconf 78' lang='lat' dir='ltr'>vel</span> <span class='ocrx_word' id='word_1_487' title='bbox 1218 2242 1433 2290; x_wconf 81' lang='lat' dir='ltr'>negligentia</span> <span class='ocrx_word' id='word_1_488' title='bbox 1456 2241 1569 2277; x_wconf 88' lang='lat' dir='ltr'>inter-</span> 
     </span>
     <span class='ocr_line' id='line_1_41' title="bbox 85 2290 1570 2335; baseline -0.001 -10"><span class='ocrx_word' id='word_1_489' title='bbox 85 2291 172 2325; x_wconf 87' lang='lat' dir='ltr'>cidit</span> <span class='ocrx_word' id='word_1_490' title='bbox 196 2295 252 2335; x_wconf 89' lang='lat'>11,</span> <span class='ocrx_word' id='word_1_491' title='bbox 276 2295 312 2334; x_wconf 88' lang='grc'>2,</span> <span class='ocrx_word' id='word_1_492' title='bbox 334 2291 393 2324; x_wconf 86' lang='grc'>40.</span> <span class='ocrx_word' id='word_1_493' title='bbox 418 2291 460 2335; x_wconf 78' lang='grc' dir='ltr'>β)</span> <span class='ocrx_word' id='word_1_494' title='bbox 485 2303 514 2324; x_wconf 76' lang='grc' dir='ltr'>ο.</span> <span class='ocrx_word' id='word_1_495' title='bbox 538 2291 644 2334; x_wconf 77' lang='lat' dir='ltr'><strong><em>Adj..-</em></strong></span> <span class='ocrx_word' id='word_1_496' title='bbox 668 2290 756 2324; x_wconf 89' lang='lat' dir='ltr'>nihil</span> <span class='ocrx_word' id='word_1_497' title='bbox 780 2290 875 2325; x_wconf 88' lang='lat' dir='ltr'>enim</span> <span class='ocrx_word' id='word_1_498' title='bbox 899 2295 983 2324; x_wconf 76' lang='lat' dir='ltr'>tam</span> <span class='ocrx_word' id='word_1_499' title='bbox 1010 2296 1064 2324; x_wconf 84' lang='lat' dir='ltr'>est</span> <span class='ocrx_word' id='word_1_500' title='bbox 1088 2299 1325 2334; x_wconf 69' lang='lat' dir='ltr'>consequens,</span> <span class='ocrx_word' id='word_1_501' title='bbox 1349 2299 1484 2333; x_wconf 84' lang='lat' dir='ltr'>quam</span> <span class='ocrx_word' id='word_1_502' title='bbox 1507 2295 1570 2323; x_wconf 68' lang='lat' dir='ltr'>etc.</span> 
     </span>
     <span class='ocr_line' id='line_1_42' title="bbox 83 2333 1570 2380; baseline -0.001 -10"><span class='ocrx_word' id='word_1_503' title='bbox 83 2336 121 2380; x_wconf 80' lang='lat'>4,</span> <span class='ocrx_word' id='word_1_504' title='bbox 144 2340 180 2380; x_wconf 86' lang='grc'>3,</span> <span class='ocrx_word' id='word_1_505' title='bbox 203 2339 236 2372; x_wconf 86' lang='grc'>5.</span> <span class='ocrx_word' id='word_1_506' title='bbox 262 2338 308 2379; x_wconf 81' lang='lat' dir='ltr'>cs.</span> <span class='ocrx_word' id='word_1_507' title='bbox 332 2339 384 2379; x_wconf 83' lang='lat'>12,</span> <span class='ocrx_word' id='word_1_508' title='bbox 407 2340 440 2379; x_wconf 90' lang='lat'>1,</span> <span class='ocrx_word' id='word_1_509' title='bbox 460 2338 494 2369; x_wconf 89' lang='grc'>7.</span> <span class='ocrx_word' id='word_1_510' title='bbox 529 2347 565 2370; x_wconf 91' lang='grc' dir='ltr'>ιι.</span> <span class='ocrx_word' id='word_1_511' title='bbox 588 2347 629 2370; x_wconf 78' lang='lat' dir='ltr'>au</span> <span class='ocrx_word' id='word_1_512' title='bbox 655 2337 797 2379; x_wconf 90' lang='lat' dir='ltr'><strong>erbum,</strong></span> <span class='ocrx_word' id='word_1_513' title='bbox 824 2348 858 2370; x_wconf 93' lang='lat' dir='ltr'>n.</span> <span class='ocrx_word' id='word_1_514' title='bbox 883 2337 1012 2370; x_wconf 83' lang='lat' dir='ltr'>elatum</span> <span class='ocrx_word' id='word_1_515' title='bbox 1035 2336 1161 2370; x_wconf 77' lang='lat' dir='ltr'>saltem</span> <span class='ocrx_word' id='word_1_516' title='bbox 1184 2346 1227 2370; x_wconf 84' lang='lat' dir='ltr'>ac</span> <span class='ocrx_word' id='word_1_517' title='bbox 1251 2333 1403 2368; x_wconf 79' lang='lat' dir='ltr'>sublime</span> <span class='ocrx_word' id='word_1_518' title='bbox 1426 2333 1570 2369; x_wconf 73' lang='lat' dir='ltr'>deside-</span> 
     </span>
     <span class='ocr_line' id='line_1_43' title="bbox 83 2348 1568 2427; baseline -0.002 -11"><span class='ocrx_word' id='word_1_519' title='bbox 83 2388 141 2416; x_wconf 87' lang='lat' dir='ltr'>ret</span> <span class='ocrx_word' id='word_1_520' title='bbox 163 2383 206 2423; x_wconf 84' lang='lat'>6,</span> <span class='ocrx_word' id='word_1_521' title='bbox 230 2386 274 2426; x_wconf 90' lang='grc'>2,</span> <span class='ocrx_word' id='word_1_522' title='bbox 301 2384 355 2418; x_wconf 86' lang='grc'>19.</span> <span class='ocrx_word' id='word_1_523' title='bbox 391 2392 462 2426; x_wconf 88' lang='lat' dir='ltr'>quo</span> <span class='ocrx_word' id='word_1_524' title='bbox 490 2348 704 2426; x_wconf 50' lang='lat' dir='ltr'>(Lysiafn.</span> <span class='ocrx_word' id='word_1_525' title='bbox 729 2393 879 2427; x_wconf 75' lang='lat' dir='ltr'>quaeras</span> <span class='ocrx_word' id='word_1_526' title='bbox 899 2381 1093 2426; x_wconf 85' lang='lat' dir='ltr'>perfectius</span> <span class='ocrx_word' id='word_1_527' title='bbox 1120 2383 1176 2422; x_wconf 88' lang='lat'>10,</span> <span class='ocrx_word' id='word_1_528' title='bbox 1202 2383 1235 2424; x_wconf 86' lang='lat'>1,</span> <span class='ocrx_word' id='word_1_529' title='bbox 1261 2381 1320 2416; x_wconf 90' lang='grc'>78.</span> <span class='ocrx_word' id='word_1_530' title='bbox 1359 2391 1417 2423; x_wconf 85' lang='grc' dir='ltr'><strong>ιι.,</strong></span> <span class='ocrx_word' id='word_1_531' title='bbox 1440 2378 1568 2424; x_wconf 82' lang='lat' dir='ltr'>inquit,</span> 
     </span>
     <span class='ocr_line' id='line_1_44' title="bbox 86 2426 1570 2474; baseline -0.001 -12"><span class='ocrx_word' id='word_1_532' title='bbox 86 2427 215 2462; x_wconf 81' lang='lat' dir='ltr'>mirum</span> <span class='ocrx_word' id='word_1_533' title='bbox 239 2426 383 2472; x_wconf 83' lang='lat' dir='ltr'>(Galba)</span> <span class='ocrx_word' id='word_1_534' title='bbox 408 2428 452 2471; x_wconf 88' lang='grc'>6,</span> <span class='ocrx_word' id='word_1_535' title='bbox 476 2430 517 2470; x_wconf 88' lang='grc'>3,</span> <span class='ocrx_word' id='word_1_536' title='bbox 541 2429 599 2462; x_wconf 91' lang='grc'>80.</span> <span class='ocrx_word' id='word_1_537' title='bbox 660 2427 699 2474; x_wconf 82' lang='lat' dir='ltr'>y)</span> <span class='ocrx_word' id='word_1_538' title='bbox 731 2441 761 2462; x_wconf 81' lang='grc' dir='ltr'>ο.</span> <span class='ocrx_word' id='word_1_539' title='bbox 785 2429 914 2463; x_wconf 68' lang='lat' dir='ltr'>Genii„-</span> <span class='ocrx_word' id='word_1_540' title='bbox 951 2437 1101 2471; x_wconf 83' lang='lat' dir='ltr'>quorum</span> <span class='ocrx_word' id='word_1_541' title='bbox 1127 2439 1166 2461; x_wconf 89' lang='grc' dir='ltr'>ιι.</span> <span class='ocrx_word' id='word_1_542' title='bbox 1194 2432 1280 2461; x_wconf 88' lang='lat' dir='ltr'>tunc</span> <span class='ocrx_word' id='word_1_543' title='bbox 1300 2437 1426 2471; x_wconf 82' lang='lat' dir='ltr'>parum</span> <span class='ocrx_word' id='word_1_544' title='bbox 1449 2432 1570 2471; x_wconf 84' lang='lat' dir='ltr'>aptum</span> 
     </span>
     <span class='ocr_line' id='line_1_45' title="bbox 85 2471 1570 2518; baseline -0.001 -12"><span class='ocrx_word' id='word_1_545' title='bbox 85 2473 155 2507; x_wconf 78' lang='lat' dir='ltr'>fuit</span> <span class='ocrx_word' id='word_1_546' title='bbox 181 2475 244 2517; x_wconf 88' lang='lat'>11,</span> <span class='ocrx_word' id='word_1_547' title='bbox 269 2478 311 2517; x_wconf 92' lang='grc'>1,</span> <span class='ocrx_word' id='word_1_548' title='bbox 338 2475 396 2509; x_wconf 84' lang='grc'>89.</span> <span class='ocrx_word' id='word_1_549' title='bbox 442 2473 634 2518; x_wconf 87' lang='lat' dir='ltr'>nihilque</span> <span class='ocrx_word' id='word_1_550' title='bbox 660 2484 785 2508; x_wconf 87' lang='lat' dir='ltr'>eorum</span> <span class='ocrx_word' id='word_1_551' title='bbox 810 2473 883 2518; x_wconf 86' lang='lat' dir='ltr'>pati</span> <span class='ocrx_word' id='word_1_552' title='bbox 906 2485 1038 2506; x_wconf 82' lang='lat' dir='ltr'>unum</span> <span class='ocrx_word' id='word_1_553' title='bbox 1061 2476 1126 2515; x_wconf 88' lang='lat'>11,</span> <span class='ocrx_word' id='word_1_554' title='bbox 1150 2474 1194 2510; x_wconf 82' lang='grc'>3,</span> <span class='ocrx_word' id='word_1_555' title='bbox 1218 2471 1277 2507; x_wconf 83' lang='grc'>44.</span> <span class='ocrx_word' id='word_1_556' title='bbox 1311 2482 1350 2506; x_wconf 86' lang='grc' dir='ltr'>ιι.</span> <span class='ocrx_word' id='word_1_557' title='bbox 1373 2473 1502 2506; x_wconf 84' lang='lat' dir='ltr'>horum</span> <span class='ocrx_word' id='word_1_558' title='bbox 1525 2472 1570 2505; x_wconf 86' lang='lat' dir='ltr'>ad</span> 
     </span>
     <span class='ocr_line' id='line_1_46' title="bbox 86 2513 1571 2564; baseline -0.001 -12"><span class='ocrx_word' id='word_1_559' title='bbox 86 2519 178 2553; x_wconf 81' lang='lat' dir='ltr'>duos</span> <span class='ocrx_word' id='word_1_560' title='bbox 201 2521 380 2563; x_wconf 82' lang='lat' dir='ltr'>pertinere</span> <span class='ocrx_word' id='word_1_561' title='bbox 410 2522 443 2562; x_wconf 91' lang='lat'>1,</span> <span class='ocrx_word' id='word_1_562' title='bbox 467 2519 500 2558; x_wconf 83' lang='lat'>5.</span> <span class='ocrx_word' id='word_1_563' title='bbox 523 2518 590 2561; x_wconf 75' lang='lat'>433</span> <span class='ocrx_word' id='word_1_564' title='bbox 630 2531 667 2553; x_wconf 89' lang='lat' dir='ltr'>n.</span> <span class='ocrx_word' id='word_1_565' title='bbox 695 2519 792 2553; x_wconf 88' lang='lat' dir='ltr'>dubii</span> <span class='ocrx_word' id='word_1_566' title='bbox 813 2518 1054 2564; x_wconf 80' lang='lat' dir='ltr'>relinquamus</span> <span class='ocrx_word' id='word_1_567' title='bbox 1082 2521 1139 2562; x_wconf 92' lang='grc'>12,</span> <span class='ocrx_word' id='word_1_568' title='bbox 1162 2519 1197 2560; x_wconf 92' lang='grc'>3,</span> <span class='ocrx_word' id='word_1_569' title='bbox 1219 2517 1279 2552; x_wconf 84' lang='grc'>40.</span> <span class='ocrx_word' id='word_1_570' title='bbox 1308 2513 1397 2552; x_wconf 65' lang='lat' dir='ltr'>nihi!</span> <span class='ocrx_word' id='word_1_571' title='bbox 1421 2529 1571 2562; x_wconf 81' lang='lat' dir='ltr'>praepa-</span> 
     </span>
     <span class='ocr_line' id='line_1_47' title="bbox 85 2563 1567 2609; baseline -0.001 -11"><span class='ocrx_word' id='word_1_572' title='bbox 85 2565 154 2599; x_wconf 84' lang='lat' dir='ltr'>rati</span> <span class='ocrx_word' id='word_1_573' title='bbox 179 2567 270 2608; x_wconf 84' lang='lat' dir='ltr'><em>(Sp.</em></span> <span class='ocrx_word' id='word_1_574' title='bbox 295 2583 339 2590; x_wconf 97' lang='lat'>—</span> <span class='ocrx_word' id='word_1_575' title='bbox 362 2564 463 2606; x_wconf 89' lang='lat' dir='ltr'>tum)</span> <span class='ocrx_word' id='word_1_576' title='bbox 497 2564 663 2599; x_wconf 86' lang='lat' dir='ltr'>habuisse</span> <span class='ocrx_word' id='word_1_577' title='bbox 684 2563 728 2609; x_wconf 88' lang='grc'>4,</span> <span class='ocrx_word' id='word_1_578' title='bbox 754 2568 795 2608; x_wconf 91' lang='grc'>1,</span> <span class='ocrx_word' id='word_1_579' title='bbox 820 2564 877 2600; x_wconf 77' lang='lat'>54.</span> <span class='ocrx_word' id='word_1_580' title='bbox 914 2575 951 2598; x_wconf 88' lang='lat' dir='ltr'>n.</span> <span class='ocrx_word' id='word_1_581' title='bbox 976 2575 1104 2598; x_wconf 69' lang='lat' dir='ltr'>causae</span> <span class='ocrx_word' id='word_1_582' title='bbox 1127 2569 1205 2607; x_wconf 81' lang='lat' dir='ltr'><strong>est,</strong></span> <span class='ocrx_word' id='word_1_583' title='bbox 1233 2573 1296 2598; x_wconf 80' lang='lat' dir='ltr'>cm·</span> <span class='ocrx_word' id='word_1_584' title='bbox 1317 2571 1392 2598; x_wconf 86' lang='lat' dir='ltr'>non</span> <span class='ocrx_word' id='word_1_585' title='bbox 1417 2572 1477 2598; x_wconf 83' lang='lat' dir='ltr'>etc.</span> <span class='ocrx_word' id='word_1_586' title='bbox 1509 2567 1567 2606; x_wconf 89' lang='lat'>11,</span> 
     </span>
     <span class='ocr_line' id='line_1_48' title="bbox 84 2605 1570 2656; baseline -0.002 -10"><span class='ocrx_word' id='word_1_587' title='bbox 84 2611 120 2652; x_wconf 86' lang='grc'>3,</span> <span class='ocrx_word' id='word_1_588' title='bbox 143 2611 199 2646; x_wconf 84' lang='grc'>59.</span> <span class='ocrx_word' id='word_1_589' title='bbox 239 2617 279 2645; x_wconf 93' lang='lat' dir='ltr'>ut</span> <span class='ocrx_word' id='word_1_590' title='bbox 302 2623 337 2645; x_wconf 87' lang='lat' dir='ltr'>n.</span> <span class='ocrx_word' id='word_1_591' title='bbox 367 2610 657 2656; x_wconf 75' lang='lat' dir='ltr'>significationis,</span> <span class='ocrx_word' id='word_1_592' title='bbox 685 2620 758 2655; x_wconf 88' lang='lat' dir='ltr'>quo</span> <span class='ocrx_word' id='word_1_593' title='bbox 781 2611 899 2655; x_wconf 84' lang='lat' dir='ltr'>potius</span> <span class='ocrx_word' id='word_1_594' title='bbox 921 2610 1054 2653; x_wconf 75' lang='lat' dir='ltr'>utaris,</span> <span class='ocrx_word' id='word_1_595' title='bbox 1080 2610 1219 2644; x_wconf 81' lang='lat' dir='ltr'>intersit</span> <span class='ocrx_word' id='word_1_596' title='bbox 1244 2611 1300 2653; x_wconf 92' lang='grc'>10,</span> <span class='ocrx_word' id='word_1_597' title='bbox 1317 2612 1351 2653; x_wconf 91' lang='grc'>1,</span> <span class='ocrx_word' id='word_1_598' title='bbox 1371 2612 1427 2644; x_wconf 85' lang='grc'>11.</span> <span class='ocrx_word' id='word_1_599' title='bbox 1478 2605 1512 2651; x_wconf 81' lang='grc' dir='ltr'>δ)</span> <span class='ocrx_word' id='word_1_600' title='bbox 1538 2622 1570 2643; x_wconf 85' lang='lat' dir='ltr'>c.</span> 
     </span>
     <span class='ocr_line' id='line_1_49' title="bbox 88 2655 1570 2699; baseline -0.001 -10"><span class='ocrx_word' id='word_1_601' title='bbox 88 2660 198 2689; x_wconf 64' lang='lat' dir='ltr'>altem</span> <span class='ocrx_word' id='word_1_602' title='bbox 225 2658 373 2699; x_wconf 52' lang='lat' dir='ltr'>Nega:</span> <span class='ocrx_word' id='word_1_603' title='bbox 410 2655 531 2690; x_wconf 88' lang='lat' dir='ltr'>nihil</span> <span class='ocrx_word' id='word_1_604' title='bbox 556 2656 650 2690; x_wconf 88' lang='lat' dir='ltr'>enim</span> <span class='ocrx_word' id='word_1_605' title='bbox 673 2667 763 2691; x_wconf 88' lang='lat' dir='ltr'>non</span> <span class='ocrx_word' id='word_1_606' title='bbox 786 2657 824 2690; x_wconf 87' lang='lat' dir='ltr'>in</span> <span class='ocrx_word' id='word_1_607' title='bbox 847 2658 937 2691; x_wconf 89' lang='lat' dir='ltr'>haec</span> <span class='ocrx_word' id='word_1_608' title='bbox 963 2655 1057 2690; x_wconf 89' lang='lat' dir='ltr'>cadit</span> <span class='ocrx_word' id='word_1_609' title='bbox 1079 2658 1116 2699; x_wconf 85' lang='grc'>2,</span> <span class='ocrx_word' id='word_1_610' title='bbox 1140 2658 1198 2697; x_wconf 87' lang='grc'>21,</span> <span class='ocrx_word' id='word_1_611' title='bbox 1222 2658 1280 2691; x_wconf 90' lang='grc'>23.</span> <span class='ocrx_word' id='word_1_612' title='bbox 1316 2667 1355 2690; x_wconf 88' lang='grc' dir='ltr'>ιι.</span> <span class='ocrx_word' id='word_1_613' title='bbox 1381 2665 1474 2689; x_wconf 88' lang='lat' dir='ltr'>non</span> <span class='ocrx_word' id='word_1_614' title='bbox 1500 2657 1570 2689; x_wconf 89' lang='lat' dir='ltr'>ho-</span> 
     </span>
     <span class='ocr_line' id='line_1_50' title="bbox 31 2701 1570 2746; baseline -0.001 -12"><span class='ocrx_word' id='word_1_615' title='bbox 31 2712 45 2742; x_wconf 62' lang='lat' dir='ltr'><em>f</em></span> <span class='ocrx_word' id='word_1_616' title='bbox 85 2712 165 2735; x_wconf 82' lang='lat' dir='ltr'>rum</span> <span class='ocrx_word' id='word_1_617' title='bbox 190 2701 229 2736; x_wconf 91' lang='lat' dir='ltr'>in</span> <span class='ocrx_word' id='word_1_618' title='bbox 251 2701 429 2736; x_wconf 88' lang='lat' dir='ltr'>rhetorice</span> <span class='ocrx_word' id='word_1_619' title='bbox 452 2703 570 2736; x_wconf 72' lang='lat' dir='ltr'>inesse</span> <span class='ocrx_word' id='word_1_620' title='bbox 588 2705 625 2746; x_wconf 88' lang='grc'>2,</span> <span class='ocrx_word' id='word_1_621' title='bbox 645 2705 702 2744; x_wconf 90' lang='grc'>17,</span> <span class='ocrx_word' id='word_1_622' title='bbox 721 2702 778 2736; x_wconf 83' lang='grc'>41.</span> <span class='ocrx_word' id='word_1_623' title='bbox 814 2713 895 2736; x_wconf 86' lang='lat' dir='ltr'>cum</span> <span class='ocrx_word' id='word_1_624' title='bbox 919 2713 966 2736; x_wconf 84' lang='lat' dir='ltr'>ex</span> <span class='ocrx_word' id='word_1_625' title='bbox 986 2701 1052 2736; x_wconf 84' lang='lat' dir='ltr'>ino</span> <span class='ocrx_word' id='word_1_626' title='bbox 1077 2707 1113 2736; x_wconf 89' lang='lat' dir='ltr'>et</span> <span class='ocrx_word' id='word_1_627' title='bbox 1133 2703 1206 2738; x_wconf 86' lang='lat' dir='ltr'>hoc</span> <span class='ocrx_word' id='word_1_628' title='bbox 1225 2701 1309 2739; x_wconf 80' lang='lat' dir='ltr'>loco</span> <span class='ocrx_word' id='word_1_629' title='bbox 1333 2701 1456 2735; x_wconf 84' lang='lat' dir='ltr'>nihil</span> <span class='ocrx_word' id='word_1_630' title='bbox 1480 2710 1570 2734; x_wconf 86' lang='lat' dir='ltr'>non</span> 
     </span>
     <span class='ocr_line' id='line_1_51' title="bbox 89 2746 1568 2794; baseline -0.001 -14"><span class='ocrx_word' id='word_1_631' title='bbox 89 2746 184 2790; x_wconf 83' lang='lat' dir='ltr'><em>(Sp.</em></span> <span class='ocrx_word' id='word_1_632' title='bbox 206 2747 302 2789; x_wconf 77' lang='lat' dir='ltr'>nisi)</span> <span class='ocrx_word' id='word_1_633' title='bbox 339 2749 382 2782; x_wconf 87' lang='lat' dir='ltr'>ab</span> <span class='ocrx_word' id='word_1_634' title='bbox 406 2753 549 2782; x_wconf 86' lang='lat' dir='ltr'>oratore</span> <span class='ocrx_word' id='word_1_635' title='bbox 571 2754 740 2783; x_wconf 77' lang='lat' dir='ltr'>tractetur</span> <span class='ocrx_word' id='word_1_636' title='bbox 762 2749 802 2790; x_wconf 88' lang='lat'>6,</span> <span class='ocrx_word' id='word_1_637' title='bbox 827 2751 869 2791; x_wconf 91' lang='grc'>2,</span> <span class='ocrx_word' id='word_1_638' title='bbox 895 2751 935 2782; x_wconf 92' lang='grc'>11</span> <span class='ocrx_word' id='word_1_639' title='bbox 957 2751 1000 2783; x_wconf 88' lang='grc' dir='ltr'>Ζ.</span> <span class='ocrx_word' id='word_1_640' title='bbox 1056 2749 1161 2794; x_wconf 86' lang='lat' dir='ltr'>Quod</span> <span class='ocrx_word' id='word_1_641' title='bbox 1194 2747 1290 2782; x_wconf 77' lang='lat' dir='ltr'>idem</span> <span class='ocrx_word' id='word_1_642' title='bbox 1321 2747 1427 2782; x_wconf 79' lang='lat' dir='ltr'>etiam</span> <span class='ocrx_word' id='word_1_643' title='bbox 1448 2746 1488 2780; x_wconf 89' lang='lat' dir='ltr'>in</span> <span class='ocrx_word' id='word_1_644' title='bbox 1509 2746 1568 2788; x_wconf 74' lang='lat' dir='ltr'>iis„</span> 
     </span>
     <span class='ocr_line' id='line_1_52' title="bbox 88 2792 1568 2840; baseline -0.002 -12"><span class='ocrx_word' id='word_1_645' title='bbox 88 2803 179 2838; x_wconf 78' lang='lat' dir='ltr'>quae</span> <span class='ocrx_word' id='word_1_646' title='bbox 201 2793 367 2829; x_wconf 72' lang='lat' dir='ltr'>licentius</span> <span class='ocrx_word' id='word_1_647' title='bbox 389 2795 559 2829; x_wconf 71' lang='lat' dir='ltr'>translata</span> <span class='ocrx_word' id='word_1_648' title='bbox 581 2799 707 2839; x_wconf 76' lang='lat' dir='ltr'>emat,</span> <span class='ocrx_word' id='word_1_649' title='bbox 727 2794 910 2840; x_wconf 78' lang='lat' dir='ltr'>proderit,</span> <span class='ocrx_word' id='word_1_650' title='bbox 932 2793 1124 2839; x_wconf 78' lang='lat' dir='ltr'>nihilque</span> <span class='ocrx_word' id='word_1_651' title='bbox 1142 2802 1235 2828; x_wconf 80' lang='lat' dir='ltr'>non</span> <span class='ocrx_word' id='word_1_652' title='bbox 1257 2798 1334 2829; x_wconf 73' lang='lat' dir='ltr'>tuto</span> <span class='ocrx_word' id='word_1_653' title='bbox 1358 2792 1428 2827; x_wconf 79' lang='lat' dir='ltr'>dici</span> <span class='ocrx_word' id='word_1_654' title='bbox 1454 2797 1568 2836; x_wconf 65' lang='lat' dir='ltr'>potest</span> 
     </span>
    </p>
   </div>
   <div class='ocr_carea' id='block_1_10' title="bbox 1174 2851 1260 2886">
    <p class='ocr_par' dir='ltr' id='par_1_10' title="bbox 1174 2851 1260 2886">
     <span class='ocr_line' id='line_1_53' title="bbox 1174 2851 1260 2886; baseline 0 -15"><span class='ocrx_word' id='word_1_655' title='bbox 1174 2851 1260 2886; x_wconf 65' lang='grc'>36*</span> 
     </span>
    </p>
   </div>
  </div>
 </body>
</html>
