1742 2964
416 118 555 162 Index
581 117 812 166 Nominum
841 117 1129 174 Propi-iorum.

61 237 236 282 thagoras·
249 228 446 270 concitatos
467 233 617 278 iuvenes
640 241 741 267 corn-

61 294 223 339 posuerit
250 295 284 336 1,
312 294 368 335 10,
395 294 452 328 32.

17 350 325 400 Pythagorei.
365 350 408 384 ad
441 360 505 385 eos
534 349 572 385 in
603 348 739 384 Italiam

61 412 167 450 Plato
191 410 422 457 navigaverat
450 411 484 452 1,
509 411 564 452 12,
589 409 643 444 15.

352 537 449 590 Q»

18 642 377 690 Quintilianus,
415 642 468 676 M.
510 641 651 678 Fabius.
696 642 741 676 de

61 705 163 744 patre
186 712 252 736 suo
279 703 314 746 9,
337 704 373 744 3,
401 704 445 737 73
470 703 519 736 Ν.
559 702 604 735 de
624 711 741 735 uxore

62 764 103 795 et
114 758 195 794 filiis
209 760 233 795 6
250 760 311 796 Pr.
336 759 545 806 Quintiliani
558 759 628 793 mei
647 762 690 793 ib.
707 761 743 796 9.

65 817 139 862 ejus
160 825 413 863 praeceptores
436 822 478 862 2,
502 818 546 858 4,
572 821 631 854 26.
668 829 743 853 non

65 887 271 912 communes
293 879 395 912 locos
422 878 563 912 tradere
586 878 743 912 destina-

62 933 130 976 vit,
153 936 217 970 sed
242 936 339 972 viam
363 938 539 982 quandam
563 942 668 980 atque
682 948 744 970 ra·

63 991 198 1041 tionem
233 995 277 1038 5,
309 998 353 1036 1,
379 997 414 1030 3.
456 994 502 1036 es.
526 996 568 1038 5,
595 997 661 1038 12,
685 996 742 1030 15.

61 1051 126 1097 Ad
137 1053 395 1089 utilitatem-me
413 1052 583 1088 submitto
601 1053 745 1089 discen-

63 1109 152 1147 tium
173 1115 211 1155 7,
237 1115 270 1154 1,
297 1110 355 1147 54.
382 1122 456 1145 non
480 1112 639 1147 sustineo
663 1124 744 1148 esse

62 1170 228 1206 oon-cius
258 1169 348 1206 mihi
375 1169 582 1204 dissimulati
607 1169 645 1204 in
672 1171 746 1205 ulla

59 1234 161 1275 parte
183 1229 305 1274 judicii
328 1231 373 1270 3,
396 1229 441 1272 6,
467 1227 526 1263 64.
556 1228 744 1264 dissentire

60 1287 130 1323 vix
151 1290 269 1323 audeo
290 1299 311 1322 a
335 1286 512 1323 Cicerone
541 1287 589 1331 9,
612 1291 660 1331 2,
683 1290 741 1323 68.

59 1346 159 1390 Nos,
180 1345 437 1383 institutionem
457 1346 633 1390 professi,
669 1357 744 1381 non

65 1406 182 1440 solum
199 1404 403 1442 ,scientibus
425 1403 511 1445 ista,
545 1406 610 1438 sed
637 1405 743 1440 etiam

65 1462 284 1498 discentibus
313 1463 485 1513 tradimus
525 1465 589 1506 11,
628 1466 646 1497 1
662 1489 674 1507 ,
708 1465 743 1499 5.

67 1524 180 1564 Quam
206 1524 366 1557 rationem
401 1523 435 1555 in
468 1522 595 1562 agendo
622 1523 745 1554 docen-

65 1582 174 1626 doque
194 1586 325 1612 secutur
347 1581 389 1612 sit
412 1582 449 1622 7,
474 1582 508 1621 1,
538 1579 560 1611 3
574 1590 661 1622 seqq.
685 1581 744 1613 22.

64 1636 215 1675 29..54.
259 1641 316 1672 De
337 1650 426 1671 nova
453 1649 536 1679 sua,
570 1643 606 1669 ut
637 1643 745 1680 putat,

68 1704 142 1732 urie
174 1696 268 1731 circa
299 1694 500 1730 movendos
532 1694 676 1728 affectus
709 1696 746 1738 6,

66 1759 102 1792 2.
129 1755 176 1790 25
186 1768 258 1800 sqq.
304 1752 520 1801 Pervenisse
542 1763 600 1786 me
619 1754 663 1786 ad
683 1753 748 1787 ali-

67 1816 165 1860 quod
188 1823 321 1847 nomen
342 1810 475 1858 ingenii
500 1813 608 1852 credo
632 1814 678 1854 6,
710 1815 746 1856 2,

66 1875 125 1911 36.
151 1874 196 1907 de
217 1869 431 1909 Actionibus
455 1875 489 1903 et
508 1871 748 1906 Declamatio-

67 1933 174 1967 nibus
196 1929 271 1965 suis
291 1927 326 1970 4,
351 1931 384 1972 2,
410 1929 468 1963 86.
492 1930 528 1972 7,
550 1932 584 1971 2,
609 1929 664 1963 24.
699 1931 746 1973 cs.

70 1991 133 2029 Pr.
145 1991 180 2023 7.
204 1990 249 2023 de
264 1987 419 2024 Actione
439 1987 478 2021 iu
499 1999 604 2022 eausa
618 1989 747 2024 Naevii

70 2046 284 2093 Arpiniani,
313 2058 415 2091 quam
438 2047 550 2080 solam
574 2047 688 2082 emisit
711 2050 747 2090 7,

71 2111 116 2151 2,
146 2110 205 2141 27.
240 2107 284 2140 de
320 2105 389 2141 alia
419 2106 571 2149 quadam
592 2106 748 2143 Actione

71 2165 210 2202 difficili
232 2167 267 2208 9,
291 2167 325 2205 2,
347 2165 392 2198 73
416 2176 504 2208 seqq.
528 2175 594 2209 pro
612 2166 748 2212 Regina

71 2225 248 2261 Berenice
284 2223 376 2266 apud
409 2233 487 2256 eam
518 2221 629 2267 ipsam
657 2223 751 2261 dixit

71 2283 116 2326 4,
140 2286 179 2325 1,
202 2284 258 2318 19.
282 2282 326 2314 de
350 2291 481 2325 opere,
505 2283 601 2326 quod
623 2288 750 2317 tracta-

70 2353 175 2384 mus,
211 2339 473 2374 Institutionum
509 2340 751 2377 Orator-iarum

74 2403 134 2444 11,
156 2403 191 2441 1,
211 2399 268 2435 55.
300 2401 355 2439 12,
381 2401 439 2442 11,
462 2398 486 2433 8
502 2411 571 2444 req.
598 2400 643 2434 de
661 2401 751 2436 duo-

72 2459 142 2495 hfl
162 2457 262 2494 Attis
284 2456 496 2493 Rhetoricae
517 2457 617 2492 libris
638 2458 703 2495 Pr.
716 2462 752 2495 7.

73 2517 120 2551 de
142 2513 376 2552 sermonibus
401 2516 480 2560 ipso
503 2517 649 2552 nolente
669 2519 753 2552 vul-

75 2574 166 2622 gatis
197 2575 239 2613 3,
272 2576 315 2615 6,
349 2575 407 2609 68.
446 2576 490 2609 de
524 2575 648 2610 Causis
672 2587 754 2614 con-

76 2639 202 2678 ruptae
221 2633 444 2676 eloquentiae
469 2635 504 2677 6,
527 2633 588 2670 Pr.
603 2637 635 2668 3.
661 2637 697 2678 8,
720 2637 756 2678 6,

79 2693 139 2728 76.
163 2693 241 2726 aaa.
266 2694 309 2733 2,
340 2691 388 2737 4,
415 2691 474 2728 42.
505 2696 551 2737 2,
575 2695 639 2737 10,
662 2696 697 2730 3.
722 2695 756 2737 5,

1420 118 1529 159 1017

851 234 920 276 12,
953 233 1013 268 23.
1051 232 1096 268 de
1118 231 1289 267 memoria
1317 242 1381 266 sua
1405 233 1470 274 11,
1494 235 1530 275 2,

849 292 908 327 39.
956 294 1161 336 Praeceptor
1177 291 1247 334 suit
1270 292 1446 336 Nepotum
1470 302 1532 325 so-

847 350 941 384 roris
965 351 1162 384 Domitiani
1187 349 1342 396 Augusti
1363 348 1388 385 4
1409 349 1469 385 Pr.
1493 353 1530 389 is.

849 408 914 443 filii
937 409 1099 444 Marcelli
1124 409 1297 452 Victorii,
1327 422 1421 454 quem
1442 411 1530 445 vide.
1560 424 1562 427 ’

849 470 958 502 Πεεὶἰί
989 471 1021 501 in
1054 476 1204 513 tempore
1229 475 1297 501 tum
1327 471 1533 512 praecipere,

849 533 918 560 tum
942 529 1052 560 dicere
1075 530 1109 569 2,
1142 530 1196 570 12,
1223 529 1279 561 12.
1316 526 1361 568 cs.
1392 531 1449 569 12,
1474 532 1530 572 11,

851 590 870 620 1
898 599 986 631 seqq.
1022 585 1221 620 Domitium
1253 584 1382 622 Afrum
1409 597 1533 622 senem

851 646 1137 680 adolescentulus
1175 645 1287 680 coluit
1327 646 1372 688 5,
1407 648 1430 679 7
1444 671 1456 690 ,
1498 651 1533 683 7.

851 707 1024 740 Adulatur
1047 704 1276 747 Domitiano,
1303 707 1320 738 1
1343 704 1406 740 Pr.
1432 706 1491 741 15.
1512 705 1538 742 4

853 763 916 800 Pr.
943 766 979 798 2.
1007 766 1072 806 10,
1100 767 1139 806 1,
1165 765 1222 798 91.
1258 766 1322 805 12,
1346 766 1388 807 2,
1412 766 1447 798 6.
1478 768 1535 810 12,

855 825 890 866 3,
916 826 971 858 12.
999 825 1041 856 (le
1065 826 1139 856 aliis
1165 825 1211 856 od
1238 825 1345 866 ipsum
1371 826 1535 866 pertinen-

854 885 942 916 tibus
968 885 1065 916 rebus
1091 884 1138 925 5,
1163 883 1231 924 13,
1253 882 1312 917 29.
1347 881 1392 925 6,
1415 884 1463 925 2,
1487 885 1533 917 36

854 942 892 985 8,
915 939 952 984 4,
978 941 1034 976 15.

811 1001 844 1048 Q
854 1013 877 1034 u
886 1000 898 1034 i
907 1012 930 1034 n
942 1007 954 1034 t
965 1000 976 1034 i
988 1011 1047 1034 ns.
1102 1004 1279 1043 presserat
1324 999 1537 1036 turbulenti„

856 1059 1084 1095 contionibus
1095 1058 1296 1094 Cluentium
1309 1059 1344 1102 5,
1364 1061 1420 1101 13,
1431 1061 1476 1097 39
1488 1062 1537 1096 N.

1154 1158 1207 1204 R.

787 1233 1053 1275 nabin-ius,
1089 1231 1131 1268 C.
1165 1239 1287 1277 poeta,
1322 1233 1365 1268 de
1389 1245 1453 1280 quo
1478 1236 1540 1280 ju-

855 1297 977 1329 dicium
1002 1295 1140 1326 habetur
1164 1295 1221 1335 10,
1247 1294 1278 1332 1,
1300 1294 1365 1335 90.

808 1373 856 1381 --
879 1355 922 1387 «le
946 1355 1011 1386 alio
1037 1365 1071 1386 υ.
1099 1350 1228 1386 Cicero
1253 1357 1284 1384 et
1306 1354 1342 1393 7,
1366 1353 1400 1395 1,
1421 1355 1457 1389 9.

809 1411 986 1458 Reguli.
1033 1413 1090 1452 12,
1114 1412 1149 1452 2,
1174 1411 1232 1443 30.

810 1463 996 1505 Rhodii.
1044 1470 1078 1511 5,
1107 1470 1161 1511 10,
1190 1469 1247 1502 78.

810 1548 858 1556 --
888 1534 1049 1562 oratores
1082 1528 1122 1568 5,
1153 1528 1218 1568 10,
1243 1527 1301 1560 78.
1340 1528 1404 1567 11,
1434 1529 1477 1570 3,
1500 1533 1536 1565 7,

858 1586 1035 1621 Rhodium
1081 1595 1192 1630 genus
1233 1585 1458 1628 eloquentiae
1494 1589 1538 1621 ab

856 1643 1040 1681 Aeschine
1065 1653 1110 1676 eo
1129 1643 1278 1691 illatum,
1305 1648 1340 1676 et
1357 1647 1538 1687 quomodo

859 1708 1100 1747 comparatum
1123 1701 1169 1734 sit
1194 1703 1250 1741 12,
1276 1704 1330 1749 170,
1357 1705 1401 1738 18
1423 1717 1512 1750 seqq.

813 1762 967 1796 Roma.
991 1762 1075 1794 urbs
1100 1763 1136 1803 8,
1161 1761 1195 1801 5,
1218 1761 1252 1795 9.
1278 1759 1324 1801 cs.
1350 1762 1387 1805 6,
1410 1765 1443 1804 3,
1460 1766 1538 1798 103.

812 1821 1054 1854 Romanus.
1091 1820 1120 1860 1)
1146 1820 1278 1852 Sub-sia
1316 1821 1359 1861 5,
1388 1824 1452 1865 10,
1482 1822 1541 1860 24,

857 1881 1052 1914 Romanum
1071 1877 1246 1921 quendam
1264 1878 1460 1922 sapientem
1483 1885 1540 1924 12,

858 1941 899 1979 2,
927 1941 948 1972 7
973 1939 1020 1972 N.
1057 1938 1236 1970 Romanus
1258 1938 1398 1980 proelio
1422 1939 1541 1976 victor

859 1999 902 2040 8,
926 1997 969 2035 6,
992 1998 1050 2032 20.
1087 2000 1257 2038 quantum
1282 1995 1410 2031 Graeci
1434 2011 1539 2044 prae..

859 2055 970 2099 ceptis
1018 2055 1159 2094 valent,
1209 2058 1343 2087 tantum
1389 2057 1540 2094 Romani

859 2113 1036 2157 exemplis
1061 2116 1116 2155 12,
1133 2115 1168 2155 2,
1185 2113 1241 2145 30.
1267 2114 1385 2158 gladio
1404 2127 1542 2164 pugna.

859 2171 1001 2206 cissima
1034 2183 1121 2218 gens
1156 2171 1308 2205 Romani
1345 2174 1387 2216 9,
1426 2178 1472 2219 3,
1502 2179 1539 2212 8,

862 2228 1008 2275 Scipio,
1054 2229 1219 2271 Laelius,
1261 2230 1351 2266 Cato
1390 2232 1427 2267 in
1464 2237 1544 2270 elo-

862 2288 1007 2331 quendo
1040 2289 1141 2322 velut
1163 2289 1274 2324 Attici
1303 2292 1543 2330 Romanorum

865 2348 933 2388 12,
978 2347 1044 2389 10,
1089 2348 1147 2382 39.
1201 2347 1261 2382 vir
1300 2350 1543 2388 Romanorum

863 2404 1120 2439 eruditissimus
1147 2407 1202 2448 10,
1224 2409 1258 2449 1,
1282 2408 1337 2443 95.
1365 2410 1545 2447 Romano-

863 2474 943 2498 rum
978 2463 1114 2508 primm
1143 2466 1279 2499 Artium
1315 2470 1456 2512 scn'plm·
1487 2472 1543 2508 Μ.

865 2520 956 2556 Cato
979 2521 1172 2556 Cen-orm
1198 2523 1236 2568 3,
1263 2526 1298 2568 1,
1324 2527 1380 2562 19.
1411 2529 1546 2566 Roma.

867 2578 922 2612 nis
944 2589 1011 2624 pro
1037 2578 1204 2614 contione
1228 2584 1377 2620 suadere
1402 2599 1444 2622 ac
1468 2590 1543 2624 dis..

868 2638 1018 2672 madere
1040 2638 1151 2673 moris
1173 2639 1241 2673 fnit
1264 2643 1306 2685 2,
1330 2642 1372 2686 4,
1396 2649 1452 2684 33,
1476 2661 1544 2683 ve„

869 2696 1003 2731 teribus
1017 2697 1118 2733 Rom.
1127 2709 1301 2735 summum
1318 2690 1459 2740 luxuria
1478 2707 1545 2741 cri-
