1728 3002
0 1932 11 2110 Ι,

10 2152 22 2213 ξ

600 297 785 358 Expello
807 323 879 332 -—
915 296 1130 354 Experior
1547 296 1631 351 31¹3

146 430 276 456 causae
300 422 346 464 7,
368 420 405 461 3,
430 417 501 461 18;’
529 415 624 469 quod
646 413 685 449 ln
705 415 790 449 foro
815 423 891 447 non
917 409 1134 456 expedit,
1162 407 1238 444 illic
1260 419 1328 444 nec
1352 406 1500 444 liceat
1525 409 1569 452 9,
1593 412 1631 453 2,

145 467 206 502 67.
253 466 317 500 Est
345 463 582 498 utilitatis
612 467 649 496 et
673 461 712 494 in
734 467 893 504 tempore
917 457 1098 503 quaestio:
1123 455 1293 499 expedit,
1323 455 1388 489 sed
1415 466 1490 489 non
1514 466 1631 497 nunc,

148 517 186 547 et
205 511 244 545 in
266 512 378 554 loco,
399 519 475 544 non
498 508 576 551 hic3
601 513 638 542 et
659 506 698 541 in
720 516 893 551 persona,
922 513 995 538 non
1017 502 1138 545 nobis,
1167 513 1242 536 non
1268 507 1392 535 contra
1416 502 1502 544 h6s3
1534 507 1570 535 et
1592 501 1632 535 in

150 568 284 604 genere
306 556 454 611 agendi,
479 565 552 588 non
575 554 643 596 sic;
672 559 707 587 et
730 553 767 586 in
791 552 921 593 modo,
945 560 1017 584 non
1040 549 1079 582 in
1102 553 1236 582 tantum
1260 550 1296 589 3,
1319 548 1353 589 8,
1378 547 1434 582 35.
1489 547 1533 592 β)
1562 561 1631 592 seq.

150 602 244 644 Insa
279 602 346 642 ubi
367 600 467 636 vinci
492 610 685 640 necesse
709 604 799 640 est,
838 595 1029 639 expedit
1051 595 1178 629 cedere
1205 594 1250 637 6,
1273 593 1316 636 4,
1341 593 1396 628 16.
1481 603 1505 626 o
1529 593 1635 638 quid-

150 659 222 693 que
244 645 328 682 loco
349 646 420 681 dici
443 645 608 690 expediat
630 646 726 688 7,,1,
750 644 815 686 16;
843 648 882 676 ut
905 641 957 675 illi
978 652 1103 685 pacem
1126 651 1206 674 esse
1232 637 1420 683 expediret
1467 665 1477 681 ,
1495 642 1531 682 2,
1554 641 1634 674 108.

150 694 249 729 aliud
272 693 333 728 alii
355 691 407 737 (a.
430 696 451 725 t.
481 691 570 735 alio)
593 692 722 725 docere
746 689 845 734 prius
866 688 1011 732 expedit
1036 689 1079 720 ib.
1100 687 1133 720 3.
1166 691 1206 719 ut
1229 686 1355 728 pedem
1375 685 1543 719 conferre
1559 684 1632 719 sin-

149 739 244 787 gulis
277 749 351 774 non
384 738 550 782 expediat
583 739 623 779 5,
652 738 717 779 13,
739 739 796 770 11.
836 746 916 769 cum
953 733 1045 766 aliud
1078 731 1136 765 alii
1169 731 1261 775 parti
1284 731 1382 775 prins
1410 731 1534 775 quaeri
1556 732 1634 765 sre-

151 791 304 830 quenter
325 783 493 828 expediat
518 786 553 825 2,
579 785 644 825 13,
668 782 702 817 6.
737 792 811 834 non
833 779 981 824 expedit
1004 777 1075 829 tibi·
1091 777 1183 832 scire
1207 780 1250 819 7,
1273 780 1315 819 2,
1338 777 1399 812 49.
1434 778 1635 812 accusatori

150 824 1392 911 Qffiffreffigl'ffififfi}nffiodlssfflffiss‘enffiffissfissssssnssi’diet
1413 821 1636 904 1211?ssssssss

113 911 118 913 ”
151 921 318 966 quiddam
349 927 419 966 atq.
452 920 737 964 expeditum,
773 925 808 952 et
838 917 948 952 calori
978 915 1279 958 concitationique
1301 924 1375 947 non
1398 913 1554 949 inhabile
1579 919 1636 959 11,

151 969 188 1009 3,
212 966 292 1003 146.
324 973 556 1011 promtum
579 966 650 999 hoc
677 970 713 998 et
737 965 780 998 in
804 962 1029 1007 expedito
1055 960 1250 1005 positum
1274 962 1330 1001 10,
1353 962 1388 1001 7,
1412 959 1476 1002 24;
1506 961 1567 1005 qui
1590 962 1639 996 sit

151 1011 323 1047 circuitus
345 1019 406 1046 etc.
440 1011 608 1058 colligere
634 1010 839 1054 expeditum
864 1013 904 1050 1,
935 1010 998 1049 10,
1023 1006 1094 1049 423
1127 1006 1190 1046 via
1222 1026 1268 1031 —
1294 1006 1453 1049 plana,
1486 1012 1523 1040 et
1554 1018 1637 1041 cum

151 1058 207 1091 nd
228 1057 498 1104 ingrediendum
521 1063 595 1089 tum
619 1057 670 1088 ad
698 1055 1009 1089 demonstrandum
1032 1051 1258 1094 expedita
1280 1052 1324 1094 8,
1354 1052 1411 1084 Pr.
1438 1052 1479 1093 35
1514 1059 1636 1095 patro-

150 1113 280 1136 norum
301 1103 339 1136 in
363 1108 464 1146 parte
491 1100 789 1146 expeditior,
827 1100 866 1134 in
895 1106 996 1144 parte
1030 1097 1296 1132 difficilior
1321 1095 1555 1144 interrogatio
1582 1104 1638 1133 est

151 1149 190 1191 5,
210 1151 249 1192 7,
270 1151 329 1182 22.
365 1149 455 1182 haec
476 1147 568 1181 ratio
590 1153 645 1181 est
666 1165 714 1172 --
736 1152 773 1180 et
794 1145 1063 1190 expeditior
1084 1148 1121 1177 et
1143 1141 1383 1187 potentior
1411 1145 1475 1185 11,
1498 1146 1540 1186 2,
1565 1146 1634 1189 333

150 1198 194 1228 ut
216 1194 451 1238 persuadendi
472 1194 621 1228 ardua
642 1192 758 1236 ratio,
781 1192 831 1226 ita
857 1190 999 1226 dicendi
1022 1188 1391 1233 expeditissima
1415 1191 1471 1231 11,
1497 1193 1529 1233 1,
1553 1192 1610 1226 75.

106 1258 304 1316 ΕΣΡΩΠΕ).
351 1263 595 1316 D'flxpnlsuri
615 1270 687 1304 tela
714 1271 774 1312 10,
795 1271 832 1311 3,
858 1269 895 1304 6.
946 1266 998 1311 11)
1019 1271 1158 1301 νεικεῖ..-
1180 1267 1392 1311 metaphora
1415 1272 1475 1300 ant
1499 1279 1641 1305 vacan-

150 1321 226 1352 tem
245 1327 422 1361 occupare
444 1319 565 1351 locum
588 1317 715 1358 debet,
746 1320 828 1357 ant,
859 1313 891 1348 si
922 1312 961 1347 in
989 1313 1146 1347 alienum
1176 1312 1302 1355 venit,
1330 1313 1411 1357 plus
1434 1314 1556 1349 valere
1580 1327 1639 1360 eo,

151 1363 250 1408 quod
285 1363 438 1408 expellit
469 1364 514 1405 8,
536 1363 585 1405 6,
607 1363 669 1404 18;
703 1360 941 1394 difficiliorem
969 1359 1221 1406 cogitationem
1252 1358 1470 1403 exprimit
1502 1367 1539 1395 et
1564 1373 1640 1397 ex-

151 1407 288 1453 pellit
311 1411 366 1453 (a.
389 1413 414 1443 t.
438 1408 598 1454 explebit
620 1420 655 1442 a.
680 1405 835 1451 expolit)
861 1405 1003 1440 dicendi
1024 1405 1220 1439 necessitas
1246 1406 1302 1447 10,
1326 1408 1363 1448 7,
1387 1407 1431 1440 17
1454 1406 1503 1442 Ν.

107 1474 475 1532 Experimentttm·
540 1487 583 1528 ι)
618 1486 811 1520 Nominat..-
844 1483 1019 1518 habeatur
1050 1494 1207 1527 exper.
1239 1483 1341 1517 velut
1364 1484 1541 1527 quoddam
1569 1498 1641 1522 ra-

152 1533 303 1567 tionis
326 1533 647 1567 testimonium
668 1534 703 1574 3,
725 1532 761 1572 8,
785 1530 843 1564 66.
876 1529 913 1564 in
940 1529 1103 1563 omnibus
1126 1531 1205 1563 fere
1227 1528 1343 1563 minus
1364 1530 1491 1565 valent
1514 1543 1640 1576 prae-

156 1585 290 1624 cepta
314 1590 420 1624 quam
445 1578 770 1622 experimenta
792 1578 828 1619 2,
852 1577 886 1618 5,
912 1576 969 1610 15.
1002 1587 1085 1609 cum
1109 1575 1206 1609 inter
1226 1586 1266 1608 se
1288 1583 1493 1621 congruunt
1514 1590 1640 1622 prae-

146 1627 293 1668 'cepta
322 1630 361 1659 et
394 1624 721 1668 experimenta
751 1624 819 1663 12,
850 1621 886 1664 6,
915 1624 948 1656 7.
993 1627 1034 1655 ut
1063 1621 1142 1663 ejus
1170 1620 1277 1655 nobis
1307 1632 1438 1667 magno
1467 1626 1640 1669 tempon‘s

154 1669 367 1704 detrimento
398 1675 537 1704 constet
569 1668 855 1714 experimentum
888 1669 955 1709 10,
985 1669 1027 1710 1,
1053 1666 1114 1700 41.
1149 1666 1180 1700 si
1204 1666 1289 1711 quid
1311 1678 1370 1700 me
1393 1669 1639 1712 experimenta

83 1712 86 1716 ’
153 1711 431 1759 docuerunt‘ss,
457 1719 494 1759 2,
517 1717 575 1750 33.
630 1713 673 1759 β)
701 1717 786 1747 Dat.
813 1719 845 1746 et
870 1716 1014 1746 Aceus..·
1049 1718 1323 1757 quantacunque
1356 1714 1489 1748 nostris
1521 1727 1640 1762 expe-

152 1761 314 1798 timentis
335 1762 497 1796 habenda
519 1766 574 1795 est
594 1761 685 1794 fides
705 1759 742 1802 4,
764 1761 800 1800 2,
824 1758 894 1800 86;
931 1768 999 1792 nos
1023 1757 1233 1792 facillimum
1255 1758 1360 1792 etiam
1387 1759 1560 1800 imperitis
1583 1775 1642 1797 sn..

114 1826 134 1839 ν
156 1817 305 1851 quamur
331 1818 455 1851 exper.
481 1811 515 1849 1,
539 1809 595 1849 10,
617 1805 677 1840 42.
714 1804 947 1838 certissimum
970 1803 1108 1838 faciunt
1130 1814 1270 1837 morum
1293 1815 1417 1848 exper.
1448 1808 1491 1848 3,
1515 1811 1560 1850 7,
1584 1809 1642 1845 14.

154 1861 204 1884 ne
229 1852 417 1895 desperent
443 1858 524 1885 ante
550 1850 831 1895 experimentum
856 1852 913 1892 12,
939 1852 996 1892 11,
1018 1851 1054 1885 9.
1107 1848 1147 1895 y)
1168 1852 1283 1883 Ablat.
1296 1864 1307 1883 :
1334 1857 1419 1884 nata
1441 1858 1513 1895 est,
1538 1859 1577 1887 ut
1601 1855 1641 1889 in

156 1895 354 1941 plerisque,
377 1908 434 1930 ars
458 1896 663 1940 (memoriae)
686 1897 730 1929 ab
753 1895 1001 1939 experimento
1028 1898 1085 1938 11,
1109 1898 1153 1937 2,
1184 1899 1239 1929 17.
1280 1907 1372 1940 quae
1397 1897 1540 1941 quidem
1565 1911 1642 1935 non

162 1940 324 1984 aliquo
342 1943 573 1984 tradente,
597 1943 660 1974 sed
681 1941 1004 1984 experimento
1030 1951 1152 1982 meo,
1177 1951 1221 1974 ac
1241 1947 1412 1975 natura
1429 1943 1505 1986 ipsa
1525 1946 1641 1981 duco

158 1986 282 2030 accepi
306 1986 342 2028 6,
367 1989 401 2028 2,
423 1987 470 2020 25
494 1987 539 2020 N.
581 1986 690 2030 idque
716 1987 839 2019 credet
860 1996 926 2019 suo
952 1987 1102 2030 quisque
1125 1997 1251 2029 exper.
1280 1990 1344 2028 11,
1368 1990 1413 2030 2,
1439 1993 1483 2023 17
1498 1993 1541 2025 Ζ.
1565 2003 1643 2026 me-

156 2032 275 2066 (licina
296 2050 344 2056 —
363 2036 439 2065 tota
466 2036 603 2064 constat
629 2030 881 2074 experimentis
902 2033 939 2073 2,
959 2035 1016 2073 17,
1033 2034 1057 2065 9
1073 2032 1121 2064 Ν.
1159 2032 1287 2064 mirum
1311 2032 1357 2065 sit
1380 2034 1550 2078 forsitam
1578 2038 1644 2071 sed

158 2076 412 2121 experimentis
429 2077 673 2119 deprehendas
694 2079 729 2116 1,
753 2078 808 2116 12,
827 2076 862 2108 8.
884 2087 917 2108 v.
933 2077 1255 2119 Deprehendo.
1290 2078 1474 2119 probatam
1497 2083 1643 2124 expeti.

157 2129 281 2158 mento
308 2123 481 2156 culturam
501 2124 557 2163 10,
581 2124 616 2163 2,
633 2123 667 2154 2.
702 2130 777 2153 non
801 2120 948 2154 seeretis
972 2121 1405 2165 disputationibus,
1433 2126 1498 2157 sed
1521 2138 1641 2162 rerum

160 2167 492 2212 experimentis
529 2173 636 2210 atque
670 2165 890 2209 operibus
924 2168 991 2207 12,
1024 2168 1071 2208 2,
1107 2168 1142 2199 7.
1192 2166 1363 2202 facillime
1394 2169 1558 2206 homines
1594 2175 1641 2208 ad

159 2214 452 2267 consentiendum
477 2214 654 2246 ducuntur
675 2210 926 2254 experimentis
948 2212 991 2254 3,
1013 2212 1059 2254 8,
1082 2211 1141 2245 36.

112 2270 339 2333 Experior.
384 2279 435 2333 ‘a‘
454 2285 505 2314 ,ιιι
529 2281 738 2324 frequenter
759 2277 900 2322 experti
920 2289 1042 2313 sumus
1066 2281 1104 2320 1,
1128 2281 1185 2322 12,
1209 2282 1266 2314 11.
1297 2278 1552 2333 interrogando
1574 2291 1654 2321 ex:

238 2332 317 2360 etur
338 2336 491 2360 animum
514 2326 590 2370 ejus
613 2327 656 2368 5,
680 2327 722 2366 7,
745 2326 803 2358 20.
849 2335 940 2368 quae
965 2324 1171 2368 (exempla)
1204 2325 1271 2359 sibi
1303 2337 1452 2372 quisque
1482 2340 1640 2375 exposa-1

159 2377 279 2422 pqtest
301 2372 338 2412 9,
363 2370 400 2414 4,
426 2371 480 2406 15.
515 2376 739 2416 praesentem
760 2371 941 2404 fortunam
965 2370 1122 2414 experiri
1148 2373 1213 2413 10,
1231 2374 1280 2414 7,
1302 2374 1359 2407 32.
1390 2373 1561 2416 judicium
1584 2378 1642 2412 di-

160 2417 379 2458 scipulorum
402 2416 559 2460 experiri
584 2420 632 2460 2‚=
654 2419 697 2459 5,
722 2418 777 2450 13.
814 2415 1019 2450 memoriam
1043 2428 1142 2450 suam
1167 2416 1327 2460 experiri
1352 2421 1416 2462 11,
1438 2422 1474 2463 2,
1497 2421 1555 2458 34,
1593 2423 1641 2460 in

212 2470 236 2493 o
256 2465 349 2494 totas
369 2460 466 2495 vires
487 2461 549 2507 (a.
571 2466 595 2496 1.
621 2459 796 2504 virtutes)
824 2472 907 2495 suas
931 2463 1135 2505 eloquentia
1155 2460 1379 2506 experiretur
1410 2467 1467 2509 10,
1497 2470 1533 2511 1,
1560 2471 1640 2505 109.

161 2471 344 2551 silentum
364 2506 503 2558 possis,
533 2507 584 2542 in
606 2518 652 2542 eo
675 2518 816 2550 semper
842 2507 1029 2550 experire,
1060 2513 1099 2540 ut
1121 2508 1236 2551 prosis
1263 2510 1308 2552 9,
1334 2511 1381 2553 3,
1403 2512 1462 2546 76.
1495 2512 1535 2547 in
1557 2515 1643 2550 foro

135 2548 138 2549 ⁷
161 2560 230 2584 nos
252 2551 411 2596 experiri
432 2551 630 2596 potuimus,
657 2554 740 2586 dum
762 2552 966 2586 scholastici
990 2564 1108 2587 sumus
1134 2556 1197 2596 12,
1224 2556 1281 2596 11,
1306 2555 1362 2590 16.
1414 2555 1459 2600 β)
1493 2571 1525 2591 e.
1546 2559 1640 2602 Ins..-

161 2595 329 2640 experiar
350 2596 471 2632 dicere
495 2601 532 2641 2,
557 2601 614 2641 13,
639 2602 695 2632 17.
737 2609 854 2641 neque
877 2598 948 2631 alio
972 2598 1064 2632 ceris
1086 2599 1243 2635 Platonis
1264 2599 1411 2636 inventa
1433 2610 1515 2639 sunt
1538 2612 1644 2650 quat..

159 2646 244 2675 tuor
263 2641 327 2678 illa
344 2643 460 2678 verba
479 2661 527 2668 —
547 2643 709 2688 plurimis
731 2643 846 2677 modis
870 2643 1023 2687 scripta,
1056 2656 1160 2688 quam
1189 2646 1285 2689 quod
1318 2657 1400 2680 eum
1433 2648 1643 2695 (sermonem)

160 2697 305 2732 quoque
326 2688 483 2723 maxime
505 2686 569 2732 (sc.
593 2687 816 2731 numerosum)
838 2689 959 2723 facere
987 2691 1209 2734 experiretur
1233 2693 1279 2733 8,
1300 2692 1345 2734 6,
1369 2692 1415 2726 64
1422 2709 1434 2734 ,·
1472 2703 1642 2739 expertus

162 2742 243 2766 num
260 2734 431 2776 prodesse
452 2737 488 2777 2,
510 2733 547 2777 4,
572 2736 630 2769 13.
667 2739 859 2778 expertus,
881 2735 1049 2777 juvenem
1071 2753 1118 2760 —
1137 2738 1351 2783 praelongos
1374 2738 1539 2775 habuisse
1563 2753 1643 2776 ser.

32 2784 48 2813 ’,
68 2797 93 2828 g
161 2787 287 2830 munes
314 2781 373 2822 10,
388 2781 504 2822 3,32;
531 2779 821 2824 inexperiendo,
848 2785 1017 2815 teneasne
1038 2783 1096 2834 11,
1118 2783 1154 2824 2,
1179 2782 1237 2817 35.
1285 2781 1321 2826 γ)
1346 2786 1536 2819 Ρανιίο..·
1560 2788 1643 2832 plu-

161 2833 298 2903 wan
288 2825 554 2907 m
554 2825 612 2859 Pr.
639 2827 685 2859 10
710 2825 927 2878 Ita-cuncta
953 2832 1096 2872 experti
1127 2825 1172 2880 4..
1192 2831 1235 2871 2,
1258 2830 1316 2863 38.
1357 2838 1439 2863 cum
1476 2833 1643 2868 suaderet

554 2871 1643 2922 uspuumidpmupereexpemsfi,5,70expertmeo-
