1728 3002
519 221 743 265 rei-mollis
779 245 827 252 —
860 223 1081 278 Pei-pendo
1479 224 1561 263 647

73 338 195 374 eodo.
243 335 432 381 aliquando
458 336 747 378 permittendum,
776 347 866 380 quae
888 335 957 378 ipsi
987 334 1217 378 scripserint,
1248 335 1367 370 dicere
1401 337 1436 377 2,
1459 338 1495 377 7,
1520 336 1556 370 5.

70 385 115 428 b)
145 385 215 428 adj.
247 387 352 417 Ποία
394 387 434 416 ut
462 388 629 427 tanquam
669 382 870 416 subdititios
906 392 1132 416 ammovere
1166 381 1300 415 familia
1329 380 1557 423 permiserint

71 430 140 465 sibi
163 433 197 473 1,
225 427 261 472 4,
288 430 322 463 3.
369 438 484 472 neque
511 428 605 463 enim
627 428 715 462 mihi
743 427 1042 470 permiserim
1066 429 1144 462 ead.
1183 428 1232 461 uti
1258 427 1495 466 declinatione
1517 430 1555 469 2,

72 479 130 519 15,
154 475 189 510 4.
235 473 427 520 permittite
449 474 536 508 mihi
559 474 612 508 sic
637 475 689 509 uti
711 477 746 517 8,
774 477 808 517 3,
836 477 894 509 37.
937 473 1016 518 quis
1046 473 1108 507 tibi
1134 473 1186 508 sic
1219 474 1344 508 timere
1367 472 1554 517 permisit?

70 524 107 565 8,
127 522 162 564 5,
187 522 242 555 15.
289 520 427 554 tertiam
457 520 583 561 adiecit
605 517 930 564 προσομιλητικῆν,
968 531 1071 564 quam
1108 531 1193 554 sane
1228 519 1554 563 permittamus

70 567 174 601 nobis
200 567 320 600 dicere
342 565 663 600 sermocinatricem
687 568 721 609 3,
757 565 794 608 4,
827 568 880 600 10.
929 571 965 600 et
1002 566 1143 610 poetica
1179 566 1332 599 themata
1364 564 1554 607 iuvenibus

69 618 285 656 pertractare
307 612 572 656 permittemus,
606 618 642 645 ut
665 612 890 656 expatientur
912 614 947 654 2,
975 614 1030 653 10,
1055 614 1088 646 5.
1114 618 1293 646 correctas
1318 612 1393 654 ejus
1417 611 1553 644 fabulas

70 660 110 692 in
139 664 319 693 certamen
359 658 499 691 deferre
536 657 791 702 posterioribus
837 658 954 702 poetis
1011 658 1247 692 Athenienses
1290 657 1552 702 permisere

70 705 171 748 (opu.
201 705 303 739 Codd.
340 703 601 748 permiserunt)
638 706 700 747 10,
739 708 777 747 1,
809 705 866 739 66.
913 715 959 737 ne
992 704 1226 738 Demostheni
1264 703 1552 748 permittant

70 751 237 796 evagari,
265 750 328 784 sed
354 761 436 783 eum
458 750 579 784 dicere
603 749 647 783 de
669 749 748 794 ipso
773 755 865 783 statu
889 761 1018 784 causae
1041 757 1214 797 cogant
1237 753 1272 793 3,
1297 751 1332 793 6,
1357 752 1391 784 3.

21 793 261 836 Permossis.
308 807 404 852 quod
428 806 534 841 etiam
557 805 596 839 in
619 806 829 840 carminibus
857 813 910 842 est
938 808 1111 851 permolle
1135 808 1170 852 9,
1192 806 1229 851 4,
1253 807 1311 842 65.

19 850 269 894 Permoveo.
319 874 408 908 quos
432 873 506 897 non
529 869 784 906 permoverunt
804 865 840 908 6,
867 867 901 907 1,
924 864 983 899 45.
1027 865 1173 899 ‘affici
1209 871 1242 898 et
1276 865 1328 898 ira
1362 864 1421 898 vel
1455 863 1552 896 luctu

68 919 348 953 permovere
371 912 406 951 2,
432 912 487 951 10,
512 910 554 950 ὃς
587 909 819 952 permovendi
847 920 972 944 omnes
997 910 1141 945 affectus
1175 916 1278 944 erunt
1312 912 1367 952 12,
1406 911 1460 952 10,
1494 909 1552 942 36.

29 955 40 966 ‘
67 955 331 998 permovendas
354 961 408 988 est
433 956 569 988 animus
594 957 627 994 3,
661 955 692 994 8,
717 956 771 989 39.
797 953 842 996 cs.
868 956 904 999 8,
930 956 965 998 6,
993 957 1046 989 19.

21 997 283 1041 Permlssoeo·
330 1022 400 1055 qua
427 1010 643 1053 jucunditate
672 1012 888 1054 permulceat
919 1011 979 1054 22⁴
1000 1012 1045 1054 5,
1082 1013 1116 1046 8.
1165 1011 1254 1044 nihil
1291 1010 1408 1054 aliud,
1449 1021 1552 1054 quam

66 1057 187 1136 3¹10?ss
198 1055 320 1136 prgvis
352 1057 592 1100 voluptatibus
626 1067 730 1091 aures
762 1057 1000 1091 assistentium
1028 1058 1244 1102 permulceat
1277 1056 1372 1100 (Sp.
1397 1076 1443 1082 —
1466 1055 1554 1097 ant)

23 1126 299 1188 Per'mut'atio.
346 1158 564 1192 defensionis
585 1169 698 1202 perm.
724 1158 758 1202 5,
783 1161 840 1202 13,
863 1158 921 1193 42.
967 1157 1121 1204 ideoque
1145 1160 1314 1203 frequens
1346 1170 1456 1203 perm-
1486 1162 1551 1200 est,

68 1209 103 1237 et
125 1205 296 1248 pleraque
318 1210 471 1248 utroque
506 1205 615 1238 modo
650 1205 843 1238 efferuntur
873 1206 908 1248 9,
943 1206 976 1247 3,
1005 1207 1040 1240 7.
1087 1211 1127 1238 ut
1158 1204 1318 1249 (literas)
1349 1209 1551 1251 retroagant

66 1261 187 1283 rursus
211 1255 247 1284 et
272 1250 373 1285 varia
394 1249 654 1293 permutatione
684 1251 892 1294 perturbent
916 1252 949 1293 1,
975 1252 1008 1294 1,
1031 1252 1090 1285 25.

19 1293 231 1335 Permuto-
256 1306 295 1347 a)
320 1306 351 1340 si
375 1318 481 1351 quam
503 1306 543 1340 in
570 1307 779 1351 corporibus
805 1307 935 1342 nostris
963 1307 1160 1342 aliorumve
1186 1306 1388 1340 animalium
1415 1311 1552 1350 partem

65 1357 305 1395 permutes
331 1358 368 1386 et
395 1353 667 1387 transferas
690 1356 724 1393 7,
737 1355 796 1388 Pr.
818 1356 851 1387 2.
876 1354 907 1388 Ο
927 1359 1032 1398 atque
1052 1355 1083 1387 U
1099 1359 1317 1398 permutatae
1343 1352 1551 1387 invicem

65 1400 99 1440 1,
128 1396 164 1441 4,
189 1398 256 1441 16;
289 1400 369 1432 Abi.
397 1400 489 1433 abs..-
529 1398 608 1442 ipso
666 1410 774 1433 enere
805 1405 1002 1443 permutato
1037 1403 1080 1442 1,
1116 1402 1158 1442 5,
1190 1399 1247 1435 49.
1292 1410 1405 1442 perm-
1438 1397 1551 1432 literis

63 1443 257 1487 syllabisve
282 1446 315 1486 1,
338 1444 373 1486 6,
398 1446 454 1478 32.
479 1450 616 1478 recta
642 1409 839 1488 ἓηανναιίο)
872 1457 917 1479 an
944 1446 1110 1480 ordine
1141 1450 1404 1488 permutato
1427 1447 1462 1486 2,
1492 1445 1548 1486 13,

63 1491 98 1524 5.
125 1488 169 1530 cs.
196 1490 232 1532 9,
255 1487 291 1532 4,
315 1488 372 1524 24.
398 1501 508 1533 perm.
534 1490 590 1523 his
615 1489 757 1533 (verbis)
779 1492 815 1533 9,
840 1493 874 1534 3,
898 1493 956 1526 78.
982 1491 1021 1537 β)
1043 1492 1166 1536 quasd.
1190 1490 1341 1533 (literas)
1367 1489 1458 1533 aliis,
1476 1500 1550 1523 non

46 1533 315 1574 dissimilibus,
351 1537 415 1569 sed
438 1535 539 1580 quasi
561 1537 803 1571 hebetioribus
827 1543 1065 1581 permutamus
1096 1540 1134 1579 1,
1169 1540 1239 1580 11,·
1270 1537 1304 1571 4.
1352 1541 1550 1580 permutato

62 1590 144 1614 cum
166 1591 282 1616 uxore
304 1581 426 1614 habitu
451 1584 488 1625 2,
512 1585 570 1625 17,
599 1586 657 1617 20.
683 1582 727 1624 cs.
753 1585 788 1626 3,
814 1587 849 1626 7,
875 1584 911 1618 6.

17 1623 225 1681 Pernego·
278 1648 360 1671 cum
381 1637 412 1671 is
439 1638 578 1672 dedisse
600 1650 639 1673 se
662 1645 872 1687 pernegaret
897 1641 951 1682 (S
957 1653 992 1686 p.
1016 1639 1189 1686 negaret)
1211 1643 1247 1682 7,
1270 1642 1305 1682 2,
1330 1638 1376 1673 25
1401 1642 1444 1672 Ζ.

17 1681 250 1723 Ρθῖωθιθδ·
292 1699 417 1726 natura
438 1694 558 1737 potior
584 1701 638 1729 est
662 1697 791 1730 salus
812 1702 935 1730 nostra
959 1708 1063 1740 quam
1088 1695 1283 1731 adversarii
1306 1708 1329 1739 p
1345 1693 1550 1729 ernicies

62 1741 99 1779 7,
120 1742 154 1781 2,
178 1741 234 1782 21,
259 1737 307 1771 in
329 1738 524 1782 perniciem
547 1741 690 1775 alterius
714 1744 749 1784 3,
777 1745 813 1784 2,
829 1744 863 1776 2.
887 1742 1136 1785 providentiae
1154 1752 1304 1775 munera
1326 1741 1372 1773 in
1394 1746 1551 1773 mutuam

65 1794 166 1826 pern.
192 1789 404 1819 convertere
429 1787 484 1827 12,
511 1788 544 1828 1,
571 1789 607 1821 2.
656 1787 718 1831 qui
743 1788 947 1822 facultatem
978 1787 1121 1822 dicendi
1155 1789 1202 1822 ad
1235 1786 1420 1820 hominum
1450 1795 1551 1830 pern.

65 1828 309 1862 converterint
333 1832 370 1872 2,
392 1831 450 1871 20,
470 1833 506 1863 2.

20 1870 306 1937 fornicio-SUS-
338 1885 376 1925 α)
400 1886 431 1919 si
454 1893 577 1922 contra
600 1889 842 1932 perniciosum
865 1895 1027 1934 suscepta
1050 1895 1104 1923 est
1123 1900 1230 1923 causa
1252 1888 1288 1929 6,
1310 1891 1345 1930 1,
1371 1890 1425 1921 12.
1447 1898 1550 1931 pern.

65 1942 155 1974 18¹1)-
195 1941 312 1964 (nvem
346 1933 402 1973 10,
441 1933 475 1973 5,
510 1936 565 1968 13.
612 1940 772 1978 turpes
805 1947 847 1969 ac
882 1947 1035 1979 pern.,
1080 1934 1218 1969 etiamsi
1246 1934 1350 1967 nobis
1382 1933 1552 1979 sanguine

69 1978 305 2015 cohaereant,
335 1978 568 2020 amputandos
592 1980 627 2021 8,
651 1981 693 2022 3,
726 1982 782 2015 75.
829 1992 929 2024 pern.
966 1981 1199 2014 instrumenta
1230 1982 1272 2021 2,
1312 1981 1374 2019 15,
1406 1981 1461 2012 32.
1497 1978 1549 2030 st)
1617 2021 1621 2023 ι

67 2025 224 2065 Supert..-
255 2021 294 2054 in
320 2022 523 2066 eloquendo
549 2031 776 2068 corrupta
799 2027 988 2070 pleraque,
1022 2032 1127 2070 atque
1153 2037 1198 2060 eo
1231 2023 1551 2068 perniciosis-

67 2068 200 2109 sima,
233 2067 328 2111 quod
357 2069 536 2101 abundant
562 2070 723 2104 dulcibus
746 2070 842 2106 vitiis
871 2075 926 2113 10,
953 2076 986 2111 1,
1026 2073 1105 2106 129.
1152 2072 1248 2115 quod
1275 2070 1407 2113 ubique
1430 2068 1552 2113 perni-

7 2136 10 2139 -
69 2113 304 2148 ciosissimum
328 2118 382 2146 est
405 2116 461 2156 12,
480 2114 521 2156 6,
550 2117 584 2149 2.
632 2127 733 2160 pern.
767 2127 868 2150 mens
901 2119 935 2160 5,
965 2118 1007 2160 9,
1042 2119 1097 2151 13.
1144 2116 1342 2150 studiorum
1371 2115 1552 2160 pernicio-

67 2159 204 2194 sissima
225 2158 339 2192 hostis
367 2161 403 2201 2,
431 2162 466 2202 2,
491 2161 547 2193 10.
935 2196 938 2197 ⁷

19 2205 257 2247 Perorauo.
314 2216 350 2257 3,
372 2215 409 2258 9,
437 2218 470 2249 1.
497 2215 533 2258 4,
559 2219 595 2260 2,
620 2217 672 2252 15.
698 2218 827 2261 partita
852 2229 927 2262 per.
951 2218 987 2261 6,
1013 2221 1047 2262 1,
1071 2218 1127 2253 55.
1151 2229 1228 2261 per.
1251 2217 1411 2252 incendit
1442 2216 1486 2260 4,
1516 2221 1551 2260 2,

67 2263 136 2304 753
174 2266 363 2304 utrumque
384 2262 621 2304 perorationis
646 2274 757 2309 genus
780 2265 815 2307 6,
840 2267 873 2306 1,
901 2264 957 2298 36.
989 2276 1022 2297 υ.
1061 2264 1309 2309 Epilogus3
1354 2274 1428 2297 non
1460 2275 1552 2298 unus

68 2309 171 2341 color
194 2305 435 2350 perorationis*
456 2315 518 2341 etc.
543 2309 744 2343 servabitur
765 2312 823 2352 12,
848 2312 905 2353 10,
936 2313 993 2343 71.
1040 2321 1117 2353 per.
1151 2310 1234 2344 vice
1263 2310 1423 2355 fungitur
1453 2308 1488 2351 4,
1516 2311 1550 2351 3,

71 2355 139 2394 12,
172 2351 380 2387 reservandi
405 2354 714 2396 perorationi
749 2366 795 2388 an
824 2367 888 2399 per
916 2361 1026 2388 totam
1061 2355 1303 2389 actionem
1334 2355 1552 2388 diffundendi

70 2398 218 2432 affectus
239 2400 275 2440 7,
305 2399 361 2440 10,
387 2401 443 2431 12.
490 2399 551 2442 qui
574 2401 752 2444 plerisque
776 2401 1057 2444 perorationibus
1081 2401 1210 2444 petitur
1239 2401 1343 2443 fletus
1373 2402 1409 2443 6,
1446 2404 1486 2443 2,
1517 2404 1552 2435 7.

69 2443 296 2487 peroratione
321 2443 492 2486 (additum
516 2447 559 2478 de
581 2449 742 2488 probabili
766 2447 848 2490 conj.
874 2446 1030 2488 Regii)
1055 2453 1115 2480 aut
1140 2447 1346 2480 memoriam
1367 2447 1466 2481 refici
1493 2453 1553 2480 aut

71 2489 209 2523 animos
236 2489 376 2523 moveri
402 2490 438 2532 8,
464 2490 523 2524 Pr.
551 2493 592 2524 11
620 2493 667 2525 N.
690 2505 738 2525 cr.
784 2493 843 2525 De
870 2491 1099 2536 peroratione
1122 2493 1157 2535 6,
1182 2492 1268 2536 Cap.
1294 2495 1326 2526 1.

26 2535 201 2577 Peroro.
251 2550 379 2590 quanta
402 2545 460 2581 vis
483 2546 529 2581 jn
557 2549 758 2592 perorando
791 2547 827 2592 4,
859 2551 917 2584 Pr.
949 2550 983 2584 6.
1032 2549 1157 2593 quibus
1192 2550 1405 2590 (communib.
1434 2552 1513 2582 locis
1522 2547 1552 2590 ),

73 2591 161 2625 citra
183 2601 377 2636 personas,
406 2591 445 2624 in
472 2592 547 2636 ipsa
572 2593 661 2628 vitia
685 2593 794 2629 moris
817 2600 871 2628 est
894 2605 1064 2639 perorare
1088 2599 1124 2637 2,
1147 2594 1184 2640 4,
1210 2598 1265 2630 22.
1291 2606 1372 2629 cum
1399 2601 1453 2630 est
1478 2595 1552 2628 filio

17 2655 24 2673 ι
74 2636 187 2672 filiive
216 2636 398 2672 advocatis
421 2637 468 2670 in
495 2644 643 2674 matrem
666 2641 903 2684 perorandum
932 2644 988 2681 11,
1022 2644 1055 2684 1,
1081 2641 1137 2675 61.

6 2680 238 2724 'fetosus‘
271 2694 333 2740 qui
355 2684 465 2730 modo
487 2695 679 2742 legitimam
700 2696 919 2741 disciplinam
942 2709 1017 2732 non
1043 2697 1114 2731 sint
1146 2698 1264 2742 perosi
1290 2701 1322 2740 1,
1349 2699 1405 2737 10,
1430 2699 1485 2730 30.

14 2734 260 2801 ,ξθΓΡθῐΙῦΟ-
295 2752 385 2787 ratio
413 2753 539 2797 quaed.
564 2754 634 2787 alte
654 2753 763 2797 petita
786 2760 822 2788 et
843 2755 1050 2798 plerumque
1072 2756 1174 2799 plura
1199 2766 1374 2799 perpen
1387 2755 1470 2787 den
1483 2764 1500 2786 s
1523 2758 1557 2786 et

78 2805 359 2841 comparans
385 2799 420 2841 6,
445 2799 479 2841 5,
503 2800 537 2832 3.
584 2800 656 2833 boo
679 2810 790 2846 genus
827 2811 891 2844 per
923 2800 1043 2835 omnia
1077 2806 1236 2845 tempora
1267 2800 1436 2844 perpendi
1466 2799 1557 2832 solet
