1728 3002
127 199 209 264 290
560 260 563 261 ⁷
721 215 911 274 Erumpo
937 243 993 249 —-
1022 206 1095 259 Et*

175 340 317 379 menta,
340 332 522 370 eruditum
546 331 617 378 (se.⁴
636 329 720 377 est)
742 330 779 375 6,
803 334 839 377 3,
860 331 1222 374 9,8.ετιιᾱὶῒίεεὶωῑιιιι
1245 326 1382 388 longe,
1415 331 1448 367 si
1469 342 1535 377 per
1559 331 1667 367 aliam

175 395 254 419 rem
279 381 348 416 alia
375 381 594 426 intelligetur
614 380 652 422 9,
676 382 711 421 2,
739 380 798 414 97.
857 377 903 426 β)
941 392 970 414 c.
997 381 1128 414 sulm..-
1154 379 1411 419 eruditissimus
1432 379 1542 414 homo
1572 381 1606 421 1,
1630 379 1668 422 6,

176 431 212 466 9.
239 431 303 472 11,
329 430 373 470 1,
398 427 434 462 4.
468 426 647 473 eruditum
678 425 799 460 virum
828 426 864 468 9,
893 428 927 468 1,
952 427 1008 462 18.
1043 426 1120 479 νὴ,
1138 427 1381 461 Romanorum
1408 424 1667 462 eruditissimus

178 478 236 518 10,
276 478 308 518 1,
342 474 415 517 95;
441 474 532 517 apud
556 483 658 506 aures
681 483 816 506 vacuas
840 478 945 517 atque
979 473 1191 507 eruditas
1224 485 1302 516 opp.
1333 471 1427 516 apud
1456 476 1668 515 occupatum

177 521 289 558 variis
314 519 590 567 cogitationibus
616 517 772 561 judicem
807 523 843 552 et
875 518 1016 563 saepius
1052 518 1338 552 ineruditum
1366 519 1410 551 ib.
1436 519 1494 552 32.
1523 516 1563 550 iu
1586 527 1667 550 ora—

177 568 278 602 tione
317 567 415 600 erud.
450 567 494 609 8,
519 567 560 609 3,
587 567 643 600 17.
678 565 777 599 erud.
804 576 923 599 sermo
949 566 996 609 8,
1029 566 1069 608 6,
1104 563 1171 609 24;
1210 563 1404 608 eruditiore
1433 562 1554 608 aliquo
1591 573 1671 597 ser-

177 623 286 648 mone
312 616 355 646 12
396 615 417 646 2
458 613 493 646 3.
1628 633 1639 640 .

133 659 339 715 Erumpo.
359 638 369 656 '
411 638 452 712 f)
491 669 644 713 proprie.-
678 678 753 702 non
781 678 971 712 percussor
999 667 1061 701 ille
1094 666 1231 701 subitus
1263 665 1450 712 erumpet?
1476 666 1519 709 6,
1544 668 1587 707 2,
1613 667 1671 700 31.

182 729 265 752 cum
298 716 360 750 ille
394 715 498 749 fietus
531 714 685 758 erumpit
713 715 753 755 6,
779 717 883 755 2,.7.
917 714 1081 748 lacrimas
1117 732 1161 738 —
1201 723 1292 759 quae
1327 718 1387 746 aut
1422 717 1674 756 erumpunt

183 765 329 805 dolore,
355 767 413 795 aut
438 760 570 795 laetitia
594 766 785 794 manant
814 764 870 804 11,
893 763 929 805 3,
953 762 1010 796 75.
1042 758 1161 804 (risus)
1186 759 1309 797 invitis
1335 770 1443 805 saepe
1467 757 1618 802 enunpit
1639 757 1676 801 6,

183 813 219 854 3,
243 811 277 845 9.
302 807 381 843 vini
404 807 621 851 erumpentis
644 808 679 850 8,
703 805 738 850 4,
766 810 819 842 17.
867 806 914 849 ΙΙ)
944 811 1061 840 transl.
1119 806 1170 848 σι)
1201 817 1283 840 cum
1311 807 1494 839 consultus
1530 809 1676 848 praetor

182 854 385 901 permiserit
410 853 554 897 dicere,
587 864 660 887 nou
684 853 847 897 protinus
872 858 926 887 est
956 853 1212 897 erumpendum
1235 852 1299 886 sed
1323 852 1439 885 danda
1464 849 1585 885 brevis
1611 861 1676 884 co-

209 900 348 936 itationi
372 911 483 934 mora.
511 903 567 942 11,
592 902 626 942 3,
654 901 737 942 1573
777 901 879 935 velut
906 900 1048 944 saepius
1076 898 1294 943 erumpentis
1317 897 1464 932 affectus
1480 897 1531 940 ·9‚
1555 898 1590 939 3,
1615 894 1674 931 54.

184 914 312 994 ξνεΙιιῑ
344 946 469 991 spiritu
501 952 709 990 erumpente
741 946 904 990 protinus
936 946 1010 980 indi
1038 945 1181 980 natione
1205 943 1250 988 4,
1270 946 1312 988 3,
1345 945 1367 978 5
1397 956 1431 978 v.
1459 940 1673 989 Rumpo.]

186 993 302 1039 erupit
326 993 431 1028 brevi
458 999 619 1036 tempore
651 992 782 1026 nimius
815 1004 919 1035 usus,
951 997 991 1026 ut
1002 957 1210 1027 ihoronae
1240 997 1303 1025 etc.
1329 990 1444 1024 adhuc
1468 988 1678 1033 quibusdam

185 1039 478 1085 inscriptionibus
501 1044 669 1072 maneant
697 1042 730 1081 1,
760 1039 794 1082 5,
815 1041 871 1072 20.
897 1039 1010 1073 verba
1032 1037 1072 1073 vi
1099 1038 1251 1082 (pradum
1262 1036 1432 1072 -veritatis
1456 1033 1678 1079 erumpentia

186 1090 223 1130 9,
250 1090 285 1130 2,
313 1087 370 1121 76.
425 1084 473 1130 β)
498 1086 657 1119 nondum
680 1090 818 1118 tantum
841 1084 984 1118 dicendi
1007 1086 1127 1118 lumen
1153 1088 1370 1126 accesserat,
1400 1087 1440 1115 ut
1465 1081 1573 1116 etiam
1599 1091 1678 1125 per

188 1132 366 1169 obstantia
394 1137 596 1175 erumperet
622 1134 678 1174 12,
701 1134 737 1174 9,
764 1131 811 1166 5.=
827 1131 888 1175 qui
913 1142 972 1165 ex
995 1131 1114 1165 media
1139 1127 1319 1173 (oratione)
1351 1127 1577 1172 erumpit,
1603 1126 1677 1160 cito

188 1181 233 1214 ad
255 1179 293 1213 id
319 1178 439 1212 redire
466 1178 598 1220 debet,
625 1178 720 1211 unde
748 1176 957 1212 devertit
979 1176 1015 1220 4,
1043 1179 1077 1219 3,
1101 1179 1165 1218 17;
1198 1177 1290 1210 huc
1315 1173 1468 1218 erumpit
1495 1174 1572 1217 ejus
1591 1172 1709 1223 affe-3...

189 1232 288 1267 ctns,
325 1229 366 1257 ut
386 1230 447 1257 etc.
483 1225 519 1265 9,
545 1226 580 1265 2,
603 1222 661 1259 64.
686 1222 774 1256 elisa
805 1222 926 1264 (vox)
958 1222 1003 1256 in
1025 1223 1127 1256 illum
1151 1232 1282 1255 sonum
1305 1221 1456 1264 erumpit
1481 1222 1538 1262 11,
1561 1221 1597 1263 3,
1621 1219 1695 1254 51.“

190 1270 351 1315 erupisse
374 1269 423 1304 in
456 1269 553 1302 hunc
576 1268 771 1313 voluptatis
796 1268 962 1302 affectum
984 1269 1020 1312 8,
1045 1270 1079 1312 3,
1103 1266 1138 1301 4.
1162 1273 1349 1311 erupturas
1375 1266 1420 1301 in
1450 1277 1565 1310 remp.
1590 1272 1682 1299 con-

190 1317 403 1362 spirationes
430 1317 494 1358 -12,
522 1317 557 1358 7,
585 1317 619 1349 2.
1287 1348 1290 1354 ,
1459 1345 1461 1347 .
1485 1309 1495 1317 ”
1532 1332 1535 1334 -

144 1363 277 1407 Eruo.
349 1372 392 1416 Ι)
424 1371 513 1405 mihi
543 1370 637 1405 filius
659 1369 779 1405 minor
804 1369 965 1416 quintum
991 1380 1156 1418 egressus
1180 1381 1310 1404 annum
1332 1369 1433 1414 prior
1462 1368 1612 1402 alterum
1635 1377 1685 1401 ex

192 1420 332 1455 duobus
355 1418 447 1453 eruit
473 1416 594 1451 lumen
618 1417 654 1459 6,
677 1418 736 1450 Pr.
775 1417 798 1452 6
826 1419 873 1451 Ν.
906 1428 1057 1461 puerum
1089 1417 1312 1452 coturnicum
1339 1416 1466 1450 oculos
1499 1418 1694 1448 eruentem·

193 1467 290 1510 5,-9,
315 1468 372 1500 13.
421 1463 481 1507 ΙΙ)
505 1468 619 1497 transl.
646 1466 668 1495 i.
693 1476 724 1508 ‹1-
752 1466 792 1496 in
828 1467 968 1497 lucem
1000 1463 1215 1507 profero:
1250 1463 1380 1506 multat,
1413 1471 1505 1506 quae
1526 1459 1684 1509 litigator
1712 1464 1714 1469 ’

192 1512 283 1548 nihil
308 1513 354 1546 ad
389 1522 530 1545 causam
556 1508 737 1555 pertinere
761 1509 972 1550 crediderit,
1009 1515 1111 1544 eruet
1131 1515 1303 1554 petronus
1328 1510 1392 1550 1>2‚*
1405 1507 1444 1550 8,
1463 1508 1527 1541 43.
1558 1510 1684 1542 sensus

194 1558 365 1594 sublimes
387 1557 554 1601 variique
591 1561 760 1590 eruantur
784 1558 840 1598 12,
871 1558 928 1598 10,
954 1555 1011 1590 362
1053 1557 1233 1590 eruendae
1257 1552 1419 1590 veritatis
1444 1553 1600 1590 latebras
1624 1553 1683 1593 12,
1726 1589 1728 1591 ¹

192 1607 230 1649 9,
254 1607 289 1640 3.
321 1611 489 1648 tanquam
519 1603 762 1637 occultum
791 1607 828 1635 et
852 1613 873 1635 a
896 1613 935 1636 se
970 1603 1166 1645 prudenter
1194 1607 1376 1638 erutum
1409 1597 1446 1643 4,
1469 1598 1588 1642 2,,60.
1613 1598 1683 1631 hos
1724 1597 1728 1603 “

193 1652 341 1686 affectus
365 1671 411 1676 —
434 1649 523 1683 aliae
549 1659 693 1693 quoque
715 1653 835 1692 partes
860 1647 1049 1692 recipiunt,
1074 1659 1155 1682 cum
1181 1659 1239 1682 ex
1260 1646 1306 1681 iis
1330 1643 1510 1691 (partibus)
1535 1643 1687 1688 plurima

195 1698 241 1732 sit
264 1708 323 1731 res
350 1697 507 1730 eruenda
532 1696 567 1738 6,
596 1697 630 1738 1,
655 1697 697 1729 51
723 1696 771 1730 Ν.
800 1705 880 1729 cum
903 1705 959 1729 ex
984 1694 1103 1739 aliquo
1127 1693 1225 1728 dicto
1247 1689 1528 1735 latensaliquod
1549 1687 1688 1730 eruitur

196 1743 248 1788 (a.
274 1747 296 1777 1.
322 1740 509 1785 emittitur)
534 1742 570 1785 9,
593 1744 630 1784 2,
656 1739 715 1775 64.

150 1799 344 1854 Eruptio.
415 1810 517 1844 velut
550 1807 740 1852 eruptione
773 1807 1003 1854 pugnandum
1025 1805 1071 1850 4,
1094 1806 1138 1848 5,
1170 1809 1192 1841 7
1226 1805 1273 1839 Ν.
1319 1801 1531 1848 inopinatis]
1552 1799 1690 1846 erupti-
1724 1831 1725 1834 ,

196 1857 327 1892 onibus
350 1872 394 1880 -
418 1853 632 1889 simillimum
658 1855 693 1897 6,
716 1853 753 1897 4,
779 1853 835 1888 14.

151 1913 366 1955 Essentia.
397 1934 452 1942 -
490 1922 607 1956 Plauti
631 1922 683 1963 (s
694 1935 727 1965 p.
754 1919 893 1964 Flavii)
919 1923 961 1964 2,
986 1919 1043 1963 14,
1071 1922 1095 1953 2
1119 1920 1167 1954 N.
1204 1915 1385 1962 οὖσαν,
1415 1927 1522 1962 quam
1541 1896 1689 1950 Plautus

197 1972 284 2015 (Sp.
308 1965 469 2011 Flavius)
498 1967 754 2003 essentiam
777 1972 887 2003 vocat
912 1969 946 2010 3,
971 1967 1005 2010 6,
1028 1967 1086 2000 23.
1379 1984 1382 1987 v

152 2030 219 2072 Et·
274 2035 318 2080 1)
346 2038 538 2080 simpliciter
564 2039 719 2079 copulat.-
772 2034 817 2078 α)
851 2037 893 2072 im
906 2037 1046 2068 transitu
1075 2035 1122 2067 ad
1148 2035 1250 2066 aliam
1274 2031 1483 2066 senientiam.-
1518 2029 1563 2063 Et
1593 2027 1608 2071 (
1618 2029 1646 2062 S
1654 2040 1690 2072 p·

200 2080 263 2125 At)
289 2082 432 2127 partitio
455 2081 610 2116 taedium
632 2083 730 2116 levat
742 2079 779 2124 4,
803 2084 838 2125 2,
861 2080 920 2117 49.
944 2080 991 2122 rs.
1017 2083 1051 2122 2,
1069 2079 1105 2123 4,
1132 2082 1174 2113 13
1197 2083 1240 2113 Ζ.
1266 2076 1310 2112 Et
1329 2077 1421 2111 haec
1441 2067 1520 2121 ipsa'
1535 2072 1688 2125 plurium
1708 2096 1711 2097 ν

198 2131 319 2176 legum
341 2129 540 2163 aliorumve
567 2127 780 2172 scriptorum
803 2147 847 2154 —
876 2128 1069 2171 complexu
1092 2125 1277 2162 varientur
1302 2133 1451 2158 necesse
1477 2125 1532 2155 est
1561 2121 1603 2163 5,
1627 2121 1687 2167 19,

203 2179 283 2211 107.
311 2174 381 2220 [cf.
409 2178 452 2209 ib.
473 2173 566 2218 affl]
593 2174 637 2207 Et
670 2173 762 2218 (Sp.
791 2172 878 2217 om.)
914 2173 992 2207 sive
1016 2172 1174 2207 invicem
1211 2174 1403 2212 accusant,
1439 2167 1522 2203 sive
1552 2166 1690 2200 crimen

200 2233 284 2256 reus
315 2221 404 2255 citra
439 2220 704 2255 accusationem
734 2220 773 2254 in
806 2218 1051 2255 adversarium
1077 2217 1184 2254 vertit
1211 2237 1257 2242 —
1281 2215 1466 2258 utriusque
1491 2212 1604 2257 partis,
1628 2223 1689 2246 ar-

202 2274 368 2314 gumenta
393 2267 487 2301 inter
512 2278 552 2301 se
579 2271 830 2310 comparantur
852 2269 887 2309 7,
912 2269 947 2309 2,
971 2266 1016 2299 23
1034 2268 1083 2298 ᾼΖ.
1109 2265 1160 2298 Et
1189 2263 1304 2296 cultus
1328 2270 1521 2295 concessus
1549 2263 1693 2302 atque

202 2314 408 2359 magnificus
433 2313 530 2347 addit
554 2312 759 2347 hominibus
781 2332 828 2338 —
852 2311 1117 2346 auctoritatem:
1149 2314 1192 2342 at
1213 2307 1396 2342 muliebris
1423 2311 1460 2340 et
1484 2303 1690 2352 luxuriosus

202 2369 277 2392 non
301 2370 430 2403 corpus
458 2365 631 2401 exornat,
667 2356 732 2392 setl
756 2357 890 2404 detegit
912 2363 1067 2392 mentem
1090 2357 1132 2398 8,
1152 2354 1210 2388 Pr.
1234 2356 1291 2388 20.
1316 2354 1360 2386 Et
1382 2351 1569 2398 insigniter
1590 2349 1691 2384 Afri-
1719 2351 1728 2374 *¹⁴

204 2414 312 2437 canus
343 2407 437 2448 apud
469 2406 651 2439 Neronem
687 2406 731 2438 de
762 2411 877 2438 morte
911 2403 1052 2445 matris,
1089 2403 1231 2447 Rogant
1259 2405 1295 2437 te
1326 2406 1387 2433 eto.
1423 2399 1458 2440 8,
1482 2398 1517 2441 5,
1544 2396 1597 2431 15.
1633 2395 1687 2430 Et
1725 2422 1728 2443 ἐ

205 2451 298 2492 apud
320 2457 480 2485 oratores
506 2462 598 2485 non
627 2461 748 2493 rarus,
780 2461 922 2493 semper
947 2455 1065 2482 tamen
1092 2445 1270 2480 astrictior
1302 2442 1482 2488 (ornatus)
1510 2443 1547 2486 8,
1569 2442 1604 2484 6,
1626 2441 1686 2489 61.
1718 2443 1728 2500 Ξ

202 2495 247 2528 Et
270 2501 441 2538 cpuatenus
468 2498 539 2530 huc
562 2496 769 2538 incidimus,
799 2497 905 2539 paulo
931 2495 1010 2538 plus
1037 2492 1170 2527 scholis
1185 2493 1320 2526 demus.
1346 2491 1381 2531 9,
1405 2491 1440 2532 2,
1464 2489 1521 2523 81.
1554 2487 1599 2520 Et
1614 2491 1690 2521 'cur
1709 2503 1728 2540 ε

203 2551 261 2573 me
285 2541 472 2584 prohibeat
498 2543 613 2585 pudor
638 2543 673 2584 9,
699 2544 733 2584 3,
762 2543 818 2575 73.
861 2540 905 2582 cfi
939 2543 982 2574 ih.
1015 2542 1094 2573 101.
1128 2541 1185 2580 10,
1211 2541 1244 2581 1,
1268 2542 1303 2573 7.
1340 2539 1418 2570 107.
1442 2535 1522 2568 116.
1562 2534 1627 2575 11,
1650 2535 1686 2575 2,
1711 2537 1728 2566 Ξῖ

207 2586 261 2620 18.
291 2586 355 2628 24,
386 2587 458 2620 Sed
487 2589 530 2620 ad
557 2588 791 2631 propositum.
818 2587 881 2629 Et,
906 2585 1075 2630 quoniam
1099 2585 1268 2619 orationis
1292 2589 1364 2617 tam
1390 2586 1534 2614 ornatus
1561 2585 1622 2612 etc.
1650 2580 1688 2628 8,
1721 2574 1728 2615 ἔ

205 2633 250 2674 3,
287 2631 342 2666 15.
377 2632 431 2664 Et
467 2632 658 2667 hercule
690 2644 838 2668 necesse
862 2637 916 2666 est
940 2633 1000 2673 10,
1030 2634 1073 2674 2,
1097 2633 1130 2665 3.
1171 2629 1215 2672 cs.
1248 2631 1311 2672 10,
1343 2630 1384 2669 1,
1408 2626 1465 2660 86.
1496 2626 1558 2667 12,
1582 2624 1627 2667 6,
1650 2621 1684 2657 4.
1721 2623 1728 2642 ¹

204 2678 261 2711 Et
280 2688 393 2722 „sane
420 2678 578 2720 ejusdem
602 2685 709 2713 notae
733 2685 787 2713 est
810 2678 1050 2713 exanimat
1073 2678 1108 2719 8,
1134 2679 1168 2719 3,
1193 2678 1249 2710 32.
1274 2675 1320 2708 Et
1340 2682 1429 2708 vere
1454 2670 1542 2714 (Sp.
1564 2668 1688 2721 Enim-.-
1710 2680 1728 2718 ..¹-

203 2725 311 2766 vero)
337 2725 418 2757 Cic.
444 2724 478 2765 9,
510 2726 541 2765 1,
569 2723 615 2757 40
639 2729 682 2758 Ζ.
731 2723 778 2770 β)
803 2737 831 2758 c.
861 2725 1025 2768 emphasi.-
1062 2722 1112 2757 At
1137 2722 1309 2766 perficere
1333 2723 1471 2753 tantum
1505 2725 1597 2759 opus
1627 2725 1728 2767 αις-’,ς

203 2770 335 2811 duum,
377 2773 426 2802 et
457 2779 563 2803 nemo
593 2769 746 2812 perfecit
770 2773 832 2812 12,
859 2773 897 2804 11
913 2795 924 2813 ‚
947 2768 1003 2803 24.
1035 2768 1196 2803 ediscere
1219 2772 1353 2810 autem,
1384 2773 1455 2808 quo
1485 2765 1715 2796 exerceans'.

202 2814 270 2850 erit
293 2813 464 2859 optimum
487 2830 532 2840 —
557 2819 597 2850 et
622 2815 783 2850 ediscere
807 2827 912 2860 quam
935 2814 1089 2851 maxime
1109 2813 1211 2851 varia
1235 2815 1292 2856 11,
1321 2813 1356 2856 3,
1373 2811 1429 2846 25.
1460 2808 1686 2855 Quapropter
1719 2845 1725 2854 ,
