1728 3002
68 84 213 119 Lxxx
222 84 255 118 11
683 73 990 131 prolegomena

70 202 349 241 tronorum.
416 206 472 255 9,
517 197 575 251 4,
630 187 690 238 16
734 189 964 253 Itaque
1016 195 1079 236 ut
1108 183 1463 251 'confiteor
1494 204 1598 236 —.·

67 272 167 319 ita
201 300 267 306 —-
296 279 439 334 puto.
503 283 589 328 ιο,
627 282 683 326 2,
730 282 789 313 10
833 265 1206 314 discrimine
1244 265 1416 330 aliquo
1457 266 1600 314 dis-

69 358 440 398 cernantur.
500 365 585 404 11,
621 361 678 407 2,
715 360 775 393 21
813 345 1059 408 imagines
1091 352 1279 392 notae
1312 351 1457 404 sunt,
1491 345 1598 410 qui·-

67 428 158 476 bus
198 446 281 487 ea,
332 444 460 492 quae
498 425 763 474 ediscenda
804 432 948 484 sunt,
992 432 1294 472 notamus.
1348 438 1403 472 12
1426 458 1440 484 ,
1474 421 1600 485 2,·..'⁷›

35 511 38 517 '
67 507 161 572 qui
189 507 342 571 aequi
377 506 585 570 bonique
624 511 1004 564 tractatum,
1052 503 1143 568 qui
1169 502 1302 566 leges
1332 516 1433 552 etc.
1469 518 1601 550 non-

65 603 322 650 nunquam
343 585 624 634 eruditiore
645 583 813 647 aliquo
833 599 1058 630 sermone
1090 582 1425 631 tractarit.
1464 581 1600 629 Gra-

65 663 186 714 vius
204 701 219 722 ,
287 680 455 728 quum
503 663 642 710 idem
698 662 923 711 verbum
978 659 1129 710 brevi
1178 659 1469 711 intervallo
1523 658 1602 707 bis

64 755 218 790 terve
260 741 519 800 occurrit,
564 739 747 805 qualia
790 753 942 789 sunt:
987 755 1044 800 2,
1089 741 1145 800 8,
1181 744 1216 794 4
1255 740 1352 795 ita
1392 755 1602 804 praece-

62 829 262 885 ptorem
294 820 600 885 eloquentiae
634 846 703 854 —
744 819 841 867 ita
875 835 926 866 se
954 819 1392 867 commodaturum
1424 819 1601 882 singu-

67 900 144 947 lis.
214 916 230 945 1
250 934 264 958 ,
299 913 353 956 4,
396 903 457 952 14
490 899 564 946 Et
588 897 712 945 haec
743 899 885 961 ipsa
923 899 961 945 S
992 898 1169 959 litera,
1214 898 1277 946 ab
1317 898 1397 946 lois
1441 896 1601 946 'lomi-

64 978 211 1024 nibus
251 977 478 1036 exclusa,
525 978 579 1024 in
624 976 918 1041 quibusdam
957 977 1021 1040 ip
1035 994 1103 1024 sa
1147 977 1310 1026 alteri
1339 974 1602 1026 'successit-

63 1070 122 1119 9,
169 1055 227 1114 ὅ,
271 1071 330 1116 72
375 1064 439 1103 ut
478 1055 718 1119 aliquis
759 1072 931 1102 sensus
970 1055 1226 1104 ‘vehemens
1269 1065 1323 1104 et
1362 1074 1484 1104 acer
1518 1072 1602 1103 ‘ce-

64 1143 322 1183 nustatem
358 1134 633 1199 aliquam
667 1135 902 1198 accipiat.
961 1148 1019 1195 9,
1056 1138 1113 1193 A,
1155 1129 1248 1181 125
1291 1135 1520 1182 Modus
1553 1133 1606 1180 ei

65 1231 101 1261 a
136 1213 370 1260 Cicerone
398 1221 496 1260 aut
518 1221 763 1277 quattuor
789 1212 1005 1260 senariis
1033 1212 1282 1273 versibus,
1315 1221 1411 1262 aut
1438 1213 1604 1277 ipsias

65 1292 280 1355 spiritus
313 1291 484 1338 modo
520 1292 836 1340 terminatus.
887 1291 963 1352 16,
988 1309 1044 1354 7,
1066 1290 1132 1338 23
1164 1293 1277 1340 Hoc
1311 1293 1433 1341 dum
1461 1309 1603 1355 egre-

66 1371 240 1418 dimur
269 1387 295 1417 e
320 1378 503 1432 portu,
538 1371 587 1418 si
607 1388 698 1419 nos
732 1372 956 1419 nondum
988 1373 1240 1436 aptatis
1272 1372 1399 1422 satis
1428 1388 1600 1420 arma-

64 1449 247 1498 mentis
289 1457 411 1511 aget
449 1458 652 1497 ventus:
704 1450 883 1498 deinde
929 1451 1187 1515 paulatim
1226 1450 1382 1499 Si'mad
1426 1458 1604 1500 euntes

66 1526 429 1591 aptabimus
466 1529 591 1577 cela.
653 1534 711 1589 4,
748 1545 803 1588 2,
848 1524 911 1578 55
959 1539 1014 1578 et
1050 1532 1229 1580 modus
1273 1531 1455 1596 ubique
1497 1547 1605 1585 cuss

66 1616 163 1655 sto
176 1606 244 1653 di
248 1623 274 1653 e
284 1623 317 1654 n
329 1608 445 1654 dus
482 1617 535 1656 et
563 1608 824 1656 credibilia
858 1626 959 1658 esse
993 1611 1163 1659 omnia
1196 1618 1427 1675 oportet,
1473 1625 1604 1674 quae

64 1686 324 1733 dicuntur.
394 1686 624 1736 BIaxime
663 1696 828 1736 tamen
860 1688 984 1737 haec
1012 1689 1068 1738 in
1103 1707 1164 1738 ea
1190 1698 1344 1754 parte
1386 1696 1600 1740 custo-

66 1765 104 1812 d
114 1765 299 1812 ienda
332 1774 504 1825 sunt,
540 1784 667 1831 quae
695 1781 792 1815 etc.
849 1767 1104 1834 Imprimis
1133 1772 1238 1818 hoc
1273 1771 1436 1817 modo
1467 1782 1601 1832 pec·-

65 1842 214 1897 cavit
254 1845 448 1891 Noster
488 1843 545 1892 in
587 1846 919 1908 transitibus,
968 1861 1032 1895 ut
1078 1862 1161 1907 10,
1220 1868 1273 1908 ι,
1315 1845 1382 1894 23
1433 1846 1600 1906 Quin

63 1922 283 1981 etiam,
329 1922 382 1995 st:
414 1923 581 1972 minus
620 1942 773 1989 pares
809 1926 1137 1987 ridebuntur,
1182 1928 1385 1992 aliquae
1429 1933 1602 1974 tamen

66 2003 302 2063 (causae)
330 2030 398 2036 —
430 2004 780 2068 requirentur,
815 2014 879 2054 ut
906 2020 1006 2055 eto.
1071 2007 1236 2066 Quin
1269 2006 1463 2055 etiam
1493 2021 1600 2054 eas-

67 2080 182 2127 dem
214 2098 394 2128 causas
432 2091 497 2130 ut
536 2084 738 2149 quisque
779 2086 964 2147 egerit,
1009 2087 1136 2134 utile
1172 2086 1276 2134 erit
1305 2086 1450 2133 scire.
1525 2099 1603 2143 10,

73 2175 94 2205 1
112 2194 126 2219 ,
172 2174 203 2219 9
251 2159 487 2208 Omnibus
538 2180 607 2210 en
620 2163 700 2210 im
741 2167 868 2228 fere
918 2165 1106 2225 verbis,
1157 2172 1371 2228 praeter
1412 2179 1600 2225 poeuca,

67 2254 196 2301 quae
239 2246 357 2285 sunt
395 2256 583 2301 parum
625 2244 932 2302 verecunda,
981 2245 1038 2291 in
1069 2243 1303 2290 oratione
1337 2241 1477 2288 locus
1511 2248 1600 2289 est.

69 2315 225 2364 Nam
258 2317 529 2379 scriptores
563 2322 759 2383 quidem
785 2321 1068 2370 iamborum
1101 2320 1378 2386 veterisque
1404 2339 1601 2370 comoe-

68 2395 186 2441 diae
231 2395 384 2441 etiam
425 2396 480 2442 in
518 2397 621 2445 illis
666 2417 811 2465 saepe
866 2400 1153 2447 laudantur
1185 2427 1276 2448 —.
1340 2418 1481 2448 nam
1539 2409 1603 2449 et

68 2472 339 2520 humilibus
373 2482 421 2521 et
452 2475 743 2537 vulgaribus
775 2477 983 2527 interim
1013 2493 1141 2541 opus
1175 2492 1274 2526 etc.
1345 2479 1423 2527 Cf.
1463 2497 1519 2540 7,
1549 2486 1599 2538 4,

64 2547 323 2604 25-25,
362 2550 449 2597 ubi
486 2568 680 2615 quater·
715 2557 846 2604 Nam
879 2570 964 2610 10,
1000 2570 1056 2614 2,
1101 2570 1239 2602 10——
1269 2572 1352 2616 12,
1397 2557 1602 2605 ubitet·

71 2629 215 2679 Adde
256 2629 401 2694 quod.
464 2645 548 2693 12,
595 2648 643 2691 1,
691 2629 768 2681 55,
808 2633 887 2683 36.
946 2649 1030 2695 12,
1066 2633 1124 2694 3,
1156 2649 1201 2698 9.
1254 2651 1338 2696 ιο,
1383 2636 1476 2686 ubi
1521 2636 1598 2686 bis
