1728 3002
577 247 716 291 Nemo
745 270 800 278 —-
830 245 980 303 Neque
1469 246 1552 286 559

21 373 132 406 „tum
154 365 266 414 gratia
288 362 472 409 disputari,
496 362 555 398 hic
578 361 628 405 (ιίι
653 360 775 406 eausa)
800 361 982 409 negotium
1005 359 1063 408 agi
1086 362 1119 402 3,
1143 362 1177 404 5,
1206 362 1261 395 11.
1287 358 1467 407 negotium
1494 358 1550 392 in-

56 413 203 448 nocenti
223 411 311 446 facit
334 412 368 453 5,
395 412 451 453 12,
476 411 533 450 13
552 410 597 444 Ν.
619 408 677 444 cui
701 408 817 443 simile
841 414 895 444 est
920 408 1012 442 maie
1047 413 1204 454 gestae
1237 404 1550 452 procuratio·

54 459 123 495 nis
150 457 300 502 (genus),
325 455 473 501 quaein
495 455 578 490 foro
605 454 906 502 negotiorum
935 459 1170 501 gestorum
1195 457 1230 496 7,
1253 452 1289 496 4,
1314 453 1372 488 35.
1396 451 1434 486 in
1459 451 1550 485 sub-

54 505 176 542 eundo
204 515 284 551 neg.
315 501 350 546 4,
382 505 416 546 1,
440 503 474 537 8.
498 501 536 535 in
561 501 657 536 omni
684 513 720 536 n.
747 503 909 547 neglecta
937 499 1128 534 auctoritas
1155 502 1210 543 11,
1243 503 1276 543 1,
1300 501 1358 534 30.
1380 509 1551 543 suscepe-

0 562 3 567 ·
52 557 138 585 runt
165 561 246 597 neg.
270 551 376 593 panto
401 549 445 582 ad
470 547 659 593 dicendum
681 547 846 582 tenuiora
878 550 932 589 12,
955 547 991 588 9,
1015 546 1049 580 8.

9 606 165 651 Nemo.
203 630 237 651 v.
263 616 474 660 Aliquis.
500 615 631 649 nemini
649 613 854 649 imitabilem
881 617 934 658 10,
961 617 994 658 1,
1019 615 1076 649 61.
1106 613 1150 656 cs.
1176 615 1210 656 8,
1235 614 1269 656 3,
1294 616 1328 647 7.
1359 613 1394 653 8,
1432 614 1467 654 5,
1489 613 1548 645 28.

59 667 117 707 11,
143 667 177 707 1,
200 663 259 698 60.
287 665 343 705 11,
370 666 405 705 2,
429 663 484 696 29.
510 672 615 696 nemo
643 662 845 695 mortalium
873 663 927 704 12,
955 663 1010 704 10,
1042 661 1100 695 65.
1125 671 1161 698 ιι,
1194 659 1248 693 sui
1285 657 1455 702 temporis
1490 660 1548 700 10,

57 714 92 751 1,
121 711 177 745 53.
206 709 358 742 disertos
383 707 482 743 visos
511 718 590 741 esse
620 710 808 750 multos,
850 709 1077 751 eloquentem
1109 712 1225 740 antem
1258 705 1478 738 neminem
1511 705 1548 747 8,

55 758 114 791 Pr.
138 757 195 790 13.
223 752 366 789 Nemini
393 753 539 792 dubium
563 759 616 787 est
639 753 754 797 (fig.)
779 756 835 797 10,
862 756 894 796 1,
922 756 976 786 12.
1002 764 1037 786 n.
1067 758 1142 795 est,
1174 752 1250 796 qui
1281 751 1417 787 nesciat
1449 753 1485 793 9,
1509 749 1546 793 4,

57 804 114 838 32.
141 812 177 835 ιι.
201 800 270 835 erit
292 807 364 834 tarn
387 799 574 840 indoctus,
608 799 682 844 qui
708 810 795 834 non
826 800 980 833 fateatur
1014 801 1070 841 10,
1107 801 1140 837 1.
1175 797 1232 832 48.
1269 797 1311 838 cf.
1347 799 1405 839 10,
1438 794 1547 839 2.'9;

51 857 192 885 nemo
216 852 371 888 accusat,
395 845 486 879 nisi
511 856 600 890 quae
626 846 719 879 facta
743 852 822 878 sunt
850 848 884 887 7,
913 848 948 888 2,
972 847 1006 879 3.
1032 844 1262 877 neminem
1291 842 1397 876 alium
1421 853 1472 886 pr
1484 853 1551 876 ae-

0 899 28 915 ⁸'
57 899 132 928 ter
154 893 215 934 (a.
242 897 264 926 1.
300 903 407 936 quam
441 896 486 925 αῖ.
520 891 614 933 nisi)
647 892 870 925 Demetrium
906 894 960 932 11,
995 892 1030 931 3,
1065 891 1152 930 1793
1192 890 1284 922 lund
1321 889 1548 922 neminem

56 938 310 982 nonjuvabit
335 941 391 980 11,
416 941 450 978 2,
476 939 531 971 32.
556 936 600 977 cf.
624 939 661 979 7,
686 940 720 977 2,
745 939 802 970 33.
835 939 890 978 10,
916 939 950 978 1,
983 937 1040 970 67.
1075 935 1162 969 mihi
1196 945 1327 969 nemo
1363 945 1455 968 non
1491 934 1551 968 vir

28 1011 31 1013 -
55 985 251 1021 formosior
277 984 344 1018 erit
367 985 525 1027 spadone
549 985 584 1024 5,
603 986 659 1026 12,
687 984 741 1018 19.
765 982 842 1016 sine
861 993 931 1027 qua
954 992 1105 1025 nemo,
1130 991 1217 1015 neo
1242 979 1301 1015 vir
1324 980 1440 1015 bonus
1455 991 1551 1023 esee,

0 1034 148 1080 'Lnec
174 1030 310 1075 peritus
333 1035 451 1074 potest
478 1031 535 1071 12,
563 1031 598 1071 2,
623 1032 656 1066 1,
986 1028 997 1031 “
1439 1052 1442 1054 ,

11 1085 193 1143 Nempe·
237 1101 331 1131 nulla
354 1099 437 1130 inest
461 1097 590 1138 ironia,
625 1097 684 1128 sed
707 1097 884 1130 introducit
908 1107 982 1129 cum
1005 1097 1071 1129 levi
1094 1096 1337 1136 indignatione,
1363 1107 1428 1135 ea,
1465 1106 1553 1139 quae

19 1171 25 1178 ,
59 1146 259 1180 naturaliter
287 1150 418 1186 patent:
444 1143 580 1185 Nempe
605 1141 755 1175 intentio
780 1147 855 1184 est,
880 1140 1004 1175 Artem
1031 1140 1203 1174 ludicram
1227 1139 1432 1174 exercuisti.
1458 1141 1494 1183 3,
1516 1141 1553 1184 8,

61 1194 106 1227 13
124 1189 172 1224 ἐἰ
195 1203 241 1210 -—
265 1189 424 1230 dicatur,
452 1188 607 1222 Necesse
631 1193 702 1221 est:
729 1196 856 1231 nempe
872 1186 1050 1231 sequitur,
1074 1192 1114 1220 ut
1143 1187 1214 1220 hoc
1232 1186 1440 1229 subjiciatur
1456 1187 1490 1228 3,
1514 1187 1551 1229 8,

39 1240 119 1273 .23.
145 1233 192 1276 cs.
213 1236 248 1277 7,
266 1238 300 1277 1,
323 1233 379 1267 47.
410 1233 505 1279 Quid
521 1232 616 1267 enim
631 1234 788 1267 futurum
812 1238 888 1266 erat
910 1250 967 1271 —‚
994 1232 1025 1266 si
1052 1232 1215 1266 homines
1241 1232 1342 1271 nihil,
1361 1231 1430 1265 nisi
1454 1234 1551 1276 qnod

59 1284 131 1329 jam
153 1281 430 1330 cognovissent,
462 1279 665 1313 faciendum
688 1278 756 1312 sibi
783 1284 843 1312 ant
867 1278 1095 1325 cogitandum
1125 1275 1332 1322 putassent?
1380 1279 1424 1311 N.
1462 1278 1553 1311 nihil

60 1328 190 1375 fuisset
211 1326 408 1361 inventum.
435 1327 492 1367 10,
515 1327 551 1367 2,
579 1324 615 1361 4.
641 1324 682 1367 qs
707 1328 763 1366 12,
785 1327 821 1367 2,
843 1325 887 1358 16
912 1325 959 1358 Ν.
989 1337 1056 1366 cr.;
1084 1325 1174 1358 Nam
1190 1324 1279 1358 recti
1304 1323 1447 1368 quidem
1471 1334 1555 1358 cor-

60 1373 162 1422 poris
181 1373 246 1409 vel.
266 1371 414 1406 minima
437 1371 550 1417 gratia
574 1377 647 1413 est;
690 1382 854 1415 nempe
882 1370 998 1404 enim
1023 1371 1173 1405 adversa
1198 1370 1242 1404 sit
1271 1369 1402 1413 facies,
1427 1375 1462 1404 et
1488 1371 1555 1404 de-

52 1415 168 1458 ,nifia
189 1417 337 1453 brachia
361 1424 422 1451 etc.
447 1419 482 1459 2,
502 1418 558 1458 13,
585 1418 608 1452 9
636 1417 682 1450 Ν.
711 1429 759 1450 cr.
782 1424 812 1449 et
836 1415 954 1457 Praef.
985 1418 1064 1450 Vol.
1091 1417 1119 1451 1.
1147 1417 1402 1460 p.1.XXX111.
1430 1417 1554 1460 Itaque

60 1466 101 1503 in
126 1470 203 1500 toto
230 1464 315 1498 artis
338 1463 486 1506 hujusce
511 1467 660 1496 metatu
682 1462 862 1497 difficilius
886 1468 940 1496 est
955 1461 1127 1506 judicare,
1153 1461 1238 1506 quid
1261 1463 1410 1503 doceas;
1436 1474 1554 1507 quam,

62 1523 144 1548 cum
164 1509 344 1554 judicaris,
368 1510 522 1543 docere:
550 1529 597 1534 —
619 1509 755 1552 Nemp
771 1520 790 1542 e
828 1509 950 1542 enim
973 1508 1166 1552 plurimum
1208 1507 1249 1542 in
1278 1509 1350 1543 hoo
1380 1509 1555 1543 exhausi-

59 1569 139 1592 mun
156 1555 368 1603 'laboris,'ut
392 1555 660 1589 ostenderemus
687 1562 748 1589 etc.
773 1556 808 1597 8,
832 1555 891 1593 Pr,
916 1554 952 1589 6.
1271 1560 1275 1564 ’

59 1626 195 1655 emus.
242 1623 325 1656 Non
356 1627 475 1655 tamen
501 1622 663 1665 protinus
688 1607 874 1663 audiendi,
914 1621 975 1665 qui
1001 1622 1173 1664 credunt,
1209 1620 1387 1665 aptissima
1417 1621 1457 1655 in
1483 1622 1555 1655 hoc
1572 1660 1581 1662 s

63 1672 101 1713 (i.
124 1683 154 1704 e.
180 1670 234 1703 ad
253 1670 367 1702 scrib
378 1680 423 1700 en
434 1667 539 1709 dum)
567 1678 714 1702 nemora
738 1668 917 1711 silvasque
943 1669 998 1709 10,
1021 1670 1055 1705 3,
1080 1670 1138 1700 22.

35 1745 39 1748 -
60 1726 182 1771 ppos.
229 1734 430 1772 cumyvero
461 1723 548 1757 mihi
573 1724 797 1759 Domitianus
821 1723 1003 1770 Augustus
1028 1723 1164 1758 sororis
1187 1733 1274 1757 suae
1295 1728 1467 1767 nepotum
1490 1723 1558 1757 de-

61 1769 238 1820 legaverit
250 1773 379 1803 'curam
402 1768 443 1813 4,
467 1770 525 1803 Pr.
551 1772 586 1802 2.
1032 1775 1044 1780 -

62 1839 229 1882 equam·
275 1835 414 1870 homini
437 1847 590 1880 nequam
613 1836 649 1878 6,
673 1838 707 1878 3,
732 1836 790 1871 97.
814 1848 848 1870 v.
873 1836 1102 1871 Nefarins.

38 1916 40 1918 v
63 1894 311 1943 equaquam·
359 1894 456 1937 qnod
485 1892 599 1927 oratio
623 1904 706 1937 neq.
731 1892 880 1937 recipiet
902 1895 936 1936 8,
962 1894 997 1937 6,
1021 1894 1078 1929 66.
1104 1892 1149 1935 eff.
1175 1894 1211 1938 9,
1238 1895 1272 1936 1,
1297 1895 1356 1927 22.

64 1963 186 2006 eque·
233 1961 263 2002 I,
300 1959 342 2000 ᾳ)
380 1962 572 2002 simpliciter
592 1962 758 2003 positum:
794 1959 888 2002 (Sp.
919 1961 1013 2001 nee)
1048 1963 1093 2003 2,
1121 1961 1189 2002 17,
1213 1961 1269 1995 35.
1304 1962 1346 2003 3,
1370 1959 1412 2003 6,
1436 1959 1479 1994 81
1506 1965 1551 1995 Z.

40 2008 51 2057 ¹,
67 2009 106 2052 a)
141 2020 172 2042 a.
198 2008 233 2040 vi
256 2007 425 2050 quadam.-
449 2007 574 2049 Neque
596 2004 658 2048 (a.
684 2009 706 2037 l.
729 2004 824 2049 nec)
850 2006 1028 2040 immerito
1050 2007 1085 2048 9,
1108 2005 1144 2048 4,
1167 2008 1224 2040 80.
1251 2019 1282 2040 v.
1306 2007 1553 2041 Immerito.

66 2065 164 2097 neq.
191 2058 310 2086 essent
334 2051 409 2094 ejus
435 2051 537 2085 aliter
558 2057 629 2084 tam
652 2052 762 2088 muita
788 2057 998 2095 praecepta,
1022 2057 1179 2096 tamque
1206 2051 1324 2098 magni
1344 2058 1556 2096 praecepto-

44 2111 128 2139 .‚1·es
150 2101 186 2140 2,
210 2098 267 2139 17,
293 2095 351 2130 43.
377 2096 421 2137 cs.
448 2100 503 2138 11,
528 2099 564 2139 2,
586 2096 620 2130 4.
648 2097 715 2137 163
747 2099 771 2130 ἰ.
795 2109 825 2141 q.
850 2109 929 2129 non
955 2104 1109 2130 autem.-
1134 2098 1260 2141 Neque
1286 2099 1358 2131 hoc
1382 2097 1463 2132 dico
1494 2101 1554 2141 11,

60 2148 109 2186 1,
133 2147 190 2178 22.
238 2144 362 2186 Neque
384 2142 421 2175 id
446 2141 563 2175 statim
586 2141 717 2187 legenti
743 2153 949 2185 persuasum
973 2142 1019 2175 sit
1043 2143 1108 2185 10,
1138 2145 1179 2185 1,
1206 2142 1262 2176 24.
1286 2142 1332 2183 cs.
1361 2145 1403 2186 2,
1427 2144 1469 2184 8,
1495 2147 1553 2178 10.

68 2193 113 2234 3,
135 2191 181 2235 6,,
205 2190 270 2230 18;
309 2201 374 2233 seq.
407 2191 581 2221 Particula
612 2189 765 2220 ‹nivet-s..-
806 2188 912 2231 Neq.
946 2188 1037 2221 haec
1069 2198 1163 2234 nego
1197 2199 1276 2222 esse
1310 2188 1462 2223 dicenda
1484 2210 1552 2224 —.

70 2236 164 2272 Sed
186 2234 225 2269 in
248 2236 331 2268 foro
355 2239 488 2267 tantam
511 2235 609 2267 illam
630 2232 835 2267 facilitatem
859 2233 944 2267 olim
968 2233 1246 2268 desideravimus
1264 2237 1298 2276 7,
1317 2237 1351 2277 2,
1369 2235 1426 2269 55.
1456 2246 1552 2280 neq.

50 2282 108 2327 ,id
130 2282 311 2317 moderate
334 2285 470 2313 tantum
494 2279 688 2321 faciamus,
716 2280 796 2313 sed
820 2279 954 2312 etiam
978 2279 1179 2313 necessario
1208 2282 1265 2322 11,
1289 2282 1324 2323 1,
1348 2282 1407 2314 72.
1445 2281 1479 2314 N
1486 2292 1552 2326 eq.

71 2328 222 2373 colnm
245 2346 291 2353 —-
317 2326 398 2359 sed
423 2335 475 2359 ne
498 2346 518 2352 -
546 2324 731 2369 quidem
755 2326 790 2367 9,
812 2323 848 2367 4,
870 2323 927 2360 49.
956 2324 1001 2366 cs.
1028 2328 1068 2367 2,
1093 2327 1135 2368 5,
1161 2327 1204 2360 13
1221 2329 1263 2359 Ζ.
1300 2336 1453 2369 neque
1479 2327 1554 2361 de-

63 2380 188 2417 mum
209 2393 256 2401 -—
282 2383 442 2407 verum
465 2370 608 2405 etiam
633 2374 678 2413 7,
701 2371 758 2404 Pr.
785 2372 817 2403 1.
863 2381 1015 2414 neque
1050 2371 1142 2404 enim
1181 2381 1269 2404 non
1293 2371 1378 2412 (hoc
1400 2373 1442 2405 cle
1465 2373 1551 2417 conj.

58 2418 249 2464 efflatum.)
270 2417 352 2452 fieri
373 2422 490 2460 potest
513 2418 611 2451 saiva
632 2416 842 2455 mactatione
866 2419 1077 2459 causae-12,
1103 2419 1158 2458 10,
1181 2415 1227 2451 46
1245 2417 1292 2450 Ν.
1315 2416 1355 2460 b)
1375 2418 1446 2461 adj.
1470 2421 1554 2453 Con-

49 2500 60 2509 ,
82 2465 90 2472 ”
167 2478 200 2498 ..-
225 2475 321 2507 neq.
344 2463 426 2496 ideo
450 2468 600 2496 tamen
622 2472 714 2509 non
737 2461 877 2505 saepius
903 2462 1024 2495 facere
1049 2462 1227 2505 oportebit
1249 2460 1285 2506 4,
1308 2465 1344 2506 2,
1369 2464 1426 2498 87.
1449 2463 1494 2506 cs.
1517 2468 1553 2508 2,

55 2508 119 2552 ³6,
139 2512 162 2547 3
182 2513 225 2544 Ζ.
247 2512 312 2552 12,
336 2511 377 2551 1,
401 2508 458 2542 35.
483 2519 584 2552 neq.
613 2506 664 2551 (a.
689 2511 710 2541 1.
738 2507 822 2550 nec)
853 2506 973 2541 enim
1005 2509 1040 2551 3,
1065 2510 1099 2548 3,
1125 2509 1207 2542 5Ν.
1233 2510 1268 2550 2,
1293 2509 1326 2551 5,
1350 2508 1407 2543 24.
1435 2513 1470 2554 2,
1497 2513 1553 2553 11,

64 2557 110 2596 Υ3.
137 2555 173 2598 5,
204 2555 262 2590 Pr.
283 2557 317 2589 3.
356 2555 391 2596 5,
417 2556 473 2596 10,
497 2555 554 2588 31.
579 2554 625 2595 9,
647 2554 693 2595 3,
715 2553 772 2588 79.
813 2555 874 2595 10,
902 2554 936 2595 3,
963 2555 1007 2587 10
1035 2554 1082 2588 Ν.
1107 2566 1153 2587 cr.
1187 2564 1287 2599 neq.
1318 2554 1435 2589 enim
1465 2556 1554 2590 mihi

61 2600 164 2647 ⁵illud
192 2601 355 2636 saltem
378 2601 495 2644 placet
523 2602 565 2641 1,
590 2601 630 2641 1,
653 2598 710 2633 24.
759 2611 792 2632 v.
814 2597 950 2632 Enim.
978 2599 1130 2643 Neque
1153 2598 1238 2642 (Sp.
1256 2601 1319 2640 ne)
1348 2599 1435 2635 illud
1459 2602 1554 2646 qui-

70 2645 82 2659 ”
107 2657 171 2681 em
194 2646 396 2690 praeteribo
418 2645 454 2688 4,
478 2647 516 2687 2,
538 2646 663 2679 1252.
696 2654 935 2688 ῐιθιῑ.·νθι·ο
956 2645 998 2686 9,
1020 2643 1060 2687 4,
1089 2645 1167 2680 115.
1205 2648 1268 2688 10,
1290 2645 1335 2688 6,
1359 2649 1394 2681 2.
1436 2650 1492 2690 12,
1517 2651 1553 2690 2,

162 2693 218 2735 12,
243 2693 279 2734 7,
302 2692 338 2726 6.
363 2692 410 2735 (a.
437 2695 460 2726 1.
482 2701 550 2724 nec
572 2690 628 2731 v.)
658 2691 713 2732 12,
740 2692 796 2731 10,
819 2692 875 2724 77.
899 2701 932 2724 v.
957 2690 1129 2724 Autem.
1181 2690 1222 2735 β)
1245 2694 1414 2735 repetitur.
1456 2692 1488 2731 a)
1514 2699 1554 2727 ut

136 2748 236 2782 neq.
261 2736 342 2780 din,
378 2747 472 2780 neq.
500 2746 578 2770 cnm
606 2745 697 2769 sono
725 2735 913 2778 faciamus,
951 2745 1049 2780 neq.
1082 2735 1228 2770 omnino
1258 2742 1298 2770 ut
1327 2737 1554 2776 manifestum

72 2781 124 2816 “t
150 2784 205 2822 11,
232 2783 267 2824 3,
291 2783 346 2816 53.
372 2782 418 2823 cs.
444 2785 478 2824 2,
502 2784 560 2824 21,
586 2782 631 2816 18
644 2784 687 2815 Ζ.
720 2781 753 2814 N
762 2791 824 2824 eq.
850 2791 917 2827 ego
941 2792 1019 2814 sum
1041 2781 1154 2815 nostri
1176 2781 1286 2820 moris
1310 2782 1466 2830 ignarus,
1489 2786 1554 2818 ob-

120 2838 216 2864 ueve
235 2838 360 2862 eorum
383 2835 466 2872 eia,
502 2836 655 2873 neque
674 2845 724 2870 ς·-
746 2825 869 2861 nescio
894 2829 961 2872 12,
984 2829 1029 2872 3,
1051 2826 1087 2861 4.
1117 2827 1214 2874 (Sp.
1236 2839 1304 2864 nec
1325 2849 1373 2856 —
1396 2829 1486 2874 nec)
1517 2833 1551 2874 2,
