1728 3002
135 206 216 242 824
687 201 875 242 Serenus
902 225 958 233 --
987 200 1134 242 Serius

180 316 370 361 figurarum
393 316 458 358 10,
483 318 518 357 1,
543 315 610 359 28;
639 316 786 350 Partim.-
811 314 924 349 secuti
949 313 1106 349 Graecos
1128 314 1172 357 5,
1197 315 1258 358 11,
1280 312 1338 350 36.
1363 311 1593 350 Aristotelem
1615 326 1672 350 se-

183 362 256 396 cuti
273 365 307 405 3,
327 360 361 404 4,
380 363 410 395 1.
440 360 485 403 cs.
504 364 536 406 1,
559 362 594 405 6,
613 364 669 400 12.
693 364 727 402 3,
745 362 780 405 6,
795 360 854 396 45.
879 362 914 404 9,
933 359 970 404 4,
992 361 1050 396 35.
1074 362 1130 404 10,
1145 363 1180 405 1,
1196 361 1254 395 56.
1277 360 1671 407 Pythagoras·atq.en1n

182 408 296 442 secuti
321 410 353 448 1,
377 409 434 450 10,
460 410 517 442 12.
542 409 578 451 3,
603 410 644 451 5,
671 408 706 441 4.
730 407 873 453 Epicuri
897 412 1028 442 sectam
1054 407 1166 440 secuti
1191 407 1225 451 5,
1247 409 1284 450 7,
1308 407 1366 441 35.
1413 405 1457 449 b)
1483 409 1551 442 rei.-
1576 409 1671 454 quod

179 465 254 500 -ego
283 452 438 487 maxime
468 465 639 498 sequerer
659 454 703 497 9,
728 457 773 496 2,
795 455 852 488 83.
894 453 926 488 si
958 452 1044 498 quid
1074 453 1111 486 in
1138 452 1194 486 his
1222 464 1332 486 unum
1361 453 1463 497 sequi
1492 458 1673 497 oporteret

184 503 219 543 3,
243 501 277 542 8,
304 503 336 533 1.
360 499 446 533 licet
470 511 594 534 omnes
620 506 780 534 oratores
807 499 902 534 aliud
926 505 1118 544 sequantur
1143 502 1176 543 1,
1197 500 1231 540 6,
1247 501 1303 534 17.
1333 509 1421 543 quos
1450 499 1511 543 qui
1536 510 1674 534 errasse

185 551 328 591 putant,
352 546 439 580 hoc
467 552 609 580 secutos
637 546 869 589 arbitrantur,
898 547 1016 590 quod
1040 545 1079 579 in
1109 545 1164 578 his
1189 545 1267 579 fere
1289 544 1427 580 versari
1451 551 1525 579 tum
1552 551 1674 580 orato-

184 603 244 627 res
266 591 437 626 videbant
459 595 494 635 3,
517 591 554 636 4,
577 591 613 626 4.
637 591 682 634 cs.
707 594 744 635 8,
763 591 799 635 4,
824 592 879 627 15.
908 591 966 626 cui
987 591 1093 626 latius
1117 590 1306 635 complecti
1329 590 1674 635 etojplacuerit,

185 639 311 681 habet,
339 639 435 683 quod
459 644 680 683 sequatur
704 640 749 682 9,
778 642 822 682 2,
848 641 881 672 1.
914 637 959 680 cs.
983 639 1026 679 9,
1049 640 1091 679 3,
1115 639 1148 671 3.
1182 639 1245 680 10,
1273 639 1317 679 2,
1342 638 1375 670 3.
1402 636 1486 681 quid
1509 637 1589 682 ipse,
1608 637 1676 672 sim

186 690 353 727 secutus,
379 695 538 728 promam
562 688 604 728 7,
634 688 675 728 1,
702 686 736 719 3.
766 696 821 728 ea,
849 695 940 729 (piae
964 684 1056 718 bene
1080 682 1226 718 inventa
1249 689 1351 725 sunt,
1379 685 1467 717 utile
1490 683 1591 728 sequi
1618 687 1675 727 10,

186 735 231 773 2,
259 733 290 764 1.
314 729 416 775 sequi
439 730 594 766 maxime
617 736 762 775 recepta
786 732 830 775 9,
858 735 895 773 1,
919 731 954 766 9.
979 730 1017 764 in
1040 741 1110 763 una
1137 728 1382 765 controversia
1404 728 1506 773 sequi
1531 735 1675 763 contra-

185 776 278 811 rium
302 778 347 819 9,
371 779 416 820 2,
440 778 486 812 86
506 779 578 819 Ν.;
611 777 803 822 aliquando
835 776 980 810 affectus
1004 775 1185 820 sequimur
1206 774 1256 818 (i.
1285 788 1317 821 q.
1343 774 1588 817 sectamur)
1617 778 1675 819 10,

186 825 222 866 3,
249 823 292 856 18
310 823 357 857 Ν.
382 834 472 867 quae
497 823 628 867 scripta
652 829 753 864 sunt,
776 823 999 858 retinent
1023 821 1197 865 animum,
1222 831 1296 856 non
1321 827 1594 865 sequuntur
1618 824 1676 865 12,

186 870 229 912 9,
256 870 312 906 18.
338 879 492 914 quorum
515 869 761 904 auctoritatem
787 874 929 903 secutus
953 873 1007 903 est
1031 867 1108 903 Cic.
1134 870 1178 911 3,
1202 867 1248 911 6,
1271 868 1328 902 80.
1365 873 1556 911 sequentes
1578 869 1678 910 calo-

186 926 265 949 rem
297 920 334 949 et
362 915 530 960 impetum
557 918 624 960 10,
650 917 692 959 3,
717 919 773 951 17.
789 926 920 949 casum
946 914 1066 960 potius
1093 925 1198 959 quam
1231 911 1418 947 consilium
1449 919 1619 958 sequatur
1638 917 1677 958 7,

185 962 245 995 Pr.
271 962 305 995 3.
335 960 374 997 in
399 961 563 1008 cogitatis
590 972 732 1007 quoque
759 973 877 997 rerum
903 972 945 994 ac
973 961 1165 995 verborum
1190 964 1402 994 contextum
1423 959 1527 1004 sequi
1555 962 1618 1002 11,
1640 961 1676 1003 2,

187 1010 221 1042 2.
251 1017 315 1041 eos
339 1008 482 1050 (sensus)
508 1014 547 1041 ut
569 1009 693 1043 umbra
719 1018 849 1052 corpus
873 1006 974 1053 sequi
1000 1007 1036 1049 8,
1063 1007 1119 1042 Pr.
1142 1008 1199 1041 30.
1225 1006 1350 1040 ductus
1374 1005 1476 1050 sequi
1500 1008 1534 1048 1,
1557 1008 1594 1049 1,
1616 1008 1676 1040 27.

189 1053 232 1095 cs.
259 1056 326 1096 10,
352 1056 396 1096 2,
421 1057 454 1090 2.
489 1055 636 1088 deorum
665 1060 736 1099 atq.
761 1055 910 1089 heroum
935 1053 1091 1099 effigies,
1127 1052 1251 1098 quales
1277 1052 1321 1087 ab
1345 1061 1390 1086 eo
1412 1056 1495 1085 sunt
1515 1051 1676 1094 traditae,

188 1099 298 1134 ceteri
322 1105 519 1144 sequuntur
546 1103 607 1140 12,
634 1103 691 1143 10,
716 1101 750 1136 5.
774 1101 979 1144 exemplum
1005 1104 1166 1143 nostrum
1189 1098 1430 1143 sequebantur
1450 1100 1487 1142 2,
1509 1098 1543 1140 5,
1559 1101 1603 1132 2.
1629 1108 1678 1132 ne

186 1145 331 1181 illorum
359 1152 525 1191 sequatur
551 1157 710 1181 errorem
740 1149 780 1190 1,
807 1146 854 1190 4,
880 1149 935 1181 12.
966 1156 1032 1180 nos
1055 1144 1263 1179 facillimum
1290 1143 1401 1189 etium3
1422 1142 1595 1188 imperitis
1618 1155 1680 1178 se-

188 1203 338 1236 quamur
355 1192 639 1237 experimentum
659 1197 692 1236 1,
714 1195 770 1238 10,
792 1191 850 1226 42.
878 1192 1048 1226 Graecam
1070 1190 1217 1238 figuram
1241 1190 1343 1234 sequi
1367 1193 1402 1233 1,
1426 1191 1460 1234 5,
1483 1188 1542 1225 64.
1570 1201 1678 1235 quem

187 1248 254 1272 nos
278 1238 384 1271 finem
408 1238 590 1283 sequimur
612 1242 653 1281 2,
683 1239 751 1282 16,
778 1240 834 1273 11.
866 1244 1000 1272 rectum
1027 1236 1168 1271 dicendi
1195 1246 1309 1283 genus
1336 1235 1438 1280 sequi
1463 1237 1525 1279 10,
1550 1238 1592 1279 1,
1618 1235 1691 1271 44.>

189 1282 235 1324 cs.
265 1283 300 1326 9,
323 1283 368 1325 4,
397 1287 452 1318 17.
479 1284 603 1318 aetatis
627 1285 756 1329 gradus
780 1289 1029 1330 gestarumque
1051 1294 1171 1316 rerum
1197 1282 1359 1316 ordinem
1381 1280 1482 1326 sequi
1504 1283 1546 1321 3,
1572 1285 1607 1324 7,
1633 1282 1679 1316 15

186 1340 220 1363 υ.
245 1329 379 1363 Ordo.
403 1329 503 1363 multi
530 1330 605 1372 ejus
629 1329 798 1371 judicium
820 1335 1018 1371 sequuntur
1040 1329 1095 1370 10,
1115 1331 1148 1368 1,
1171 1329 1229 1362 27.
1253 1326 1512 1361 consuetudine
1536 1339 1679 1372 semper

187 1374 343 1409 alienum
369 1375 526 1409 laborem
553 1375 724 1419 sequendi
748 1377 782 1417 2,
806 1375 840 1417 6,
866 1375 901 1407 6.
925 1373 1128 1408 severiores
1153 1371 1256 1417 sequi
1276 1373 1377 1419 leges
1402 1375 1459 1415 12,
1482 1375 1517 1416 1,
1534 1372 1598 1409 ,4Ο.
1632 1373 1678 1414 qs.

189 1424 221 1462 1,
246 1421 288 1463 5,
311 1421 370 1457 26.
395 1422 478 1454 dum
502 1421 860 1455 antecedentem
883 1419 1089 1453 memoriam
1118 1424 1382 1464 sequuntur
1405 1420 1445 1462 1,
1472 1421 1514 1461 1,
1536 1419 1593 1452 25.
1618 1431 1678 1454 se-

187 1467 309 1510 quitur
339 1466 500 1514 vestigiis
525 1467 687 1512 quibusd.
713 1465 918 1501 memoriam
944 1468 1013 1508 11,
1039 1467 1086 1508 2,
1108 1466 1166 1501 32.
1200 1468 1363 1500 naturam
1387 1463 1635 1499 intueamu
1646 1477 1678 1508 r,

185 1514 279 1548 hanc
303 1524 552 1558 sequamur
578 1514 613 1556 8,
639 1515 673 1555 3,
695 1515 755 1548 71.
786 1511 834 1547 in
855 1513 926 1546 hoc
950 1511 1029 1555 ipso
1053 1511 1212 1545 diversas
1234 1509 1423 1556 opiniones
1447 1509 1560 1545 secuti
1583 1511 1620 1555 9,
1643 1514 1679 1554 1,

188 1561 244 1594 15.
276 1571 309 1595 υ.
331 1559 504 1603 Opinio.
535 1559 619 1594 licet
644 1569 782 1603 paeona
812 1563 981 1602 sequatur
1013 1557 1180 1600 Ephorus
1205 1573 1251 1582 -
1272 1555 1387 1602 fugiat
1417 1557 1615 1600 spondeum
1641 1562 1679 1591 et

186 1605 396 1642 trochaeum
418 1607 462 1648 9,
487 1604 532 1648 4,
555 1606 612 1641 87.
638 1604 698 1639 alii
721 1610 803 1638 octo
826 1609 944 1649 partes
968 1602 1082 1637 secuti
1108 1607 1190 1636 sunt
1213 1604 1248 1645 1,
1270 1602 1313 1644 4,
1339 1605 1397 1637 20.
1422 1601 1549 1636 tradita
1577 1602 1678 1647 sequi

187 1657 376 1697 praecepta
400 1652 435 1694 6,
459 1653 494 1695 2,
518 1651 575 1687 25.
613 1662 718 1695 quam
740 1649 1008 1695 proportionem
1033 1647 1197 1701 sequenti
1223 1651 1240 1682 1
1255 1673 1266 1692 ,
1289 1649 1335 1692 6,
1360 1649 1394 1683 9.
1417 1648 1590 1682 rationem
1618 1660 1678 1682 se-

188 1697 262 1732 cuti
290 1699 324 1740 3,
353 1698 387 1741 6,
411 1699 471 1733 29.
497 1710 528 1734 υ.
547 1697 696 1732 Ratio.
721 1701 761 1730 ut
784 1695 890 1730 facile
915 1701 984 1740 atq.
1013 1695 1176 1729 distincte
1200 1693 1303 1738 pueri
1326 1693 1459 1738 scripta
1481 1694 1595 1732 oculis
1619 1705 1679 1731 se-

188 1749 342 1789 quantur
366 1747 408 1786 2,
432 1744 472 1786 5,
495 1742 530 1777 4.
555 1742 668 1779 secuti
691 1743 783 1777 hanc
809 1740 1012 1776 mutationis
1038 1739 1332 1786 significationem
1360 1742 1403 1782 3,
1429 1740 1473 1781 6,
1498 1739 1558 1777 48.
1585 1741 1678 1774 hanc

186 1789 409 1834 (utilitatem),
435 1789 570 1825 relictis
594 1788 843 1836 magistrorum
859 1787 1146 1828 auctoritatibus,
1169 1796 1359 1836 sequemur
1380 1789 1416 1828 2,
1437 1787 1492 1828 13,
1511 1788 1546 1820 7.
1567 1785 1678 1830 viam,

186 1848 292 1881 quam
316 1835 458 1881 plurimi
483 1841 566 1870 sunt
590 1834 704 1869 secuti
728 1835 762 1878 3,
779 1837 811 1877 1,
835 1836 890 1868 16.
916 1845 950 1868 v.
968 1834 1003 1867 V
1012 1833 1068 1867 ia.
1097 1831 1248 1867 celerius
1272 1842 1314 1866 ac
1334 1831 1476 1876 saepius
1493 1833 1677 1876 sequendo

187 1888 287 1917 certa
312 1881 465 1927 vestigia
481 1883 514 1926 1,
535 1884 569 1924 1,
587 1884 645 1916 27.
673 1881 855 1925 sequenda
880 1879 988 1926 igitur
1013 1877 1154 1924 (virius)
1177 1878 1212 1922 5,
1237 1879 1294 1920 10,
1317 1878 1376 1914 83.
1400 1883 1441 1911 ut
1461 1877 1552 1912 nihil
1575 1889 1677 1923 prae-

189 1934 244 1963 ter
269 1925 488 1973 voluptatem
512 1932 680 1973 sequatur
703 1929 738 1971 3,
762 1927 797 1969 8,
824 1927 883 1961 28.

144 1986 346 2026 Serenus.
377 2000 591 2040 temperatus
613 1994 776 2038 (sanguis)
803 1992 957 2028 medium
983 1991 1116 2037 quodd.
1143 2001 1309 2025 serenum
1332 1988 1444 2025 efficit
1467 1990 1532 2034 11,
1556 1991 1592 2032 3,
1615 1991 1676 2026 78.

187 2054 307 2124 ἓεᾳέἕ.
336 2042 512 2076 Lucilium
538 2046 664 2088 putant
693 2040 746 2076 uti
776 2041 854 2075 ead.
879 2039 1023 2082 ultima,
1054 2049 1135 2074 cum
1157 2037 1267 2080 dicit,
1302 2038 1432 2071 seren
1444 2049 1491 2071 us
1518 2035 1615 2078 suit
1638 2039 1676 2081 9,

223 2115 234 2132 9
309 2114 319 2123 ’
1151 2108 1154 2110 ’

143 2134 329 2175 Sericus·
364 2150 449 2193 toga
473 2143 587 2180 serica
610 2146 675 2187 12,
703 2145 766 2188 10,
789 2141 847 2178 47.

140 2201 296 2243 Series.
344 2212 382 2246 in
407 2213 658 2256 complexu
679 2209 851 2256 loquendi
874 2207 1081 2254 serieque
1106 2209 1138 2251 1,
1163 2207 1198 2250 5,
1221 2206 1256 2240 3.
1289 2204 1350 2240 illa
1374 2209 1540 2241 connexa
1563 2205 1675 2241 series

183 2265 256 2293 tres
279 2259 385 2293 habet
411 2258 546 2292 formas
570 2259 617 2301 9,
641 2257 690 2302 4,
714 2260 771 2292 22.
800 2257 844 2290 ad
868 2254 1151 2300 conjungendam
1176 2257 1274 2305 aptae
1297 2251 1350 2286 rei
1376 2263 1404 2286 s.
1429 2255 1466 2294 7,
1490 2255 1523 2295 1,
1549 2251 1606 2305 14.
1628 2252 1676 2286 it-

182 2305 252 2338 iam
276 2304 406 2339 seriem
433 2306 682 2347 (sententiarum
705 2310 737 2337 et
759 2302 952 2345 verborum)
975 2312 1055 2334 cum
1080 2299 1148 2332 alia
1174 2298 1281 2332 simili
1309 2299 1498 2343 jungentes
1519 2308 1675 2332 miscen-

184 2355 308 2395 tesque
335 2352 377 2392 8,
402 2353 444 2393 2,
472 2353 528 2384 17.
563 2361 655 2394 quae
687 2350 908 2393 apprehensa
938 2345 1066 2380 Graeci
1092 2344 1204 2390 magis
1229 2344 1267 2378 in
1298 2349 1442 2378 catenas
1473 2342 1616 2390 ligant„
1639 2349 1676 2378 et

184 2395 427 2440 inexplicabili
459 2395 554 2430 serie
577 2399 795 2429 connectunt
821 2396 856 2436 5,
881 2391 938 2435 14,
962 2394 1018 2426 32.
1042 2392 1191 2425 ducetur
1213 2401 1333 2424 rerum
1359 2389 1436 2434 ipsa
1459 2390 1553 2424 serie
1574 2390 1676 2424 velut

185 2442 275 2476 duce
303 2446 357 2484 10,
385 2443 421 2486 7,
448 2442 485 2476 6.
511 2452 603 2487 quae
627 2441 720 2476 bene
744 2438 942 2485 composita
965 2442 1081 2480 erunt,
1108 2436 1317 2471 memoriam
1340 2436 1433 2471 serie
1455 2447 1520 2471 sua
1544 2437 1676 2470 ducent

189 2490 246 2529 11,
273 2491 307 2531 2,
334 2490 390 2524 39.

141 2541 279 2582 Se¹¹30-
323 2555 417 2590 serio
443 2554 473 2589 si
497 2555 558 2590 fiat
586 2567 666 2599 opp.
688 2552 726 2589 in
749 2552 824 2587 risu
850 2550 966 2597 posita
990 2550 1025 2594 9,
1050 2551 1086 2593 2,
1113 2547 1168 2584 14.
1194 2549 1263 2593 jam
1286 2559 1376 2593 puer
1401 2548 1538 2583 discere
1561 2559 1591 2582 s.
1615 2545 1675 2581 in·

183 2599 290 2641 cipiat
317 2603 348 2642 1,
372 2604 412 2642 2,
444 2605 474 2634 1.
1292 2607 1314 2652 Ι

139 2645 299 2684 Serius.
347 2656 523 2690 dictorum
544 2657 761 2690 urbanorum
786 2654 856 2688 alia
878 2652 1020 2696 seria,
1046 2651 1115 2686 alia
1139 2651 1325 2695 jocosa,
1349 2648 1418 2683 alia
1441 2648 1556 2682 media
1578 2649 1672 2701 6,,3·

186 2701 261 2734 106.
298 2699 327 2734 si
358 2701 490 2743 aliquid
518 2700 555 2734 in
588 2701 644 2734 his
679 2700 811 2735 serium
839 2710 982 2744 quoque
1015 2703 1110 2732 esset
1140 2696 1334 2730 admixtum
1371 2696 1415 2728 ib.
1442 2695 1496 2728 16.
1535 2705 1672 2728 seria

184 2745 329 2789 partitur
352 2745 388 2779 in
415 2746 479 2779 tria
503 2757 634 2791 genera
658 2743 844 2788 (Marsus),
868 2742 1218 2784 honorificum,
1242 2739 1673 2785 contumeliosum,

185 2790 390 2826 medium
424 2793 465 2824 ib.
497 2793 572 2825 108.
606 2803 638 2825 v.
663 2792 823 2825 Jocus.
