1728 3002
133 203 216 243 608
637 198 918 241 oratiuncula
946 222 1002 231 -—
1031 200 1187 245 Orator

179 314 273 350 comi
302 313 530 360 expolirique
543 324 617 348 non
635 314 762 349 debeat
786 325 841 354 or.
869 317 911 350 ib.
928 314 987 350 42.
1016 315 1351 361 amplificationibus
1375 320 1526 355 extollet
1545 330 1599 356 or.
1611 324 1671 365 12,

180 364 239 405 10,
265 363 323 395 62.
368 362 540 408 figuratur
563 371 616 395 or.
645 363 680 404 9,
706 364 739 404 1,
762 362 798 397 9.
844 361 1006 396 flectetur
1029 373 1083 397 or.
1114 365 1170 407 12,
1193 366 1227 406 1,
1249 363 1309 398 45.
1342 363 1395 398 sic
1418 366 1594 402 formetur
1617 378 1672 403 or.

181 411 239 452 10,
263 411 298 451 7,
326 411 360 443 7.
409 418 463 442 or.
489 409 741 441 translatorum
766 408 884 442 nitore
921 408 1152 443 illuminanda
1185 413 1242 452 12,
1275 413 1332 454 10,
1367 411 1427 446 36.
1465 422 1519 447 or.
1551 414 1672 448 habita

182 458 217 497 1,
247 457 281 497 1,
305 454 338 488 6.
363 464 408 487 eo
432 453 588 488 maxime
611 453 782 488 illustrari
809 455 1000 500 ornarique
1025 465 1077 493 or.
1101 454 1137 499 4,
1161 457 1197 499 3,
1224 455 1259 491 4.
1281 457 1399 491 fictam
1437 467 1490 492 or.
1523 457 1674 494 induere

180 499 346 546 personis
368 500 401 542 4,
425 503 459 542 1,
483 501 540 535 28.
587 510 696 534 nosse
721 511 781 534 eas
805 511 947 535 causa
964 512 999 543 s,
1029 513 1178 545 «marum
1208 502 1460 538 orationes
1485 503 1524 538 in
1547 516 1673 540 manus

181 546 413 582 sumserimus
438 549 495 588 10,
522 549 553 586 1,
577 549 635 580 22.
684 545 759 590 [or.
785 553 956 582 oneretur
981 548 1099 582 multis
1124 547 1334 592 (appositis)
1355 551 1390 592 8,
1426 551 1463 594 6,
1489 550 1549 584 41.
1576 563 1610 586 v.
1635 564 1676 595 ι,

182 592 240 637 c.]
271 594 368 637 quod
396 603 509 639 genus
533 602 607 626 non
633 598 737 626 ornat
760 595 870 628 modo
897 593 1174 634 orationes.
1209 595 1275 629 sed
1303 594 1408 630 etiam
1442 596 1676 631 cotidiani

143 640 146 642 ’
182 638 419 675 sermonis
441 650 527 673 usus
550 638 678 683 recipit
702 640 737 682 8,
762 639 798 682 6,
828 642 887 674 21.
935 639 1063 685 quibus
1087 646 1236 674 ornetur
1261 651 1316 675 or.
1341 643 1377 682 8,
1406 645 1442 685 3,
1472 642 1530 677 41.
1564 642 1609 685 cs.
1644 646 1678 688 1,

181 688 218 730 8,
243 687 299 722 16.
325 684 362 729 4,
386 687 421 727 3,
444 684 479 719 4.
506 687 561 727 10,
586 686 620 727 5,
651 686 684 719 3.
718 697 751 718 υ.
787 686 922 721 Orno.
970 697 1044 731 quo
1077 698 1240 731 quaeque
1277 686 1374 731 (or.)
1401 688 1544 736 longius
1567 688 1678 734 petita

180 738 256 775 est,
290 733 362 766 hoc
384 733 464 777 plus
490 731 592 765 affert
615 730 805 773 novitatis,
835 738 907 777 atq.
934 732 1159 777 inexpectata
1184 733 1296 780 magis
1318 740 1372 768 est
1394 736 1429 777 8,
1453 737 1490 778 3,
1513 733 1569 770 74.
1596 735 1680 771 An-

182 779 310 824 tiphon
338 788 392 813 or.
417 777 552 822 primus
577 777 735 812 omnium
763 777 905 823 scripsit
925 781 960 822 3,
987 782 1020 822 1,
1048 782 1089 814 11
1120 780 1166 813 Ν.
1193 789 1246 814 οι·.
1271 780 1541 815 exercitationis
1564 781 1678 829 gratia

181 825 325 870 scripsit
357 827 421 867 10,
456 827 495 867 1,
531 826 589 858 23.
628 823 803 868 ,proxima
829 826 1044 860 subnectens
1078 825 1253 860 stmxerit
1285 835 1342 860 or.
1372 830 1417 870 7,
1447 829 1513 870 10,
1547 831 1583 863 7.
1615 838 1677 862 ur-

180 872 298 920 gentis
323 882 377 905 or.
403 876 523 917 gestus
548 874 604 913 11,
629 872 664 913 3,
691 873 770 905 102.
819 872 915 915 quod
938 877 1080 906 vertant
1116 882 1170 906 or.
1203 868 1332 916 (tropi)
1362 873 1398 916 9,
1437 875 1470 915 1,
1500 876 1536 907 2.
1585 885 1677 919 quae

181 918 242 963 qui
267 918 449 962 pertinere
474 917 517 950 ad
545 926 597 950 or.
621 927 695 950 non
722 917 858 960 putabit
880 920 915 962 2,
943 921 977 961 1,
1003 922 1047 952 12
1069 921 1132 961 Ζ.;
1155 919 1284 952 horum
1308 919 1440 963 pedum
1461 921 1580 954 nullus
1603 930 1679 955 non

180 965 219 999 in
242 964 443 999 orationem
466 962 568 997 venit
595 963 630 1006 9,
653 961 688 1005 4,
713 964 772 998 83.

274 1021 312 1065 ζ)
335 1023 476 1055 ΛὸΙαι..·
505 1019 596 1053 nihil
612 1031 633 1053 a
652 1020 718 1053 diis
745 1019 909 1054 oratione
928 1019 1056 1054 melius
1080 1019 1283 1065 accepimus
1305 1023 1341 1063 2,
1367 1021 1424 1064 16,
1451 1021 1508 1055 17.
1535 1022 1677 1056 rebus

180 1068 275 1105 acuti
300 1067 436 1115 magis,
473 1078 576 1111 quam
602 1066 826 1100 oratione
848 1067 1026 1113 magnifici
1052 1069 1107 1108 10,
1136 1070 1168 1110 1,
1201 1065 1262 1102 84.
1308 1073 1431 1111 captus
1465 1072 1519 1101 est
1552 1077 1608 1103 or.
1640 1069 1677 1112 9,

179 1116 218 1159 4,
243 1116 321 1150 129.
370 1125 450 1147 cum
478 1112 546 1147 erit
572 1112 690 1147 subito
715 1112 885 1147 continua
909 1123 964 1147 or.
1003 1113 1192 1147 dicendum
1217 1115 1272 1156 10,
1289 1114 1324 1156 3,
1350 1114 1408 1148 30.
1437 1113 1679 1148 discutiendae

181 1173 238 1197 or.
264 1158 466 1204 hujusmodi
492 1170 622 1193 scenae
649 1160 684 1201 6,
715 1162 748 1202 1,
772 1158 830 1194 49.
878 1170 970 1203 quae
1000 1160 1043 1192 ad
1068 1159 1294 1193 efficiendum
1322 1170 1388 1203 or.,
1419 1160 1515 1204 quod
1541 1170 1680 1205 propo-

182 1207 314 1249 suerit,
345 1207 468 1241 vatent
492 1208 549 1247 11,
579 1208 612 1247 1,
636 1207 705 1247 35,
738 1215 855 1247 vox,
890 1216 936 1239 ne
959 1206 1003 1239 ab
1028 1206 1250 1240 oratione
1273 1205 1455 1240 discordet
1479 1209 1535 1250 11,
1557 1209 1593 1249 3,
1617 1205 1677 1241 45.

184 1254 215 1288 si
239 1258 360 1300 gestus
391 1262 432 1284 ac
456 1252 576 1285 vultus
601 1251 644 1284 ab
675 1262 728 1284 or.
755 1251 966 1286 dissentiant
994 1254 1049 1295 11,
1083 1253 1118 1293 3,
1142 1253 1199 1286 67.
1247 1252 1411 1286 omnibus
1436 1254 1516 1287 fere
1541 1252 1677 1296 verbis,

181 1305 324 1346 praeter
357 1307 490 1341 pauca,
520 1296 559 1329 in
594 1307 647 1330 or.
677 1298 778 1330 locus
814 1302 869 1330 est
901 1300 958 1340 10,
986 1300 1029 1340 ,1,
1073 1299 1108 1332 9.
1153 1298 1183 1331 si
1218 1298 1427 1332 numeris
1459 1303 1495 1332 et
1525 1298 1677 1333 modis

181 1348 277 1382 inest
305 1344 433 1389 quaed.
457 1342 563 1376 tacita
598 1342 681 1384 vis,
720 1342 759 1375 in
790 1342 1020 1376 oratione
1051 1349 1104 1376 est
1135 1343 1450 1378 vehementissima
1483 1346 1520 1387 9,
1551 1343 1588 1388 4,
1620 1346 1678 1379 13.

179 1393 271 1428 ratio
295 1391 426 1435 pedum
449 1387 487 1422 in
514 1387 733 1422 oratione
760 1393 814 1421 est
842 1389 954 1422 multo
979 1388 1158 1422 difficilior
1181 1400 1287 1432 quam
1313 1389 1352 1423 in
1374 1401 1522 1424 versu
1545 1392 1589 1424 ib.
1617 1390 1677 1425 60.

182 1438 229 1482 cs.
255 1440 299 1471 ib.
324 1437 358 1471 6.
386 1437 442 1472 52.
489 1433 527 1467 in
551 1434 628 1468 ead.
655 1444 709 1467 or.
730 1433 832 1467 aliter
860 1433 1064 1468 conciliabit
1100 1437 1155 1473 12,
1189 1437 1244 1477 10,
1278 1437 1325 1469 70
1359 1436 1406 1469 Ν.
1437 1439 1474 1470 υ.
1501 1435 1676 1471 Aliter.

181 1496 264 1520 cum
285 1484 347 1517 ille
372 1479 549 1522 eruditus,
587 1485 628 1513 ut
649 1479 687 1513 in
714 1479 933 1514 oratione
955 1481 1066 1513 multa
1099 1479 1338 1523 summittere,
1373 1480 1528 1521 variare.
1553 1481 1677 1526 dispo-

180 1541 291 1573 nere,
326 1528 375 1563 ita
400 1526 506 1562 etiam
530 1527 568 1559 in
592 1525 954 1569 pronuntiando
978 1537 1081 1559 suum
1105 1525 1234 1570 cuique
1265 1525 1379 1561 colori
1404 1530 1675 1562 accommodare

181 1583 300 1613 actum
326 1574 415 1609 sciat
439 1576 473 1614 2,
508 1576 562 1614 12,
588 1575 643 1606 10.
692 1583 798 1616 quem
832 1572 870 1605 in
898 1575 1117 1616 poemate
1153 1573 1274 1606 locum
1305 1573 1414 1607 habet
1442 1574 1675 1619 versificatio,

181 1635 262 1660 eum
285 1622 324 1655 in
348 1619 572 1655 oratione
593 1618 805 1662 compositio
829 1620 864 1660 9,
887 1617 924 1660 4,
959 1618 1036 1652 116.
1062 1629 1107 1651 ne
1130 1617 1168 1651 in
1192 1629 1246 1653 or.
1272 1622 1396 1662 poetas
1430 1619 1535 1654 nobis
1558 1626 1594 1654 et
1616 1621 1676 1654 hi-

181 1669 335 1706 storicos
360 1666 552 1700 imitandos
575 1670 740 1708 putemus
764 1666 817 1706 10,
839 1667 876 1707 2,
905 1667 963 1701 21.
996 1663 1033 1697 in
1068 1675 1136 1703 or.,
1171 1664 1201 1697 si
1231 1665 1369 1708 species
1400 1664 1532 1700 intueri
1566 1667 1674 1709 velis,

179 1715 330 1752 totidem
352 1723 467 1758 paene
490 1711 655 1745 invenias
687 1709 934 1757 ingeniorum,
981 1716 1069 1754 quot
1107 1720 1321 1754 corporum,
1353 1712 1488 1745 formas
1522 1714 1578 1755 12,
1614 1716 1673 1756 10,

181 1766 240 1799 10.
288 1760 402 1802 sicut,
444 1758 504 1803 qui
538 1756 791 1801 patrimonium
825 1761 1093 1800 compararunt,
1140 1757 1206 1790 sub
1241 1757 1334 1791 diem
1370 1759 1460 1802 (Sp.
1495 1757 1673 1802 subinde)

179 1812 376 1855 quaerunt:
409 1803 458 1838 ita
482 1803 518 1837 in
544 1813 622 1846 or.,
662 1803 722 1848 qui
746 1813 822 1837 non
843 1802 927 1837 satis
955 1803 1162 1836 laborarunt
1192 1804 1228 1845 8,
1259 1804 1316 1837 Pr.
1352 1804 1396 1840 19
1435 1807 1479 1838 Z.
1526 1814 1604 1839 non
1634 1804 1674 1839 in

179 1867 233 1891 or.
259 1852 453 1898 operienda
477 1855 558 1884 sunt
583 1851 708 1894 quaed.
723 1853 738 1884 ?
770 1852 804 1890 2,
833 1851 888 1891 13,
914 1851 972 1885 12.
999 1850 1088 1883 haec
1104 1848 1141 1881 in
1167 1859 1220 1883 or.
1243 1849 1448 1893 praestabit,
1472 1849 1530 1884 cui
1553 1850 1673 1886 omnia

179 1900 346 1938 affuerint
373 1901 407 1940 7,
437 1899 492 1937 10,
520 1895 577 1931 14.
622 1896 740 1929 minus
766 1895 860 1929 idem
884 1896 974 1929 ordo
999 1895 1133 1930 valebit
1155 1895 1193 1928 in
1215 1898 1295 1930 or.?
1321 1899 1379 1939 11,
1402 1899 1437 1938 2,
1461 1897 1519 1931 38.

273 1956 324 2002 ΙΙ)
354 1958 448 1989 Plur.
465 1967 475 1987 .·
506 1952 686 1987 orationes
710 1953 828 1986 clarae
854 1954 890 1995 2,
914 1950 950 1995 4,
975 1952 1032 1987 39.
1081 1957 1270 1996 corruptae
1300 1959 1335 1986 et
1360 1951 1514 1988 vitiosae
1546 1964 1600 1988 or.
1634 1958 1672 1999 2,

178 2009 214 2049 5,
239 2007 295 2039 10.
342 1999 562 2044 compositae
587 2009 663 2042 or.,
697 1998 825 2043 quibus
849 1997 908 2031 alii
930 2003 1115 2032 uterentur
1137 2001 1171 2041 3,
1196 1999 1230 2040 8,
1256 1999 1312 2033 50.
1346 2008 1400 2034 or.
1426 2005 1550 2034 contra
1578 2001 1674 2036 Ver-
1703 2023 1706 2025 >

178 2063 255 2087 rem
281 2047 500 2093 compositae
533 2045 568 2088 4,
602 2048 636 2087 3,
671 2047 726 2079 13.
760 2045 821 2089 qui
858 2054 927 2087 or.,
958 2055 1049 2088 quae
1081 2042 1233 2078 Charisii
1268 2040 1414 2079 nomine
1446 2046 1620 2090 eduntur,
1652 2058 1673 2082 a

178 2096 384 2134 Menandro
408 2093 557 2136 scriptas
581 2097 705 2135 putant
730 2093 786 2133 10,
813 2093 846 2133 1,
876 2093 934 2125 70.
962 2089 1120 2136 insignes
1145 2100 1210 2134 pro
1235 2090 1422 2125 Voluseno
1450 2091 1576 2126 Catulo
1590 2094 1673 2127 Do-

177 2143 269 2180 mitii
294 2140 374 2176 Afri
398 2147 459 2177 etc.
482 2149 535 2172 or.
561 2138 768 2171 ferebantur
791 2139 834 2170 ib.
861 2135 918 2170 24.
944 2137 1130 2170 breviores
1161 2135 1351 2180 aliquando
1385 2148 1569 2172 causarum
1602 2149 1671 2183 or.,

178 2201 284 2236 quam
307 2184 562 2222 sententiarum
588 2186 623 2226 3,
650 2185 684 2226 8,
709 2183 774 2225 683
810 2181 937 2227 quibus
966 2194 1013 2216 ex
1037 2182 1143 2215 rebus
1168 2193 1219 2215 or.
1249 2188 1443 2216 nascuntur
1476 2185 1510 2226 3,
1544 2185 1579 2228 6,
1610 2183 1667 2220 45,
1716 2207 1728 2221 ..

177 2238 208 2272 si
234 2236 437 2269 orationum
461 2230 616 2264 lectione
642 2234 828 2272 susceptos
854 2240 874 2262 a
899 2240 939 2262 se
966 2227 1159 2271 discipulos
1175 2227 1386 2263 instruxerit
1407 2232 1444 2272 2,
1468 2231 1502 2271 5,
1528 2231 1562 2263 1.
1587 2241 1670 2268 ora·
1722 2230 1728 2264 ’ἑ

178 2284 316 2317 tionum
339 2279 441 2313 velut
463 2278 583 2310 thema
610 2277 645 2318 5,
675 2277 730 2316 10,
755 2276 789 2310 9.
813 2285 930 2319 neque
954 2273 1181 2321 gravissimus
1216 2273 1253 2308 in
1283 2274 1420 2309 musica
1458 2285 1568 2310 sonus
1600 2287 1670 2322 nec
1716 2276 1728 2333 ἐ

179 2326 402 2363 acutissimus
429 2322 648 2357 orationibus
677 2320 849 2355 convenit
873 2323 928 2363 11,
953 2323 987 2362 3,
1010 2318 1068 2353 41.
1092 2319 1291 2355 rescribere
1321 2320 1504 2356 veteribus
1534 2332 1588 2358 or.
1613 2325 1670 2364 10,

178 2377 213 2417 5,
243 2376 299 2406 20.
329 2370 509 2405 orationes
535 2368 693 2401 scribere
717 2370 752 2410 2,
779 2370 834 2409 17,
861 2368 903 2400 13
929 2378 962 2400 υ.
999 2365 1191 2409 Scribo;
1229 2368 1325 2410 quod
1355 2367 1669 2403 vehementissime

175 2419 295 2454 multis
322 2428 374 2451 or.
401 2421 526 2450 tractat
550 2417 586 2457 7,
610 2417 645 2456 2,
673 2414 730 2448 36.
757 2423 831 2447 non
855 2413 971 2446 solum
995 2417 1127 2445 extra
1150 2412 1357 2456 judicia,
1384 2413 1449 2447 sed
1479 2412 1524 2446 in
1546 2413 1667 2458 ipsis

179 2465 286 2499 etiam
310 2461 620 2497 orationibus
643 2461 678 2501 6,
703 2461 737 2502 3,
771 2461 805 2493 3.
838 2459 942 2492 habet
973 2468 1032 2491 res
1061 2457 1140 2501 ipsa
1172 2459 1220 2500 (i.
1256 2471 1285 2494 e.
1315 2460 1664 2504 pronuntiatio)
1703 2466 1706 2473 ¹

178 2511 303 2544 miram
328 2508 457 2552 quand.
483 2507 519 2540 in
544 2517 599 2539 or.
626 2505 702 2540 vim
727 2516 767 2538 ac
797 2509 1009 2548 potestatem
1039 2506 1094 2546 11,
1119 2506 1153 2546 3,
1178 2507 1212 2538 2.
1253 2517 1286 2538 v.
1323 2507 1446 2548 passim
1471 2517 1585 2549 supra.

132 2551 425 2597 Oratiuncula-
475 2562 640 2598 Ciceroni
666 2573 809 2607 quoque
833 2561 870 2595 in
895 2559 1101 2604 prooemio,
1134 2572 1214 2594 cum
1248 2561 1382 2595 diceret
1411 2572 1478 2606 pro
1512 2562 1664 2607 Milone,

179 2610 316 2657 digredi
339 2610 408 2642 fuit
434 2620 604 2651 necesse,
631 2615 671 2642 ut
696 2608 773 2652 ipsa
798 2618 865 2650 or.,
894 2618 963 2651 qua
986 2618 1070 2640 usus
1094 2612 1160 2649 est,
1186 2613 1282 2650 patet
1303 2605 1339 2650 4,
1366 2609 1402 2649 3,
1428 2611 1483 2642 17.

133 2657 306 2700 Orator.
354 2667 383 2708 1,
409 2665 450 2703 α)
475 2667 516 2698 ‹Ie
539 2668 676 2699 homine.
703 2664 740 2708 a)
768 2678 794 2697 c.
825 2666 972 2698 Aurib..·
1002 2664 1218 2698 clarissimos
1253 2663 1310 2697 sui
1340 2662 1508 2707 temporis
1541 2673 1594 2698 or.
1629 2666 1664 2708 6,

179 2718 214 2757 1,
241 2714 298 2747 47.
347 2717 610 2744 consummatus
635 2722 688 2745 or.
717 2716 747 2752 1,
776 2712 832 2752 19,
863 2714 893 2744 1.
917 2721 971 2744 or.
1001 2710 1223 2754 copiosiores
1247 2713 1302 2750 12,
1327 2710 1360 2750 5,
1385 2709 1415 2744 5.
1445 2718 1499 2741 or.
1525 2709 1667 2745 futurus

177 2762 237 2795 Pr.
261 2761 296 2794 6.
326 2761 356 2798 1,
382 2760 414 2796 1.
443 2759 476 2789 3.
503 2760 534 2796 1,
558 2757 594 2798 4,
621 2759 653 2791 5.
687 2761 718 2797 1,
745 2760 800 2798 10,
826 2760 881 2789 22.
908 2759 965 2799 10,
993 2761 1023 2797 1,
1045 2758 1101 2790 35.
1129 2766 1182 2790 or.
1206 2755 1379 2788 maximus
1402 2757 1438 2796 2,
1470 2753 1526 2796 14,
1557 2754 1593 2788 4.
1627 2759 1663 2800 6,
1688 2777 1694 2782 »

177 2809 214 2851 3,
239 2808 270 2840 1.
298 2806 353 2846 10,
377 2805 412 2845 2,
434 2802 469 2836 9.
493 2802 600 2836 miser
626 2808 680 2845 et,
704 2808 743 2837 ut
766 2802 818 2836 sic
842 2802 971 2846 dicam,
994 2811 1130 2850 pauper
1151 2810 1206 2835 or.
1232 2801 1268 2844 8,
1289 2799 1353 2836 Pr.
1375 2801 1435 2835 28.
1457 2809 1532 2835 non
1554 2800 1664 2849 igitur
1696 2847 1699 2852 ι
1725 2839 1728 2870 1

1697 2859 1728 2882 stt

1699 2903 1704 2910 ”
1726 2898 1728 2924 t

1677 2926 1728 3002 A]
