<?xml version="1.0" encoding="UTF-8"?>
<!DOCTYPE html PUBLIC "-//W3C//DTD XHTML 1.0 Transitional//EN"
    "http://www.w3.org/TR/xhtml1/DTD/xhtml1-transitional.dtd">
<html xmlns="http://www.w3.org/1999/xhtml" xml:lang="en" lang="en">
 <head>
  <title>
</title>
<meta http-equiv="Content-Type" content="text/html;charset=utf-8" />
  <meta name='ocr-system' content='tesseract 3.04.00' />
  <meta name='ocr-capabilities' content='ocr_page ocr_carea ocr_par ocr_line ocrx_word'/>
</head>
<body>
  <div class='ocr_page' id='page_1' title='image "./lexiconquintilia06bonnuoft_0446.png"; bbox 0 0 1728 3002; ppageno 0'>
   <div class='ocr_carea' id='block_1_1' title="bbox 875 178 894 188">
    <p class='ocr_par' dir='ltr' id='par_1_1' title="bbox 875 178 894 188">
     <span class='ocr_line' id='line_1_1' title="bbox 875 178 894 188; baseline 0 0"><span class='ocrx_word' id='word_1_1' title='bbox 875 178 894 188; x_wconf 68' lang='lat' dir='ltr'><em>s</em></span> 
     </span>
    </p>
   </div>
   <div class='ocr_carea' id='block_1_2' title="bbox 143 215 1149 293">
    <p class='ocr_par' dir='ltr' id='par_1_2' title="bbox 143 215 1149 293">
     <span class='ocr_line' id='line_1_2' title="bbox 143 215 1149 293; baseline 0.002 -15"><span class='ocrx_word' id='word_1_2' title='bbox 143 240 225 280; x_wconf 79' lang='lat'><strong>354</strong></span> <span class='ocrx_word' id='word_1_3' title='bbox 251 215 259 221; x_wconf 84' lang='lat'>.</span> <span class='ocrx_word' id='word_1_4' title='bbox 656 236 804 278; x_wconf 78' lang='lat' dir='ltr'>Frater</span> <span class='ocrx_word' id='word_1_5' title='bbox 849 262 899 269; x_wconf 94' lang='lat'><strong>--</strong></span> <span class='ocrx_word' id='word_1_6' title='bbox 927 237 1149 293; x_wconf 76' lang='lat' dir='ltr'><strong>Frequens</strong></span> 
     </span>
    </p>
   </div>
   <div class='ocr_carea' id='block_1_3' title="bbox 162 348 1713 1188">
    <p class='ocr_par' dir='ltr' id='par_1_3' title="bbox 162 348 1713 1188">
     <span class='ocr_line' id='line_1_3' title="bbox 191 348 1683 399; baseline 0.002 -14"><span class='ocrx_word' id='word_1_7' title='bbox 191 351 320 397; x_wconf 85' lang='lat' dir='ltr'><strong>quibus</strong></span> <span class='ocrx_word' id='word_1_8' title='bbox 346 348 494 395; x_wconf 75' lang='lat' dir='ltr'><strong>(latere,</strong></span> <span class='ocrx_word' id='word_1_9' title='bbox 528 363 634 395; x_wconf 79' lang='lat' dir='ltr'><strong>voce,</strong></span> <span class='ocrx_word' id='word_1_10' title='bbox 659 349 847 394; x_wconf 75' lang='lat' dir='ltr'><strong>firmitate)</strong></span> <span class='ocrx_word' id='word_1_11' title='bbox 879 352 1050 386; x_wconf 84' lang='lat' dir='ltr'><strong>fractis</strong></span> <span class='ocrx_word' id='word_1_12' title='bbox 1083 357 1144 386; x_wconf 82' lang='lat' dir='ltr'><strong>aut</strong></span> <span class='ocrx_word' id='word_1_13' title='bbox 1174 349 1434 399; x_wconf 49' lang='lat' dir='ltr'><strong>imminu-tis</strong></span> <span class='ocrx_word' id='word_1_14' title='bbox 1469 357 1584 388; x_wconf 83' lang='lat' dir='ltr'><strong>aetate</strong></span> <span class='ocrx_word' id='word_1_15' title='bbox 1618 365 1683 388; x_wconf 85' lang='lat' dir='ltr'><strong>seu</strong></span> 
     </span>
     <span class='ocr_line' id='line_1_4' title="bbox 162 397 1683 447; baseline 0 -13"><span class='ocrx_word' id='word_1_16' title='bbox 162 398 166 401; x_wconf 62' lang='grc'><strong>’</strong></span> <span class='ocrx_word' id='word_1_17' title='bbox 190 398 397 434; x_wconf 82' lang='lat' dir='ltr'><strong>valetudine</strong></span> <span class='ocrx_word' id='word_1_18' title='bbox 423 400 490 439; x_wconf 85' lang='lat'><strong>12,</strong></span> <span class='ocrx_word' id='word_1_19' title='bbox 522 400 586 440; x_wconf 88' lang='lat'><strong>11,</strong></span> <span class='ocrx_word' id='word_1_20' title='bbox 621 400 655 432; x_wconf 85' lang='grc'>2,</span> <span class='ocrx_word' id='word_1_21' title='bbox 681 409 832 440; x_wconf 85' lang='lat' dir='ltr'><strong>puerum</strong></span> <span class='ocrx_word' id='word_1_22' title='bbox 857 397 1034 433; x_wconf 73' lang='lat' dir='ltr'>femineae</span> <span class='ocrx_word' id='word_1_23' title='bbox 1068 397 1171 433; x_wconf 72' lang='lat' dir='ltr'><strong>vocis</strong></span> <span class='ocrx_word' id='word_1_24' title='bbox 1206 397 1369 433; x_wconf 80' lang='lat' dir='ltr'><strong>exilitate</strong></span> <span class='ocrx_word' id='word_1_25' title='bbox 1397 399 1515 447; x_wconf 76' lang='lat' dir='ltr'><strong>frangi</strong></span> <span class='ocrx_word' id='word_1_26' title='bbox 1545 403 1563 433; x_wconf 90' lang='lat'>1</span> <span class='ocrx_word' id='word_1_27' title='bbox 1580 426 1591 442; x_wconf 94' lang='lat'><strong>,</strong></span> <span class='ocrx_word' id='word_1_28' title='bbox 1625 403 1683 442; x_wconf 85' lang='lat'><strong>11,</strong></span> 
     </span>
     <span class='ocr_line' id='line_1_5' title="bbox 193 442 1680 491; baseline 0.002 -14"><span class='ocrx_word' id='word_1_29' title='bbox 193 448 234 487; x_wconf 79' lang='lat'><strong>13</strong></span> <span class='ocrx_word' id='word_1_30' title='bbox 267 445 431 489; x_wconf 86' lang='lat' dir='ltr'><strong>quotiens</strong></span> <span class='ocrx_word' id='word_1_31' title='bbox 462 443 543 486; x_wconf 79' lang='lat' dir='ltr'><strong>(F)</strong></span> <span class='ocrx_word' id='word_1_32' title='bbox 567 450 824 477; x_wconf 77' lang='lat' dir='ltr'>consonantem</span> <span class='ocrx_word' id='word_1_33' title='bbox 849 442 982 491; x_wconf 80' lang='lat' dir='ltr'><strong>frangit</strong></span> <span class='ocrx_word' id='word_1_34' title='bbox 1020 447 1085 487; x_wconf 83' lang='lat'><strong>12,</strong></span> <span class='ocrx_word' id='word_1_35' title='bbox 1123 447 1187 486; x_wconf 86' lang='lat'><strong>10,</strong></span> <span class='ocrx_word' id='word_1_36' title='bbox 1224 446 1270 479; x_wconf 89' lang='grc'><strong>29</strong></span> <span class='ocrx_word' id='word_1_37' title='bbox 1298 443 1346 482; x_wconf 84' lang='grc' dir='ltr'><strong>Ν.</strong></span> <span class='ocrx_word' id='word_1_38' title='bbox 1375 444 1419 486; x_wconf 77' lang='lat' dir='ltr'><strong>cs.</strong></span> <span class='ocrx_word' id='word_1_39' title='bbox 1446 449 1480 488; x_wconf 93' lang='lat'><strong>1,</strong></span> <span class='ocrx_word' id='word_1_40' title='bbox 1501 445 1539 488; x_wconf 79' lang='lat'><strong>4,</strong></span> <span class='ocrx_word' id='word_1_41' title='bbox 1567 449 1602 479; x_wconf 84' lang='lat'><strong>11</strong></span> <span class='ocrx_word' id='word_1_42' title='bbox 1638 448 1680 480; x_wconf 64' lang='lat' dir='ltr'><strong>N.</strong></span> 
     </span>
     <span class='ocr_line' id='line_1_6' title="bbox 190 489 1685 537; baseline 0.001 -13"><span class='ocrx_word' id='word_1_43' title='bbox 190 489 237 535; x_wconf 81' lang='grc' dir='ltr'><strong>β)</strong></span> <span class='ocrx_word' id='word_1_44' title='bbox 262 493 307 524; x_wconf 70' lang='lat' dir='ltr'><strong>acl</strong></span> <span class='ocrx_word' id='word_1_45' title='bbox 334 493 477 523; x_wconf 80' lang='lat' dir='ltr'><strong>animum</strong></span> <span class='ocrx_word' id='word_1_46' title='bbox 507 497 537 523; x_wconf 76' lang='lat' dir='ltr'><strong>ei</strong></span> <span class='ocrx_word' id='word_1_47' title='bbox 563 493 743 523; x_wconf 70' lang='lat' dir='ltr'><strong>orationem</strong></span> <span class='ocrx_word' id='word_1_48' title='bbox 768 494 949 534; x_wconf 78' lang='lat' dir='ltr'><strong><em>praecipue</em></strong></span> <span class='ocrx_word' id='word_1_49' title='bbox 977 494 1137 534; x_wconf 75' lang='lat' dir='ltr'><strong>pertinet.-</strong></span> <span class='ocrx_word' id='word_1_50' title='bbox 1162 491 1316 525; x_wconf 81' lang='lat' dir='ltr'><strong>flebilem</strong></span> <span class='ocrx_word' id='word_1_51' title='bbox 1349 491 1583 535; x_wconf 70' lang='lat' dir='ltr'><strong>suavitatem,</strong></span> <span class='ocrx_word' id='word_1_52' title='bbox 1615 505 1685 537; x_wconf 70' lang='lat' dir='ltr'><strong>qua</strong></span> 
     </span>
     <span class='ocr_line' id='line_1_7' title="bbox 191 536 1685 585; baseline 0.001 -15"><span class='ocrx_word' id='word_1_53' title='bbox 191 537 382 581; x_wconf 79' lang='lat' dir='ltr'>praecipue</span> <span class='ocrx_word' id='word_1_54' title='bbox 410 538 623 583; x_wconf 77' lang='lat' dir='ltr'><strong>franguntur</strong></span> <span class='ocrx_word' id='word_1_55' title='bbox 651 536 757 570; x_wconf 83' lang='lat' dir='ltr'><strong>animi</strong></span> <span class='ocrx_word' id='word_1_56' title='bbox 786 539 841 578; x_wconf 87' lang='lat'><strong>11,</strong></span> <span class='ocrx_word' id='word_1_57' title='bbox 866 540 901 579; x_wconf 84' lang='lat'><strong>3,</strong></span> <span class='ocrx_word' id='word_1_58' title='bbox 928 540 1006 572; x_wconf 84' lang='lat'><strong>170.</strong></span> <span class='ocrx_word' id='word_1_59' title='bbox 1035 536 1080 579; x_wconf 81' lang='lat' dir='ltr'><strong>cs.</strong></span> <span class='ocrx_word' id='word_1_60' title='bbox 1108 540 1141 579; x_wconf 82' lang='lat'><strong>1,</strong></span> <span class='ocrx_word' id='word_1_61' title='bbox 1166 539 1201 579; x_wconf 83' lang='lat'><strong>3,</strong></span> <span class='ocrx_word' id='word_1_62' title='bbox 1222 536 1338 572; x_wconf 51' lang='lat'>⁷162.</span> <span class='ocrx_word' id='word_1_63' title='bbox 1372 537 1481 585; x_wconf 81' lang='lat' dir='ltr'><strong>fregit</strong></span> <span class='ocrx_word' id='word_1_64' title='bbox 1501 539 1685 572; x_wconf 75' lang='lat' dir='ltr'><strong>audaciam</strong></span> 
     </span>
     <span class='ocr_line' id='line_1_8' title="bbox 190 582 1684 630; baseline 0 -12"><span class='ocrx_word' id='word_1_65' title='bbox 190 588 226 626; x_wconf 85' lang='lat'><strong>2,</strong></span> <span class='ocrx_word' id='word_1_66' title='bbox 253 585 308 625; x_wconf 83' lang='grc'><strong>16,</strong></span> <span class='ocrx_word' id='word_1_67' title='bbox 333 587 367 617; x_wconf 95' lang='grc'><strong>7.</strong></span> <span class='ocrx_word' id='word_1_68' title='bbox 391 583 493 625; x_wconf 80' lang='lat' dir='ltr'><strong>fides,</strong></span> <span class='ocrx_word' id='word_1_69' title='bbox 517 594 621 628; x_wconf 90' lang='lat' dir='ltr'><strong>quam</strong></span> <span class='ocrx_word' id='word_1_70' title='bbox 636 594 704 616; x_wconf 81' lang='lat' dir='ltr'><strong>nec</strong></span> <span class='ocrx_word' id='word_1_71' title='bbox 728 582 901 626; x_wconf 80' lang='lat' dir='ltr'>cupiditas</span> <span class='ocrx_word' id='word_1_72' title='bbox 927 589 1225 628; x_wconf 86' lang='lat' dir='ltr'><strong>corrumpat,</strong></span> <span class='ocrx_word' id='word_1_73' title='bbox 1250 595 1317 618; x_wconf 88' lang='lat' dir='ltr'><strong>nec</strong></span> <span class='ocrx_word' id='word_1_74' title='bbox 1342 584 1454 630; x_wconf 74' lang='lat' dir='ltr'><strong>gratia</strong></span> <span class='ocrx_word' id='word_1_75' title='bbox 1478 590 1684 627; x_wconf 77' lang='lat' dir='ltr'><strong>avertat,</strong></span> 
     </span>
     <span class='ocr_line' id='line_1_9' title="bbox 193 628 1685 678; baseline 0.001 -15"><span class='ocrx_word' id='word_1_76' title='bbox 193 641 261 663; x_wconf 84' lang='lat' dir='ltr'><strong>nec</strong></span> <span class='ocrx_word' id='word_1_77' title='bbox 285 635 399 662; x_wconf 72' lang='lat' dir='ltr'><strong>metus</strong></span> <span class='ocrx_word' id='word_1_78' title='bbox 422 629 618 675; x_wconf 84' lang='lat' dir='ltr'><strong>frangat</strong></span> <span class='ocrx_word' id='word_1_79' title='bbox 644 633 699 671; x_wconf 80' lang='grc'><strong>12,</strong></span> <span class='ocrx_word' id='word_1_80' title='bbox 725 632 758 672; x_wconf 91' lang='grc'><strong>1,</strong></span> <span class='ocrx_word' id='word_1_81' title='bbox 783 628 838 665; x_wconf 81' lang='grc'><strong>24.</strong></span> <span class='ocrx_word' id='word_1_82' title='bbox 868 642 960 674; x_wconf 87' lang='lat' dir='ltr'><strong>quae</strong></span> <span class='ocrx_word' id='word_1_83' title='bbox 988 629 1250 674; x_wconf 82' lang='lat' dir='ltr'><em>(membranae)</em></span> <span class='ocrx_word' id='word_1_84' title='bbox 1275 647 1319 654; x_wconf 90' lang='lat'><strong>—-</strong></span> <span class='ocrx_word' id='word_1_85' title='bbox 1355 630 1583 678; x_wconf 76' lang='lat' dir='ltr'><strong>cogitationis</strong></span> <span class='ocrx_word' id='word_1_86' title='bbox 1614 631 1685 664; x_wconf 85' lang='lat' dir='ltr'><strong>im-</strong></span> 
     </span>
     <span class='ocr_line' id='line_1_10' title="bbox 191 674 1687 723; baseline 0.001 -15"><span class='ocrx_word' id='word_1_87' title='bbox 191 682 313 720; x_wconf 86' lang='lat' dir='ltr'><strong>petum</strong></span> <span class='ocrx_word' id='word_1_88' title='bbox 337 677 507 721; x_wconf 77' lang='lat' dir='ltr'><strong>frangunt</strong></span> <span class='ocrx_word' id='word_1_89' title='bbox 536 678 590 717; x_wconf 89' lang='lat'><strong>10,</strong></span> <span class='ocrx_word' id='word_1_90' title='bbox 615 677 650 717; x_wconf 87' lang='lat'><strong>3,</strong></span> <span class='ocrx_word' id='word_1_91' title='bbox 675 678 733 709; x_wconf 64' lang='lat'><strong>551.</strong></span> <span class='ocrx_word' id='word_1_92' title='bbox 760 675 881 709; x_wconf 85' lang='lat' dir='ltr'><strong>odium</strong></span> <span class='ocrx_word' id='word_1_93' title='bbox 907 677 1066 721; x_wconf 81' lang='lat' dir='ltr'><strong>iramque</strong></span> <span class='ocrx_word' id='word_1_94' title='bbox 1100 677 1241 723; x_wconf 80' lang='lat' dir='ltr'><strong>frangat</strong></span> <span class='ocrx_word' id='word_1_95' title='bbox 1272 674 1406 720; x_wconf 79' lang='lat' dir='ltr'><strong>(risus)</strong></span> <span class='ocrx_word' id='word_1_96' title='bbox 1438 678 1486 719; x_wconf 75' lang='grc'><strong>6,</strong></span> <span class='ocrx_word' id='word_1_97' title='bbox 1508 678 1552 719; x_wconf 92' lang='grc'><strong>3,</strong></span> <span class='ocrx_word' id='word_1_98' title='bbox 1583 677 1617 712; x_wconf 80' lang='grc'><strong>9.</strong></span> <span class='ocrx_word' id='word_1_99' title='bbox 1654 676 1687 710; x_wconf 90' lang='lat' dir='ltr'><strong>si</strong></span> 
     </span>
     <span class='ocr_line' id='line_1_11' title="bbox 190 721 1687 769; baseline 0 -13"><span class='ocrx_word' id='word_1_100' title='bbox 190 734 312 756; x_wconf 84' lang='lat' dir='ltr'><strong>rerum</strong></span> <span class='ocrx_word' id='word_1_101' title='bbox 339 724 499 765; x_wconf 72' lang='lat' dir='ltr'><strong>pondera</strong></span> <span class='ocrx_word' id='word_1_102' title='bbox 522 721 767 755; x_wconf 78' lang='lat' dir='ltr'><strong>minutissimis</strong></span> <span class='ocrx_word' id='word_1_103' title='bbox 794 723 979 757; x_wconf 78' lang='lat' dir='ltr'><strong>sententiis</strong></span> <span class='ocrx_word' id='word_1_104' title='bbox 1003 734 1077 758; x_wconf 89' lang='lat' dir='ltr'><strong>non</strong></span> <span class='ocrx_word' id='word_1_105' title='bbox 1104 723 1270 769; x_wconf 77' lang='lat' dir='ltr'><strong>fregisset</strong></span> <span class='ocrx_word' id='word_1_106' title='bbox 1294 725 1355 764; x_wconf 87' lang='lat'><strong>10,</strong></span> <span class='ocrx_word' id='word_1_107' title='bbox 1394 727 1409 757; x_wconf 93' lang='lat'>1</span> <span class='ocrx_word' id='word_1_108' title='bbox 1424 750 1433 765; x_wconf 94' lang='lat'><strong>,</strong></span> <span class='ocrx_word' id='word_1_109' title='bbox 1475 725 1553 757; x_wconf 84' lang='grc'>130.</span> <span class='ocrx_word' id='word_1_110' title='bbox 1577 721 1687 767; x_wconf 67' lang='lat' dir='ltr'><strong>animi</strong></span> 
     </span>
     <span class='ocr_line' id='line_1_12' title="bbox 193 766 1684 816; baseline 0 -14"><span class='ocrx_word' id='word_1_111' title='bbox 193 768 428 813; x_wconf 80' lang='lat' dir='ltr'><strong>praestantia,</strong></span> <span class='ocrx_word' id='word_1_112' title='bbox 464 779 568 812; x_wconf 71' lang='lat' dir='ltr'><strong>spiam</strong></span> <span class='ocrx_word' id='word_1_113' title='bbox 594 779 662 802; x_wconf 75' lang='lat' dir='ltr'><strong>nec</strong></span> <span class='ocrx_word' id='word_1_114' title='bbox 686 773 801 802; x_wconf 84' lang='lat' dir='ltr'><strong>metus</strong></span> <span class='ocrx_word' id='word_1_115' title='bbox 824 770 1035 816; x_wconf 79' lang='lat' dir='ltr'><strong>frangat,</strong></span> <span class='ocrx_word' id='word_1_116' title='bbox 1073 780 1141 803; x_wconf 86' lang='lat' dir='ltr'><strong>nec</strong></span> <span class='ocrx_word' id='word_1_117' title='bbox 1167 766 1373 803; x_wconf 71' lang='lat' dir='ltr'><strong>adclamatio</strong></span> <span class='ocrx_word' id='word_1_118' title='bbox 1401 775 1587 803; x_wconf 84' lang='lat' dir='ltr'><strong>terreat</strong></span> <span class='ocrx_word' id='word_1_119' title='bbox 1621 776 1684 802; x_wconf 77' lang='lat' dir='ltr'><strong>etc.</strong></span> 
     </span>
     <span class='ocr_line' id='line_1_13' title="bbox 194 814 1688 862; baseline 0 -14"><span class='ocrx_word' id='word_1_120' title='bbox 194 818 250 857; x_wconf 85' lang='grc'><strong>12,</strong></span> <span class='ocrx_word' id='word_1_121' title='bbox 277 816 310 857; x_wconf 95' lang='grc'><strong>5,</strong></span> <span class='ocrx_word' id='word_1_122' title='bbox 339 818 370 848; x_wconf 87' lang='grc'><strong>1.</strong></span> <span class='ocrx_word' id='word_1_123' title='bbox 398 815 515 847; x_wconf 83' lang='lat' dir='ltr'><strong>nudae</strong></span> <span class='ocrx_word' id='word_1_124' title='bbox 539 814 622 847; x_wconf 78' lang='lat' dir='ltr'><strong>illae</strong></span> <span class='ocrx_word' id='word_1_125' title='bbox 649 820 741 848; x_wconf 84' lang='lat' dir='ltr'><strong>artes</strong></span> <span class='ocrx_word' id='word_1_126' title='bbox 771 815 878 849; x_wconf 82' lang='lat' dir='ltr'><strong>nimia</strong></span> <span class='ocrx_word' id='word_1_127' title='bbox 902 816 1105 850; x_wconf 81' lang='lat' dir='ltr'><strong>subtilitatis</strong></span> <span class='ocrx_word' id='word_1_128' title='bbox 1130 814 1354 850; x_wconf 85' lang='lat' dir='ltr'><strong>affectatione</strong></span> <span class='ocrx_word' id='word_1_129' title='bbox 1376 816 1608 862; x_wconf 82' lang='lat' dir='ltr'><strong>frangunt</strong></span> <span class='ocrx_word' id='word_1_130' title='bbox 1626 820 1688 848; x_wconf 78' lang='lat' dir='ltr'><strong>at-</strong></span> 
     </span>
     <span class='ocr_line' id='line_1_14' title="bbox 193 859 1705 909; baseline 0.001 -17"><span class='ocrx_word' id='word_1_131' title='bbox 193 873 263 906; x_wconf 80' lang='lat' dir='ltr'><strong>que</strong></span> <span class='ocrx_word' id='word_1_132' title='bbox 289 861 546 895; x_wconf 88' lang='lat' dir='ltr'><strong>concidunt</strong></span> <span class='ocrx_word' id='word_1_133' title='bbox 574 860 745 905; x_wconf 88' lang='lat' dir='ltr'><strong>quidquid</strong></span> <span class='ocrx_word' id='word_1_134' title='bbox 776 867 830 895; x_wconf 85' lang='lat' dir='ltr'><strong>est</strong></span> <span class='ocrx_word' id='word_1_135' title='bbox 852 862 890 895; x_wconf 88' lang='lat' dir='ltr'><strong>in</strong></span> <span class='ocrx_word' id='word_1_136' title='bbox 909 863 1070 897; x_wconf 85' lang='lat' dir='ltr'><strong>oratione</strong></span> <span class='ocrx_word' id='word_1_137' title='bbox 1094 861 1303 909; x_wconf 80' lang='lat' dir='ltr'><strong>generosius</strong></span> <span class='ocrx_word' id='word_1_138' title='bbox 1316 863 1376 896; x_wconf 86' lang='lat' dir='ltr'><strong>Pr.</strong></span> <span class='ocrx_word' id='word_1_139' title='bbox 1400 862 1458 896; x_wconf 82' lang='lat'><strong>24.</strong></span> <span class='ocrx_word' id='word_1_140' title='bbox 1483 859 1705 906; x_wconf 76' lang='lat' dir='ltr'><strong>frangas</strong></span> 
     </span>
     <span class='ocr_line' id='line_1_15' title="bbox 192 907 1688 954; baseline -0.001 -13"><span class='ocrx_word' id='word_1_141' title='bbox 192 907 296 942; x_wconf 88' lang='lat' dir='ltr'><strong>citius</strong></span> <span class='ocrx_word' id='word_1_142' title='bbox 324 918 428 951; x_wconf 83' lang='lat' dir='ltr'><strong>quam</strong></span> <span class='ocrx_word' id='word_1_143' title='bbox 453 907 690 953; x_wconf 78' lang='lat' dir='ltr'><strong>corrigas,</strong></span> <span class='ocrx_word' id='word_1_144' title='bbox 725 919 818 952; x_wconf 85' lang='lat' dir='ltr'><strong>quae</strong></span> <span class='ocrx_word' id='word_1_145' title='bbox 846 909 883 942; x_wconf 90' lang='lat' dir='ltr'><strong>in</strong></span> <span class='ocrx_word' id='word_1_146' title='bbox 908 921 1058 954; x_wconf 80' lang='lat' dir='ltr'><strong>pravum</strong></span> <span class='ocrx_word' id='word_1_147' title='bbox 1083 908 1318 942; x_wconf 76' lang='lat' dir='ltr'><strong>induruerunt</strong></span> <span class='ocrx_word' id='word_1_148' title='bbox 1353 910 1386 952; x_wconf 89' lang='lat'><strong>1,</strong></span> <span class='ocrx_word' id='word_1_149' title='bbox 1421 909 1456 951; x_wconf 88' lang='grc'><strong>3,</strong></span> <span class='ocrx_word' id='word_1_150' title='bbox 1493 909 1556 949; x_wconf 70' lang='grc'><strong>12,</strong></span> <span class='ocrx_word' id='word_1_151' title='bbox 1600 910 1688 940; x_wconf 85' lang='lat' dir='ltr'><strong>Par-</strong></span> 
     </span>
     <span class='ocr_line' id='line_1_16' title="bbox 190 952 1688 1000; baseline -0.001 -13"><span class='ocrx_word' id='word_1_152' title='bbox 190 957 247 988; x_wconf 77' lang='lat' dir='ltr'><strong>tic.</strong></span> <span class='ocrx_word' id='word_1_153' title='bbox 264 968 275 987; x_wconf 88' lang='grc'><strong>.-</strong></span> <span class='ocrx_word' id='word_1_154' title='bbox 308 953 347 987; x_wconf 87' lang='lat' dir='ltr'><strong>in</strong></span> <span class='ocrx_word' id='word_1_155' title='bbox 373 953 634 998; x_wconf 80' lang='lat' dir='ltr'><strong>compositione</strong></span> <span class='ocrx_word' id='word_1_156' title='bbox 659 955 884 998; x_wconf 83' lang='lat' dir='ltr'><strong>fractum,</strong></span> <span class='ocrx_word' id='word_1_157' title='bbox 919 956 1141 990; x_wconf 81' lang='lat' dir='ltr'><strong>exultantem</strong></span> <span class='ocrx_word' id='word_1_158' title='bbox 1172 965 1214 988; x_wconf 88' lang='lat' dir='ltr'><strong>ac</strong></span> <span class='ocrx_word' id='word_1_159' title='bbox 1231 965 1354 1000; x_wconf 66' lang='lat' dir='ltr'><strong>vpaene</strong></span> <span class='ocrx_word' id='word_1_160' title='bbox 1380 953 1464 989; x_wconf 82' lang='lat' dir='ltr'><strong>viro</strong></span> <span class='ocrx_word' id='word_1_161' title='bbox 1494 952 1688 987; x_wconf 89' lang='lat' dir='ltr'><strong>mollio-</strong></span> 
     </span>
     <span class='ocr_line' id='line_1_17' title="bbox 192 998 1689 1045; baseline -0.001 -11"><span class='ocrx_word' id='word_1_162' title='bbox 192 1012 287 1034; x_wconf 88' lang='lat' dir='ltr'><strong>rem</strong></span> <span class='ocrx_word' id='word_1_163' title='bbox 308 1003 376 1042; x_wconf 85' lang='grc'><strong>12,</strong></span> <span class='ocrx_word' id='word_1_164' title='bbox 412 1002 477 1043; x_wconf 91' lang='grc'><strong>10,</strong></span> <span class='ocrx_word' id='word_1_165' title='bbox 516 1003 568 1033; x_wconf 90' lang='grc'><strong>12.</strong></span> <span class='ocrx_word' id='word_1_166' title='bbox 598 1001 860 1044; x_wconf 80' lang='lat' dir='ltr'><strong>compositione</strong></span> <span class='ocrx_word' id='word_1_167' title='bbox 882 1001 997 1036; x_wconf 85' lang='lat' dir='ltr'><strong>fracta</strong></span> <span class='ocrx_word' id='word_1_168' title='bbox 1019 1004 1062 1044; x_wconf 81' lang='lat'><strong>8,</strong></span> <span class='ocrx_word' id='word_1_169' title='bbox 1086 1003 1134 1044; x_wconf 89' lang='grc'>3,</span> <span class='ocrx_word' id='word_1_170' title='bbox 1162 1002 1219 1035; x_wconf 87' lang='lat'><strong>57.</strong></span> <span class='ocrx_word' id='word_1_171' title='bbox 1255 1001 1463 1045; x_wconf 76' lang='lat' dir='ltr'><strong>corruptum</strong></span> <span class='ocrx_word' id='word_1_172' title='bbox 1501 999 1538 1035; x_wconf 80' lang='lat' dir='ltr'><strong>et</strong></span> <span class='ocrx_word' id='word_1_173' title='bbox 1568 998 1689 1034; x_wconf 89' lang='lat' dir='ltr'><strong>omni-</strong></span> 
     </span>
     <span class='ocr_line' id='line_1_18' title="bbox 192 1045 1713 1094; baseline -0.001 -14"><span class='ocrx_word' id='word_1_174' title='bbox 192 1048 258 1081; x_wconf 88' lang='lat' dir='ltr'><strong>bus</strong></span> <span class='ocrx_word' id='word_1_175' title='bbox 281 1046 379 1080; x_wconf 85' lang='lat' dir='ltr'><strong>vitiis</strong></span> <span class='ocrx_word' id='word_1_176' title='bbox 406 1047 611 1080; x_wconf 88' lang='lat' dir='ltr'><strong>fractum</strong></span> <span class='ocrx_word' id='word_1_177' title='bbox 638 1047 779 1080; x_wconf 81' lang='lat' dir='ltr'><strong>dicendi</strong></span> <span class='ocrx_word' id='word_1_178' title='bbox 804 1058 916 1094; x_wconf 81' lang='lat' dir='ltr'><strong>genus</strong></span> <span class='ocrx_word' id='word_1_179' title='bbox 943 1051 1008 1091; x_wconf 89' lang='lat'><strong>10,</strong></span> <span class='ocrx_word' id='word_1_180' title='bbox 1047 1051 1084 1091; x_wconf 90' lang='lat'><strong>1,</strong></span> <span class='ocrx_word' id='word_1_181' title='bbox 1121 1048 1201 1081; x_wconf 85' lang='lat'>125.</span> <span class='ocrx_word' id='word_1_182' title='bbox 1238 1047 1374 1081; x_wconf 86' lang='lat' dir='ltr'><strong>fractus</strong></span> <span class='ocrx_word' id='word_1_183' title='bbox 1406 1045 1569 1087; x_wconf 61' lang='lat' dir='ltr'><strong>incessus</strong></span> <span class='ocrx_word' id='word_1_184' title='bbox 1593 1046 1628 1090; x_wconf 88' lang='lat'><strong>5,</strong></span> <span class='ocrx_word' id='word_1_185' title='bbox 1651 1046 1713 1089; x_wconf 36' lang='grc'><strong>9,,</strong></span> 
     </span>
     <span class='ocr_line' id='line_1_19' title="bbox 193 1091 1686 1139; baseline -0.001 -12"><span class='ocrx_word' id='word_1_186' title='bbox 193 1094 248 1127; x_wconf 80' lang='grc'><strong>14.</strong></span> <span class='ocrx_word' id='word_1_187' title='bbox 287 1092 569 1126; x_wconf 81' lang='lat' dir='ltr'><strong>effeminata</strong></span> <span class='ocrx_word' id='word_1_188' title='bbox 610 1098 645 1126; x_wconf 92' lang='lat' dir='ltr'><strong>et</strong></span> <span class='ocrx_word' id='word_1_189' title='bbox 689 1095 855 1127; x_wconf 59' lang='lat' dir='ltr'><strong>t&#39;racta-</strong></span> <span class='ocrx_word' id='word_1_190' title='bbox 873 1093 1061 1139; x_wconf 85' lang='lat' dir='ltr'><strong>impudicis</strong></span> <span class='ocrx_word' id='word_1_191' title='bbox 1091 1092 1208 1127; x_wconf 82' lang='lat' dir='ltr'><strong>modis</strong></span> <span class='ocrx_word' id='word_1_192' title='bbox 1240 1091 1418 1138; x_wconf 77' lang='lat' dir='ltr'><strong>(musice)</strong></span> <span class='ocrx_word' id='word_1_193' title='bbox 1453 1095 1498 1135; x_wconf 88' lang='lat'><strong>1,</strong></span> <span class='ocrx_word' id='word_1_194' title='bbox 1532 1093 1600 1136; x_wconf 82' lang='grc'><strong>10,</strong></span> <span class='ocrx_word' id='word_1_195' title='bbox 1627 1093 1686 1126; x_wconf 89' lang='grc'><strong>31.</strong></span> 
     </span>
     <span class='ocr_line' id='line_1_20' title="bbox 191 1139 1533 1188; baseline 0.001 -15"><span class='ocrx_word' id='word_1_196' title='bbox 191 1140 315 1173; x_wconf 80' lang='lat' dir='ltr'><strong>fauces</strong></span> <span class='ocrx_word' id='word_1_197' title='bbox 343 1140 603 1173; x_wconf 86' lang='lat' dir='ltr'><strong>convulsae</strong></span> <span class='ocrx_word' id='word_1_198' title='bbox 624 1139 801 1174; x_wconf 80' lang='lat' dir='ltr'><strong>fractis</strong></span> <span class='ocrx_word' id='word_1_199' title='bbox 828 1146 910 1175; x_wconf 84' lang='lat' dir='ltr'><strong>sunt</strong></span> <span class='ocrx_word' id='word_1_200' title='bbox 936 1140 1081 1188; x_wconf 86' lang='lat' dir='ltr'><strong>organis</strong></span> <span class='ocrx_word' id='word_1_201' title='bbox 1110 1139 1246 1174; x_wconf 78' lang='lat' dir='ltr'><strong>similes</strong></span> <span class='ocrx_word' id='word_1_202' title='bbox 1277 1142 1342 1183; x_wconf 87' lang='lat'><strong>11,</strong></span> <span class='ocrx_word' id='word_1_203' title='bbox 1365 1140 1505 1183; x_wconf 64' lang='grc'>3,.20.</span> <span class='ocrx_word' id='word_1_204' title='bbox 1526 1153 1533 1158; x_wconf 80' lang='grc'><em>·</em></span> 
     </span>
    </p>
   </div>
   <div class='ocr_carea' id='block_1_4' title="bbox 146 1183 853 1241">
    <p class='ocr_par' dir='ltr' id='par_1_4' title="bbox 146 1183 853 1241">
     <span class='ocr_line' id='line_1_21' title="bbox 146 1183 853 1241; baseline 0.006 -14"><span class='ocrx_word' id='word_1_205' title='bbox 146 1183 309 1225; x_wconf 69' lang='lat' dir='ltr'><strong>Frater·</strong></span> <span class='ocrx_word' id='word_1_206' title='bbox 354 1196 486 1229; x_wconf 75' lang='lat' dir='ltr'><strong>fraires</strong></span> <span class='ocrx_word' id='word_1_207' title='bbox 518 1195 649 1241; x_wconf 83' lang='lat' dir='ltr'><strong>gemini</strong></span> <span class='ocrx_word' id='word_1_208' title='bbox 671 1200 706 1239; x_wconf 84' lang='grc'><strong>9,</strong></span> <span class='ocrx_word' id='word_1_209' title='bbox 732 1196 767 1239; x_wconf 93' lang='grc'><strong>4,</strong></span> <span class='ocrx_word' id='word_1_210' title='bbox 795 1197 853 1231; x_wconf 80' lang='grc'><strong>24.</strong></span> 
     </span>
    </p>
   </div>
   <div class='ocr_carea' id='block_1_5' title="bbox 145 1241 1690 1433">
    <p class='ocr_par' dir='ltr' id='par_1_5' title="bbox 145 1241 1690 1425">
     <span class='ocr_line' id='line_1_22' title="bbox 145 1241 1689 1299; baseline 0.003 -16"><span class='ocrx_word' id='word_1_211' title='bbox 145 1241 329 1283; x_wconf 79' lang='lat' dir='ltr'><strong>Fraudo·</strong></span> <span class='ocrx_word' id='word_1_212' title='bbox 386 1262 434 1285; x_wconf 85' lang='lat' dir='ltr'><strong>ne</strong></span> <span class='ocrx_word' id='word_1_213' title='bbox 456 1252 661 1286; x_wconf 80' lang='lat' dir='ltr'><strong>fraudarem</strong></span> <span class='ocrx_word' id='word_1_214' title='bbox 687 1255 845 1299; x_wconf 76' lang='lat' dir='ltr'><strong>legentes</strong></span> <span class='ocrx_word' id='word_1_215' title='bbox 871 1253 1005 1298; x_wconf 87' lang='lat' dir='ltr'><strong>judicio</strong></span> <span class='ocrx_word' id='word_1_216' title='bbox 1029 1251 1178 1287; x_wconf 81' lang='lat' dir='ltr'><strong>maximi</strong></span> <span class='ocrx_word' id='word_1_217' title='bbox 1209 1253 1366 1288; x_wconf 78' lang='lat' dir='ltr'><strong>auctoris</strong></span> <span class='ocrx_word' id='word_1_218' title='bbox 1388 1254 1425 1296; x_wconf 89' lang='lat'>9,</span> <span class='ocrx_word' id='word_1_219' title='bbox 1451 1255 1485 1296; x_wconf 91' lang='lat'><strong>1,</strong></span> <span class='ocrx_word' id='word_1_220' title='bbox 1512 1252 1572 1288; x_wconf 75' lang='lat'><strong>25.</strong></span> <span class='ocrx_word' id='word_1_221' title='bbox 1597 1260 1689 1297; x_wconf 78' lang='lat' dir='ltr'><strong>quos</strong></span> 
     </span>
     <span class='ocr_line' id='line_1_23' title="bbox 189 1298 1688 1342; baseline -0.001 -9"><span class='ocrx_word' id='word_1_222' title='bbox 189 1298 356 1342; x_wconf 87' lang='lat' dir='ltr'><strong>equidem</strong></span> <span class='ocrx_word' id='word_1_223' title='bbox 379 1308 454 1332; x_wconf 85' lang='lat' dir='ltr'><strong>non</strong></span> <span class='ocrx_word' id='word_1_224' title='bbox 476 1298 722 1331; x_wconf 76' lang='lat' dir='ltr'><strong>fraudaverim</strong></span> <span class='ocrx_word' id='word_1_225' title='bbox 747 1299 864 1333; x_wconf 86' lang='lat' dir='ltr'><strong>debita</strong></span> <span class='ocrx_word' id='word_1_226' title='bbox 888 1301 994 1333; x_wconf 85' lang='lat' dir='ltr'><strong>laude</strong></span> <span class='ocrx_word' id='word_1_227' title='bbox 1017 1303 1052 1341; x_wconf 91' lang='grc'><strong>2,</strong></span> <span class='ocrx_word' id='word_1_228' title='bbox 1079 1298 1135 1341; x_wconf 80' lang='grc'><strong>14,</strong></span> <span class='ocrx_word' id='word_1_229' title='bbox 1161 1303 1195 1333; x_wconf 90' lang='grc'><strong>1.</strong></span> <span class='ocrx_word' id='word_1_230' title='bbox 1222 1301 1335 1334; x_wconf 81' lang='lat' dir='ltr'><strong>verba</strong></span> <span class='ocrx_word' id='word_1_231' title='bbox 1354 1299 1482 1342; x_wconf 72' lang='lat' dir='ltr'><strong>aliqua</strong></span> <span class='ocrx_word' id='word_1_232' title='bbox 1507 1299 1562 1331; x_wconf 88' lang='lat' dir='ltr'><strong>sui</strong></span> <span class='ocrx_word' id='word_1_233' title='bbox 1585 1304 1688 1342; x_wconf 85' lang='lat' dir='ltr'><strong>parte</strong></span> 
     </span>
     <span class='ocr_line' id='line_1_24' title="bbox 189 1344 1690 1425; baseline 0.001 -48"><span class='ocrx_word' id='word_1_234' title='bbox 189 1346 406 1424; x_wconf 49' lang='lat' dir='ltr'><strong>firgqtgalntgrc</strong></span> <span class='ocrx_word' id='word_1_235' title='bbox 426 1346 482 1422; x_wconf 64' lang='grc'>111,</span> <span class='ocrx_word' id='word_1_236' title='bbox 500 1346 542 1423; x_wconf 59' lang='grc' dir='ltr'><strong>ἒ,</strong></span> <span class='ocrx_word' id='word_1_237' title='bbox 566 1347 636 1425; x_wconf 38' lang='lat' dir='ltr'><strong>i?</strong></span> <span class='ocrx_word' id='word_1_238' title='bbox 669 1346 845 1388; x_wconf 78' lang='lat' dir='ltr'><strong>quaedam</strong></span> <span class='ocrx_word' id='word_1_239' title='bbox 868 1346 981 1380; x_wconf 84' lang='lat' dir='ltr'><strong>verba</strong></span> <span class='ocrx_word' id='word_1_240' title='bbox 1003 1345 1303 1388; x_wconf 77' lang='lat' dir='ltr'><strong>appellationibus</strong></span> <span class='ocrx_word' id='word_1_241' title='bbox 1327 1345 1470 1388; x_wconf 81' lang='lat' dir='ltr'><strong>similia,</strong></span> <span class='ocrx_word' id='word_1_242' title='bbox 1495 1349 1535 1385; x_wconf 74' lang='lat' dir='ltr'><strong>ut</strong></span> <span class='ocrx_word' id='word_1_243' title='bbox 1554 1344 1690 1386; x_wconf 67' lang='lat' dir='ltr'><strong>frau-</strong></span> 
     </span>
    </p>

    <p class='ocr_par' dir='ltr' id='par_1_6' title="bbox 408 1414 622 1433">
     <span class='ocr_line' id='line_1_25' title="bbox 408 1414 622 1433; baseline -0.009 -9"><span class='ocrx_word' id='word_1_244' title='bbox 408 1414 416 1424; x_wconf 89' lang='lat'>.</span> <span class='ocrx_word' id='word_1_245' title='bbox 466 1415 476 1432; x_wconf 99' lang='lat'><strong>,</strong></span> <span class='ocrx_word' id='word_1_246' title='bbox 526 1416 536 1433; x_wconf 96' lang='lat'><strong>,</strong></span> <span class='ocrx_word' id='word_1_247' title='bbox 565 1414 586 1423; x_wconf 49' lang='lat'>1</span> <span class='ocrx_word' id='word_1_248' title='bbox 614 1414 622 1422; x_wconf 91' lang='lat'>.</span> 
     </span>
    </p>
   </div>
   <div class='ocr_carea' id='block_1_6' title="bbox 144 1434 1689 1537">
    <p class='ocr_par' dir='ltr' id='par_1_7' title="bbox 144 1434 1689 1537">
     <span class='ocr_line' id='line_1_26' title="bbox 144 1434 1689 1493; baseline 0.001 -15"><span class='ocrx_word' id='word_1_249' title='bbox 144 1434 475 1491; x_wconf 75' lang='lat' dir='ltr'><strong>Fraudulentus.</strong></span> <span class='ocrx_word' id='word_1_250' title='bbox 522 1452 660 1493; x_wconf 75' lang='lat' dir='ltr'><strong>gestum</strong></span> <span class='ocrx_word' id='word_1_251' title='bbox 689 1448 868 1491; x_wconf 77' lang='lat' dir='ltr'><strong>quendam</strong></span> <span class='ocrx_word' id='word_1_252' title='bbox 890 1446 1114 1481; x_wconf 87' lang='lat' dir='ltr'><strong>humilem</strong></span> <span class='ocrx_word' id='word_1_253' title='bbox 1138 1451 1244 1491; x_wconf 80' lang='lat' dir='ltr'><strong>atque</strong></span> <span class='ocrx_word' id='word_1_254' title='bbox 1267 1445 1499 1483; x_wconf 83' lang='lat' dir='ltr'><strong>servilem</strong></span> <span class='ocrx_word' id='word_1_255' title='bbox 1526 1452 1564 1482; x_wconf 79' lang='lat' dir='ltr'><strong>et</strong></span> <span class='ocrx_word' id='word_1_256' title='bbox 1585 1445 1689 1492; x_wconf 82' lang='lat' dir='ltr'><strong>quasi</strong></span> 
     </span>
     <span class='ocr_line' id='line_1_27' title="bbox 191 1494 804 1537; baseline 0 -9"><span class='ocrx_word' id='word_1_257' title='bbox 191 1494 559 1528; x_wconf 85' lang='lat' dir='ltr'><strong>fraudulentum</strong></span> <span class='ocrx_word' id='word_1_258' title='bbox 588 1497 650 1536; x_wconf 87' lang='lat'><strong>11,</strong></span> <span class='ocrx_word' id='word_1_259' title='bbox 676 1496 718 1537; x_wconf 85' lang='lat'><strong>3,</strong></span> <span class='ocrx_word' id='word_1_260' title='bbox 745 1495 804 1528; x_wconf 83' lang='grc'><strong>83.</strong></span> 
     </span>
    </p>
   </div>
   <div class='ocr_carea' id='block_1_7' title="bbox 145 1549 1707 1813">
    <p class='ocr_par' dir='ltr' id='par_1_8' title="bbox 145 1549 1707 1698">
     <span class='ocr_line' id='line_1_28' title="bbox 145 1549 1707 1607; baseline -0.001 -14"><span class='ocrx_word' id='word_1_261' title='bbox 145 1549 294 1593; x_wconf 76' lang='lat' dir='ltr'><strong>Fraus.</strong></span> <span class='ocrx_word' id='word_1_262' title='bbox 342 1560 411 1606; x_wconf 80' lang='lat' dir='ltr'><strong>juri</strong></span> <span class='ocrx_word' id='word_1_263' title='bbox 435 1561 534 1595; x_wconf 79' lang='lat' dir='ltr'><strong>fraus</strong></span> <span class='ocrx_word' id='word_1_264' title='bbox 562 1563 795 1596; x_wconf 80' lang='lat' dir='ltr'><strong>adhibebatur</strong></span> <span class='ocrx_word' id='word_1_265' title='bbox 819 1564 855 1605; x_wconf 91' lang='grc'>2,</span> <span class='ocrx_word' id='word_1_266' title='bbox 883 1562 938 1604; x_wconf 89' lang='grc'><strong>15,</strong></span> <span class='ocrx_word' id='word_1_267' title='bbox 963 1563 1018 1596; x_wconf 87' lang='grc'><strong>30.</strong></span> <span class='ocrx_word' id='word_1_268' title='bbox 1049 1561 1150 1601; x_wconf 81' lang='lat' dir='ltr'><strong>cuius</strong></span> <span class='ocrx_word' id='word_1_269' title='bbox 1189 1551 1428 1607; x_wconf 64' lang='lat' dir='ltr'><strong>(eloquentiae)</strong></span> <span class='ocrx_word' id='word_1_270' title='bbox 1462 1561 1600 1601; x_wconf 38' lang='lat' dir='ltr'><strong>fraude,</strong></span> <span class='ocrx_word' id='word_1_271' title='bbox 1626 1554 1707 1592; x_wconf 63' lang='lat' dir='ltr'><strong>da-&gt;</strong></span> 
     </span>
     <span class='ocr_line' id='line_1_29' title="bbox 190 1606 1690 1652; baseline -0.003 -10"><span class='ocrx_word' id='word_1_272' title='bbox 190 1613 359 1642; x_wconf 85' lang='lat' dir='ltr'><strong>mnentur</strong></span> <span class='ocrx_word' id='word_1_273' title='bbox 385 1607 530 1641; x_wconf 83' lang='lat' dir='ltr'><strong>iuterim</strong></span> <span class='ocrx_word' id='word_1_274' title='bbox 554 1608 640 1644; x_wconf 87' lang='lat' dir='ltr'><strong>boui</strong></span> <span class='ocrx_word' id='word_1_275' title='bbox 663 1612 697 1651; x_wconf 84' lang='grc'><strong>2,</strong></span> <span class='ocrx_word' id='word_1_276' title='bbox 725 1609 781 1652; x_wconf 86' lang='grc'><strong>16,</strong></span> <span class='ocrx_word' id='word_1_277' title='bbox 810 1612 843 1643; x_wconf 82' lang='grc'><strong>2.</strong></span> <span class='ocrx_word' id='word_1_278' title='bbox 871 1609 1000 1642; x_wconf 78' lang='lat' dir='ltr'><strong>fraude</strong></span> <span class='ocrx_word' id='word_1_279' title='bbox 1027 1607 1231 1652; x_wconf 81' lang='lat' dir='ltr'><strong>aliquorum</strong></span> <span class='ocrx_word' id='word_1_280' title='bbox 1257 1607 1401 1642; x_wconf 79' lang='lat' dir='ltr'><strong>concita</strong></span> <span class='ocrx_word' id='word_1_281' title='bbox 1420 1606 1604 1652; x_wconf 61' lang='lat' dir='ltr'><strong>(materen</strong></span> <span class='ocrx_word' id='word_1_282' title='bbox 1619 1607 1690 1648; x_wconf 76' lang='lat' dir='ltr'><strong>fiti-</strong></span> 
     </span>
     <span class='ocr_line' id='line_1_30' title="bbox 191 1653 1577 1698; baseline 0.003 -11"><span class='ocrx_word' id='word_1_283' title='bbox 191 1653 274 1698; x_wconf 84' lang='lat' dir='ltr'><strong>um)</strong></span> <span class='ocrx_word' id='word_1_284' title='bbox 299 1658 354 1696; x_wconf 84' lang='lat'><strong>11,</strong></span> <span class='ocrx_word' id='word_1_285' title='bbox 381 1657 414 1697; x_wconf 91' lang='lat'><strong>1,</strong></span> <span class='ocrx_word' id='word_1_286' title='bbox 442 1655 501 1688; x_wconf 80' lang='grc'><strong>65.</strong></span> <span class='ocrx_word' id='word_1_287' title='bbox 1547 1670 1577 1682; x_wconf 75' lang='grc'><strong>’-</strong></span> 
     </span>
    </p>

    <p class='ocr_par' dir='ltr' id='par_1_9' title="bbox 146 1699 1442 1755">
     <span class='ocr_line' id='line_1_31' title="bbox 146 1699 1442 1755; baseline 0.001 -12"><span class='ocrx_word' id='word_1_288' title='bbox 146 1699 376 1741; x_wconf 69' lang='grc' dir='ltr'>ΓΙῊΧῙΠΠδ·</span> <span class='ocrx_word' id='word_1_289' title='bbox 415 1711 510 1745; x_wconf 87' lang='lat' dir='ltr'><strong>inter</strong></span> <span class='ocrx_word' id='word_1_290' title='bbox 533 1720 635 1746; x_wconf 79' lang='lat' dir='ltr'><strong>sacra</strong></span> <span class='ocrx_word' id='word_1_291' title='bbox 659 1711 773 1745; x_wconf 79' lang='lat' dir='ltr'><strong>movit</strong></span> <span class='ocrx_word' id='word_1_292' title='bbox 801 1722 892 1755; x_wconf 81' lang='lat' dir='ltr'><strong>aqua</strong></span> <span class='ocrx_word' id='word_1_293' title='bbox 917 1709 1083 1745; x_wconf 80' lang='lat' dir='ltr'><strong>fraxinos</strong></span> <span class='ocrx_word' id='word_1_294' title='bbox 1112 1713 1244 1745; x_wconf 46' lang='lat' dir='ltr'><strong>Maece</strong></span> <span class='ocrx_word' id='word_1_295' title='bbox 1258 1710 1294 1753; x_wconf 85' lang='lat'><strong>9,</strong></span> <span class='ocrx_word' id='word_1_296' title='bbox 1321 1708 1357 1753; x_wconf 81' lang='grc'><strong>4,</strong></span> <span class='ocrx_word' id='word_1_297' title='bbox 1382 1711 1442 1745; x_wconf 83' lang='lat'><strong>28.</strong></span> 
     </span>
    </p>

    <p class='ocr_par' dir='ltr' id='par_1_10' title="bbox 146 1756 1426 1813">
     <span class='ocr_line' id='line_1_32' title="bbox 146 1756 1426 1813; baseline 0.001 -12"><span class='ocrx_word' id='word_1_298' title='bbox 146 1756 373 1798; x_wconf 61' lang='lat' dir='ltr'><strong>Fremitus·</strong></span> <span class='ocrx_word' id='word_1_299' title='bbox 414 1768 622 1802; x_wconf 86' lang='lat' dir='ltr'><strong>contionum</strong></span> <span class='ocrx_word' id='word_1_300' title='bbox 647 1769 809 1802; x_wconf 80' lang='lat' dir='ltr'><strong>fremitus</strong></span> <span class='ocrx_word' id='word_1_301' title='bbox 835 1779 908 1802; x_wconf 90' lang='lat' dir='ltr'><strong>non</strong></span> <span class='ocrx_word' id='word_1_302' title='bbox 936 1779 1180 1813; x_wconf 82' lang='lat' dir='ltr'><strong>expavescere</strong></span> <span class='ocrx_word' id='word_1_303' title='bbox 1206 1770 1262 1811; x_wconf 90' lang='lat'><strong>10,</strong></span> <span class='ocrx_word' id='word_1_304' title='bbox 1296 1770 1332 1811; x_wconf 87' lang='lat'><strong>3,</strong></span> <span class='ocrx_word' id='word_1_305' title='bbox 1365 1769 1426 1802; x_wconf 81' lang='lat'><strong>30.</strong></span> 
     </span>
    </p>
   </div>
   <div class='ocr_carea' id='block_1_8' title="bbox 145 1813 1272 1869">
    <p class='ocr_par' dir='ltr' id='par_1_11' title="bbox 145 1813 1272 1869">
     <span class='ocr_line' id='line_1_33' title="bbox 145 1813 1272 1869; baseline 0.004 -13"><span class='ocrx_word' id='word_1_306' title='bbox 145 1813 314 1856; x_wconf 79' lang='lat' dir='ltr'><strong>Frento.</strong></span> <span class='ocrx_word' id='word_1_307' title='bbox 363 1837 445 1860; x_wconf 89' lang='lat' dir='ltr'><strong>cum</strong></span> <span class='ocrx_word' id='word_1_308' title='bbox 473 1825 594 1860; x_wconf 87' lang='lat' dir='ltr'><strong>omnia</strong></span> <span class='ocrx_word' id='word_1_309' title='bbox 618 1826 832 1860; x_wconf 83' lang='lat' dir='ltr'><strong>clamoribus</strong></span> <span class='ocrx_word' id='word_1_310' title='bbox 858 1828 1055 1860; x_wconf 85' lang='lat' dir='ltr'><strong>fremerent</strong></span> <span class='ocrx_word' id='word_1_311' title='bbox 1081 1828 1147 1869; x_wconf 78' lang='lat'><strong>12,</strong></span> <span class='ocrx_word' id='word_1_312' title='bbox 1168 1826 1213 1868; x_wconf 90' lang='grc'>5,</span> <span class='ocrx_word' id='word_1_313' title='bbox 1237 1825 1272 1861; x_wconf 89' lang='grc'><strong>6.</strong></span> 
     </span>
    </p>
   </div>
   <div class='ocr_carea' id='block_1_9' title="bbox 146 1880 1728 2031">
    <p class='ocr_par' dir='ltr' id='par_1_12' title="bbox 146 1880 1728 2031">
     <span class='ocr_line' id='line_1_34' title="bbox 146 1880 1728 1941; baseline -0.003 -14"><span class='ocrx_word' id='word_1_314' title='bbox 146 1880 349 1922; x_wconf 64' lang='lat' dir='ltr'><strong>frenum·</strong></span> <span class='ocrx_word' id='word_1_315' title='bbox 396 1895 604 1931; x_wconf 79' lang='lat' dir='ltr'><strong>efferentem</strong></span> <span class='ocrx_word' id='word_1_316' title='bbox 632 1906 678 1936; x_wconf 38' lang='lat' dir='ltr'><strong>se,</strong></span> <span class='ocrx_word' id='word_1_317' title='bbox 697 1893 923 1939; x_wconf 61' lang='lat' dir='ltr'><strong>(sae-mmmm)</strong></span> <span class='ocrx_word' id='word_1_318' title='bbox 949 1895 1050 1941; x_wconf 83' lang='lat' dir='ltr'><strong>quasi</strong></span> <span class='ocrx_word' id='word_1_319' title='bbox 1075 1894 1122 1939; x_wconf 83' lang='lat' dir='ltr'><strong>&lt;S</strong></span> <span class='ocrx_word' id='word_1_320' title='bbox 1133 1908 1165 1938; x_wconf 89' lang='lat' dir='ltr'><strong>p.</strong></span> <span class='ocrx_word' id='word_1_321' title='bbox 1189 1891 1407 1929; x_wconf 68' lang='lat' dir='ltr'><strong>ferocientes</strong></span> <span class='ocrx_word' id='word_1_322' title='bbox 1424 1890 1552 1936; x_wconf 81' lang='lat' dir='ltr'><strong>equos)</strong></span> <span class='ocrx_word' id='word_1_323' title='bbox 1576 1887 1690 1924; x_wconf 85' lang='lat' dir='ltr'><strong>frenis</strong></span> <span class='ocrx_word' id='word_1_324' title='bbox 1727 1898 1728 1901; x_wconf 51' lang='lat'>¹</span> 
     </span>
     <span class='ocr_line' id='line_1_35' title="bbox 192 1936 1728 1984; baseline -0.003 -12"><span class='ocrx_word' id='word_1_325' title='bbox 192 1939 356 1983; x_wconf 85' lang='lat' dir='ltr'><strong>quibusd.</strong></span> <span class='ocrx_word' id='word_1_326' title='bbox 395 1945 627 1977; x_wconf 71' lang='lat' dir='ltr'><strong>coerceamus</strong></span> <span class='ocrx_word' id='word_1_327' title='bbox 653 1944 714 1984; x_wconf 89' lang='lat'><strong>10,</strong></span> <span class='ocrx_word' id='word_1_328' title='bbox 757 1943 802 1984; x_wconf 90' lang='grc'>3,</span> <span class='ocrx_word' id='word_1_329' title='bbox 841 1944 887 1976; x_wconf 90' lang='grc'>10</span> <span class='ocrx_word' id='word_1_330' title='bbox 917 1954 950 1977; x_wconf 82' lang='lat' dir='ltr'><strong>v.</strong></span> <span class='ocrx_word' id='word_1_331' title='bbox 983 1942 1164 1976; x_wconf 83' lang='lat' dir='ltr'><strong>Effero.</strong></span> <span class='ocrx_word' id='word_1_332' title='bbox 1189 1939 1293 1975; x_wconf 82' lang='lat' dir='ltr'><strong>alteri</strong></span> <span class='ocrx_word' id='word_1_333' title='bbox 1329 1938 1444 1973; x_wconf 68' lang='lat' dir='ltr'><strong>frenis</strong></span> <span class='ocrx_word' id='word_1_334' title='bbox 1475 1936 1580 1975; x_wconf 80' lang='lat' dir='ltr'><strong>alteri</strong></span> <span class='ocrx_word' id='word_1_335' title='bbox 1612 1936 1688 1970; x_wconf 84' lang='lat' dir='ltr'><strong>cal-</strong></span> <span class='ocrx_word' id='word_1_336' title='bbox 1726 1946 1728 1976; x_wconf 65' lang='grc'><strong>,’</strong></span> 
     </span>
     <span class='ocr_line' id='line_1_36' title="bbox 192 1985 790 2031; baseline 0.003 -13"><span class='ocrx_word' id='word_1_337' title='bbox 192 1985 333 2019; x_wconf 87' lang='lat' dir='ltr'><strong>caribus</strong></span> <span class='ocrx_word' id='word_1_338' title='bbox 357 1997 448 2031; x_wconf 88' lang='lat' dir='ltr'><strong>opus</strong></span> <span class='ocrx_word' id='word_1_339' title='bbox 472 1999 552 2022; x_wconf 72' lang='lat' dir='ltr'><strong>esse</strong></span> <span class='ocrx_word' id='word_1_340' title='bbox 576 1990 619 2031; x_wconf 88' lang='grc'>2,</span> <span class='ocrx_word' id='word_1_341' title='bbox 652 1988 699 2030; x_wconf 85' lang='grc'><strong>8,</strong></span> <span class='ocrx_word' id='word_1_342' title='bbox 733 1989 790 2020; x_wconf 92' lang='grc'><strong>11.</strong></span> 
     </span>
    </p>
   </div>
   <div class='ocr_carea' id='block_1_10' title="bbox 143 2040 1713 2888">
    <p class='ocr_par' dir='ltr' id='par_1_13' title="bbox 143 2040 1713 2888">
     <span class='ocr_line' id='line_1_37' title="bbox 143 2040 1690 2102; baseline 0 -20"><span class='ocrx_word' id='word_1_343' title='bbox 143 2040 380 2097; x_wconf 73' lang='lat' dir='ltr'><strong>Frequens.</strong></span> <span class='ocrx_word' id='word_1_344' title='bbox 438 2052 478 2098; x_wconf 86' lang='grc' dir='ltr'><strong>α)</strong></span> <span class='ocrx_word' id='word_1_345' title='bbox 503 2053 537 2097; x_wconf 85' lang='lat' dir='ltr'><strong>a)</strong></span> <span class='ocrx_word' id='word_1_346' title='bbox 563 2058 688 2089; x_wconf 76' lang='lat' dir='ltr'><strong>Posit..·</strong></span> <span class='ocrx_word' id='word_1_347' title='bbox 726 2055 907 2100; x_wconf 82' lang='lat' dir='ltr'><strong>frequenti</strong></span> <span class='ocrx_word' id='word_1_348' title='bbox 933 2054 1176 2090; x_wconf 80' lang='lat' dir='ltr'><strong>admonitione</strong></span> <span class='ocrx_word' id='word_1_349' title='bbox 1201 2056 1267 2098; x_wconf 87' lang='lat'><strong>10,</strong></span> <span class='ocrx_word' id='word_1_350' title='bbox 1295 2055 1341 2098; x_wconf 88' lang='lat'>3,</span> <span class='ocrx_word' id='word_1_351' title='bbox 1377 2053 1436 2089; x_wconf 69' lang='lat'><strong>32</strong></span> <span class='ocrx_word' id='word_1_352' title='bbox 1459 2069 1505 2077; x_wconf 90' lang='lat'>—</span> <span class='ocrx_word' id='word_1_353' title='bbox 1529 2055 1690 2102; x_wconf 30' lang='lat' dir='ltr'><strong>cor-umet*</strong></span> 
     </span>
     <span class='ocr_line' id='line_1_38' title="bbox 191 2096 1688 2144; baseline 0.009 -12"><span class='ocrx_word' id='word_1_354' title='bbox 191 2100 345 2133; x_wconf 86' lang='lat' dir='ltr'><strong>moratio</strong></span> <span class='ocrx_word' id='word_1_355' title='bbox 371 2103 427 2144; x_wconf 84' lang='grc'><strong>11,</strong></span> <span class='ocrx_word' id='word_1_356' title='bbox 453 2105 489 2144; x_wconf 85' lang='grc'><strong>1,</strong></span> <span class='ocrx_word' id='word_1_357' title='bbox 514 2102 570 2136; x_wconf 74' lang='grc'><strong>18.</strong></span> <span class='ocrx_word' id='word_1_358' title='bbox 594 2122 640 2127; x_wconf 88' lang='lat'><strong>—-</strong></span> <span class='ocrx_word' id='word_1_359' title='bbox 664 2101 796 2136; x_wconf 82' lang='lat' dir='ltr'><strong>divisio</strong></span> <span class='ocrx_word' id='word_1_360' title='bbox 824 2105 859 2144; x_wconf 93' lang='lat'>7,</span> <span class='ocrx_word' id='word_1_361' title='bbox 885 2102 921 2144; x_wconf 83' lang='lat'><strong>4,</strong></span> <span class='ocrx_word' id='word_1_362' title='bbox 947 2102 1001 2137; x_wconf 88' lang='grc'><strong>19.</strong></span> <span class='ocrx_word' id='word_1_363' title='bbox 1028 2119 1074 2127; x_wconf 86' lang='lat'>-</span> <span class='ocrx_word' id='word_1_364' title='bbox 1098 2109 1201 2135; x_wconf 86' lang='lat' dir='ltr'><strong>error</strong></span> <span class='ocrx_word' id='word_1_365' title='bbox 1223 2102 1269 2144; x_wconf 83' lang='lat'><strong>9,</strong></span> <span class='ocrx_word' id='word_1_366' title='bbox 1296 2103 1339 2142; x_wconf 71' lang='lat'><strong>22</strong></span> <span class='ocrx_word' id='word_1_367' title='bbox 1368 2099 1426 2135; x_wconf 76' lang='lat'><strong>85·</strong></span> <span class='ocrx_word' id='word_1_368' title='bbox 1457 2110 1505 2119; x_wconf 71' lang='lat'><strong>&#39;⁶‘</strong></span> <span class='ocrx_word' id='word_1_369' title='bbox 1535 2096 1688 2144; x_wconf 45' lang='lat' dir='ltr'><strong>immam</strong></span> 
     </span>
     <span class='ocr_line' id='line_1_39' title="bbox 194 2140 1684 2190; baseline 0.005 -12"><span class='ocrx_word' id='word_1_370' title='bbox 194 2147 228 2187; x_wconf 84' lang='lat'><strong>1,</strong></span> <span class='ocrx_word' id='word_1_371' title='bbox 256 2149 310 2188; x_wconf 89' lang='lat'><strong>11,</strong></span> <span class='ocrx_word' id='word_1_372' title='bbox 338 2148 372 2181; x_wconf 88' lang='lat'><strong>3.</strong></span> <span class='ocrx_word' id='word_1_373' title='bbox 396 2165 439 2171; x_wconf 91' lang='lat'>—</span> <span class='ocrx_word' id='word_1_374' title='bbox 464 2147 598 2181; x_wconf 88' lang='lat' dir='ltr'><strong>nutatio</strong></span> <span class='ocrx_word' id='word_1_375' title='bbox 625 2150 680 2190; x_wconf 90' lang='lat'><strong>11,</strong></span> <span class='ocrx_word' id='word_1_376' title='bbox 706 2150 740 2190; x_wconf 85' lang='lat'><strong>3,</strong></span> <span class='ocrx_word' id='word_1_377' title='bbox 768 2149 845 2183; x_wconf 76' lang='lat'>129.</span> <span class='ocrx_word' id='word_1_378' title='bbox 871 2166 916 2172; x_wconf 97' lang='lat'><strong>—</strong></span> <span class='ocrx_word' id='word_1_379' title='bbox 945 2153 1051 2181; x_wconf 82' lang='lat' dir='ltr'><strong>nutus</strong></span> <span class='ocrx_word' id='word_1_380' title='bbox 1076 2149 1119 2180; x_wconf 80' lang='lat' dir='ltr'><strong>ib.</strong></span> <span class='ocrx_word' id='word_1_381' title='bbox 1157 2149 1215 2181; x_wconf 87' lang='grc'><strong>71.</strong></span> <span class='ocrx_word' id='word_1_382' title='bbox 1243 2163 1290 2170; x_wconf 90' lang='grc'><strong>--</strong></span> <span class='ocrx_word' id='word_1_383' title='bbox 1314 2142 1474 2189; x_wconf 68' lang='lat' dir='ltr'><strong>qtmestio</strong></span> <span class='ocrx_word' id='word_1_384' title='bbox 1504 2145 1540 2184; x_wconf 77' lang='grc'>2,</span> <span class='ocrx_word' id='word_1_385' title='bbox 1563 2142 1601 2184; x_wconf 80' lang='lat'><strong>4,</strong></span> <span class='ocrx_word' id='word_1_386' title='bbox 1627 2140 1684 2175; x_wconf 73' lang='lat'><strong>26·</strong></span> 
     </span>
     <span class='ocr_line' id='line_1_40' title="bbox 192 2188 1682 2237; baseline -0.005 -11"><span class='ocrx_word' id='word_1_387' title='bbox 192 2191 374 2235; x_wconf 83' lang='lat' dir='ltr'><strong>frequenti</strong></span> <span class='ocrx_word' id='word_1_388' title='bbox 402 2194 635 2228; x_wconf 84' lang='lat' dir='ltr'><strong>translatione</strong></span> <span class='ocrx_word' id='word_1_389' title='bbox 656 2197 712 2236; x_wconf 90' lang='lat'><strong>11,</strong></span> <span class='ocrx_word' id='word_1_390' title='bbox 738 2196 773 2236; x_wconf 91' lang='lat'><strong>1,</strong></span> <span class='ocrx_word' id='word_1_391' title='bbox 811 2193 870 2228; x_wconf 81' lang='lat'><strong>49.</strong></span> <span class='ocrx_word' id='word_1_392' title='bbox 907 2194 1140 2237; x_wconf 84' lang='lat' dir='ltr'><strong>frequens</strong></span> <span class='ocrx_word' id='word_1_393' title='bbox 1163 2203 1250 2226; x_wconf 85' lang='lat' dir='ltr'><strong>usus</strong></span> <span class='ocrx_word' id='word_1_394' title='bbox 1269 2204 1346 2235; x_wconf 83' lang='lat' dir='ltr'><strong>opp.</strong></span> <span class='ocrx_word' id='word_1_395' title='bbox 1373 2188 1585 2225; x_wconf 80' lang='lat' dir='ltr'><strong>modicus</strong></span> <span class='ocrx_word' id='word_1_396' title='bbox 1611 2192 1682 2230; x_wconf 84' lang='lat' dir='ltr'><strong>atq.</strong></span> 
     </span>
     <span class='ocr_line' id='line_1_41' title="bbox 193 2234 1684 2283; baseline -0.004 -12"><span class='ocrx_word' id='word_1_397' title='bbox 193 2244 486 2282; x_wconf 87' lang='lat' dir='ltr'><strong>opportunus</strong></span> <span class='ocrx_word' id='word_1_398' title='bbox 513 2240 547 2281; x_wconf 89' lang='grc'><strong>8,</strong></span> <span class='ocrx_word' id='word_1_399' title='bbox 582 2240 617 2281; x_wconf 87' lang='grc'><strong>6,</strong></span> <span class='ocrx_word' id='word_1_400' title='bbox 643 2238 707 2281; x_wconf 77' lang='lat'><strong>143</strong></span> <span class='ocrx_word' id='word_1_401' title='bbox 732 2259 779 2265; x_wconf 92' lang='lat'><strong>-—</strong></span> <span class='ocrx_word' id='word_1_402' title='bbox 806 2240 959 2274; x_wconf 82' lang='lat' dir='ltr'><strong>verbum</strong></span> <span class='ocrx_word' id='word_1_403' title='bbox 986 2243 1020 2282; x_wconf 87' lang='lat'><strong>1,</strong></span> <span class='ocrx_word' id='word_1_404' title='bbox 1045 2240 1078 2281; x_wconf 89' lang='grc'>5,</span> <span class='ocrx_word' id='word_1_405' title='bbox 1104 2240 1160 2274; x_wconf 91' lang='grc'><strong>39.</strong></span> <span class='ocrx_word' id='word_1_406' title='bbox 1188 2256 1235 2262; x_wconf 95' lang='grc'><strong>-</strong></span> <span class='ocrx_word' id='word_1_407' title='bbox 1269 2236 1405 2283; x_wconf 82' lang='lat' dir='ltr'><strong>figurae</strong></span> <span class='ocrx_word' id='word_1_408' title='bbox 1427 2235 1462 2277; x_wconf 87' lang='grc'>9,</span> <span class='ocrx_word' id='word_1_409' title='bbox 1487 2237 1523 2276; x_wconf 87' lang='grc'><strong>2,</strong></span> <span class='ocrx_word' id='word_1_410' title='bbox 1556 2235 1613 2267; x_wconf 87' lang='grc'><strong>72.</strong></span> <span class='ocrx_word' id='word_1_411' title='bbox 1647 2234 1684 2274; x_wconf 87' lang='grc'><strong>9,</strong></span> 
     </span>
     <span class='ocr_line' id='line_1_42' title="bbox 191 2279 1697 2329; baseline -0.005 -12"><span class='ocrx_word' id='word_1_412' title='bbox 191 2285 227 2326; x_wconf 91' lang='grc'>3,</span> <span class='ocrx_word' id='word_1_413' title='bbox 254 2287 312 2318; x_wconf 86' lang='grc'><strong>27.</strong></span> <span class='ocrx_word' id='word_1_414' title='bbox 338 2284 454 2319; x_wconf 83' lang='lat' dir='ltr'><strong>Esse</strong></span> <span class='ocrx_word' id='word_1_415' title='bbox 477 2284 726 2328; x_wconf 83' lang='lat' dir='ltr'><strong>videatur,</strong></span> <span class='ocrx_word' id='word_1_416' title='bbox 754 2286 826 2328; x_wconf 86' lang='lat' dir='ltr'><strong>jam</strong></span> <span class='ocrx_word' id='word_1_417' title='bbox 853 2285 958 2319; x_wconf 88' lang='lat' dir='ltr'><strong>nimis</strong></span> <span class='ocrx_word' id='word_1_418' title='bbox 975 2286 1146 2329; x_wconf 83' lang='lat' dir='ltr'><strong>frequens</strong></span> <span class='ocrx_word' id='word_1_419' title='bbox 1169 2285 1204 2326; x_wconf 88' lang='grc'>9,</span> <span class='ocrx_word' id='word_1_420' title='bbox 1222 2282 1257 2325; x_wconf 84' lang='grc'><strong>4,</strong></span> <span class='ocrx_word' id='word_1_421' title='bbox 1287 2283 1600 2325; x_wconf 72' lang='lat' dir='ltr'><strong>733—spectator</strong></span> <span class='ocrx_word' id='word_1_422' title='bbox 1627 2279 1697 2321; x_wconf 41' lang='grc'>10,,</span> 
     </span>
     <span class='ocr_line' id='line_1_43' title="bbox 192 2326 1684 2377; baseline -0.005 -14"><span class='ocrx_word' id='word_1_423' title='bbox 192 2331 226 2370; x_wconf 89' lang='grc'><strong>5,</strong></span> <span class='ocrx_word' id='word_1_424' title='bbox 259 2331 324 2372; x_wconf 71' lang='grc'><strong>19,</strong></span> <span class='ocrx_word' id='word_1_425' title='bbox 357 2331 591 2375; x_wconf 87' lang='lat' dir='ltr'><strong>frequens</strong></span> <span class='ocrx_word' id='word_1_426' title='bbox 616 2343 660 2364; x_wconf 89' lang='lat' dir='ltr'><strong>an</strong></span> <span class='ocrx_word' id='word_1_427' title='bbox 686 2332 923 2365; x_wconf 88' lang='lat' dir='ltr'><strong>desertus</strong></span> <span class='ocrx_word' id='word_1_428' title='bbox 946 2332 1049 2364; x_wconf 82' lang='lat' dir='ltr'><strong>locus</strong></span> <span class='ocrx_word' id='word_1_429' title='bbox 1083 2332 1117 2372; x_wconf 86' lang='lat'><strong>5,</strong></span> <span class='ocrx_word' id='word_1_430' title='bbox 1147 2332 1201 2371; x_wconf 90' lang='grc'><strong>10,</strong></span> <span class='ocrx_word' id='word_1_431' title='bbox 1229 2331 1285 2364; x_wconf 90' lang='grc'><strong>37.</strong></span> <span class='ocrx_word' id='word_1_432' title='bbox 1313 2328 1349 2362; x_wconf 88' lang='lat' dir='ltr'><strong>in</strong></span> <span class='ocrx_word' id='word_1_433' title='bbox 1373 2329 1461 2360; x_wconf 83' lang='lat' dir='ltr'><strong>loco</strong></span> <span class='ocrx_word' id='word_1_434' title='bbox 1498 2326 1684 2377; x_wconf 43' lang='lat' dir='ltr'><strong>cla-uso,</strong></span> 
     </span>
     <span class='ocr_line' id='line_1_44' title="bbox 191 2372 1684 2420; baseline -0.003 -14"><span class='ocrx_word' id='word_1_435' title='bbox 191 2374 438 2418; x_wconf 72' lang='lat' dir='ltr'><strong>frequenti</strong></span> <span class='ocrx_word' id='word_1_436' title='bbox 463 2380 497 2419; x_wconf 95' lang='lat'>7,</span> <span class='ocrx_word' id='word_1_437' title='bbox 523 2380 559 2419; x_wconf 90' lang='grc'><strong>2,</strong></span> <span class='ocrx_word' id='word_1_438' title='bbox 583 2375 631 2411; x_wconf 85' lang='grc'><strong>44</strong></span> <span class='ocrx_word' id='word_1_439' title='bbox 661 2378 705 2410; x_wconf 80' lang='grc' dir='ltr'><strong>Ν.</strong></span> <span class='ocrx_word' id='word_1_440' title='bbox 731 2376 767 2419; x_wconf 83' lang='lat' dir='ltr'><strong>b)</strong></span> <span class='ocrx_word' id='word_1_441' title='bbox 795 2380 1008 2420; x_wconf 65' lang='lat' dir='ltr'><strong>Communi..-</strong></span> <span class='ocrx_word' id='word_1_442' title='bbox 1043 2376 1139 2419; x_wconf 87' lang='lat' dir='ltr'><strong>quod</strong></span> <span class='ocrx_word' id='word_1_443' title='bbox 1165 2376 1209 2408; x_wconf 89' lang='lat' dir='ltr'><strong>iis</strong></span> <span class='ocrx_word' id='word_1_444' title='bbox 1241 2372 1460 2418; x_wconf 81' lang='lat' dir='ltr'><strong>temporibus</strong></span> <span class='ocrx_word' id='word_1_445' title='bbox 1484 2372 1684 2407; x_wconf 70' lang='lat' dir='ltr'><strong>facilius</strong></span> 
     </span>
     <span class='ocr_line' id='line_1_45' title="bbox 194 2417 1713 2468; baseline -0.001 -17"><span class='ocrx_word' id='word_1_446' title='bbox 194 2425 229 2452; x_wconf 89' lang='lat' dir='ltr'><strong>et</strong></span> <span class='ocrx_word' id='word_1_447' title='bbox 254 2421 566 2465; x_wconf 75' lang='lat' dir='ltr'><strong>frequentius</strong></span> <span class='ocrx_word' id='word_1_448' title='bbox 593 2423 661 2456; x_wconf 88' lang='lat' dir='ltr'><strong>fuit</strong></span> <span class='ocrx_word' id='word_1_449' title='bbox 686 2425 719 2465; x_wconf 90' lang='grc'>5,</span> <span class='ocrx_word' id='word_1_450' title='bbox 745 2426 778 2465; x_wconf 84' lang='lat'><strong>7,</strong></span> <span class='ocrx_word' id='word_1_451' title='bbox 810 2425 867 2458; x_wconf 84' lang='lat'><strong>25.</strong></span> <span class='ocrx_word' id='word_1_452' title='bbox 890 2422 1115 2466; x_wconf 77' lang='lat' dir='ltr'><strong>frequentior</strong></span> <span class='ocrx_word' id='word_1_453' title='bbox 1142 2432 1246 2455; x_wconf 81' lang='lat' dir='ltr'><strong>error</strong></span> <span class='ocrx_word' id='word_1_454' title='bbox 1275 2423 1310 2463; x_wconf 82' lang='lat'><strong>2,</strong></span> <span class='ocrx_word' id='word_1_455' title='bbox 1343 2421 1378 2462; x_wconf 84' lang='lat'><strong>3,</strong></span> <span class='ocrx_word' id='word_1_456' title='bbox 1408 2417 1444 2452; x_wconf 80' lang='lat'><strong>4.</strong></span> <span class='ocrx_word' id='word_1_457' title='bbox 1480 2433 1527 2440; x_wconf 90' lang='lat'><strong>—-</strong></span> <span class='ocrx_word' id='word_1_458' title='bbox 1559 2417 1683 2468; x_wconf 73' lang='lat' dir='ltr'><strong>pulsus</strong></span> <span class='ocrx_word' id='word_1_459' title='bbox 1709 2445 1713 2448; x_wconf 93' lang='lat'>.</span> 
     </span>
     <span class='ocr_line' id='line_1_46' title="bbox 190 2463 1683 2514; baseline -0.004 -14"><span class='ocrx_word' id='word_1_460' title='bbox 190 2466 226 2506; x_wconf 87' lang='lat'><strong>9,</strong></span> <span class='ocrx_word' id='word_1_461' title='bbox 252 2465 287 2507; x_wconf 80' lang='grc'><strong>4,</strong></span> <span class='ocrx_word' id='word_1_462' title='bbox 314 2469 390 2501; x_wconf 85' lang='grc'>136.</span> <span class='ocrx_word' id='word_1_463' title='bbox 412 2485 454 2491; x_wconf 90' lang='grc'>-</span> <span class='ocrx_word' id='word_1_464' title='bbox 470 2469 630 2510; x_wconf 79' lang='lat' dir='ltr'><strong>ejusdem</strong></span> <span class='ocrx_word' id='word_1_465' title='bbox 652 2469 806 2502; x_wconf 88' lang='lat' dir='ltr'><strong>nominis</strong></span> <span class='ocrx_word' id='word_1_466' title='bbox 829 2469 1079 2512; x_wconf 85' lang='lat' dir='ltr'><strong>repetitionem</strong></span> <span class='ocrx_word' id='word_1_467' title='bbox 1101 2469 1136 2510; x_wconf 92' lang='grc'><strong>9,</strong></span> <span class='ocrx_word' id='word_1_468' title='bbox 1167 2471 1200 2509; x_wconf 93' lang='grc'><strong>1,</strong></span> <span class='ocrx_word' id='word_1_469' title='bbox 1224 2465 1280 2501; x_wconf 83' lang='grc'><strong>24.</strong></span> <span class='ocrx_word' id='word_1_470' title='bbox 1301 2465 1346 2507; x_wconf 81' lang='lat' dir='ltr'><strong>cf.</strong></span> <span class='ocrx_word' id='word_1_471' title='bbox 1362 2466 1446 2508; x_wconf 68' lang='grc'>9,,3,</span> <span class='ocrx_word' id='word_1_472' title='bbox 1460 2463 1587 2505; x_wconf 62' lang='lat'>41..÷-</span> <span class='ocrx_word' id='word_1_473' title='bbox 1606 2471 1683 2514; x_wconf 58' lang='lat' dir='ltr'><strong>ejus</strong></span> 
     </span>
     <span class='ocr_line' id='line_1_47' title="bbox 191 2511 1685 2558; baseline -0.002 -16"><span class='ocrx_word' id='word_1_474' title='bbox 191 2520 323 2544; x_wconf 86' lang='lat' dir='ltr'><strong>nomen</strong></span> <span class='ocrx_word' id='word_1_475' title='bbox 347 2514 381 2554; x_wconf 91' lang='grc'><strong>9,</strong></span> <span class='ocrx_word' id='word_1_476' title='bbox 406 2513 442 2556; x_wconf 87' lang='grc'><strong>4,</strong></span> <span class='ocrx_word' id='word_1_477' title='bbox 462 2515 520 2548; x_wconf 88' lang='grc'><strong>81.</strong></span> <span class='ocrx_word' id='word_1_478' title='bbox 551 2533 597 2540; x_wconf 92' lang='grc'>-</span> <span class='ocrx_word' id='word_1_479' title='bbox 621 2515 800 2551; x_wconf 85' lang='lat' dir='ltr'><strong>schemata</strong></span> <span class='ocrx_word' id='word_1_480' title='bbox 826 2517 859 2557; x_wconf 89' lang='lat'><strong>1,</strong></span> <span class='ocrx_word' id='word_1_481' title='bbox 894 2516 934 2556; x_wconf 93' lang='lat'><strong>5,</strong></span> <span class='ocrx_word' id='word_1_482' title='bbox 967 2515 1033 2548; x_wconf 83' lang='lat'><strong>52.</strong></span> <span class='ocrx_word' id='word_1_483' title='bbox 1076 2512 1113 2555; x_wconf 91' lang='lat' dir='ltr'><strong>c)</strong></span> <span class='ocrx_word' id='word_1_484' title='bbox 1149 2514 1342 2556; x_wconf 71' lang='lat' dir='ltr'><strong>Supertaae..·</strong></span> <span class='ocrx_word' id='word_1_485' title='bbox 1385 2511 1685 2558; x_wconf 45' lang='lat' dir='ltr'><strong>frequenti-s-</strong></span> 
     </span>
     <span class='ocr_line' id='line_1_48' title="bbox 193 2556 1683 2606; baseline -0.002 -18"><span class='ocrx_word' id='word_1_486' title='bbox 193 2556 302 2589; x_wconf 81' lang='lat' dir='ltr'><strong>sima</strong></span> <span class='ocrx_word' id='word_1_487' title='bbox 327 2568 392 2600; x_wconf 88' lang='lat' dir='ltr'><strong>pro</strong></span> <span class='ocrx_word' id='word_1_488' title='bbox 417 2559 534 2593; x_wconf 88' lang='lat' dir='ltr'><strong>solis</strong></span> <span class='ocrx_word' id='word_1_489' title='bbox 562 2561 867 2604; x_wconf 84' lang='lat' dir='ltr'><strong>comprehendere</strong></span> <span class='ocrx_word' id='word_1_490' title='bbox 894 2561 928 2602; x_wconf 89' lang='lat'><strong>3,</strong></span> <span class='ocrx_word' id='word_1_491' title='bbox 955 2557 990 2600; x_wconf 83' lang='lat'><strong>4,</strong></span> <span class='ocrx_word' id='word_1_492' title='bbox 1016 2561 1048 2593; x_wconf 87' lang='grc'><strong>5.</strong></span> <span class='ocrx_word' id='word_1_493' title='bbox 1077 2558 1166 2592; x_wconf 87' lang='lat' dir='ltr'><strong>illud</strong></span> <span class='ocrx_word' id='word_1_494' title='bbox 1202 2557 1434 2592; x_wconf 80' lang='lat' dir='ltr'><strong>commixtum</strong></span> <span class='ocrx_word' id='word_1_495' title='bbox 1463 2556 1683 2606; x_wconf 31' lang='lat' dir='ltr'><strong>frequen—tis-</strong></span> 
     </span>
     <span class='ocr_line' id='line_1_49' title="bbox 192 2600 1711 2651; baseline -0.006 -11"><span class='ocrx_word' id='word_1_496' title='bbox 192 2600 318 2635; x_wconf 75' lang='lat' dir='ltr'><strong>simum</strong></span> <span class='ocrx_word' id='word_1_497' title='bbox 346 2604 382 2646; x_wconf 85' lang='grc'><strong>8,</strong></span> <span class='ocrx_word' id='word_1_498' title='bbox 406 2605 442 2647; x_wconf 89' lang='grc'><strong>6,</strong></span> <span class='ocrx_word' id='word_1_499' title='bbox 465 2605 523 2639; x_wconf 85' lang='grc'><strong>48.</strong></span> <span class='ocrx_word' id='word_1_500' title='bbox 550 2605 594 2646; x_wconf 88' lang='lat' dir='ltr'><strong>cs.</strong></span> <span class='ocrx_word' id='word_1_501' title='bbox 621 2606 656 2647; x_wconf 89' lang='grc'><strong>4,</strong></span> <span class='ocrx_word' id='word_1_502' title='bbox 681 2609 716 2649; x_wconf 85' lang='grc'><strong>2,</strong></span> <span class='ocrx_word' id='word_1_503' title='bbox 747 2608 828 2640; x_wconf 86' lang='grc'>130.</span> <span class='ocrx_word' id='word_1_504' title='bbox 845 2604 1074 2649; x_wconf 85' lang='lat' dir='ltr'><strong>frequentiss.</strong></span> <span class='ocrx_word' id='word_1_505' title='bbox 1102 2606 1305 2648; x_wconf 84' lang='lat' dir='ltr'><strong>exemplum</strong></span> <span class='ocrx_word' id='word_1_506' title='bbox 1328 2604 1364 2645; x_wconf 85' lang='grc'><strong>8,</strong></span> <span class='ocrx_word' id='word_1_507' title='bbox 1387 2602 1423 2644; x_wconf 84' lang='grc'><strong>6,</strong></span> <span class='ocrx_word' id='word_1_508' title='bbox 1451 2601 1508 2634; x_wconf 83' lang='grc'><strong>38.</strong></span> <span class='ocrx_word' id='word_1_509' title='bbox 1533 2615 1576 2623; x_wconf 93' lang='lat'>-</span> <span class='ocrx_word' id='word_1_510' title='bbox 1600 2600 1682 2632; x_wconf 69' lang='lat' dir='ltr'><strong>funs</strong></span> <span class='ocrx_word' id='word_1_511' title='bbox 1702 2638 1711 2651; x_wconf 42' lang='grc' dir='ltr'><strong><em>Ι</em></strong></span> 
     </span>
     <span class='ocr_line' id='line_1_50' title="bbox 192 2645 1681 2695; baseline -0.009 -6"><span class='ocrx_word' id='word_1_512' title='bbox 192 2649 228 2689; x_wconf 84' lang='lat'><strong>2,</strong></span> <span class='ocrx_word' id='word_1_513' title='bbox 260 2650 316 2688; x_wconf 75' lang='lat'><strong>15,</strong></span> <span class='ocrx_word' id='word_1_514' title='bbox 346 2650 379 2682; x_wconf 85' lang='lat'><strong>3·</strong></span> <span class='ocrx_word' id='word_1_515' title='bbox 408 2665 453 2674; x_wconf 94' lang='lat'>—</span> <span class='ocrx_word' id='word_1_516' title='bbox 478 2651 709 2686; x_wconf 87' lang='lat' dir='ltr'><strong>occasionem</strong></span> <span class='ocrx_word' id='word_1_517' title='bbox 732 2652 767 2694; x_wconf 87' lang='grc'><strong>6,</strong></span> <span class='ocrx_word' id='word_1_518' title='bbox 791 2654 826 2695; x_wconf 88' lang='grc'><strong>3,</strong></span> <span class='ocrx_word' id='word_1_519' title='bbox 849 2653 906 2694; x_wconf 88' lang='lat'><strong>87.</strong></span> <span class='ocrx_word' id='word_1_520' title='bbox 931 2670 978 2675; x_wconf 91' lang='lat'>—</span> <span class='ocrx_word' id='word_1_521' title='bbox 1000 2649 1139 2693; x_wconf 83' lang='lat' dir='ltr'><strong>species</strong></span> <span class='ocrx_word' id='word_1_522' title='bbox 1174 2652 1216 2682; x_wconf 84' lang='lat' dir='ltr'><strong>ib.</strong></span> <span class='ocrx_word' id='word_1_523' title='bbox 1244 2651 1322 2682; x_wconf 92' lang='grc'>101.</span> <span class='ocrx_word' id='word_1_524' title='bbox 1347 2645 1386 2691; x_wconf 82' lang='grc' dir='ltr'><strong>β)</strong></span> <span class='ocrx_word' id='word_1_525' title='bbox 1413 2658 1441 2680; x_wconf 81' lang='lat' dir='ltr'><strong>c.</strong></span> <span class='ocrx_word' id='word_1_526' title='bbox 1472 2647 1554 2678; x_wconf 75' lang='lat' dir='ltr'><strong>Dat.</strong></span> <span class='ocrx_word' id='word_1_527' title='bbox 1584 2645 1681 2688; x_wconf 87' lang='lat' dir='ltr'><strong>quod</strong></span> 
     </span>
     <span class='ocr_line' id='line_1_51' title="bbox 191 2692 1709 2739; baseline -0.002 -14"><span class='ocrx_word' id='word_1_528' title='bbox 191 2703 287 2726; x_wconf 89' lang='lat' dir='ltr'><strong>nunc</strong></span> <span class='ocrx_word' id='word_1_529' title='bbox 313 2692 351 2725; x_wconf 88' lang='lat' dir='ltr'><strong>in</strong></span> <span class='ocrx_word' id='word_1_530' title='bbox 380 2695 532 2736; x_wconf 86' lang='lat' dir='ltr'><strong>publicis</strong></span> <span class='ocrx_word' id='word_1_531' title='bbox 556 2697 695 2739; x_wconf 90' lang='lat' dir='ltr'><strong>judiciis</strong></span> <span class='ocrx_word' id='word_1_532' title='bbox 720 2707 814 2731; x_wconf 88' lang='lat' dir='ltr'><strong>nou</strong></span> <span class='ocrx_word' id='word_1_533' title='bbox 839 2695 1024 2730; x_wconf 64' lang='lat' dir='ltr'><strong>accidit</strong></span> <span class='ocrx_word' id='word_1_534' title='bbox 1046 2713 1090 2719; x_wconf 89' lang='lat'><strong>-—</strong></span> <span class='ocrx_word' id='word_1_535' title='bbox 1117 2693 1314 2739; x_wconf 84' lang='lat' dir='ltr'><strong>principum</strong></span> <span class='ocrx_word' id='word_1_536' title='bbox 1341 2696 1458 2726; x_wconf 84' lang='lat' dir='ltr'><strong>autem</strong></span> <span class='ocrx_word' id='word_1_537' title='bbox 1483 2697 1518 2725; x_wconf 87' lang='lat' dir='ltr'><strong>et</strong></span> <span class='ocrx_word' id='word_1_538' title='bbox 1536 2696 1709 2724; x_wconf 70' lang='lat' dir='ltr'><strong>senatus,-</strong></span> 
     </span>
     <span class='ocr_line' id='line_1_52' title="bbox 191 2737 1681 2785; baseline -0.003 -12"><span class='ocrx_word' id='word_1_539' title='bbox 191 2738 451 2784; x_wconf 49' lang='lat' dir='ltr'><strong>cognationibus</strong></span> <span class='ocrx_word' id='word_1_540' title='bbox 476 2742 704 2785; x_wconf 86' lang='lat' dir='ltr'><strong>frequens</strong></span> <span class='ocrx_word' id='word_1_541' title='bbox 731 2749 784 2777; x_wconf 87' lang='lat' dir='ltr'><strong>est</strong></span> <span class='ocrx_word' id='word_1_542' title='bbox 811 2744 845 2784; x_wconf 88' lang='lat'><strong>3,</strong></span> <span class='ocrx_word' id='word_1_543' title='bbox 867 2744 929 2784; x_wconf 69' lang='grc' dir='ltr'><strong>ΔΟ,</strong></span> <span class='ocrx_word' id='word_1_544' title='bbox 954 2745 985 2775; x_wconf 89' lang='grc'><strong>1.</strong></span> <span class='ocrx_word' id='word_1_545' title='bbox 1014 2741 1103 2774; x_wconf 77' lang='lat' dir='ltr'><strong>illud</strong></span> <span class='ocrx_word' id='word_1_546' title='bbox 1129 2746 1164 2774; x_wconf 87' lang='lat' dir='ltr'><strong>et</strong></span> <span class='ocrx_word' id='word_1_547' title='bbox 1186 2739 1302 2784; x_wconf 69' lang='lat' dir='ltr'><strong>poetis</strong></span> <span class='ocrx_word' id='word_1_548' title='bbox 1325 2743 1361 2772; x_wconf 84' lang='lat' dir='ltr'><strong>et</strong></span> <span class='ocrx_word' id='word_1_549' title='bbox 1384 2737 1586 2771; x_wconf 77' lang='lat' dir='ltr'><strong>oratoribus</strong></span> <span class='ocrx_word' id='word_1_550' title='bbox 1603 2737 1681 2769; x_wconf 81' lang='lat' dir='ltr'><strong>fre·</strong></span> 
     </span>
     <span class='ocr_line' id='line_1_53' title="bbox 190 2781 1680 2832; baseline -0.001 -16"><span class='ocrx_word' id='word_1_551' title='bbox 190 2795 304 2827; x_wconf 86' lang='lat' dir='ltr'><strong>quens</strong></span> <span class='ocrx_word' id='word_1_552' title='bbox 327 2786 363 2827; x_wconf 86' lang='grc'><strong>8,</strong></span> <span class='ocrx_word' id='word_1_553' title='bbox 386 2785 422 2827; x_wconf 85' lang='grc'><strong>6,</strong></span> <span class='ocrx_word' id='word_1_554' title='bbox 449 2787 509 2822; x_wconf 84' lang='grc'><strong>27.</strong></span> <span class='ocrx_word' id='word_1_555' title='bbox 546 2787 643 2821; x_wconf 75' lang='lat' dir='ltr'><strong>veris</strong></span> <span class='ocrx_word' id='word_1_556' title='bbox 674 2788 790 2822; x_wconf 79' lang='lat' dir='ltr'><strong>causis</strong></span> <span class='ocrx_word' id='word_1_557' title='bbox 821 2789 993 2832; x_wconf 88' lang='lat' dir='ltr'><strong>frequens</strong></span> <span class='ocrx_word' id='word_1_558' title='bbox 1034 2784 1307 2827; x_wconf 78' lang='lat' dir='ltr'><strong>(controversia)</strong></span> <span class='ocrx_word' id='word_1_559' title='bbox 1344 2787 1380 2826; x_wconf 93' lang='lat'><strong>7,</strong></span> <span class='ocrx_word' id='word_1_560' title='bbox 1413 2781 1449 2826; x_wconf 84' lang='lat'><strong>4,</strong></span> <span class='ocrx_word' id='word_1_561' title='bbox 1486 2783 1544 2817; x_wconf 87' lang='grc'><strong>36.</strong></span> <span class='ocrx_word' id='word_1_562' title='bbox 1578 2781 1680 2825; x_wconf 82' lang='lat' dir='ltr'><strong>cujus</strong></span> 
     </span>
     <span class='ocr_line' id='line_1_54' title="bbox 189 2828 1706 2888; baseline -0.003 -24"><span class='ocrx_word' id='word_1_563' title='bbox 189 2828 243 2864; x_wconf 84' lang='lat' dir='ltr'><strong>rei</strong></span> <span class='ocrx_word' id='word_1_564' title='bbox 266 2835 434 2866; x_wconf 78' lang='lat' dir='ltr'><strong>tractatus</strong></span> <span class='ocrx_word' id='word_1_565' title='bbox 462 2830 501 2865; x_wconf 87' lang='lat' dir='ltr'><strong>in</strong></span> <span class='ocrx_word' id='word_1_566' title='bbox 522 2838 623 2876; x_wconf 81' lang='lat' dir='ltr'><strong>parte</strong></span> <span class='ocrx_word' id='word_1_567' title='bbox 650 2844 778 2869; x_wconf 82' lang='lat' dir='ltr'><strong>causae</strong></span> <span class='ocrx_word' id='word_1_568' title='bbox 801 2834 972 2879; x_wconf 83' lang='lat' dir='ltr'><strong>frequens</strong></span> <span class='ocrx_word' id='word_1_569' title='bbox 994 2838 1050 2867; x_wconf 85' lang='lat' dir='ltr'><strong>est</strong></span> <span class='ocrx_word' id='word_1_570' title='bbox 1071 2833 1106 2875; x_wconf 87' lang='grc'><strong>3,</strong></span> <span class='ocrx_word' id='word_1_571' title='bbox 1133 2833 1190 2874; x_wconf 87' lang='grc'><strong>10,</strong></span> <span class='ocrx_word' id='word_1_572' title='bbox 1223 2832 1272 2888; x_wconf 66' lang='lat'><strong>3⁸.</strong></span> <span class='ocrx_word' id='word_1_573' title='bbox 1287 2829 1415 2875; x_wconf 84' lang='lat' dir='ltr'><strong>quibus</strong></span> <span class='ocrx_word' id='word_1_574' title='bbox 1442 2829 1599 2864; x_wconf 81' lang='lat' dir='ltr'><strong>nullus</strong></span> <span class='ocrx_word' id='word_1_575' title='bbox 1623 2832 1678 2862; x_wconf 83' lang='lat' dir='ltr'><strong>est</strong></span> <span class='ocrx_word' id='word_1_576' title='bbox 1704 2871 1706 2875; x_wconf 65' lang='lat'>,</span> 
     </span>
    </p>
   </div>
  </div>
 </body>
</html>
