1728 3002
0 2331 31 2684 &flamna-“-
0 2278 18 2322 «μ’.
0 2245 8 2270 ’“
0 2172 2 2175 ·
0 2112 7 2121 “

775 233 890 279 Cura
1519 235 1599 275 197

113 352 310 399 accipiant,
337 362 412 387 non
434 349 544 387 video
565 350 601 395 6,
623 352 659 395 3,
681 349 760 386 109.
791 360 824 384 c.
850 354 939 383 tam
953 357 1005 383 en
1033 348 1124 383 haec
1149 347 1300 392 notarit,
1327 332 1401 382 non
1425 345 1535 400 video
1557 347 1594 390 9,

110 402 148 443 3,
170 399 229 435 47.
266 403 511 441 commoneat,
543 409 576 432 c.
598 397 637 432 id
658 396 850 430 fecerimus
878 398 934 439 11,
959 397 996 439 2,
1020 396 1079 429 30.
1117 394 1207 429 nihil
1232 395 1276 429 ad
1298 405 1375 429 rem
1398 399 1593 439 pertinere,

111 457 194 480 cur
215 445 363 489 fecerit,
388 444 430 478 si
453 442 541 478 fecit
563 446 600 488 7,
622 446 659 487 2,
681 443 740 478 36.

64 522 191 565 Cura·
246 532 289 577 α)
318 533 511 568 Nominat„-
550 543 658 567 cura
690 542 733 566 ac
759 531 897 565 labor
922 533 958 573 2,
981 533 1016 573 2,
1041 532 1097 565 10.
1134 528 1393 564 solicitudo
1420 535 1456 564 et
1483 540 1591 564 cura

111 583 168 623 11,
183 582 216 622 1,
233 578 291 614 44.
315 578 359 621 cs.
376 581 411 622 8,
434 580 492 614 Pr.
506 581 564 613 20.
593 589 713 613 curam
738 582 774 611 et
796 583 908 611 artem
921 596 968 602 —
982 581 1018 610 et
1041 570 1211 621 quidquid
1228 576 1346 610 studio
1371 581 1516 620 paratur
1534 578 1591 618 11,

107 627 144 668 3,
173 629 230 660 10.
264 636 349 660 cura
373 636 446 660 non
469 626 593 659 eadem
615 622 836 666 oratoribus,
866 633 957 666 quae
979 622 1171 666 phonascis
1194 622 1364 656 convenit
1390 625 1446 665 11,
1470 624 1507 664 3,
1534 623 1590 657 19.

106 672 184 715 ejus
203 670 259 706 rei
274 670 495 716 paucissimis
514 682 599 705 cura
614 676 668 705 est
690 673 745 713 12,
757 671 792 711 8,
809 672 839 702 1.
863 667 907 709 cs.
924 671 958 710 1,
974 671 1008 712 2,
1026 670 1060 703 5.
1088 668 1215 713 quibus
1240 679 1325 702 cura
1349 668 1395 702 in
1419 667 1589 712 proximo

106 723 162 751 est
185 720 220 760 7,
248 720 289 759 1,
314 715 373 753 44.
415 716 530 761 prima
555 716 590 751 ei
616 727 648 751 c.
674 715 724 749 iu
750 714 984 759 suscipiendis
1014 714 1129 748 causis
1161 714 1229 748 erit
1259 717 1321 756 12,
1350 717 1384 756 7,
1409 717 1443 748 1.
1481 712 1526 755 cs:
1555 716 1589 755 1,

105 765 141 806 3,
167 765 223 797 17.
255 762 419 807 proxima
439 769 494 797 est
518 773 623 806 cura,
648 766 695 795 ut
720 769 781 795 etc.
809 763 864 803 11,
890 763 924 803 1,
953 764 982 794 1.
1017 760 1110 794 levis
1135 771 1168 794 c.
1194 765 1270 802 est,
1293 765 1342 793 ut
1367 763 1424 802 11,
1448 761 1484 802 3,
1510 761 1590 794 139.

104 808 231 843 mediis
257 818 331 842 non
363 820 407 843 ea
438 809 547 843 modo
579 819 612 842 c.
639 807 706 850 sit,
753 811 801 839 ut
826 806 1041 840 cohaereant
1062 807 1107 849 9,
1133 805 1176 850 4,
1203 806 1270 848 66;
1312 816 1587 840 successum

104 855 383 898 extemporalem
416 865 528 888 cura
562 851 733 898 consequi
767 862 842 886 non
873 851 986 896 possit
1013 854 1075 893 10,
1104 855 1148 894 7,
1185 853 1239 885 13.
1284 862 1358 885 11011
1385 857 1587 885 naturam

104 899 293 943 defecisse,
319 901 383 935 sed
407 911 556 934 curam
580 903 613 942 1,
637 902 671 942 1,
693 902 728 932 2.
756 897 799 939 cf.
827 900 860 940 1,
886 900 920 940 2,
942 897 978 932 4.
1012 897 1102 931 mire
1126 897 1326 930 auditurum
1349 896 1478 930 dicturi
1499 907 1587 930 cura

103 946 256 980 delectat
275 949 331 988 11,
355 948 396 988 3,
421 947 500 980 157.
537 946 627 979 haec
652 944 687 979 ei
709 955 795 978 cura
814 943 909 977 inter
924 942 1180 977 turbidissimas
1198 942 1358 977 actiones
1380 962 1427 969 -—
1451 941 1587 986 profuit

102 990 156 1034 (S
162 1005 196 1036 p.
217 991 306 1035 fuit)
334 995 351 1025 1
367 1017 379 1035 ,
407 994 472 1034 10,
495 992 542 1026 28
567 995 609 1025 Ζ.
645 991 735 1024 haec
758 1001 844 1023 cura
869 989 914 1023 ad
937 988 1069 1023 alienas
1095 989 1263 1023 utilitates
1292 994 1430 1032 spectat
1454 989 1500 1030 6,
1524 989 1584 1022 Pr.

103 1038 159 1072 16.
200 1038 294 1070 hanc
319 1036 536 1072 succurrisse
557 1036 675 1070 Plinio
700 1047 842 1077 curam,
889 1040 936 1068 ut
965 1038 1030 1077 11,
1054 1037 1101 1077 3,
1129 1035 1208 1070 148.
1255 1034 1339 1068 inde
1363 1035 1401 1068 in
1429 1034 1585 1079 syllabas

101 1093 188 1116 cura
212 1082 378 1117 transibit
392 1086 426 1126 1,
447 1082 484 1126 4,
509 1086 564 1117 17.
610 1082 647 1127 β)
672 1084 780 1116 Genii.
794 1096 805 1114 .·
833 1091 940 1115 curae
963 1090 1036 1114 non
1059 1080 1157 1114 idem
1169 1091 1281 1127 genus
1304 1086 1359 1114 est
1383 1083 1439 1121 11,
1463 1082 1499 1123 3,
1523 1083 1583 1114 22.

99 1127 177 1172 ipsa
205 1127 390 1163 oblivione
413 1139 520 1163 curae
544 1126 784 1162 commendari
809 1129 850 1160 11
865 1151 877 1169 ,
904 1128 926 1160 3
939 1151 950 1168 ,
974 1125 1055 1161 148.
1100 1137 1207 1160 curae
1237 1125 1479 1161 testimonium
1505 1137 1584 1160 me-

98 1173 214 1208 ruisse
235 1174 279 1216 3,
305 1177 350 1217 1,
375 1177 433 1208 22.
479 1185 612 1208 curae
643 1179 679 1207 et
706 1171 977 1219 diligentiae
1003 1171 1053 1205 in
1082 1173 1155 1206 hoc
1177 1173 1257 1215 plns
1285 1177 1340 1206 est
1362 1174 1427 1214 10,
1453 1174 1495 1214 1,
1522 1172 1582 1207 86.

99 1230 242 1254 curae
265 1220 345 1264 plus
370 1219 419 1253 in
440 1219 528 1263 illo,
563 1219 603 1254 in
624 1220 695 1253 hoc
718 1223 918 1252 naturae.
935 1220 979 1251 ib.
1005 1218 1083 1252 106.
1130 1218 1270 1265 singula
1301 1217 1433 1262 exequi
1464 1215 1583 1251 minu-

96 1264 200 1299 tioris
226 1269 281 1299 est
303 1276 408 1300 curae
433 1266 469 1309 8,
494 1266 530 1307 6,
552 1266 610 1300 28.
671 1263 711 1308 y)
735 1267 842 1298 Dar„-
870 1263 974 1298 malis
996 1274 1076 1298 esse
1101 1264 1243 1298 laudem
1268 1274 1376 1298 curae
1402 1266 1458 1304 12,
1488 1266 1521 1305 1,
1544 1264 1582 1298 8.

95 1309 171 1353 eis,
209 1310 336 1355 quibus
363 1322 471 1345 curae
495 1312 591 1345 fama
618 1309 688 1344 fuit
717 1311 761 1354 3,
792 1311 837 1351 8,
868 1309 934 1351 45;
979 1320 1129 1356 anae
1153 1309 1337 1344 veteribus
1364 1320 1472 1344 curae
1499 1309 1583 1353 fuit,

93 1355 243 1403 gratiam
267 1374 313 1381 —
336 1357 521 1401 acquirere
543 1358 587 1399 9,
610 1358 652 1400 3,
674 1354 734 1391 74.
774 1361 850 1404 erat
875 1354 964 1389 mihi
987 1366 1115 1398 curae,
1151 1366 1258 1390 nosse
1282 1355 1403 1389 omnia
1427 1358 1464 1398 7,
1487 1358 1522 1398 1,
1544 1353 1581 1389 4.

94 1401 228 1448 eligere
252 1403 361 1437 modo
383 1414 491 1437 curae
515 1401 561 1437 sit
584 1404 646 1446 10,
673 1404 707 1445 1,
732 1403 797 1443 313
834 1400 922 1445 ipsis
949 1401 1155 1436 doctoribus
1178 1403 1248 1436 1100
1276 1413 1384 1436 curae
1409 1412 1489 1435 esse
1513 1412 1583 1435 ve-

94 1447 176 1490 lim,
201 1452 251 1481 ut
273 1455 336 1484 etc.
357 1451 393 1491 2,
415 1448 451 1491 4,
475 1449 517 1489 5;
557 1447 619 1492 qui
641 1458 845 1482 sermonem
868 1458 975 1482 curae
998 1448 1131 1482 habent
1153 1449 1211 1482 Pr.
1236 1448 1293 1482 16.
1320 1447 1454 1492 aliquid
1472 1458 1582 1481 curae

95 1493 257 1538 corporis
280 1494 405 1528 damus
436 1497 478 1538 1,
512 1497 577 1537 12,
609 1497 632 1529 7
641 1507 651 1536 ;
696 1505 807 1538 purus
830 1503 948 1527 sermo
975 1499 1011 1527 et
1037 1492 1216 1527 dissimilis
1240 1505 1348 1528 curae
1370 1495 1414 1536 8,
1444 1495 1490 1536 3,
1522 1492 1581 1527 14.

94 1538 216 1573 omnia
237 1550 381 1574 curae
404 1541 655 1584 tutelaeque
678 1539 785 1573 unius
807 1539 932 1573 innixa
951 1539 987 1582 6,
1013 1541 1047 1582 1,
1071 1540 1129 1574 35.
1188 1536 1228 1582 δ)
1250 1541 1401 1573 Aecus..-
1426 1550 1474 1572 ne
1497 1549 1581 1583 pra-

93 1585 139 1620 tis
161 1586 430 1620 accommodent
452 1597 573 1619 curam
596 1589 639 1628 1,
664 1588 729 1628 12,
750 1586 784 1620 6.
822 1585 984 1628 protinus
1012 1585 1181 1619 adhibere
1206 1597 1329 1619 curam
1356 1587 1420 1628 10,
1446 1587 1494 1628 3,
1521 1586 1580 1619 18.

90 1641 127 1683 v:
150 1629 384 1667 Adhibeo.
417 1631 540 1684 afferet
562 1642 669 1666 curae
692 1635 863 1676 quantum
885 1630 1079 1675 plurimum
1104 1630 1238 1676 poterit
1260 1634 1317 1674 12,
1339 1632 1376 1675 9,
1404 1633 1460 1666 15.
1494 1630 1581 1674 quid

93 1677 399 1757 :leriffgiigiatmcugiai
407 1679 597 1757 33:111ng
618 1677 823 1756 Ξῖοέιῖἷίιιὸιῗι·
836 1675 1062 1766 ἱιῖἱρὲἷιιΡιὲ·
1080 1676 1350 1767 ἐέὲεεᾟιιὲιιξιῗιῖ
1369 1688 1490 1765 101Ῑιέθ,
1510 1687 1580 1756 ,Ξῧῗ

91 1777 174 1801 011111
199 1767 286 1810 mibi
315 1774 485 1813 nepotum
511 1768 732 1815 delegaverit
759 1779 881 1802 curam
908 1767 952 1811 4,
980 1769 1037 1803 Ρ1·.
1061 1771 1096 1802 2.
1138 1780 1224 1803 cura
1252 1769 1329 1812 ejus
1359 1769 1581 1802 desideratur

92 1813 135 1854 2,
159 1814 201 1854 1,
223 1813 258 1847 8.
298 1815 359 1858 qui
383 1826 501 1848 curam
526 1825 669 1849 omnem
693 1815 886 1848 excludant
909 1815 951 1856 9,
975 1814 1020 1857 4,
1043 1816 1075 1848 3.
1116 1816 1196 1858 plus
1224 1815 1373 1861 exigunt
1398 1813 1579 1848 laboris

93 1862 130 1890 et
152 1867 291 1891 curae
314 1861 349 1902 8,
376 1861 435 1893 Pr.
461 1862 517 1894 13.
551 1871 640 1904 quae
665 1871 786 1893 curam
808 1861 967 1894 fatentur
988 1862 1031 1893 ib.
1049 1862 1106 1894 23.
1140 1860 1177 1893 in
1201 1860 1325 1904 primis
1355 1859 1451 1904 (Sp.
1477 1863 1575 1893 inser.

93 1903 160 1943 ea)
184 1902 347 1938 habenda
374 1916 459 1938 cura
484 1910 556 1947 est,
587 1911 634 1939 ut
660 1913 721 1939 etc.
753 1909 786 1948 1,
812 1908 847 1947 2,
873 1906 917 1940 15
940 1909 983 1939 Z.
1020 1911 1157 1939 tantum
1182 1907 1316 1940 habent
1338 1917 1445 1940 curae
1468 1907 1579 1947 (cogi-

93 1946 183 1989 una)
213 1950 268 1990 10,
293 1950 329 1992 6,
354 1951 387 1984 5.
422 1951 568 1984 habebit
592 1950 754 1994 inprimis
780 1961 900 1984 curam
927 1950 1031 1985 vocis
1055 1958 1177 1985 orator
1201 1955 1242 1995 1,
1268 1955 1331 1994 10,
1354 1954 1413 1986 27.
1456 1950 1494 1984 in
1522 1950 1578 1983 di·

92 1994 208 2028 cendo
243 2004 396 2028 curam
422 2000 458 2028 et
484 2001 630 2029 artem
657 2002 693 2029 et
719 1995 914 2030 nitorem
941 2004 1003 2030 etc.
1037 1996 1239 2040 improbare
1266 2000 1330 2039 11,
1358 1999 1404 2039 3,
1438 1998 1493 2030 10.
1542 2008 1575 2029 v.

92 2038 188 2074 Ars.
214 2039 261 2080 11,
288 2036 320 2073 ὃ.
357 2040 526 2073 ostentari
552 2042 657 2074 debet
682 2052 768 2075 cura
790 2041 831 2083 4,
860 2044 898 2083 1,
927 2042 985 2076 56.
1021 2048 1201 2085 praestare
1226 2044 1319 2075 hanc
1346 2041 1578 2075 inferioribus

94 2095 215 2118 curam
238 2087 274 2128 2,
297 2087 333 2127 3,
355 2085 390 2119 4.
430 2085 604 2119 minorem
628 2097 750 2119 curam
771 2087 992 2129 postularent
1016 2090 1072 2129 10,
1099 2091 1131 2129 1,
1159 2089 1194 2122 6.
1231 2099 1351 2121 curam
1373 2087 1578 2120 remittebat

93 2133 129 2173 1,
154 2133 190 2173 2,
213 2128 271 2164 24.
303 2130 500 2175 respiciens
525 2131 623 2164 illam
649 2142 771 2164 curam
791 2141 892 2164 meae
918 2132 1113 2175 voluptatis
1136 2134 1171 2175 6,
1197 2134 1255 2166 Pr.
1283 2137 1321 2174 1·,
1354 2132 1425 2166 inis
1448 2132 1576 2175 priscis

90 2175 248 2209 habitam
273 2175 399 2210 inter
421 2187 523 2210 curas
550 2178 596 2219 9,
619 2175 662 2219 4,
687 2177 742 2210 16.
788 2187 808 2209 a
824 2177 847 2208 d
874 2187 996 2209 curam
1028 2188 1129 2210 suam
1159 2178 1340 2221 pertinere
1366 2179 1407 2220 8,
1435 2179 1493 2211 Pr.
1518 2180 1576 2211 22.

91 2222 138 2254 ad
160 2232 283 2255 curam
304 2228 549 2264 susceptorum
572 2223 682 2256 semel
705 2221 981 2255 adolescentium
1004 2223 1184 2266 respicere
1208 2226 1264 2265 11,
1291 2226 1324 2265 1,
1349 2224 1406 2257 55.
1445 2222 1491 2264 cs.
1519 2226 1577 2266 10,

93 2269 134 2309 1,
169 2269 248 2300 120.
317 2268 355 2310 ε)
381 2270 517 2302 Ab1a1.:
551 2278 627 2301 non
651 2269 767 2301 solum
799 2266 946 2300 nomina
972 2266 1050 2311 ipsa
1078 2279 1198 2302 rerum
1226 2279 1484 2315 cognoscemus
1507 2270 1577 2303 hac

92 2322 179 2345 cura
203 2314 259 2354 10,
282 2315 316 2356 1,
339 2314 374 2348 8.
402 2313 498 2347 omni
521 2325 626 2347 cura
650 2319 687 2347 et
708 2322 859 2355 summ0‚
887 2319 1056 2356 quantum
1081 2320 1178 2348 aetas
1201 2314 1262 2348 illa
1286 2315 1392 2358 capit,
1415 2315 1575 2349 labore

92 2360 128 2398 2,
151 2356 194 2399 4,
219 2360 276 2392 17.
316 2357 406 2391 nihil
430 2370 542 2403 aeque
563 2360 625 2393 vel
651 2364 799 2405 augetur
822 2369 954 2401 cura,
983 2360 1046 2393 vel
1069 2359 1369 2406 negligentia
1396 2360 1576 2394 intercidit

94 2405 151 2444 11,
174 2405 210 2445 2,
237 2402 294 2436 40.
323 2402 367 2444 cs.
395 2407 450 2447 11,
475 2407 517 2447 3,
544 2407 600 2440 19.
634 2405 701 2439 vix
725 2404 863 2450 singula
887 2404 1122 2439 intentissima
1148 2417 1232 2440 cura
1260 2406 1430 2450 consequi
1458 2409 1515 2448 10,
1542 2409 1575 2449 1,

94 2451 174 2482 111.
198 2459 296 2492 spe,
324 2450 465 2492 curis,
499 2451 655 2485 labore
682 2449 901 2496 distringitur
929 2450 1063 2493 (mens)
1091 2453 1148 2494 12,
1173 2454 1207 2494 1,
1230 2455 1265 2486 7.
1301 2451 1462 2498 diligenti
1486 2463 1576 2486 exa-

93 2493 299 2527 minandum
319 2505 404 2528 cura
428 2497 492 2537 10,
516 2499 558 2537 1,
583 2499 616 2531 1.
658 2507 701 2531 ea
723 2507 807 2529 cura
833 2496 931 2539 paria
957 2495 1065 2530 faciet
1086 2495 1149 2540 iis,
1179 2497 1218 2530 in
1241 2497 1368 2542 quibus
1396 2498 1575 2532 eminebat

93 2542 137 2581 2,
162 2541 210 2582 8,
237 2542 291 2574 13.
332 2540 495 2584 impediri
524 2541 656 2586 duplici
680 2540 872 2575 memoriae
898 2553 983 2575 cura
1007 2545 1070 2584 11,
1092 2545 1134 2584 2,
1160 2544 1219 2580 25.
1262 2549 1435 2577 natura
1464 2555 1576 2577 cura

93 2584 237 2628 juvetur
261 2588 317 2627 11,
340 2587 375 2629 3,
402 2590 456 2620 11.
488 2586 533 2627 cs.
558 2590 595 2630 2,
616 2588 653 2630 8,
677 2588 711 2622 5.
749 2586 867 2631 juvari
890 2598 975 2620 cura
998 2588 1200 2622 docentium
1226 2592 1257 2631 1,
1287 2591 1320 2631 1,
1346 2590 1404 2624 36.
1446 2595 1576 2623 natu-

94 2629 235 2672 ralia,
271 2642 361 2675 quae
395 2643 503 2667 cura
530 2633 726 2677 juvantur,
757 2633 991 2666 instrumenta
1017 2636 1083 2677 12,
1114 2637 1155 2677 5,
1186 2637 1220 2669 5.
1262 2646 1295 2669 v.
1321 2635 1572 2669 Naturalis.

60 2686 62 2688 ·
94 2675 256 2719 corporis
287 2688 371 2711 cura
399 2683 557 2712 mentem
585 2678 782 2712 obruerunt
814 2681 854 2720 1,
886 2682 948 2721 11,
983 2680 1036 2714 15.
1079 2691 1183 2714 cura
1208 2685 1245 2713 et
1266 2679 1575 2725 inquisitione

94 2729 186 2764 opus
211 2727 266 2755 est
287 2722 322 2765 5,
344 2725 380 2765 7,
404 2725 461 2758 23.
496 2734 561 2758 cur
584 2733 660 2758 non
685 2723 845 2769 pluribus
869 2724 996 2758 curis
1021 2726 1127 2761 horus
1153 2726 1370 2778 partiamur?
1400 2729 1435 2768 1,
1459 2729 1515 2768 12,
1539 2725 1575 2760 4.

97 2775 188 2808 quse
210 2767 286 2811 pari
312 2779 398 2802 cura
422 2770 635 2803 refelluntur
659 2772 723 2812 12,
745 2771 788 2811 9,
814 2771 870 2805 19.
907 2776 990 2816 toga
1014 2777 1074 2805 etc.
1103 2777 1174 2806 tam
1197 2771 1306 2805 nimia
1329 2783 1441 2807 cura
1470 2783 1576 2816 quam

98 2812 395 2859 negligentia
424 2820 506 2848 sunt
534 2816 827 2859 reprehendenda
858 2818 918 2858 11,
950 2818 991 2859 3,
1024 2819 1101 2851 137.
1146 2828 1278 2851 vacare
1307 2817 1471 2851 omnibus
1498 2818 1576 2851 aliis
