1728 3002
154 214 235 253 532
699 208 902 252 Modulor
927 218 987 243 “-
1027 208 1184 254 Modus

154 321 371 365 Modtllor.
419 339 580 368 teneram
607 334 864 380 delicatamque
888 337 1095 373 modulandi
1121 337 1342 381 voluptatem
1363 338 1402 381 9,
1434 336 1475 382 4,
1507 339 1565 374 31.
1610 350 1696 374 can-

200 381 279 416 ticis
305 383 355 415 ad
385 382 534 414 aliorum
564 380 833 416 similitudinem
858 384 1047 417 modulatis
1078 384 1114 426 9,
1149 386 1185 426 2,
1223 383 1281 419 35.
1328 395 1441 428 eaque
1475 383 1615 428 (initia)
1636 387 1695 419 din

200 439 319 462 secum
345 428 411 471 ipsi
438 429 605 470 claroque
629 429 801 462 modulati
825 432 861 474 2,
887 432 944 473 11,
969 430 1002 465 5.
1029 440 1098 464 nec
1125 430 1399 464 moduletur
1422 436 1481 463 aut
1505 430 1568 474 (α.
1591 436 1615 466 Ι.
1643 432 1698 475 et)

199 473 397 507 musicis
422 473 549 506 notis
574 473 670 518 (Sp.
700 475 836 518 modis)
865 475 1002 510 cantica
1028 475 1248 520 excipiat
1271 478 1304 519 1,
1333 479 1390 520 12,
1418 475 1463 510 14
1487 477 1536 511 Ν.

152 518 323 561 Nlodus·
362 531 392 570 Ι)
420 542 484 563 mo
497 532 598 573 dus,
617 542 723 575 quem
739 529 922 576 τρόπον
939 532 1074 576 dicunt,
1094 543 1166 578 quo
1185 532 1378 577 quaeritur,
1398 522 1695 578 quemadmodum

200 577 283 622 quid
304 577 351 610 sit
370 579 503 611 factum
524 577 558 620 5,
573 579 629 620 10,
639 580 695 612 52.
708 576 754 619 cs.
767 579 850 622 6,1‚
860 582 915 614 17.
959 578 996 622 α)
1018 581 1236 614 c.A11ribu1is
1249 594 1260 612 .·
1280 579 1422 623 utrique
1439 580 1528 623 parti
1546 579 1694 614 totidem

200 622 297 657 modi
321 624 355 665 8,
386 626 420 664 3,
445 625 502 658 89.
551 624 690 658 medius
713 624 886 660 orationis
907 637 955 659 m.
980 626 1016 668 6,
1042 629 1078 668 2,
1104 627 1159 661 19.
1185 624 1324 659 medius
1347 625 1406 658 hic
1438 637 1486 660 m.
1512 625 1695 670 (dicendi)

203 673 259 712 12,
290 671 346 711 10,
374 670 442 712 (503
478 669 670 704 adhibendi
695 669 850 714 (meins)
873 683 922 706 m.
949 673 1039 706 alter
1060 672 1122 706 ille
1145 672 1316 716 frequens
1346 677 1401 705 est
1427 677 1462 706 et
1487 672 1695 706 favorabilis

198 736 243 740 —
268 717 359 749 alter
385 722 502 749 autem
529 727 633 761 asper
657 722 693 751 et
723 729 825 751 rarus
851 715 889 761 4,
915 721 948 760 1,
971 720 1029 752 21.
1075 717 1204 765 agendi
1234 728 1362 751 more
1396 729 1439 751 ao
1463 719 1605 752 <modo
1639 721 1698 761 11,

199 765 232 804 1,
260 763 316 797 29.
342 763 386 795 de
411 773 494 795 usu
515 762 596 806 ipso
620 768 656 796 et
678 764 811 798 modo
834 764 979 807 jocandi
1000 766 1035 806 6,
1061 766 1096 806 3,
1127 766 1205 806 102.
1230 763 1382 807 simplici
1401 769 1472 808 atq.
1497 764 1535 797 in
1554 770 1698 808 promtu

197 807 317 851 posito
345 808 488 842 dicendi
513 820 563 845 m.
588 809 623 850 9,
650 811 684 852 1,
710 812 771 844 13.
798 809 843 851 cs,
872 811 908 853 9,
934 813 970 851 2,
999 813 1032 844 1.
1060 809 1192 844 coloris
1215 811 1342 844 modos
1360 809 1450 853 (Sp.
1476 811 1543 844 cal.
1566 810 1696 855 motus)

199 858 233 896 7,
260 857 316 896 10,
342 857 386 888 10
411 859 475 897 Z.;
511 854 656 889 alterius
682 855 778 889 modi
803 857 937 890 lumina
963 858 999 898 9,
1023 859 1057 896 2,
1079 859 1115 890 2.
1145 855 1288 903 vulgari
1310 866 1357 889 m.
1384 855 1543 891 contenti
1575 859 1610 898 2,
1637 859 1694 898 11,

202 904 231 934 1.
258 911 379 934 rerum
408 902 524 934 omnis
547 901 646 935 modi
674 903 706 944 3,
723 903 840 945 7‚-27.
866 915 899 936 v.
925 901 1215 945 Cuiusmodi.
1240 901 1497 946 Ejusmodi.
1526 901 1695 944 Hujus-

199 958 234 978 m
247 947 338 980 odi.
359 959 390 980 v.
410 947 511 988 infra.
557 946 601 992 β)
628 951 792 981 Accusat.
805 963 815 982 .·
843 960 860 982 a
873 950 894 981 d
918 949 1019 983 illum
1042 960 1087 982 m.
1110 949 1145 991 9,
1161 946 1198 992 4,
1218 946 1274 983 14.
1293 947 1338 988 cs.
1356 950 1389 990 1,
1403 951 1439 990 7,
1457 947 1514 982 25.
1538 946 1645 991 2313,
1659 949 1694 984 9.

198 994 232 1033 5,
256 992 310 1035 14,
327 993 360 1027 9.
391 995 440 1026 ad
465 995 597 1037 quend.
621 1005 669 1028 m.
696 1005 820 1028 eorum
845 998 878 1037 1,
899 998 954 1038 11,
975 997 1009 1029 3.
1037 995 1091 1028 ad
1114 1006 1163 1029 m.
1187 993 1411 1038 percutiendi
1428 1004 1563 1029 nervos
1587 996 1644 1037 11,
1661 997 1696 1036 3,

197 1039 255 1073 88.
280 1051 313 1072 v.
339 1038 424 1081 Ad,
462 1039 513 1072 in
539 1040 647 1073 eund.
673 1052 721 1074 m.
749 1041 784 1083 5,
810 1043 866 1084 11,
893 1039 929 1076 4.
974 1041 1147 1082 majorem
1173 1040 1222 1075 in
1243 1052 1291 1074 m.
1319 1041 1375 1082 11,
1403 1042 1438 1083 2,
1479 1042 1534 1074 12.
1557 1038 1604 1074 in
1625 1041 1694 1074 hos

196 1096 245 1118 m.
270 1086 306 1127 9,
331 1086 367 1128 3,
394 1087 473 1119 100.
521 1086 559 1132 y)
582 1089 727 1123 ‚Ablata
769 1085 806 1130 a)
831 1088 962 1130 modo,
998 1086 1035 1120 id
1059 1093 1134 1130 est,
1169 1092 1210 1120 ut
1233 1086 1389 1131 quidque
1423 1085 1470 1119 sit
1496 1086 1631 1120 factum
1657 1086 1694 1130 5,

198 1133 255 1172 10,
284 1129 341 1166 94.
368 1130 523 1165 tibicinis
550 1132 668 1165 Latini
691 1144 739 1165 m.
765 1136 802 1176 7,
832 1136 865 1174 1,
891 1134 933 1168 51
959 1134 1007 1167 N.
1054 1132 1210 1167 rixantis
1235 1128 1371 1175 m.'11,
1405 1134 1441 1175 3,
1466 1134 1546 1167 172.
1571 1143 1694 1166 causa-

194 1188 275 1215 rum
297 1188 346 1210 m.
373 1181 428 1219 11,
455 1181 489 1220 1,
516 1179 573 1213 93.
600 1180 671 1212 hoc
695 1179 916 1213 defensionis
940 1191 987 1213 m.
1006 1182 1041 1222 7,
1071 1179 1107 1223 4,
1142 1181 1201 1213 20.
1255 1177 1540 1222 epiphonematis
1576 1189 1622 1223 m.
1655 1179 1692 1221 8,

196 1223 230 1264 5,
261 1225 317 1256 11.
342 1235 388 1256 m.
417 1224 487 1257 litis
512 1226 546 1267 5,
573 1225 608 1267 6,
632 1227 667 1259 2.
691 1237 740 1258 m.
769 1225 982 1269 petitionum
1005 1229 1042 1268 7,
1073 1229 1105 1266 1,
1128 1227 1186 1260 37.
1211 1223 1503 1269 praescriptionis
1526 1235 1575 1257 m.
1599 1225 1635 1268 7,
1659 1227 1694 1265 5,

194 1266 230 1301 4.
255 1268 443 1312 exquisitis
467 1281 515 1302 m.
541 1271 576 1312 9,
599 1273 634 1312 3,
665 1273 744 1304 101.
786 1272 825 1313 b)
855 1272 926 1316 adj.
954 1275 1054 1304 Pron.
1084 1272 1156 1305 hoc
1179 1283 1227 1304 m.
1252 1272 1288 1313 8,
1311 1273 1346 1313 2,
1370 1271 1405 1305 9.
1431 1271 1466 1313 9,
1488 1273 1525 1315 2,
1550 1271 1608 1304 32.
1635 1272 1692 1313 10,

194 1316 230 1355 7,
253 1314 288 1346 4.
314 1324 389 1347 non
419 1315 481 1348 vel
509 1315 596 1348 hoc
628 1327 675 1348 m.
710 1317 868 1355 servabit
905 1323 1028 1350 orator
1060 1327 1136 1350 non
1165 1316 1395 1350 innocentem
1423 1316 1582 1358 modo,
1625 1317 1690 1350 sed

195 1358 300 1392 etiam
321 1360 535 1393 laudabilem
562 1360 706 1395 civem?
751 1364 806 1404 12,
843 1365 876 1404 1,
909 1361 966 1394 41.
996 1363 1094 1405 Jioc
1123 1373 1191 1403 m.,
1224 1381 1272 1388 -
1304 1372 1361 1394 ne
1390 1366 1450 1394 ant
1483 1360 1690 1396 inimicitiae

195 1415 325 1451 graves
351 1406 585 1449 insequantur
612 1414 674 1439 etc,
700 1407 736 1448 6,
760 1409 795 1448 3,
820 1406 876 1441 34.
901 1406 1106 1443 Probationi
1132 1406 1273 1440 interim
1298 1406 1382 1440 satis
1407 1412 1461 1440 est
1487 1414 1601 1441 unum
1624 1409 1691 1452 lia-

193 1452 302 1493 bere,
336 1452 406 1486 hoc
431 1463 494 1494 m.,
533 1456 587 1486 Ut
611 1455 671 1485 sii
695 1455 834 1495 civis,
872 1458 933 1486 aut
954 1460 1016 1486 etc.
1043 1454 1077 1494 5,
1102 1455 1159 1494 10,
1185 1453 1240 1486 65.
1276 1451 1333 1486 66.
1364 1451 1420 1486 his
1453 1453 1618 1487 omnibus
1642 1465 1690 1489 m.

192 1498 228 1539 9,
255 1499 287 1540 1,
314 1499 368 1531 17.
397 1507 442 1531 eo
468 1509 516 1530 m.
545 1500 602 1541 10,
628 1501 663 1541 1,
689 1499 747 1532 66.
795 1499 923 1533 eodem
946 1499 1051 1540 m.-9,
1079 1501 1114 1540 2,
1139 1501 1196 1532 32.
1225 1499 1260 1540 9,
1284 1498 1319 1540 3,
1344 1499 1376 1532 3.
1413 1501 1447 1542 9,
1471 1497 1508 1541 4,
1530 1497 1589 1533 42.
1623 1510 1690 1534 ne-

193 1554 263 1587 que
287 1541 357 1576 alio
379 1554 427 1576 m.
452 1543 590 1578 invisos
615 1554 678 1578 eos
702 1543 857 1588 faciunt,
892 1556 997 1589 quam
1022 1545 1117 1588 quod
1141 1544 1204 1578 ete.
1229 1544 1264 1586 6,
1290 1545 1325 1586 2,
1362 1542 1415 1577 14.
1453 1546 1613 1579 secundo
1637 1557 1688 1580 m.

194 1589 324 1622 dicitur
346 1589 530 1633 proprium
552 1608 597 1614 --
620 1590 665 1624 Et
688 1590 813 1624 tertius
838 1596 894 1625 est
915 1590 999 1623 huic
1025 1590 1189 1624 diversus
1215 1590 1342 1623 modus
1365 1591 1400 1633 8,
1430 1593 1466 1632 2,
1506 1593 1540 1625 7.
1574 1590 1622 1632 cs.
1652 1594 1687 1636 1,

192 1634 228 1677 4,
251 1636 310 1669 28.
336 1636 490 1679 quodam
514 1647 561 1669 m.
587 1636 622 1679 8,
647 1638 682 1678 3,
709 1639 767 1671 37.
792 1637 829 1680 9,
855 1640 888 1680 1,
915 1640 947 1670 1.
976 1639 1031 1678 11,
1056 1637 1091 1678 3,
1122 1638 1200 1673 170.
1235 1636 1388 1680 quodam
1421 1641 1540 1670 tamen
1568 1648 1621 1672 m.
1652 1638 1687 1680 1,
1719 1677 1728 1682 -

193 1683 250 1722 12,
275 1679 311 1716 5.“
337 1681 456 1725 aliquo
480 1693 528 1715 m.
553 1684 609 1724 11,
635 1684 672 1724 3,
695 1685 730 1716 2.
756 1688 911 1728 utroque
941 1694 990 1716 m.
1015 1685 1049 1724 1,
1082 1681 1116 1725 5,
1140 1679 1198 1716 64.
1228 1685 1265 1726 2,
1298 1680 1336 1724 4,
1365 1682 1423 1716 33.
1463 1685 1688 1726 utrocunque

190 1738 238 1760 m.
269 1728 304 1769 9,
329 1729 365 1770 2,
388 1728 422 1762 6.
445 1724 544 1761 'omni
566 1739 614 1762 m.
642 1731 676 1771 1,
703 1731 741 1771 2,
766 1729 820 1763 15.
844 1730 879 1772 2,
905 1729 940 1771 8,
964 1730 999 1762 3.
1030 1730 1087 1771 10,
1110 1725 1145 1771 4,
1170 1728 1204 1762 5.
1227 1730 1283 1769 11,
1322 1729 1356 1770 1,
1390 1727 1447 1762 76.
1478 1727 1546 1762 His
1583 1729 1687 1772 plura

190 1772 455 1818 intelliguntur:
510 1784 606 1808 uno
641 1786 690 1808 m.
717 1786 853 1811 summa
886 1773 1067 1818 quaestio,
1115 1774 1275 1807 altero
1311 1778 1475 1816 ceterae,
1518 1785 1611 1818 quae
1642 1775 1688 1808 ad

191 1830 364 1852 summam
387 1819 614 1854 reseruntur:
661 1820 816 1855 tertio
843 1819 1044 1865 propositio
1082 1831 1164 1853 cum
1196 1819 1431 1853 affirmatione
1466 1820 1501 1862 3,
1538 1822 1594 1863 11,
1626 1822 1685 1854 27.

190 1864 235 1906 cs.
259 1868 294 1907 2,
323 1864 379 1908 14,
409 1868 440 1899 3.
464 1877 538 1900 non
561 1877 634 1899 uno
661 1863 710 1900 m.
736 1866 772 1910 4,
795 1865 831 1908 4,
857 1867 890 1902 5.
918 1879 949 1900 υ.
974 1867 1113 1900 Unus.
1138 1867 1239 1902 nullo
1261 1877 1309 1900 m.
1341 1867 1374 1907 1,
1407 1867 1464 1908 10,
1494 1862 1564 1901 49.
1585 1867 1618 1908 3,
1649 1866 1686 1909 8,

189 1912 244 1945 52.
270 1911 307 1952 9,
334 1913 370 1954 2,
393 1914 452 1946 23.
479 1922 551 1956 quo
581 1923 628 1945 m.
659 1914 716 1955 11,
742 1915 775 1956 1,
801 1913 856 1947 61.
884 1915 940 1956 11,
967 1914 1004 1955 3,
1027 1915 1061 1946 2.
1100 1922 1173 1955 quo
1201 1922 1250 1945 m.
1274 1930 1320 1935 —
1344 1911 1395 1944 ita
1426 1912 1462 1955 9,
1487 1913 1520 1954 1,
1544 1912 1580 1949 3.
1612 1916 1685 1955 quo
1715 1912 1728 1919 ‘

188 1967 237 1990 m.
265 1956 327 1991 ille
354 1957 536 1991 abdicatus
559 1959 594 2000 9,
621 1961 655 1997 2,
682 1959 738 1993 89.
766 1969 838 2003 quo
864 1970 913 1992 m.
936 1975 983 1981 —
1006 1958 1122 2002 qualis
1144 1957 1222 2002 ipsa
1244 1962 1338 1996 esset
1362 1956 1529 1991 detractis
1552 1967 1685 1991 conso-
1723 1967 1728 1970 ·

187 2002 381 2037 nantibus?
410 2004 444 2046 9,
459 2002 495 2046 4,
512 2004 569 2039 86.
601 2015 671 2047 quo
698 2015 859 2048 quaeque
880 2015 928 2038 m.
957 2015 1017 2038 res
1039 2003 1148 2040 vitari
1173 2011 1232 2037 εἰσ.
1259 2004 1374 2037 soleat
1401 2002 1436 2046 5,
1459 2004 1514 2045 10,
1532 2004 1587 2036 17.
1613 2013 1685 2047 quo
1720 2003 1728 2013 ‘

188 2047 224 2082 id
247 2060 295 2082 m.
322 2049 384 2083 fiet
412 2049 506 2093 (Sp.
533 2050 647 2093 fiat)?
674 2054 709 2093 7,
736 2054 768 2093 1,
798 2049 844 2085 54
866 2051 982 2084 Z.·N.
1009 2063 1056 2084 cr.
1106 2050 1186 2096 Quo
1211 2052 1330 2082 autem·
1352 2059 1400 2082 m.
1426 2058 1466 2082 se
1494 2054 1683 2092 patronum
1723 2079 1725 2082 ,

187 2105 376 2128 causarum
401 2106 474 2128 non
502 2096 595 2129 falso
620 2096 776 2130 dixerit?
810 2100 867 2139 12,
892 2097 926 2139 3,
952 2099 985 2130 1.
1034 2106 1106 2141 quo
1131 2095 1274 2140 quidem
1299 2105 1346 2127 m.
1381 2096 1416 2136 2,
1453 2093 1511 2137 16,
1543 2094 1578 2129 5.
1610 2105 1683 2140 quo

188 2140 295 2187 digne
319 2153 367 2175 m.
390 2161 435 2166 -
460 2148 583 2185 posset
606 2142 810 2187 exprimere
835 2146 870 2184 2,
905 2144 960 2183 13,
994 2143 1048 2175 13.
1098 2151 1191 2186 quo
1226 2139 1383 2184 quidque
1413 2144 1599 2174 accusator
1631 2152 1682 2175 m.

188 2186 321 2221 dixerit
345 2187 380 2230 5,
407 2189 463 2229 13,
489 2189 545 2222 25.
595 2189 648 2222 In
676 2199 765 2233 quo
788 2200 836 2222 m.
860 2188 947 2222 illud
972 2198 1116 2232 quoque
1143 2192 1198 2220 est
1221 2197 1242 2219 a
1265 2185 1429 2230 quibusd.
1457 2185 1624 2220 traditum
1645 2187 1682 2230 8,
1725 2199 1728 2203 ·

187 2234 221 2273 2,
249 2234 305 2266 10.
328 2233 456 2277 quibus
480 2246 526 2267 m.
556 2236 610 2277 11,
636 2237 668 2276 1,
692 2235 750 2269 60.
779 2236 1044 2280 Interrogamus
1069 2233 1175 2267 etiam
1198 2249 1244 2257 —
1266 2230 1328 2264 ubi
1344 2231 1587 2276 respondendi
1609 2231 1682 2266 dif-

185 2277 291 2323 ficilis·
315 2284 369 2312 est
394 2279 509 2321 ratio,
541 2286 579 2312 ut
603 2281 714 2326 vulgo
741 2280 793 2320 uti
821 2282 1003 2323 solemus,
1037 2280 1137 2325 Quo
1161 2277 1320 2311 modo?
1347 2277 1430 2321 qui
1451 2276 1566 2312 fieri
1589 2283 1680 2322 pot·
1719 2283 1728 2331 j

186 2324 286 2357 est?
323 2325 358 2365 9,
392 2327 428 2366 2,
452 2326 486 2359 8.
535 2336 678 2370 quoque
701 2339 749 2360 m.
774 2327 810 2368 8,
835 2327 870 2368 6,
894 2326 951 2360 29.
980 2335 1195 2369 quocunque
1219 2323 1430 2367 apellabitur
1449 2334 1498 2359 m.
1521 2324 1558 2367 9,
1585 2327 1619 2367 1,
1643 2326 1678 2359 9.
1721 2331 1728 2384 5³

182 2368 219 2411 9,
245 2371 279 2411 3,
307 2371 364 2405 78.
390 2371 625 2414 corporibus,
662 2372 813 2415 quibus,
849 2381 994 2416 quoquo
1030 2381 1076 2404 m.
1104 2375 1185 2403 sunt
1218 2368 1538 2414 composit31‚>e'10.
1573 2371 1608 2413 9,
1644 2372 1678 2412 1,
1724 2386 1728 2399 ι

185 2415 247 2456 10;
285 2416 422 2450 duobus
443 2428 491 2450 m.
515 2417 646 2451 (licitur
668 2415 855 2460 (figura):
887 2427 961 2450 uno
984 2436 1030 2442 —
1054 2417 1167 2450 altero
1194 2418 1238 2449 ib.
1266 2414 1451 2449 u'ibus'm.
1475 2417 1510 2458 5,
1537 2413 1593 2458 14,
1616 2418 1677 2450 20.
1713 2420 1728 2453 εἰ

183 2459 307 2494 munis
331 2474 375 2495 m.
406 2465 462 2505 11,
490 2465 525 2505 3,
551 2465 630 2499 139.
658 2469 710 2497 tot
734 2475 781 2497 m.
806 2462 842 2504 4,
872 2464 907 2505 3,
941 2461 996 2498 14.
1031 2462 1182 2496 totidem
1210 2473 1258 2495 m.
1294 2462 1328 2503 6,
1359 2462 1482 2506 3,,82.
1516 2459 1677 2505 pluribus
1718 2457 1728 2496 ⁹,

180 2515 226 2537 m.
252 2506 287 2547 8,
311 2508 345 2550 3,
369 2508 427 2543 63.
451 2510 486 2552 8,
510 2509 546 2551 6,
570 2509 628 2544 64.
654 2509 710 2545 68.
740 2511 795 2552 10,
820 2510 855 2551 5,
879 2509 912 2543 9.
938 2510 994 2551 11,
1018 2509 1054 2550 3,
1080 2511 1140 2546 71.
1185 2506 1346 2552 plurimis
1373 2517 1422 2542 m.
1452 2509 1488 2550 7,
1519 2509 1555 2550 9³
1581 2508 1615 2540 3.
1638 2507 1675 2550 9,
1714 2501 1728 2560 j

181 2552 215 2592 2,
240 2551 299 2584 56.

274 2616 319 2658 Il)
351 2619 377 2650 τ’.
407 2632 437 2662 q.
458 2632 689 2655 mensura.
737 2620 776 2664 ιι)
801 2622 971 2655 Nominat.
1029 2618 1066 2664 a)
1094 2621 1140 2655 sit
1176 2619 1446 2655 remissionibus
1476 2618 1604 2653 modus
1637 2621 1671 2662 1,
1706 2549 1728 2692 ᾗ

179 2663 214 2703 3,
239 2663 297 2714 11.
319 2673 367 2695 m.
393 2664 582 2707 aliquando
610 2673 747 2701 constat
772 2667 1016 2702 aestimatione
1040 2668 1145 2711 facti,
1175 2667 1364 2712 aliquando
1388 2666 1465 2707 iure
1491 2668 1527 2710 7,
1550 2664 1586 2708 4,
1610 2662 1669 2699 41.
1710 2693 1728 2723 ‚4

177 2708 292 2740 doctis
316 2713 370 2740 est
393 2715 430 2742 et
456 2712 639 2746 electio
665 2720 700 2747 et
723 2715 884 2747 modus
908 2716 944 2757 2,
978 2716 1034 2756 12,
1063 2715 1098 2748 6.
1146 2713 1217 2746 inis
1239 2710 1475 2755 judicium
1506 2722 1548 2744 ac
1581 2721 1670 2753 1110-
1715 2726 1727 2747 ·.·

176 2753 260 2785 dus
294 2753 435 2788 deesset
470 2758 526 2797 12,
563 2759 617 2800 10,
647 2760 700 2793 16.
726 2771 758 2793 υ.
794 2759 1032 2793 Facultas.
1078 2753 1336 2792 Judici‘um.
1385 2768 1491 2801 quem
1517 2757 1597 2790 fore
1619 2755 1667 2789 in
1718 2757 1722 2762 '

173 2799 244 2832 hoc
266 2799 418 2834 oratoris
442 2802 586 2836 modum
614 2806 670 2846 12,
696 2805 733 2848 9,
758 2804 813 2839 14.
838 2805 900 2840 ille
924 2805 972 2839 in
998 2809 1146 2852 argento
1172 2804 1292 2851 legato
1315 2814 1364 2837 m.
1387 2802 1566 2838 inauditus
1589 2807 1664 2836 emt
