1728 3002
682 180 828 242 Ariste
855 225 911 233 —
940 199 1026 242 Ars
1567 202 1622 243 79

134 314 174 349 in
193 306 319 349 'omnis
352 313 486 350 caeci
511 313 658 350 fluerunt
681 314 719 357 8,
740 313 801 348 Pr.
826 315 884 349 17.
923 312 1044 348 aridi
1071 317 1109 348 et
1135 312 1298 348 exuent
1325 318 1363 348 et
1387 322 1624 360 exangues

135 359 336 404 (emtores)
363 363 422 405 12,
446 363 503 414 ¹⁰³
529 361 583 396 15.
614 359 676 405 qui
701 361 884 405 jejunus
913 371 933 394 a
959 360 1123 405 quibusd.
1150 365 1260 412 atque
1274 359 1436 413 ‘aridus
1452 360 1625 413 babetur,

137 414 212 440 non
237 407 342 440 aliter
362 406 518 451 abipsis
540 406 692 441 inimicis
720 407 812 440 male
837 406 977 449 audire,
1014 417 1120 451 quam
1151 406 1312 440 nimus
1344 406 1553 440 floribus
1587 411 1625 441 et

72 470 75 475 =
133 451 272 499 ingenii
296 451 564 496 affluentia,
587 453 701 496 potuit
726 455 782 495 12,
806 455 863 495 10,
889 454 945 487 13.
978 452 1162 499 ingenium
1185 452 1356 486 aridum
1379 457 1485 496 atque
1512 452 1624 505 jeju-

135 509 235 531 num
263 508 339 532 non
370 498 532 532 alemus?
558 501 602 540 2,
625 500 668 541 8,
692 499 727 533 9.
764 509 882 542 neque
912 498 1042 532 arida
1074 509 1221 542 prorsus
1252 504 1357 543 atque
1387 499 1550 542 jejuna
1579 503 1626 532 sit

138 543 324 588 (judicialis
347 557 428 587 pars
450 543 667 587 narrationis)
690 547 725 586 2,
743 542 779 586 4,
796 546 830 577 3.
859 545 1020 588 jejuna
1044 550 1149 588 atque
1172 544 1299 579 arida
1322 543 1464 579 traditio
1487 546 1523 589 3,
1539 546 1574 589 1,
1586 546 1623 579 3.

137 589 315 623 aridum
340 590 588 634 compendium
617 603 693 633 opp.
718 591 858 624 molle
884 590 952 623 iter
973 589 1010 634 4,
1036 593 1070 633 2,
1094 589 1154 625 46.

92 633 250 676 Arista-
295 645 451 681 imitatae
474 646 589 691 spicas
612 647 785 680 herbulae
808 646 974 681 inanibus
1001 646 1118 682 aristis
1141 652 1222 682 ante
1248 657 1403 682 messem
1425 646 1625 684 flavescunt

137 694 180 735 1‘,
203 693 246 736 3.
269 691 304 726 5·

91 785 101 789 ,
196 750 239 777 fl·
285 747 420 794 aliquid
443 760 491 783 ex
514 748 619 783 armis
649 750 705 792 11,
728 751 765 792 2,
791 749 854 792 19;
893 760 1070 784 armorum
1092 748 1226 784 inscius
1249 752 1282 791 2,
1306 752 1364 794 12,
1387 751 1422 784 2.
1457 761 1543 784 arm.
1566 760 1624 785 ars

135 797 171 837 2,
187 797 244 837 17,
260 796 317 829 33.
346 795 385 828 in
407 795 599 829 certamine
628 807 715 829 arm.
742 797 777 837 9,
799 799 831 838 1,
850 798 904 829 20.
932 797 967 837 9,
985 795 1021 839 4,
1039 797 1075 830 8.
1101 807 1189 830 arm.
1219 795 1285 839 (G.
1311 796 1398 838 coni.
1422 795 1623 840 murorum)

138 850 225 874 cura
249 842 284 883 5,
307 843 363 882 10,
383 842 430 881 89
454 843 491 875 S.
526 853 612 875 arm.
638 842 731 875 ratio
757 841 793 883 4,
810 845 846 884 2,
867 842 923 876 26.
958 853 1045 874 arm.
1071 841 1255 875 scientiam
1282 842 1416 876 habere
1440 853 1514 876 non
1540 842 1627 876 artis

137 886 175 931 8,
195 886 232 928 6,
255 887 320 928 26;
348 898 445 920 arma
467 887 654 921 facundiae
678 887 716 920 in
741 893 927 931 utramque
951 893 1087 931 partem
1108 889 1253 921 valeant
1278 889 1319 930 2,
1345 888 1411 930 16,
1438 889 1496 934 10.
1535 899 1625 922 arm.

100 961 103 963 .
138 932 274 974 templo
296 932 406 965 affixa
431 933 465 974 5,
489 935 524 973 3,
549 935 606 966 36.
643 932 855 966 circumfusa
877 931 1028 977 militum
1054 944 1139 966 arm.
1166 936 1200 975 2,
1224 935 1283 975 20,
1307 934 1342 967 8.
1378 944 1446 967 nec
1472 933 1628 971 fortibus

139 978 246 1010 modo
270 978 334 1010 sed
361 977 466 1010 etiam
494 978 709 1023 fulgentibus
734 990 821 1012 arm.
848 979 883 1021 8,
907 981 941 1020 3,
967 983 1000 1013 3.
1034 990 1121 1012 arm.
1151 977 1381 1022 (animalibus)
1405 979 1565 1026 ingenita
1588 982 1628 1023 2,

142 1022 200 1064 16,
225 1020 290 1064 143
330 1033 428 1056 arma
453 1033 607 1057 avocare
637 1023 693 1067 (a.
719 1027 742 1057 1.
772 1022 988 1067 advocare),
1018 1030 1054 1057 et
1075 1026 1176 1058 velut
1201 1031 1289 1058 nutu
1311 1025 1438 1059 fallere
1461 1026 1497 1068 9,
1522 1028 1557 1068 1,
1579 1028 1627 1059 20

140 1068 192 1104 Ν.
217 1080 264 1101 ιτ.
300 1067 431 1101 latroni
458 1079 703 1112 comparamus
724 1070 814 1103 haec
844 1082 930 1103 arm.
957 1080 1032 1103 non
1057 1069 1160 1103 militi
1185 1073 1249 1113 12,
1275 1073 1315 1112 1,
1343 1074 1376 1104 1.
1418 1070 1449 1105 si
1463 1071 1628 1106 'Romani

140 1123 240 1148 arma
254 1113 492 1157 ¹deposuerint
517 1116 552 1157 3,
565 1115 599 1156 8,
617 1118 673 1149 17.
699 1120 738 1148 ut
762 1115 793 1148 si
817 1117 879 1150 des
903 1127 998 1148 arma
1021 1115 1154 1150 timidis
1179 1122 1214 1150 et
1237 1116 1437 1150 imbellibus
1463 1120 1520 1160 12,
1535 1117 1570 1160 5,
1588 1120 1626 1157 2.
1676 1139 1683 1142 -

138 1168 208 1203 nos
230 1169 304 1193 non
327 1170 444 1192 arma
466 1161 528 1192 sed
551 1166 758 1204 tympana
786 1161 1013 1206 eloquentiae
1038 1162 1162 1195 demus
1186 1164 1221 1205 5,
1239 1166 1294 1205 12,
1311 1165 1369 1196 21.
1394 1174 1440 1196 ne
1463 1165 1626 1207 plausum

138 1203 386 1242 affectantibus
418 1216 515 1238 arma
547 1205 715 1240 excidant
749 1208 791 1250 3,
818 1211 857 1240 11
871 1233 882 1249 ,
905 1208 962 1242 26.
1005 1219 1104 1241 arma
1141 1213 1223 1242 sunt
1258 1210 1349 1242 haec
1384 1211 1626 1253 praeparanda

137 1260 279 1294 semper
301 1253 336 1293 2,
362 1254 395 1293 1,
420 1254 476 1284 12.
515 1262 613 1284 arma
636 1253 801 1295 squalere
827 1253 896 1286 situ
923 1265 964 1287 ac
991 1253 1153 1300 rubigine
1182 1257 1239 1297 10,
1258 1257 1291 1297 1,
1312 1256 1369 1288 30.
1404 1266 1500 1288 arma
1529 1267 1626 1289 sum-

135 1295 224 1330 sisse
247 1297 283 1339 5,
308 1298 365 1339 10,
387 1299 454 1338 71;
493 1308 561 1330 nec
587 1298 719 1331 armis
746 1304 869 1343 erepta
897 1298 967 1333 nisi
996 1300 1129 1333 armis
1155 1310 1261 1344 posse
1294 1300 1442 1335 retineri
1474 1303 1518 1335 ib.
1545 1300 1626 1335 114.

137 1341 354 1388 fulgentibus
378 1342 483 1376 armis
508 1343 702 1387 proeliatur
723 1346 759 1388 8,
783 1347 818 1389 3,
842 1347 865 1379 3
888 1349 932 1380 Ζ.
968 1345 1202 1390 philosophos
1226 1346 1280 1380 uti
1304 1347 1491 1380 rhetorum
1517 1347 1627 1382 armis

137 1398 212 1421 nou
239 1387 312 1420 suis
339 1391 396 1430 12,
420 1391 455 1431 2,
480 1389 514 1423 5.

93 1430 429 1475 Asmamentum.
473 1446 633 1479 nondum
657 1446 781 1490 aptatis
807 1447 892 1482 satis
918 1448 1145 1482 armamentis
1170 1451 1228 1492 10,
1250 1451 1286 1490 7,
1305 1450 1364 1485 23.
1397 1449 1627 1484 armamentis

111 1491 313 1571 :Silfggulp
336 1489 471 1572 aeriis)
494 1493 538 1535 9,
561 1491 606 1536 4,
629 1493 676 1527 65
698 1495 746 1527 Ν.
781 1494 852 1527 alia
885 1493 1027 1542 integro
1057 1496 1173 1530 verbo
1204 1494 1417 1542 significatio
1447 1501 1522 1540 est,
1558 1496 1628 1531 alia

92 1562 377 1623 Armentuim'
401 1593 651 1628 Hannibal—
674 1595 712 1630 in
739 1598 911 1632 adversos
937 1603 1077 1632 montes
1102 1607 1212 1645 agens
1237 1602 1396 1631 armenta
1421 1600 1457 1640 2,
1482 1599 1541 1641 17,
1565 1589 1626 1634 19·

94 1635 242 1679 Armo-
284 1655 321 1684 et
342 1643 487 1685 venetio
515 1663 670 1696 armare,
698 1659 735 1687 et
756 1650 895 1688 ‘ferrum
920 1666 1057 1688 armare
1080 1655 1266 1689 translatio
1290 1656 1327 1697 8,
1342 1655 1378 1697 6,
1400 1657 1455 1688 12.
1492 1659 1626 1688 armata

139 1696 232 1738 apud
255 1697 556 1731 Lacedaemonios
580 1699 703 1732 Venus
727 1702 768 1742 2,
793 1699 835 1742 4,
859 1701 918 1735 26.
958 1711 1026 1734 nos
1050 1701 1248 1743 (oratores)
1283 1706 1438 1734 armatos
1464 1706 1559 1735 stare
1586 1700 1626 1735 in

107 1771 111 1773 ,
141 1739 217 1775 acie
234 1744 338 1785 10,1,
349 1743 408 1785 29,
436 1749 608 1777 armatum
626 1756 668 1778 ac
687 1747 789 1780 velut
806 1747 844 1779 in
862 1746 1050 1790 procinctu
1067 1752 1219 1780 stantem
1238 1746 1429 1791 (oratorem)
1446 1749 1501 1791 12,
1515 1748 1552 1791 9,
1564 1749 1626 1782 21.

50 1820 53 1822 .
93 1783 291 1828 Arrideo.
336 1800 431 1832 Tum
454 1800 580 1838 Florus
605 1801 765 1836 arridens
789 1820 834 1826 —
859 1802 975 1847 inquit
1003 1805 1058 1845 10,
1082 1805 1117 1846 3,
1143 1802 1202 1838 14.

94 1839 284 1896 Art-ipio.
329 1866 351 1888 a
375 1855 498 1899 primis
525 1857 643 1891 statim
669 1858 867 1893 actionibus
895 1859 1052 1903 arripere
1080 1860 1250 1905 (aliquia)
1275 1860 1312 1903 6,
1338 1858 1375 1903 4,
1399 1859 1456 1894 14.

95 1893 330 1950 Arrogafls·
353 1931 400 1937 —
431 1923 514 1946 reus
536 1914 572 1954 6,
596 1917 630 1956 1,
656 1914 711 1948 14.
739 1934 782 1942 -
823 1917 868 1950 de
892 1927 931 1950 se
957 1916 1143 1960 persuasio
1164 1920 1198 1955 2,
1221 1916 1258 1960 4,
1283 1918 1339 1952 16.
1384 1915 1626 1964 arrogantium

141 1953 267 1986 falsam
290 1955 335 1988 de
359 1967 398 1989 se
421 1957 625 2000 opinionem
649 1962 712 2002 11,
735 1963 777 2003 1,
803 1963 860 1995 17.
899 1968 1106 2008 arrogantes
1139 1969 1175 1996 et
1197 1962 1269 2005 illi,
1301 1963 1363 2007 qui
1386 1974 1425 1996 se
1451 1963 1628 2006 judicasse

121 2039 128 2044 ἢ
142 1997 188 2030 de
213 2009 338 2050 causa,
376 2011 444 2034 nec
469 2002 571 2036 aliter
594 2004 762 2039 affuturos
789 2006 899 2040 fiiisse
924 2013 1130 2051 proponunt
1161 2011 1205 2042 ib.
1224 2012 1294 2052 27;
1333 2007 1496 2055 pigritiae
1523 2018 1629 2043 arro-

142 2049 313 2089 gantlons
343 2047 398 2087 12,
420 2048 455 2087 3,
480 2049 536 2079 12.

98 2085 373 2144 Arroganter·
430 2103 527 2145 quod
551 2113 626 2137 non
652 2115 723 2138 arr.
749 2104 902 2139 dixerim
927 2105 964 2150 4,
988 2110 1024 2150 2,
1047 2108 1093 2142 86
1116 2109 1165 2141 Ν.

97 2141 369 2199 Arroganna.
411 2159 610 2205 arrogantia
633 2166 687 2194 est
714 2173 791 2204 opp.
816 2162 954 2196 insania
980 2165 1045 2205 11,
1071 2168 1112 2205 1,
1134 2164 1192 2198 38.
1231 2163 1413 2199 fiducia
1435 2164 1515 2209 ipsa
1535 2166 1628 2201 solet

142 2201 314 2244 opinione
349 2205 671 2251 arrogantiae
707 2207 871 2241 laborare
910 2207 955 2249 4,
982 2211 1024 2250 1,
1049 2211 1107 2243 33.
1154 2208 1244 2244 vitia
1271 2211 1627 2256 ¹confidentiae,

115 2248 458 2291 „temeritatis-1,
508 2249 852 2296 improbitatis,
899 2254 1196 2300 arrogantiae
1234 2268 1312 2299 opp.
1352 2258 1627 2302 constantia,

144 2292 345 2336 fiducia,
377 2294 613 2330 fortitudo
640 2301 694 2340 12,
714 2298 749 2341 5,
766 2301 801 2332 2.
839 2299 979 2342 dejecto
1002 2299 1147 2344 (capite)
1172 2300 1411 2336 humilitas
1439 2309 1476 2338 et
1497 2304 1628 2349 supino

145 2347 295 2384 arrog.
329 2340 527 2374 ostenditur
551 2345 607 2385 11,
633 2345 667 2386 3,
690 2344 748 2378 69.
1337 2354 1339 2357 ⁴

101 2380 307 2447 &rog-⁰5·
347 2406 478 2431 nomen
510 2398 578 2432 sibi
615 2399 931 2435 insolentissimum
968 2408 1327 2448 arrogaverunt,
1373 2405 1471 2449 quod
1508 2415 1627 2450 neque

147 2449 274 2491 summi
297 2448 526 2485 imperatores
551 2451 612 2478 etc.
640 2445 707 2479 sibi
731 2458 886 2490 unquam
910 2445 1151 2482 vindicare
1178 2448 1254 2482 ausi
1278 2455 1361 2483 sunt
1389 2453 1446 2484 Pr.
1465 2450 1519 2485 14.
1550 2454 1628 2486 elo-

146 2490 338 2529 quentiam,
364 2498 443 2520 cum
466 2490 703 2532 plenissimam
721 2492 884 2526 diversae
904 2492 1013 2536 partis
1030 2493 1212 2528 advocatis
1239 2498 1528 2539 concederet,
1558 2496 1628 2531 sibi

135 2540 325 2574 *nunquam
348 2532 538 2569 immodice
563 2538 807 2583 arrogavit
832 2542 888 2581 11,
908 2542 942 2582 1,
962 2540 1016 2575 19.
1047 2539 1189 2574 dicendi
1210 2542 1414 2576 facultatem
1436 2543 1551 2589 magis
1574 2542 1628 2578 ini

145 2576 369 2625 detraxit,
396 2590 500 2623 quam
522 2580 590 2614 sibi
615 2584 859 2630 arrogavit
885 2586 928 2618 ib.
951 2587 1008 2618 20.

99 2618 199 2662 ΑΒ·
241 2632 275 2677 1)
299 2645 372 2668 ars
398 2636 508 2679 erit,
532 2641 642 2681 qu‘ae
665 2639 912 2684 disciplina
937 2641 1120 2685 percipi
1144 2643 1277 2676 debet
1303 2645 1338 2686 2,
1350 2642 1407 2686 14,
1418 2643 1451 2678 5.
1484 2641 1526 2687 α)
1545 2656 1626 2687 pars

146 2682 307 2720 generalis
318 2694 331 2713 ι
355 2681 598 2726 promiseram,
623 2695 682 2718 me
707 2686 751 2719 de
775 2697 795 2719 a
803 2692 842 2719 rt
850 2697 889 2728 e,
913 2687 958 2720 de
981 2698 1027 2720 ar
1035 2688 1068 2720 ti
1077 2688 1111 2720 fi
1120 2699 1140 2721 c
1150 2699 1170 2721 e
1179 2714 1189 2731 ,
1215 2690 1259 2722 de
1283 2700 1305 2723 o
1314 2700 1338 2732 p
1347 2700 1419 2722 ere
1448 2688 1625 2723 dicturum

149 2725 206 2767 12,
227 2726 284 2767 10,
305 2728 338 2759 1.
374 2739 406 2761 υ.
429 2727 464 2760 A
472 2734 512 2761 rt
520 2728 531 2761 i
540 2729 558 2761 f
565 2740 629 2763 ex.
663 2736 774 2764 artem
797 2742 918 2765 earum
941 2743 1059 2766 rerum
1083 2745 1162 2767 esse
1172 2759 1182 2776 ,
1211 2745 1302 2778 quae
1325 2734 1483 2768 sciantur
1505 2737 1547 2768 ib.
1565 2735 1625 2768 36.

145 2774 211 2805 art.
235 2777 399 2808 constare
420 2783 469 2808 ex
486 2774 775 2820 perceptionibus
793 2777 1096 2813 consentientibus
1120 2785 1157 2814 et
1177 2779 1428 2815 coexercitatis
1449 2781 1494 2816 ad
1515 2781 1624 2816 finem
