<?xml version="1.0" encoding="UTF-8"?>
<!DOCTYPE html PUBLIC "-//W3C//DTD XHTML 1.0 Transitional//EN"
    "http://www.w3.org/TR/xhtml1/DTD/xhtml1-transitional.dtd">
<html xmlns="http://www.w3.org/1999/xhtml" xml:lang="en" lang="en">
 <head>
  <title>
</title>
<meta http-equiv="Content-Type" content="text/html;charset=utf-8" />
  <meta name='ocr-system' content='tesseract 3.04.00' />
  <meta name='ocr-capabilities' content='ocr_page ocr_carea ocr_par ocr_line ocrx_word'/>
</head>
<body>
  <div class='ocr_page' id='page_1' title='image "./lexiconquintilia06bonnuoft_0115.png"; bbox 0 0 1728 3002; ppageno 0'>
   <div class='ocr_carea' id='block_1_1' title="bbox 0 170 52 570">
    <p class='ocr_par' dir='ltr' id='par_1_1' title="bbox 0 170 52 570">
     <span class='ocr_line' id='line_1_1' title="bbox 0 170 52 570; baseline 0 2432"><span class='ocrx_word' id='word_1_1' title='bbox 0 170 52 570; x_wconf 95' lang='lat' dir='ltr'><strong> </strong></span> 
     </span>
    </p>
   </div>
   <div class='ocr_carea' id='block_1_2' title="bbox 0 567 835 652">
    <p class='ocr_par' dir='ltr' id='par_1_2' title="bbox 0 567 835 652">
     <span class='ocr_line' id='line_1_2' title="bbox 0 567 835 652; baseline -0.004 -19"><span class='ocrx_word' id='word_1_2' title='bbox 0 567 10 597; x_wconf 39' lang='grc' dir='ltr'><strong>ν’</strong></span> <span class='ocrx_word' id='word_1_3' title='bbox 55 595 57 597; x_wconf 62' lang='grc'><strong>’</strong></span> <span class='ocrx_word' id='word_1_4' title='bbox 126 600 307 652; x_wconf 46' lang='lat' dir='ltr'><strong>{nutare</strong></span> <span class='ocrx_word' id='word_1_5' title='bbox 338 597 422 651; x_wconf 65' lang='lat' dir='ltr'><strong>(stili</strong></span> <span class='ocrx_word' id='word_1_6' title='bbox 446 610 530 643; x_wconf 73' lang='lat' dir='ltr'><strong>opus</strong></span> <span class='ocrx_word' id='word_1_7' title='bbox 557 595 622 642; x_wconf 74' lang='lat' dir='ltr'><strong>est)</strong></span> <span class='ocrx_word' id='word_1_8' title='bbox 650 598 707 650; x_wconf 77' lang='lat'><strong>19,</strong></span> <span class='ocrx_word' id='word_1_9' title='bbox 735 598 772 640; x_wconf 82' lang='lat'><strong>4,</strong></span> <span class='ocrx_word' id='word_1_10' title='bbox 800 598 835 630; x_wconf 90' lang='lat'><strong>1.</strong></span> 
     </span>
    </p>
   </div>
   <div class='ocr_carea' id='block_1_3' title="bbox 101 782 508 828">
    <p class='ocr_par' dir='ltr' id='par_1_3' title="bbox 101 782 508 828">
     <span class='ocr_line' id='line_1_3' title="bbox 101 782 508 828; baseline -0.007 -8"><span class='ocrx_word' id='word_1_11' title='bbox 101 806 110 811; x_wconf 68' lang='grc'><strong>-</strong></span> <span class='ocrx_word' id='word_1_12' title='bbox 123 782 386 828; x_wconf 76' lang='lat' dir='ltr'><strong>adjicietur</strong></span> <span class='ocrx_word' id='word_1_13' title='bbox 411 783 448 826; x_wconf 87' lang='lat'><strong>8,</strong></span> <span class='ocrx_word' id='word_1_14' title='bbox 471 783 508 825; x_wconf 84' lang='lat'><strong>3,</strong></span> 
     </span>
    </p>
   </div>
   <div class='ocr_carea' id='block_1_4' title="bbox 125 153 1624 325">
    <p class='ocr_par' dir='ltr' id='par_1_4' title="bbox 125 153 1624 325">
     <span class='ocr_line' id='line_1_4' title="bbox 766 153 1624 213; baseline -0.008 -13"><span class='ocrx_word' id='word_1_15' title='bbox 766 156 937 213; x_wconf 77' lang='lat' dir='ltr'><strong>Adjicto</strong></span> <span class='ocrx_word' id='word_1_16' title='bbox 1569 153 1624 195; x_wconf 82' lang='lat'><strong>23</strong></span> 
     </span>
     <span class='ocr_line' id='line_1_5' title="bbox 125 243 1619 325; baseline -0.007 -9"><span class='ocrx_word' id='word_1_17' title='bbox 125 275 169 321; x_wconf 83' lang='lat'><strong>2.</strong></span> <span class='ocrx_word' id='word_1_18' title='bbox 192 274 233 322; x_wconf 67' lang='lat'><strong>4.</strong></span> <span class='ocrx_word' id='word_1_19' title='bbox 253 275 315 315; x_wconf 69' lang='lat' dir='ltr'><strong>sa.</strong></span> <span class='ocrx_word' id='word_1_20' title='bbox 347 272 522 324; x_wconf 68' lang='lat' dir='ltr'><strong>quiaquia</strong></span> <span class='ocrx_word' id='word_1_21' title='bbox 539 271 595 321; x_wconf 62' lang='lat' dir='ltr'><strong>(a</strong></span> <span class='ocrx_word' id='word_1_22' title='bbox 619 269 849 318; x_wconf 63' lang='lat' dir='ltr'><strong>mma...)</strong></span> <span class='ocrx_word' id='word_1_23' title='bbox 872 281 951 307; x_wconf 73' lang='lat' dir='ltr'><strong>m</strong></span> <span class='ocrx_word' id='word_1_24' title='bbox 976 269 1149 317; x_wconf 62' lang='lat' dir='ltr'><strong>,auoit</strong></span> <span class='ocrx_word' id='word_1_25' title='bbox 1171 243 1375 325; x_wconf 65' lang='lat' dir='ltr'><strong>pnor&#39;ibm,</strong></span> <span class='ocrx_word' id='word_1_26' title='bbox 1409 271 1516 308; x_wconf 71' lang='lat' dir='ltr'><strong>eum</strong></span> <span class='ocrx_word' id='word_1_27' title='bbox 1539 268 1619 307; x_wconf 74' lang='grc' dir='ltr'><strong>«ι.-</strong></span> 
     </span>
    </p>
   </div>
   <div class='ocr_carea' id='block_1_5' title="bbox 53 316 1619 463">
    <p class='ocr_par' dir='ltr' id='par_1_5' title="bbox 53 316 1619 463">
     <span class='ocr_line' id='line_1_6' title="bbox 91 316 1618 365; baseline -0.003 -9"><span class='ocrx_word' id='word_1_28' title='bbox 91 344 112 365; x_wconf 10' lang='lat' dir='ltr'><strong>x.</strong></span> <span class='ocrx_word' id='word_1_29' title='bbox 131 321 237 359; x_wconf 79' lang='lat' dir='ltr'><strong>trah</strong></span> <span class='ocrx_word' id='word_1_30' title='bbox 271 330 324 363; x_wconf 71' lang='lat' dir='ltr'><strong>-re</strong></span> <span class='ocrx_word' id='word_1_31' title='bbox 347 321 493 359; x_wconf 77' lang='lat' dir='ltr'><strong>videtur</strong></span> <span class='ocrx_word' id='word_1_32' title='bbox 515 317 660 363; x_wconf 68' lang='lat' dir='ltr'><strong>(oratio)</strong></span> <span class='ocrx_word' id='word_1_33' title='bbox 681 317 718 362; x_wconf 83' lang='lat'><strong>6,</strong></span> <span class='ocrx_word' id='word_1_34' title='bbox 746 320 781 362; x_wconf 84' lang='grc'><strong>1,</strong></span> <span class='ocrx_word' id='word_1_35' title='bbox 807 316 866 355; x_wconf 88' lang='grc'><strong>29.</strong></span> <span class='ocrx_word' id='word_1_36' title='bbox 903 316 959 354; x_wconf 87' lang='lat' dir='ltr'><strong>illi</strong></span> <span class='ocrx_word' id='word_1_37' title='bbox 982 316 1119 365; x_wconf 75' lang='lat' dir='ltr'><strong>(Dera.)</strong></span> <span class='ocrx_word' id='word_1_38' title='bbox 1142 317 1234 354; x_wconf 79' lang='lat' dir='ltr'><strong>nihil</strong></span> <span class='ocrx_word' id='word_1_39' title='bbox 1260 317 1459 355; x_wconf 77' lang='lat' dir='ltr'><strong>detrahi</strong></span> <span class='ocrx_word' id='word_1_40' title='bbox 1485 323 1618 363; x_wconf 85' lang='lat' dir='ltr'><strong>potest,</strong></span> 
     </span>
     <span class='ocr_line' id='line_1_7' title="bbox 129 363 1616 414; baseline -0.005 -10"><span class='ocrx_word' id='word_1_41' title='bbox 129 369 216 406; x_wconf 83' lang='lat' dir='ltr'><strong>huic</strong></span> <span class='ocrx_word' id='word_1_42' title='bbox 261 366 349 414; x_wconf 69' lang='lat'><strong>050.)</strong></span> <span class='ocrx_word' id='word_1_43' title='bbox 375 366 468 403; x_wconf 84' lang='lat' dir='ltr'><strong>nihil</strong></span> <span class='ocrx_word' id='word_1_44' title='bbox 492 364 645 411; x_wconf 79' lang='lat' dir='ltr'><strong>adjici</strong></span> <span class='ocrx_word' id='word_1_45' title='bbox 667 367 726 409; x_wconf 91' lang='grc'><strong>10,</strong></span> <span class='ocrx_word' id='word_1_46' title='bbox 754 367 788 408; x_wconf 85' lang='grc'><strong>1,</strong></span> <span class='ocrx_word' id='word_1_47' title='bbox 816 363 895 400; x_wconf 79' lang='lat'><strong>¹06.</strong></span> <span class='ocrx_word' id='word_1_48' title='bbox 928 363 961 400; x_wconf 77' lang='lat' dir='ltr'><strong>si</strong></span> <span class='ocrx_word' id='word_1_49' title='bbox 995 364 1080 410; x_wconf 84' lang='lat' dir='ltr'><strong>quid</strong></span> <span class='ocrx_word' id='word_1_50' title='bbox 1106 364 1388 409; x_wconf 86' lang='lat' dir='ltr'><strong>adjecturus</strong></span> <span class='ocrx_word' id='word_1_51' title='bbox 1415 363 1485 399; x_wconf 83' lang='lat' dir='ltr'><strong>sibi</strong></span> <span class='ocrx_word' id='word_1_52' title='bbox 1511 363 1563 408; x_wconf 84' lang='lat' dir='ltr'><strong>(a.</strong></span> <span class='ocrx_word' id='word_1_53' title='bbox 1591 368 1616 397; x_wconf 75' lang='lat' dir='ltr'><strong>l.</strong></span> 
     </span>
     <span class='ocr_line' id='line_1_8' title="bbox 53 409 1619 463; baseline 0.004 -26"><span class='ocrx_word' id='word_1_54' title='bbox 53 428 62 437; x_wconf 94' lang='lat'><strong>.</strong></span> <span class='ocrx_word' id='word_1_55' title='bbox 129 412 239 459; x_wconf 58' lang='lat' dir='ltr'><strong>m),</strong></span> <span class='ocrx_word' id='word_1_56' title='bbox 271 425 348 452; x_wconf 86' lang='lat' dir='ltr'><strong>non</strong></span> <span class='ocrx_word' id='word_1_57' title='bbox 370 413 403 450; x_wconf 74' lang='lat' dir='ltr'><strong>si</strong></span> <span class='ocrx_word' id='word_1_58' title='bbox 477 411 513 446; x_wconf 84' lang='lat' dir='ltr'><strong>‘d</strong></span> <span class='ocrx_word' id='word_1_59' title='bbox 535 413 844 448; x_wconf 82' lang='lat' dir='ltr'><strong>detracturus</strong></span> <span class='ocrx_word' id='word_1_60' title='bbox 871 409 940 446; x_wconf 73' lang='lat' dir='ltr'><strong>fuit</strong></span> <span class='ocrx_word' id='word_1_61' title='bbox 970 411 1121 455; x_wconf 75' lang='lat' dir='ltr'><strong>(Calvus</strong></span> <span class='ocrx_word' id='word_1_62' title='bbox 1149 410 1287 460; x_wconf 66' lang='lat' dir='ltr'><strong>orator)</strong></span> <span class='ocrx_word' id='word_1_63' title='bbox 1314 413 1373 456; x_wconf 93' lang='grc'><strong>10,</strong></span> <span class='ocrx_word' id='word_1_64' title='bbox 1401 414 1435 455; x_wconf 88' lang='grc'><strong>1,</strong></span> <span class='ocrx_word' id='word_1_65' title='bbox 1463 410 1543 446; x_wconf 90' lang='grc'><strong>115.</strong></span> <span class='ocrx_word' id='word_1_66' title='bbox 1580 416 1619 463; x_wconf 73' lang='lat' dir='ltr'><strong>et</strong></span> 
     </span>
    </p>
   </div>
   <div class='ocr_carea' id='block_1_6' title="bbox 128 456 1621 506">
    <p class='ocr_par' dir='ltr' id='par_1_6' title="bbox 128 456 1621 506">
     <span class='ocr_line' id='line_1_9' title="bbox 128 456 1621 506; baseline -0.004 -10"><span class='ocrx_word' id='word_1_67' title='bbox 128 461 322 506; x_wconf 81' lang='lat' dir='ltr'><strong>adjecta</strong></span> <span class='ocrx_word' id='word_1_68' title='bbox 353 465 390 496; x_wconf 80' lang='lat' dir='ltr'><strong>et</strong></span> <span class='ocrx_word' id='word_1_69' title='bbox 458 463 646 494; x_wconf 74' lang='lat' dir='ltr'><strong>eti-acta</strong></span> <span class='ocrx_word' id='word_1_70' title='bbox 680 456 899 502; x_wconf 84' lang='lat' dir='ltr'><strong>aspiratione</strong></span> <span class='ocrx_word' id='word_1_71' title='bbox 933 457 970 501; x_wconf 88' lang='grc'><strong>6,</strong></span> <span class='ocrx_word' id='word_1_72' title='bbox 1002 458 1039 501; x_wconf 83' lang='grc'><strong>3,</strong></span> <span class='ocrx_word' id='word_1_73' title='bbox 1065 456 1133 500; x_wconf 86' lang='grc'><strong>55;</strong></span> <span class='ocrx_word' id='word_1_74' title='bbox 1205 457 1248 500; x_wconf 89' lang='lat' dir='ltr'><strong>b)</strong></span> <span class='ocrx_word' id='word_1_75' title='bbox 1282 471 1360 504; x_wconf 83' lang='lat' dir='ltr'><strong>opp.</strong></span> <span class='ocrx_word' id='word_1_76' title='bbox 1395 464 1538 492; x_wconf 70' lang='lat' dir='ltr'><strong>mutos</strong></span> <span class='ocrx_word' id='word_1_77' title='bbox 1578 464 1621 490; x_wconf 69' lang='grc' dir='ltr'><strong>ω’</strong></span> 
     </span>
    </p>
   </div>
   <div class='ocr_carea' id='block_1_7' title="bbox 17 482 1616 557">
    <p class='ocr_par' dir='ltr' id='par_1_7' title="bbox 17 482 1616 557">
     <span class='ocr_line' id='line_1_10' title="bbox 17 482 1616 557; baseline -0.004 -14"><span class='ocrx_word' id='word_1_78' title='bbox 17 482 51 535; x_wconf 42' lang='grc' dir='ltr'><strong>τ’</strong></span> <span class='ocrx_word' id='word_1_79' title='bbox 83 496 88 499; x_wconf 60' lang='grc'><strong>’</strong></span> <span class='ocrx_word' id='word_1_80' title='bbox 127 506 231 542; x_wconf 79' lang='lat' dir='ltr'><strong>libris</strong></span> <span class='ocrx_word' id='word_1_81' title='bbox 266 511 372 544; x_wconf 84' lang='lat' dir='ltr'><strong>erunt</strong></span> <span class='ocrx_word' id='word_1_82' title='bbox 404 506 515 541; x_wconf 84' lang='lat' dir='ltr'><strong>multa</strong></span> <span class='ocrx_word' id='word_1_83' title='bbox 546 509 749 557; x_wconf 77' lang='lat' dir='ltr'><strong>mutata,</strong></span> <span class='ocrx_word' id='word_1_84' title='bbox 796 502 950 548; x_wconf 74' lang='lat' dir='ltr'><strong>plurima</strong></span> <span class='ocrx_word' id='word_1_85' title='bbox 983 503 1184 549; x_wconf 77' lang='lat' dir='ltr'><strong>adjecta</strong></span> <span class='ocrx_word' id='word_1_86' title='bbox 1216 502 1276 538; x_wconf 83' lang='lat' dir='ltr'><strong>Pr.</strong></span> <span class='ocrx_word' id='word_1_87' title='bbox 1312 505 1348 541; x_wconf 88' lang='grc'><strong>8.</strong></span> <span class='ocrx_word' id='word_1_88' title='bbox 1385 502 1616 547; x_wconf 82' lang='lat' dir='ltr'><strong>adjectis,</strong></span> 
     </span>
    </p>
   </div>
   <div class='ocr_carea' id='block_1_8' title="bbox 122 548 1618 874">
    <p class='ocr_par' dir='ltr' id='par_1_8' title="bbox 128 548 1617 597">
     <span class='ocr_line' id='line_1_11' title="bbox 128 548 1617 597; baseline -0.003 -10"><span class='ocrx_word' id='word_1_89' title='bbox 128 552 386 597; x_wconf 79' lang='lat' dir='ltr'><strong>detractis,</strong></span> <span class='ocrx_word' id='word_1_90' title='bbox 432 550 627 586; x_wconf 85' lang='lat' dir='ltr'><strong>mutatis</strong></span> <span class='ocrx_word' id='word_1_91' title='bbox 655 550 770 585; x_wconf 79' lang='lat' dir='ltr'><strong>literis</strong></span> <span class='ocrx_word' id='word_1_92' title='bbox 804 550 852 594; x_wconf 88' lang='grc'><strong>6,</strong></span> <span class='ocrx_word' id='word_1_93' title='bbox 884 551 907 586; x_wconf 85' lang='grc'><strong>3</strong></span> <span class='ocrx_word' id='word_1_94' title='bbox 961 551 1020 587; x_wconf 87' lang='grc'><strong>53.</strong></span> <span class='ocrx_word' id='word_1_95' title='bbox 1056 548 1300 596; x_wconf 86' lang='lat' dir='ltr'><strong>adjicere,</strong></span> <span class='ocrx_word' id='word_1_96' title='bbox 1342 550 1617 593; x_wconf 77' lang='lat' dir='ltr'><strong>detrahere,</strong></span> 
     </span>
    </p>

    <p class='ocr_par' dir='ltr' id='par_1_9' title="bbox 122 576 1618 874">
     <span class='ocr_line' id='line_1_12' title="bbox 894 576 1616 642; baseline -0.006 -10"><span class='ocrx_word' id='word_1_97' title='bbox 894 576 934 640; x_wconf 60' lang='grc'><strong>05</strong></span> <span class='ocrx_word' id='word_1_98' title='bbox 959 599 1030 638; x_wconf 69' lang='lat' dir='ltr'><strong>alic</strong></span> <span class='ocrx_word' id='word_1_99' title='bbox 1051 602 1230 642; x_wconf 76' lang='lat' dir='ltr'><strong>praetereo</strong></span> <span class='ocrx_word' id='word_1_100' title='bbox 1254 598 1358 632; x_wconf 77' lang='lat' dir='ltr'><strong>verba</strong></span> <span class='ocrx_word' id='word_1_101' title='bbox 1386 602 1616 640; x_wconf 74' lang='lat' dir='ltr'><strong>opponuntur.-</strong></span> 
     </span>
     <span class='ocr_line' id='line_1_13' title="bbox 125 641 1618 689; baseline -0.004 -8"><span class='ocrx_word' id='word_1_102' title='bbox 125 655 167 680; x_wconf 82' lang='grc' dir='ltr'><strong>ιιι</strong></span> <span class='ocrx_word' id='word_1_103' title='bbox 188 655 288 681; x_wconf 74' lang='lat' dir='ltr'><strong>omni</strong></span> <span class='ocrx_word' id='word_1_104' title='bbox 309 644 387 689; x_wconf 83' lang='lat' dir='ltr'><strong>ejus</strong></span> <span class='ocrx_word' id='word_1_105' title='bbox 475 643 559 678; x_wconf 88' lang='lat' dir='ltr'><strong>enio</strong></span> <span class='ocrx_word' id='word_1_106' title='bbox 583 642 744 687; x_wconf 73' lang='lat' dir='ltr'><strong>facinus,</strong></span> <span class='ocrx_word' id='word_1_107' title='bbox 771 642 870 687; x_wconf 81' lang='lat' dir='ltr'><strong>quod</strong></span> <span class='ocrx_word' id='word_1_108' title='bbox 894 642 1056 687; x_wconf 83' lang='lat' dir='ltr'><strong>rejici,</strong></span> <span class='ocrx_word' id='word_1_109' title='bbox 1088 652 1196 688; x_wconf 79' lang='lat' dir='ltr'><strong>quam</strong></span> <span class='ocrx_word' id='word_1_110' title='bbox 1220 643 1318 689; x_wconf 81' lang='lat' dir='ltr'><strong>quod</strong></span> <span class='ocrx_word' id='word_1_111' title='bbox 1342 641 1494 687; x_wconf 82' lang='lat' dir='ltr'><strong>adjici</strong></span> <span class='ocrx_word' id='word_1_112' title='bbox 1528 651 1618 686; x_wconf 85' lang='lat' dir='ltr'><strong>pos-</strong></span> 
     </span>
     <span class='ocr_line' id='line_1_14' title="bbox 125 655 1616 736; baseline -0.003 -11"><span class='ocrx_word' id='word_1_113' title='bbox 125 689 197 735; x_wconf 84' lang='lat' dir='ltr'><strong>sit,</strong></span> <span class='ocrx_word' id='word_1_114' title='bbox 230 655 478 734; x_wconf 32' lang='lat' dir='ltr'><strong>invenient}</strong></span> <span class='ocrx_word' id='word_1_115' title='bbox 503 691 539 736; x_wconf 85' lang='lat'><strong>3,</strong></span> <span class='ocrx_word' id='word_1_116' title='bbox 561 689 596 726; x_wconf 84' lang='lat'><strong>5.</strong></span> <span class='ocrx_word' id='word_1_117' title='bbox 630 688 869 734; x_wconf 84' lang='lat' dir='ltr'><strong>adjicere,</strong></span> <span class='ocrx_word' id='word_1_118' title='bbox 910 699 1002 734; x_wconf 83' lang='lat' dir='ltr'><strong>quae</strong></span> <span class='ocrx_word' id='word_1_119' title='bbox 1040 689 1207 724; x_wconf 88' lang='lat' dir='ltr'><strong>desunt</strong></span> <span class='ocrx_word' id='word_1_120' title='bbox 1245 691 1303 732; x_wconf 90' lang='grc'><strong>10,</strong></span> <span class='ocrx_word' id='word_1_121' title='bbox 1338 691 1374 732; x_wconf 91' lang='grc'><strong>2,</strong></span> <span class='ocrx_word' id='word_1_122' title='bbox 1408 690 1467 723; x_wconf 91' lang='grc'><strong>20.</strong></span> <span class='ocrx_word' id='word_1_123' title='bbox 1508 686 1556 730; x_wconf 82' lang='lat' dir='ltr'><strong>cf.</strong></span> <span class='ocrx_word' id='word_1_124' title='bbox 1580 690 1616 731; x_wconf 85' lang='lat'><strong>1,</strong></span> 
     </span>
     <span class='ocr_line' id='line_1_15' title="bbox 125 734 1616 817; baseline -0.004 -44"><span class='ocrx_word' id='word_1_125' title='bbox 125 737 243 780; x_wconf 69' lang='lat'><strong>10‚8.</strong></span> <span class='ocrx_word' id='word_1_126' title='bbox 273 736 402 773; x_wconf 78' lang='lat' dir='ltr'><strong>vitium</strong></span> <span class='ocrx_word' id='word_1_127' title='bbox 423 734 696 817; x_wconf 58' lang='lat' dir='ltr'><strong>⁸fi²²52u⁰fif³⁸</strong></span> <span class='ocrx_word' id='word_1_128' title='bbox 727 734 939 789; x_wconf 45' lang='lat' dir='ltr'><strong>oti-osum·</strong></span> <span class='ocrx_word' id='word_1_129' title='bbox 966 734 1120 771; x_wconf 86' lang='lat' dir='ltr'><strong>fuerit</strong></span> <span class='ocrx_word' id='word_1_130' title='bbox 1145 740 1183 771; x_wconf 86' lang='lat' dir='ltr'><strong>et</strong></span> <span class='ocrx_word' id='word_1_131' title='bbox 1215 734 1492 814; x_wconf 44' lang='lat' dir='ltr'><strong>super-eritf,</strong></span> <span class='ocrx_word' id='word_1_132' title='bbox 1533 744 1616 768; x_wconf 87' lang='lat' dir='ltr'><strong>cum</strong></span> 
     </span>
     <span class='ocr_line' id='line_1_16' title="bbox 122 780 1616 874; baseline -0.003 -9"><span class='ocrx_word' id='word_1_133' title='bbox 122 827 358 872; x_wconf 71' lang='lat' dir='ltr'><strong>inventu-ua,</strong></span> <span class='ocrx_word' id='word_1_134' title='bbox 382 829 481 874; x_wconf 80' lang='lat' dir='ltr'><strong>quod</strong></span> <span class='ocrx_word' id='word_1_135' title='bbox 504 781 843 864; x_wconf 43' lang='lat' dir='ltr'><strong>adhfieffichfflffl</strong></span> <span class='ocrx_word' id='word_1_136' title='bbox 851 780 963 861; x_wconf 63' lang='lat' dir='ltr'><strong>raudriii</strong></span> <span class='ocrx_word' id='word_1_137' title='bbox 973 780 1232 871; x_wconf 50' lang='lat' dir='ltr'><strong>giitgssimf‘iiliistsb</strong></span> <span class='ocrx_word' id='word_1_138' title='bbox 1253 791 1464 871; x_wconf 45' lang='grc' dir='ltr'><strong>Τέεῗοῦἶο.</strong></span> <span class='ocrx_word' id='word_1_139' title='bbox 1477 785 1534 861; x_wconf 73' lang='lat' dir='ltr'><strong>⁰int</strong></span> <span class='ocrx_word' id='word_1_140' title='bbox 1535 791 1616 860; x_wconf 43' lang='lat'><strong>¹:³1³:3</strong></span> 
     </span>
    </p>
   </div>
   <div class='ocr_carea' id='block_1_9' title="bbox 36 865 1615 918">
    <p class='ocr_par' dir='ltr' id='par_1_10' title="bbox 36 865 1615 918">
     <span class='ocr_line' id='line_1_17' title="bbox 36 865 1615 918; baseline -0.003 -8"><span class='ocrx_word' id='word_1_141' title='bbox 36 865 47 877; x_wconf 69' lang='lat'><em>⁶</em></span> <span class='ocrx_word' id='word_1_142' title='bbox 78 908 87 918; x_wconf 84' lang='grc'><strong>,</strong></span> <span class='ocrx_word' id='word_1_143' title='bbox 122 879 206 910; x_wconf 71' lang='lat' dir='ltr'><strong>ons</strong></span> <span class='ocrx_word' id='word_1_144' title='bbox 229 893 277 900; x_wconf 94' lang='lat'><strong>—</strong></span> <span class='ocrx_word' id='word_1_145' title='bbox 304 873 551 910; x_wconf 76' lang='lat' dir='ltr'><strong>antonomasia</strong></span> <span class='ocrx_word' id='word_1_146' title='bbox 573 879 652 917; x_wconf 88' lang='lat' dir='ltr'><strong>est,</strong></span> <span class='ocrx_word' id='word_1_147' title='bbox 688 873 720 908; x_wconf 89' lang='lat' dir='ltr'><strong>si</strong></span> <span class='ocrx_word' id='word_1_148' title='bbox 753 873 994 918; x_wconf 84' lang='lat' dir='ltr'><strong>adjeceris</strong></span> <span class='ocrx_word' id='word_1_149' title='bbox 1018 890 1064 899; x_wconf 90' lang='lat'>-</span> <span class='ocrx_word' id='word_1_150' title='bbox 1089 872 1290 917; x_wconf 89' lang='lat' dir='ltr'><strong>appositum</strong></span> <span class='ocrx_word' id='word_1_151' title='bbox 1310 873 1347 917; x_wconf 81' lang='lat'><strong>8,</strong></span> <span class='ocrx_word' id='word_1_152' title='bbox 1370 873 1408 917; x_wconf 88' lang='grc'><strong>6,</strong></span> <span class='ocrx_word' id='word_1_153' title='bbox 1431 872 1491 908; x_wconf 84' lang='grc'><strong>43.</strong></span> <span class='ocrx_word' id='word_1_154' title='bbox 1525 872 1615 906; x_wconf 88' lang='lat' dir='ltr'><strong>ha·-</strong></span> 
     </span>
    </p>
   </div>
   <div class='ocr_carea' id='block_1_10' title="bbox 117 917 1615 1248">
    <p class='ocr_par' dir='ltr' id='par_1_11' title="bbox 117 917 1615 1248">
     <span class='ocr_line' id='line_1_18' title="bbox 122 917 1615 964; baseline -0.001 -10"><span class='ocrx_word' id='word_1_155' title='bbox 122 919 282 955; x_wconf 73' lang='lat' dir='ltr'><strong>bemus</strong></span> <span class='ocrx_word' id='word_1_156' title='bbox 309 920 318 928; x_wconf 88' lang='lat'><strong>&#39;</strong></span> <span class='ocrx_word' id='word_1_157' title='bbox 346 921 416 955; x_wconf 75' lang='lat' dir='ltr'><strong>&#39;tur</strong></span> <span class='ocrx_word' id='word_1_158' title='bbox 442 926 526 955; x_wconf 88' lang='lat' dir='ltr'><strong>ante</strong></span> <span class='ocrx_word' id='word_1_159' title='bbox 550 919 672 957; x_wconf 90' lang='lat' dir='ltr'><strong>omnia</strong></span> <span class='ocrx_word' id='word_1_160' title='bbox 689 918 810 954; x_wconf 83' lang='lat' dir='ltr'><strong>virum</strong></span> <span class='ocrx_word' id='word_1_161' title='bbox 834 920 982 962; x_wconf 91' lang='lat' dir='ltr'><strong>bonum,</strong></span> <span class='ocrx_word' id='word_1_162' title='bbox 1006 925 1089 963; x_wconf 87' lang='lat' dir='ltr'><strong>post</strong></span> <span class='ocrx_word' id='word_1_163' title='bbox 1111 920 1205 954; x_wconf 85' lang='lat' dir='ltr'><strong>haec</strong></span> <span class='ocrx_word' id='word_1_164' title='bbox 1232 918 1446 964; x_wconf 86' lang='lat' dir='ltr'><strong>adjiciet</strong></span> <span class='ocrx_word' id='word_1_165' title='bbox 1471 917 1615 953; x_wconf 90' lang='lat' dir='ltr'><strong>dicendi</strong></span> 
     </span>
     <span class='ocr_line' id='line_1_19' title="bbox 122 930 1614 1011; baseline -0.001 -11"><span class='ocrx_word' id='word_1_166' title='bbox 122 965 276 1010; x_wconf 81' lang='lat' dir='ltr'><strong>peritum</strong></span> <span class='ocrx_word' id='word_1_167' title='bbox 301 930 367 1008; x_wconf 54' lang='grc' dir='ltr'><strong>ἒξ,</strong></span> <span class='ocrx_word' id='word_1_168' title='bbox 391 969 436 1011; x_wconf 88' lang='grc'><strong>1,</strong></span> <span class='ocrx_word' id='word_1_169' title='bbox 458 968 517 1001; x_wconf 84' lang='grc'><strong>27.</strong></span> <span class='ocrx_word' id='word_1_170' title='bbox 574 965 620 1011; x_wconf 79' lang='grc' dir='ltr'><strong>β)</strong></span> <span class='ocrx_word' id='word_1_171' title='bbox 649 965 803 1010; x_wconf 74' lang='lat' dir='ltr'><strong>jung-itur</strong></span> <span class='ocrx_word' id='word_1_172' title='bbox 830 978 859 1000; x_wconf 80' lang='lat' dir='ltr'><strong>c.</strong></span> <span class='ocrx_word' id='word_1_173' title='bbox 884 967 1025 1010; x_wconf 66' lang='lat' dir='ltr'><strong>simplic-1·</strong></span> <span class='ocrx_word' id='word_1_174' title='bbox 1049 968 1212 1001; x_wconf 69' lang='lat' dir='ltr'><strong>Accusat.</strong></span> <span class='ocrx_word' id='word_1_175' title='bbox 1264 965 1300 1007; x_wconf 82' lang='lat' dir='ltr'><strong>a)</strong></span> <span class='ocrx_word' id='word_1_176' title='bbox 1326 968 1427 1000; x_wconf 67' lang='lat' dir='ltr'><strong>Act„-</strong></span> <span class='ocrx_word' id='word_1_177' title='bbox 1468 964 1614 999; x_wconf 73' lang='lat' dir='ltr'><strong>tertium</strong></span> 
     </span>
     <span class='ocr_line' id='line_1_20' title="bbox 121 1009 1613 1057; baseline -0.001 -13"><span class='ocrx_word' id='word_1_178' title='bbox 121 1021 212 1046; x_wconf 87' lang='lat' dir='ltr'><strong>mox</strong></span> <span class='ocrx_word' id='word_1_179' title='bbox 240 1011 446 1055; x_wconf 83' lang='lat' dir='ltr'><strong>adjecerunt</strong></span> <span class='ocrx_word' id='word_1_180' title='bbox 496 1022 586 1046; x_wconf 89' lang='lat' dir='ltr'><strong>enus</strong></span> <span class='ocrx_word' id='word_1_181' title='bbox 612 1013 670 1054; x_wconf 84' lang='lat'><strong>12,</strong></span> <span class='ocrx_word' id='word_1_182' title='bbox 698 1013 756 1056; x_wconf 87' lang='lat'><strong>10,</strong></span> <span class='ocrx_word' id='word_1_183' title='bbox 786 1013 840 1048; x_wconf 89' lang='grc'><strong>18.</strong></span> <span class='ocrx_word' id='word_1_184' title='bbox 875 1016 1065 1046; x_wconf 78' lang='lat' dir='ltr'><strong>accusator</strong></span> <span class='ocrx_word' id='word_1_185' title='bbox 1086 1031 1135 1038; x_wconf 94' lang='lat'><strong>—</strong></span> <span class='ocrx_word' id='word_1_186' title='bbox 1158 1010 1288 1057; x_wconf 86' lang='lat' dir='ltr'><strong>adjecit</strong></span> <span class='ocrx_word' id='word_1_187' title='bbox 1314 1009 1489 1046; x_wconf 81' lang='lat' dir='ltr'><strong>invidiam</strong></span> <span class='ocrx_word' id='word_1_188' title='bbox 1511 1009 1547 1054; x_wconf 96' lang='grc'><strong>4,</strong></span> <span class='ocrx_word' id='word_1_189' title='bbox 1576 1013 1613 1053; x_wconf 88' lang='grc'><strong>2,</strong></span> 
     </span>
     <span class='ocr_line' id='line_1_21' title="bbox 121 1056 1615 1101; baseline 0 -10"><span class='ocrx_word' id='word_1_190' title='bbox 121 1057 183 1092; x_wconf 85' lang='grc'><strong>75.</strong></span> <span class='ocrx_word' id='word_1_191' title='bbox 211 1057 390 1092; x_wconf 79' lang='lat' dir='ltr'><strong>doctiores</strong></span> <span class='ocrx_word' id='word_1_192' title='bbox 414 1068 452 1092; x_wconf 86' lang='lat' dir='ltr'><strong>m</strong></span> <span class='ocrx_word' id='word_1_193' title='bbox 488 1063 527 1092; x_wconf 89' lang='lat' dir='ltr'><strong>ta</strong></span> <span class='ocrx_word' id='word_1_194' title='bbox 554 1056 724 1101; x_wconf 77' lang='lat' dir='ltr'>adjicient</span> <span class='ocrx_word' id='word_1_195' title='bbox 746 1059 781 1101; x_wconf 88' lang='lat'><strong>1,</strong></span> <span class='ocrx_word' id='word_1_196' title='bbox 806 1059 843 1100; x_wconf 87' lang='lat'><strong>5,</strong></span> <span class='ocrx_word' id='word_1_197' title='bbox 867 1059 903 1092; x_wconf 87' lang='lat'><strong>7.</strong></span> <span class='ocrx_word' id='word_1_198' title='bbox 931 1056 978 1099; x_wconf 61' lang='grc' dir='ltr'><strong>ό.</strong></span> <span class='ocrx_word' id='word_1_199' title='bbox 1006 1058 1039 1100; x_wconf 91' lang='grc'><strong>1,</strong></span> <span class='ocrx_word' id='word_1_200' title='bbox 1068 1059 1125 1100; x_wconf 90' lang='grc'><strong>10,</strong></span> <span class='ocrx_word' id='word_1_201' title='bbox 1149 1058 1184 1093; x_wconf 85' lang='grc'><strong>8.</strong></span> <span class='ocrx_word' id='word_1_202' title='bbox 1218 1067 1426 1092; x_wconf 84' lang='lat' dir='ltr'><strong>communes</strong></span> <span class='ocrx_word' id='word_1_203' title='bbox 1453 1056 1550 1099; x_wconf 88' lang='lat' dir='ltr'><strong>loci,</strong></span> <span class='ocrx_word' id='word_1_204' title='bbox 1582 1057 1615 1091; x_wconf 83' lang='lat' dir='ltr'><strong>si</strong></span> 
     </span>
     <span class='ocr_line' id='line_1_22' title="bbox 120 1101 1615 1148; baseline -0.001 -10"><span class='ocrx_word' id='word_1_205' title='bbox 120 1112 223 1138; x_wconf 77' lang='lat' dir='ltr'><strong>reum</strong></span> <span class='ocrx_word' id='word_1_206' title='bbox 250 1102 419 1147; x_wconf 79' lang='lat' dir='ltr'><strong>adjicias,</strong></span> <span class='ocrx_word' id='word_1_207' title='bbox 444 1102 690 1138; x_wconf 76' lang='lat' dir='ltr'><strong>accusationes</strong></span> <span class='ocrx_word' id='word_1_208' title='bbox 714 1101 839 1148; x_wconf 74' lang='lat' dir='ltr'><strong>(sunt)</strong></span> <span class='ocrx_word' id='word_1_209' title='bbox 866 1104 902 1144; x_wconf 89' lang='grc'><strong>2,</strong></span> <span class='ocrx_word' id='word_1_210' title='bbox 931 1101 968 1142; x_wconf 83' lang='grc'><strong>4.</strong></span> <span class='ocrx_word' id='word_1_211' title='bbox 991 1105 1050 1137; x_wconf 85' lang='grc'><strong>22.</strong></span> <span class='ocrx_word' id='word_1_212' title='bbox 1099 1103 1204 1138; x_wconf 85' lang='lat' dir='ltr'><strong>Nunc</strong></span> <span class='ocrx_word' id='word_1_213' title='bbox 1229 1103 1423 1139; x_wconf 85' lang='lat' dir='ltr'><strong>consilium</strong></span> <span class='ocrx_word' id='word_1_214' title='bbox 1449 1109 1487 1139; x_wconf 88' lang='lat' dir='ltr'><strong>et</strong></span> <span class='ocrx_word' id='word_1_215' title='bbox 1509 1103 1615 1137; x_wconf 88' lang='lat' dir='ltr'><strong>colo-</strong></span> 
     </span>
     <span class='ocr_line' id='line_1_23' title="bbox 117 1145 1613 1194; baseline 0.001 -12"><span class='ocrx_word' id='word_1_216' title='bbox 117 1158 199 1183; x_wconf 74' lang='lat' dir='ltr'><strong>rem</strong></span> <span class='ocrx_word' id='word_1_217' title='bbox 231 1147 404 1194; x_wconf 74' lang='lat' dir='ltr'><strong>adjiciunt</strong></span> <span class='ocrx_word' id='word_1_218' title='bbox 434 1145 613 1193; x_wconf 76' lang='lat' dir='ltr'><strong>(nimitum</strong></span> <span class='ocrx_word' id='word_1_219' title='bbox 638 1149 811 1191; x_wconf 73' lang='lat' dir='ltr'><strong>advocati,</strong></span> <span class='ocrx_word' id='word_1_220' title='bbox 839 1150 898 1193; x_wconf 77' lang='lat' dir='ltr'><strong>qui</strong></span> <span class='ocrx_word' id='word_1_221' title='bbox 929 1161 1031 1192; x_wconf 78' lang='lat' dir='ltr'><strong>agere</strong></span> <span class='ocrx_word' id='word_1_222' title='bbox 1062 1161 1128 1183; x_wconf 80' lang='lat' dir='ltr'><strong>non</strong></span> <span class='ocrx_word' id='word_1_223' title='bbox 1155 1150 1318 1194; x_wconf 69' lang='lat' dir='ltr'><strong>possunt)</strong></span> <span class='ocrx_word' id='word_1_224' title='bbox 1348 1151 1406 1194; x_wconf 82' lang='grc'><strong>12,</strong></span> <span class='ocrx_word' id='word_1_225' title='bbox 1438 1150 1475 1192; x_wconf 87' lang='lat'><strong>8,</strong></span> <span class='ocrx_word' id='word_1_226' title='bbox 1508 1149 1544 1185; x_wconf 89' lang='grc'><strong>6.</strong></span> <span class='ocrx_word' id='word_1_227' title='bbox 1581 1149 1613 1184; x_wconf 90' lang='lat' dir='ltr'><strong>si</strong></span> 
     </span>
     <span class='ocr_line' id='line_1_24' title="bbox 117 1193 1613 1248; baseline 0 -20"><span class='ocrx_word' id='word_1_228' title='bbox 117 1194 296 1240; x_wconf 70' lang='lat' dir='ltr'><strong>quendun</strong></span> <span class='ocrx_word' id='word_1_229' title='bbox 309 1194 466 1248; x_wconf 66' lang='lat' dir='ltr'><strong>adjicere</strong></span> <span class='ocrx_word' id='word_1_230' title='bbox 488 1193 541 1239; x_wconf 81' lang='lat' dir='ltr'><strong>(a.</strong></span> <span class='ocrx_word' id='word_1_231' title='bbox 569 1197 592 1230; x_wconf 77' lang='lat'><strong>1.</strong></span> <span class='ocrx_word' id='word_1_232' title='bbox 616 1193 777 1236; x_wconf 86' lang='lat' dir='ltr'><strong>adicere)</strong></span> <span class='ocrx_word' id='word_1_233' title='bbox 798 1193 910 1235; x_wconf 66' lang='lat' dir='ltr'><strong>velis,</strong></span> <span class='ocrx_word' id='word_1_234' title='bbox 927 1193 960 1230; x_wconf 89' lang='lat' dir='ltr'><strong>is</strong></span> <span class='ocrx_word' id='word_1_235' title='bbox 987 1194 1056 1230; x_wconf 85' lang='lat' dir='ltr'><strong>erit</strong></span> <span class='ocrx_word' id='word_1_236' title='bbox 1079 1194 1228 1231; x_wconf 81' lang='lat' dir='ltr'><strong>Caesius</strong></span> <span class='ocrx_word' id='word_1_237' title='bbox 1252 1196 1386 1230; x_wconf 85' lang='lat' dir='ltr'><strong>Bassus</strong></span> <span class='ocrx_word' id='word_1_238' title='bbox 1415 1198 1473 1238; x_wconf 87' lang='grc'><strong>10,</strong></span> <span class='ocrx_word' id='word_1_239' title='bbox 1499 1198 1534 1239; x_wconf 90' lang='grc'><strong>1,’</strong></span> <span class='ocrx_word' id='word_1_240' title='bbox 1551 1195 1613 1230; x_wconf 91' lang='grc'><strong>96.</strong></span> 
     </span>
    </p>
   </div>
   <div class='ocr_carea' id='block_1_11' title="bbox 97 1237 1613 1286">
    <p class='ocr_par' dir='ltr' id='par_1_12' title="bbox 97 1237 1613 1286">
     <span class='ocr_line' id='line_1_25' title="bbox 97 1237 1613 1286; baseline 0.001 -12"><span class='ocrx_word' id='word_1_241' title='bbox 97 1237 262 1285; x_wconf 69' lang='lat' dir='ltr'><strong>‘praeter</strong></span> <span class='ocrx_word' id='word_1_242' title='bbox 288 1242 359 1275; x_wconf 83' lang='lat' dir='ltr'><strong>aha</strong></span> <span class='ocrx_word' id='word_1_243' title='bbox 390 1239 512 1285; x_wconf 84' lang='lat' dir='ltr'><strong>adjicit</strong></span> <span class='ocrx_word' id='word_1_244' title='bbox 541 1251 591 1275; x_wconf 85' lang='lat' dir='ltr'><strong>ex</strong></span> <span class='ocrx_word' id='word_1_245' title='bbox 613 1239 811 1274; x_wconf 75' lang='lat' dir='ltr'><strong>abundanti</strong></span> <span class='ocrx_word' id='word_1_246' title='bbox 838 1240 934 1274; x_wconf 88' lang='lat' dir='ltr'><strong>hanc</strong></span> <span class='ocrx_word' id='word_1_247' title='bbox 968 1251 1112 1286; x_wconf 80' lang='lat' dir='ltr'><strong>quoque</strong></span> <span class='ocrx_word' id='word_1_248' title='bbox 1136 1241 1380 1277; x_wconf 86' lang='lat' dir='ltr'><strong>conscientiae</strong></span> <span class='ocrx_word' id='word_1_249' title='bbox 1406 1253 1494 1276; x_wconf 81' lang='lat' dir='ltr'><strong>suae</strong></span> <span class='ocrx_word' id='word_1_250' title='bbox 1518 1241 1613 1276; x_wconf 84' lang='lat' dir='ltr'><strong>fidu-</strong></span> 
     </span>
    </p>
   </div>
   <div class='ocr_carea' id='block_1_12' title="bbox 114 1284 1610 1339">
    <p class='ocr_par' dir='ltr' id='par_1_13' title="bbox 114 1284 1610 1339">
     <span class='ocr_line' id='line_1_26' title="bbox 114 1284 1610 1339; baseline 0.001 -19"><span class='ocrx_word' id='word_1_251' title='bbox 114 1284 211 1339; x_wconf 62' lang='lat' dir='ltr'><strong>ciam</strong></span> <span class='ocrx_word' id='word_1_252' title='bbox 236 1286 273 1328; x_wconf 91' lang='grc'><strong>5,</strong></span> <span class='ocrx_word' id='word_1_253' title='bbox 297 1287 335 1331; x_wconf 86' lang='grc'><strong>6,</strong></span> <span class='ocrx_word' id='word_1_254' title='bbox 360 1288 396 1322; x_wconf 87' lang='grc'><strong>2.</strong></span> <span class='ocrx_word' id='word_1_255' title='bbox 431 1284 597 1330; x_wconf 82' lang='lat' dir='ltr'><strong>adjice</strong></span> <span class='ocrx_word' id='word_1_256' title='bbox 627 1291 682 1321; x_wconf 89' lang='lat' dir='ltr'><strong>tot</strong></span> <span class='ocrx_word' id='word_1_257' title='bbox 717 1296 852 1339; x_wconf 78' lang='lat' dir='ltr'><strong>genera</strong></span> <span class='ocrx_word' id='word_1_258' title='bbox 880 1286 1029 1321; x_wconf 87' lang='lat' dir='ltr'><strong>ludendi</strong></span> <span class='ocrx_word' id='word_1_259' title='bbox 1056 1290 1113 1330; x_wconf 88' lang='lat'><strong>12,</strong></span> <span class='ocrx_word' id='word_1_260' title='bbox 1143 1289 1201 1330; x_wconf 81' lang='grc'><strong>11,</strong></span> <span class='ocrx_word' id='word_1_261' title='bbox 1230 1289 1295 1330; x_wconf 84' lang='grc'><strong>18;</strong></span> <span class='ocrx_word' id='word_1_262' title='bbox 1360 1290 1430 1322; x_wconf 71' lang='lat' dir='ltr'><strong>sine</strong></span> <span class='ocrx_word' id='word_1_263' title='bbox 1458 1291 1610 1322; x_wconf 73' lang='lat' dir='ltr'><strong>Aecus..-</strong></span> 
     </span>
    </p>
   </div>
   <div class='ocr_carea' id='block_1_13' title="bbox 82 1331 1613 1470">
    <p class='ocr_par' dir='ltr' id='par_1_14' title="bbox 82 1331 1613 1470">
     <span class='ocr_line' id='line_1_27' title="bbox 100 1331 1613 1378; baseline 0 -11"><span class='ocrx_word' id='word_1_264' title='bbox 100 1339 156 1375; x_wconf 50' lang='lat' dir='ltr'><strong>an</strong></span> <span class='ocrx_word' id='word_1_265' title='bbox 186 1331 315 1377; x_wconf 78' lang='lat' dir='ltr'><strong>quibus</strong></span> <span class='ocrx_word' id='word_1_266' title='bbox 347 1332 462 1367; x_wconf 88' lang='lat' dir='ltr'><strong>libera</strong></span> <span class='ocrx_word' id='word_1_267' title='bbox 496 1331 678 1377; x_wconf 84' lang='lat' dir='ltr'><strong>adjicienti</strong></span> <span class='ocrx_word' id='word_1_268' title='bbox 703 1338 750 1367; x_wconf 75' lang='lat' dir='ltr'><strong>sit</strong></span> <span class='ocrx_word' id='word_1_269' title='bbox 784 1331 954 1367; x_wconf 78' lang='lat' dir='ltr'><strong>excursio</strong></span> <span class='ocrx_word' id='word_1_270' title='bbox 986 1332 1038 1376; x_wconf 82' lang='lat' dir='ltr'><strong>(a.</strong></span> <span class='ocrx_word' id='word_1_271' title='bbox 1065 1337 1088 1367; x_wconf 82' lang='lat'><strong>1.</strong></span> <span class='ocrx_word' id='word_1_272' title='bbox 1112 1333 1312 1378; x_wconf 82' lang='lat' dir='ltr'><strong>adjicienda</strong></span> <span class='ocrx_word' id='word_1_273' title='bbox 1342 1346 1375 1367; x_wconf 85' lang='grc' dir='ltr'><strong>α.</strong></span> <span class='ocrx_word' id='word_1_274' title='bbox 1402 1333 1613 1377; x_wconf 87' lang='lat' dir='ltr'><strong>adjiciendi)</strong></span> 
     </span>
     <span class='ocr_line' id='line_1_28' title="bbox 82 1377 1611 1425; baseline 0.001 -13"><span class='ocrx_word' id='word_1_275' title='bbox 82 1379 175 1421; x_wconf 49' lang='grc' dir='ltr'><strong>Ἰ,10,</strong></span> <span class='ocrx_word' id='word_1_276' title='bbox 195 1379 232 1422; x_wconf 86' lang='lat'><strong>3,</strong></span> <span class='ocrx_word' id='word_1_277' title='bbox 257 1379 315 1414; x_wconf 89' lang='lat'><strong>32.</strong></span> <span class='ocrx_word' id='word_1_278' title='bbox 368 1377 411 1422; x_wconf 88' lang='lat' dir='ltr'><strong>b)</strong></span> <span class='ocrx_word' id='word_1_279' title='bbox 436 1382 532 1413; x_wconf 79' lang='lat' dir='ltr'><strong>Pass.</strong></span> <span class='ocrx_word' id='word_1_280' title='bbox 559 1378 729 1421; x_wconf 86' lang='lat' dir='ltr'><strong>aspiratio</strong></span> <span class='ocrx_word' id='word_1_281' title='bbox 757 1377 921 1422; x_wconf 85' lang='lat' dir='ltr'><strong>adjicitur</strong></span> <span class='ocrx_word' id='word_1_282' title='bbox 945 1381 979 1422; x_wconf 92' lang='lat'><strong>1,</strong></span> <span class='ocrx_word' id='word_1_283' title='bbox 1006 1378 1043 1422; x_wconf 87' lang='grc'><strong>5,</strong></span> <span class='ocrx_word' id='word_1_284' title='bbox 1073 1379 1131 1415; x_wconf 87' lang='grc'><strong>19.</strong></span> <span class='ocrx_word' id='word_1_285' title='bbox 1162 1379 1250 1423; x_wconf 75' lang='lat' dir='ltr'><strong>vix,</strong></span> <span class='ocrx_word' id='word_1_286' title='bbox 1285 1378 1372 1425; x_wconf 85' lang='lat' dir='ltr'><strong>quid</strong></span> <span class='ocrx_word' id='word_1_287' title='bbox 1402 1379 1510 1423; x_wconf 91' lang='lat' dir='ltr'><strong>adjici</strong></span> <span class='ocrx_word' id='word_1_288' title='bbox 1540 1391 1611 1425; x_wconf 88' lang='lat' dir='ltr'><strong>po-</strong></span> 
     </span>
     <span class='ocr_line' id='line_1_29' title="bbox 107 1423 1610 1470; baseline 0.002 -12"><span class='ocrx_word' id='word_1_289' title='bbox 107 1423 246 1467; x_wconf 85' lang='lat' dir='ltr'><strong>-tuerit,</strong></span> <span class='ocrx_word' id='word_1_290' title='bbox 280 1423 430 1461; x_wconf 77' lang='lat' dir='ltr'><strong>invenio</strong></span> <span class='ocrx_word' id='word_1_291' title='bbox 455 1427 513 1466; x_wconf 88' lang='grc'><strong>12,</strong></span> <span class='ocrx_word' id='word_1_292' title='bbox 540 1426 575 1468; x_wconf 90' lang='grc'><strong>1,</strong></span> <span class='ocrx_word' id='word_1_293' title='bbox 597 1426 656 1459; x_wconf 88' lang='grc'><strong>20.</strong></span> <span class='ocrx_word' id='word_1_294' title='bbox 686 1423 733 1466; x_wconf 64' lang='lat' dir='ltr'><strong>ff.</strong></span> <span class='ocrx_word' id='word_1_295' title='bbox 758 1424 792 1466; x_wconf 84' lang='lat'><strong>5,</strong></span> <span class='ocrx_word' id='word_1_296' title='bbox 816 1426 873 1467; x_wconf 87' lang='grc'><strong>12,</strong></span> <span class='ocrx_word' id='word_1_297' title='bbox 900 1426 932 1460; x_wconf 89' lang='grc'><strong>1.</strong></span> <span class='ocrx_word' id='word_1_298' title='bbox 966 1425 1126 1468; x_wconf 81' lang='lat' dir='ltr'><strong>adjectae</strong></span> <span class='ocrx_word' id='word_1_299' title='bbox 1149 1425 1300 1468; x_wconf 83' lang='lat' dir='ltr'><strong>literae,</strong></span> <span class='ocrx_word' id='word_1_300' title='bbox 1327 1426 1490 1470; x_wconf 84' lang='lat' dir='ltr'><strong>syllabae</strong></span> <span class='ocrx_word' id='word_1_301' title='bbox 1515 1428 1549 1470; x_wconf 86' lang='lat'><strong>1,</strong></span> <span class='ocrx_word' id='word_1_302' title='bbox 1572 1427 1610 1469; x_wconf 92' lang='grc'><strong>6,</strong></span> 
     </span>
    </p>
   </div>
   <div class='ocr_carea' id='block_1_14' title="bbox 112 1468 1610 1516">
    <p class='ocr_par' dir='ltr' id='par_1_15' title="bbox 112 1468 1610 1516">
     <span class='ocr_line' id='line_1_30' title="bbox 112 1468 1610 1516; baseline 0.001 -13"><span class='ocrx_word' id='word_1_303' title='bbox 112 1470 174 1508; x_wconf 82' lang='grc'><strong>32.</strong></span> <span class='ocrx_word' id='word_1_304' title='bbox 197 1469 344 1514; x_wconf 77' lang='lat' dir='ltr'><strong>adjectis</strong></span> <span class='ocrx_word' id='word_1_305' title='bbox 369 1470 533 1514; x_wconf 85' lang='lat' dir='ltr'><strong>personis</strong></span> <span class='ocrx_word' id='word_1_306' title='bbox 554 1472 592 1512; x_wconf 90' lang='lat'><strong>2,</strong></span> <span class='ocrx_word' id='word_1_307' title='bbox 614 1468 652 1515; x_wconf 93' lang='grc'><strong>4,</strong></span> <span class='ocrx_word' id='word_1_308' title='bbox 675 1472 735 1505; x_wconf 84' lang='grc'><strong>25.</strong></span> <span class='ocrx_word' id='word_1_309' title='bbox 767 1470 906 1514; x_wconf 84' lang='lat' dir='ltr'><strong>adjecta</strong></span> <span class='ocrx_word' id='word_1_310' title='bbox 933 1481 1079 1515; x_wconf 83' lang='lat' dir='ltr'><strong>quoque</strong></span> <span class='ocrx_word' id='word_1_311' title='bbox 1103 1470 1304 1506; x_wconf 85' lang='lat' dir='ltr'><strong>differentia</strong></span> <span class='ocrx_word' id='word_1_312' title='bbox 1327 1474 1386 1515; x_wconf 86' lang='lat'><strong>11,</strong></span> <span class='ocrx_word' id='word_1_313' title='bbox 1411 1474 1446 1516; x_wconf 85' lang='lat'><strong>1,</strong></span> <span class='ocrx_word' id='word_1_314' title='bbox 1469 1471 1529 1506; x_wconf 84' lang='lat'><strong>42.</strong></span> <span class='ocrx_word' id='word_1_315' title='bbox 1560 1472 1610 1514; x_wconf 82' lang='lat' dir='ltr'><strong>cs.</strong></span> 
     </span>
    </p>
   </div>
   <div class='ocr_carea' id='block_1_15' title="bbox 82 1514 1608 1562">
    <p class='ocr_par' dir='ltr' id='par_1_16' title="bbox 82 1514 1608 1562">
     <span class='ocr_line' id='line_1_31' title="bbox 82 1514 1608 1562; baseline 0.001 -12"><span class='ocrx_word' id='word_1_316' title='bbox 82 1525 86 1529; x_wconf 84' lang='lat'><em>·</em></span> <span class='ocrx_word' id='word_1_317' title='bbox 111 1514 150 1558; x_wconf 84' lang='lat'><strong>9,</strong></span> <span class='ocrx_word' id='word_1_318' title='bbox 170 1517 208 1558; x_wconf 90' lang='grc'><strong>2,</strong></span> <span class='ocrx_word' id='word_1_319' title='bbox 231 1516 288 1552; x_wconf 89' lang='grc'><strong>35.</strong></span> <span class='ocrx_word' id='word_1_320' title='bbox 324 1515 522 1560; x_wconf 80' lang='lat' dir='ltr'><strong>adjicienda</strong></span> <span class='ocrx_word' id='word_1_321' title='bbox 545 1516 639 1551; x_wconf 88' lang='lat' dir='ltr'><strong>ratio</strong></span> <span class='ocrx_word' id='word_1_322' title='bbox 668 1517 733 1552; x_wconf 78' lang='lat' dir='ltr'><strong>vel</strong></span> <span class='ocrx_word' id='word_1_323' title='bbox 755 1515 980 1551; x_wconf 80' lang='lat' dir='ltr'><strong>necessitatis</strong></span> <span class='ocrx_word' id='word_1_324' title='bbox 1004 1517 1176 1561; x_wconf 81' lang='lat' dir='ltr'><strong>alicujus,</strong></span> <span class='ocrx_word' id='word_1_325' title='bbox 1211 1517 1275 1553; x_wconf 73' lang='lat' dir='ltr'><strong>vel</strong></span> <span class='ocrx_word' id='word_1_326' title='bbox 1302 1517 1436 1552; x_wconf 88' lang='lat' dir='ltr'><strong>erroris</strong></span> <span class='ocrx_word' id='word_1_327' title='bbox 1459 1526 1523 1552; x_wconf 81' lang='lat' dir='ltr'><strong>etc.</strong></span> <span class='ocrx_word' id='word_1_328' title='bbox 1550 1522 1608 1562; x_wconf 88' lang='lat'><strong>11,</strong></span> 
     </span>
    </p>
   </div>
   <div class='ocr_carea' id='block_1_16' title="bbox 110 1561 1608 1792">
    <p class='ocr_par' dir='ltr' id='par_1_17' title="bbox 110 1561 1608 1792">
     <span class='ocr_line' id='line_1_32' title="bbox 114 1561 1608 1608; baseline 0.002 -13"><span class='ocrx_word' id='word_1_329' title='bbox 114 1563 150 1604; x_wconf 88' lang='lat'><strong>1,</strong></span> <span class='ocrx_word' id='word_1_330' title='bbox 172 1561 241 1605; x_wconf 86' lang='lat'><strong>76;</strong></span> <span class='ocrx_word' id='word_1_331' title='bbox 286 1562 445 1597; x_wconf 85' lang='lat' dir='ltr'><strong>Latinis</strong></span> <span class='ocrx_word' id='word_1_332' title='bbox 466 1562 690 1599; x_wconf 72' lang='lat' dir='ltr'><strong>veteribus</strong></span> <span class='ocrx_word' id='word_1_333' title='bbox 713 1563 749 1596; x_wconf 90' lang='lat' dir='ltr'>D</span> <span class='ocrx_word' id='word_1_334' title='bbox 773 1561 935 1607; x_wconf 82' lang='lat' dir='ltr'><strong>plurimis</strong></span> <span class='ocrx_word' id='word_1_335' title='bbox 957 1562 995 1596; x_wconf 89' lang='lat' dir='ltr'><strong>in</strong></span> <span class='ocrx_word' id='word_1_336' title='bbox 1025 1562 1149 1598; x_wconf 83' lang='lat' dir='ltr'><strong>verbis</strong></span> <span class='ocrx_word' id='word_1_337' title='bbox 1177 1563 1341 1597; x_wconf 85' lang='lat' dir='ltr'><strong>ultimum</strong></span> <span class='ocrx_word' id='word_1_338' title='bbox 1367 1564 1608 1608; x_wconf 86' lang='lat' dir='ltr'><strong>adjectum</strong></span> 
     </span>
     <span class='ocr_line' id='line_1_33' title="bbox 112 1606 1608 1653; baseline 0.003 -13"><span class='ocrx_word' id='word_1_339' title='bbox 112 1609 149 1650; x_wconf 84' lang='lat'><strong>1,</strong></span> <span class='ocrx_word' id='word_1_340' title='bbox 172 1609 208 1651; x_wconf 87' lang='grc'><strong>7,</strong></span> <span class='ocrx_word' id='word_1_341' title='bbox 233 1609 290 1642; x_wconf 85' lang='lat'><strong>12.</strong></span> <span class='ocrx_word' id='word_1_342' title='bbox 350 1610 390 1653; x_wconf 81' lang='lat' dir='ltr'><strong>y)</strong></span> <span class='ocrx_word' id='word_1_343' title='bbox 418 1609 490 1652; x_wconf 82' lang='lat' dir='ltr'><strong>adj.</strong></span> <span class='ocrx_word' id='word_1_344' title='bbox 516 1611 600 1643; x_wconf 62' lang='lat' dir='ltr'><strong>Dat.</strong></span> <span class='ocrx_word' id='word_1_345' title='bbox 637 1606 676 1651; x_wconf 88' lang='lat' dir='ltr'><strong>a)</strong></span> <span class='ocrx_word' id='word_1_346' title='bbox 699 1610 801 1643; x_wconf 68' lang='lat' dir='ltr'><strong>Act„-</strong></span> <span class='ocrx_word' id='word_1_347' title='bbox 843 1608 1051 1651; x_wconf 86' lang='lat' dir='ltr'><strong>adjecerunt</strong></span> <span class='ocrx_word' id='word_1_348' title='bbox 1083 1607 1230 1652; x_wconf 78' lang='lat' dir='ltr'><strong>quidam</strong></span> <span class='ocrx_word' id='word_1_349' title='bbox 1262 1619 1414 1643; x_wconf 87' lang='lat' dir='ltr'><strong>numero</strong></span> <span class='ocrx_word' id='word_1_350' title='bbox 1450 1615 1608 1644; x_wconf 89' lang='lat' dir='ltr'><strong>mutuam</strong></span> 
     </span>
     <span class='ocr_line' id='line_1_34' title="bbox 112 1652 1605 1701; baseline 0.003 -15"><span class='ocrx_word' id='word_1_351' title='bbox 112 1652 377 1701; x_wconf 75' lang='lat' dir='ltr'><strong>accusationem</strong></span> <span class='ocrx_word' id='word_1_352' title='bbox 400 1656 434 1695; x_wconf 89' lang='lat'><strong>3,</strong></span> <span class='ocrx_word' id='word_1_353' title='bbox 457 1656 514 1696; x_wconf 91' lang='grc'><strong>10,</strong></span> <span class='ocrx_word' id='word_1_354' title='bbox 539 1652 573 1687; x_wconf 92' lang='grc'><strong>4.</strong></span> <span class='ocrx_word' id='word_1_355' title='bbox 606 1653 669 1699; x_wconf 85' lang='lat' dir='ltr'><strong>qui</strong></span> <span class='ocrx_word' id='word_1_356' title='bbox 702 1653 809 1689; x_wconf 84' lang='lat' dir='ltr'><strong>etiam</strong></span> <span class='ocrx_word' id='word_1_357' title='bbox 830 1653 978 1697; x_wconf 86' lang='lat' dir='ltr'><strong>propria</strong></span> <span class='ocrx_word' id='word_1_358' title='bbox 1000 1654 1057 1689; x_wconf 90' lang='lat' dir='ltr'><strong>his</strong></span> <span class='ocrx_word' id='word_1_359' title='bbox 1089 1655 1185 1688; x_wconf 90' lang='lat' dir='ltr'><strong>bona</strong></span> <span class='ocrx_word' id='word_1_360' title='bbox 1208 1655 1380 1698; x_wconf 87' lang='lat' dir='ltr'><strong>adjecerit</strong></span> <span class='ocrx_word' id='word_1_361' title='bbox 1408 1656 1466 1699; x_wconf 89' lang='grc'><strong>10,</strong></span> <span class='ocrx_word' id='word_1_362' title='bbox 1489 1659 1526 1699; x_wconf 89' lang='grc'><strong>2,</strong></span> <span class='ocrx_word' id='word_1_363' title='bbox 1545 1658 1605 1691; x_wconf 89' lang='lat'><strong>28.</strong></span> 
     </span>
     <span class='ocr_line' id='line_1_35' title="bbox 110 1698 1607 1744; baseline 0.003 -11"><span class='ocrx_word' id='word_1_364' title='bbox 110 1698 281 1742; x_wconf 77' lang='lat' dir='ltr'><strong>fuerunt,</strong></span> <span class='ocrx_word' id='word_1_365' title='bbox 306 1699 368 1744; x_wconf 82' lang='lat' dir='ltr'><strong>qui</strong></span> <span class='ocrx_word' id='word_1_366' title='bbox 391 1699 498 1740; x_wconf 82' lang='lat' dir='ltr'><strong>nobis</strong></span> <span class='ocrx_word' id='word_1_367' title='bbox 522 1710 666 1744; x_wconf 76' lang='lat' dir='ltr'><strong>quoque</strong></span> <span class='ocrx_word' id='word_1_368' title='bbox 688 1699 884 1744; x_wconf 90' lang='lat' dir='ltr'><strong>adjicerent</strong></span> <span class='ocrx_word' id='word_1_369' title='bbox 906 1701 1048 1734; x_wconf 87' lang='lat' dir='ltr'><strong>dualem</strong></span> <span class='ocrx_word' id='word_1_370' title='bbox 1065 1702 1100 1742; x_wconf 89' lang='lat'><strong>1,</strong></span> <span class='ocrx_word' id='word_1_371' title='bbox 1116 1703 1151 1743; x_wconf 90' lang='grc'><strong>5,</strong></span> <span class='ocrx_word' id='word_1_372' title='bbox 1165 1699 1224 1735; x_wconf 90' lang='grc'><strong>42.</strong></span> <span class='ocrx_word' id='word_1_373' title='bbox 1248 1700 1307 1735; x_wconf 82' lang='lat' dir='ltr'><strong>his</strong></span> <span class='ocrx_word' id='word_1_374' title='bbox 1333 1701 1478 1744; x_wconf 87' lang='lat' dir='ltr'><strong>adjiciat</strong></span> <span class='ocrx_word' id='word_1_375' title='bbox 1502 1703 1607 1737; x_wconf 81' lang='lat' dir='ltr'><strong>face</strong></span> 
     </span>
     <span class='ocr_line' id='line_1_36' title="bbox 112 1744 1606 1792; baseline 0.003 -13"><span class='ocrx_word' id='word_1_376' title='bbox 112 1749 150 1780; x_wconf 84' lang='lat' dir='ltr'><strong>et</strong></span> <span class='ocrx_word' id='word_1_377' title='bbox 172 1744 276 1786; x_wconf 72' lang='lat' dir='ltr'><strong>dice</strong></span> <span class='ocrx_word' id='word_1_378' title='bbox 300 1747 335 1789; x_wconf 92' lang='lat'><strong>1,</strong></span> <span class='ocrx_word' id='word_1_379' title='bbox 362 1745 400 1789; x_wconf 91' lang='grc'><strong>6,</strong></span> <span class='ocrx_word' id='word_1_380' title='bbox 425 1748 484 1780; x_wconf 90' lang='grc'><strong>21.</strong></span> <span class='ocrx_word' id='word_1_381' title='bbox 518 1751 559 1779; x_wconf 89' lang='lat' dir='ltr'><strong>ut</strong></span> <span class='ocrx_word' id='word_1_382' title='bbox 581 1746 697 1781; x_wconf 76' lang='lat' dir='ltr'><strong>verbo</strong></span> <span class='ocrx_word' id='word_1_383' title='bbox 724 1745 866 1788; x_wconf 84' lang='lat' dir='ltr'><strong>adjiciat</strong></span> <span class='ocrx_word' id='word_1_384' title='bbox 888 1745 1029 1780; x_wconf 84' lang='lat' dir='ltr'><strong>literam</strong></span> <span class='ocrx_word' id='word_1_385' title='bbox 1051 1747 1276 1791; x_wconf 79' lang='lat' dir='ltr'><strong>syllabamve</strong></span> <span class='ocrx_word' id='word_1_386' title='bbox 1302 1749 1335 1786; x_wconf 86' lang='lat'><strong>1,</strong></span> <span class='ocrx_word' id='word_1_387' title='bbox 1361 1748 1396 1790; x_wconf 85' lang='lat'><strong>5,</strong></span> <span class='ocrx_word' id='word_1_388' title='bbox 1425 1750 1482 1782; x_wconf 91' lang='grc'><strong>10.</strong></span> <span class='ocrx_word' id='word_1_389' title='bbox 1518 1748 1606 1792; x_wconf 88' lang='lat' dir='ltr'><strong>ipsis</strong></span> 
     </span>
    </p>
   </div>
   <div class='ocr_carea' id='block_1_17' title="bbox 75 1789 1606 1839">
    <p class='ocr_par' dir='ltr' id='par_1_18' title="bbox 75 1789 1606 1839">
     <span class='ocr_line' id='line_1_37' title="bbox 75 1789 1606 1839; baseline 0.001 -12"><span class='ocrx_word' id='word_1_390' title='bbox 75 1809 79 1815; x_wconf 38' lang='grc' dir='ltr'><strong><em>Δ</em></strong></span> <span class='ocrx_word' id='word_1_391' title='bbox 109 1789 297 1829; x_wconf 72' lang='lat' dir='ltr'><strong>nententiis</strong></span> <span class='ocrx_word' id='word_1_392' title='bbox 318 1791 472 1836; x_wconf 88' lang='lat' dir='ltr'><strong>adjicere</strong></span> <span class='ocrx_word' id='word_1_393' title='bbox 495 1791 694 1827; x_wconf 86' lang='lat' dir='ltr'><strong>oratorium</strong></span> <span class='ocrx_word' id='word_1_394' title='bbox 715 1792 828 1826; x_wconf 85' lang='lat' dir='ltr'><strong>robm·</strong></span> <span class='ocrx_word' id='word_1_395' title='bbox 853 1793 909 1835; x_wconf 87' lang='grc'><strong>10,</strong></span> <span class='ocrx_word' id='word_1_396' title='bbox 934 1791 969 1836; x_wconf 84' lang='grc'><strong>5,</strong></span> <span class='ocrx_word' id='word_1_397' title='bbox 993 1791 1029 1827; x_wconf 84' lang='grc'><strong>4.</strong></span> <span class='ocrx_word' id='word_1_398' title='bbox 1053 1803 1132 1827; x_wconf 80' lang='lat' dir='ltr'><strong>vox</strong></span> <span class='ocrx_word' id='word_1_399' title='bbox 1155 1792 1337 1836; x_wconf 85' lang='lat' dir='ltr'><strong>propriam</strong></span> <span class='ocrx_word' id='word_1_400' title='bbox 1360 1794 1438 1829; x_wconf 78' lang='lat' dir='ltr'><strong>vim</strong></span> <span class='ocrx_word' id='word_1_401' title='bbox 1462 1794 1606 1839; x_wconf 84' lang='lat' dir='ltr'><strong>adjiciat</strong></span> 
     </span>
    </p>
   </div>
   <div class='ocr_carea' id='block_1_18' title="bbox 98 1835 1605 1883">
    <p class='ocr_par' dir='ltr' id='par_1_19' title="bbox 98 1835 1605 1883">
     <span class='ocr_line' id='line_1_38' title="bbox 98 1835 1605 1883; baseline 0.003 -13"><span class='ocrx_word' id='word_1_402' title='bbox 98 1835 219 1871; x_wconf 72' lang='lat' dir='ltr'><strong>&#39;robus</strong></span> <span class='ocrx_word' id='word_1_403' title='bbox 244 1839 299 1878; x_wconf 84' lang='lat'><strong>11,</strong></span> <span class='ocrx_word' id='word_1_404' title='bbox 323 1838 360 1880; x_wconf 90' lang='lat'><strong>3,</strong></span> <span class='ocrx_word' id='word_1_405' title='bbox 386 1837 424 1872; x_wconf 82' lang='lat'><strong>9.</strong></span> <span class='ocrx_word' id='word_1_406' title='bbox 447 1836 494 1879; x_wconf 80' lang='lat' dir='ltr'><strong>cf.</strong></span> <span class='ocrx_word' id='word_1_407' title='bbox 517 1838 553 1879; x_wconf 85' lang='grc'><strong>9,</strong></span> <span class='ocrx_word' id='word_1_408' title='bbox 578 1840 614 1881; x_wconf 91' lang='grc'><strong>1,</strong></span> <span class='ocrx_word' id='word_1_409' title='bbox 640 1840 676 1872; x_wconf 89' lang='grc'><strong>2.</strong></span> <span class='ocrx_word' id='word_1_410' title='bbox 707 1836 844 1871; x_wconf 87' lang='lat' dir='ltr'><strong>scenici</strong></span> <span class='ocrx_word' id='word_1_411' title='bbox 868 1843 1032 1881; x_wconf 88' lang='lat' dir='ltr'><strong>actores,</strong></span> <span class='ocrx_word' id='word_1_412' title='bbox 1059 1838 1122 1883; x_wconf 80' lang='lat' dir='ltr'><strong>qui</strong></span> <span class='ocrx_word' id='word_1_413' title='bbox 1146 1844 1182 1873; x_wconf 88' lang='lat' dir='ltr'><strong>et</strong></span> <span class='ocrx_word' id='word_1_414' title='bbox 1209 1839 1353 1882; x_wconf 82' lang='lat' dir='ltr'><strong>optimis</strong></span> <span class='ocrx_word' id='word_1_415' title='bbox 1378 1840 1496 1883; x_wconf 66' lang='lat' dir='ltr'><strong>poetis</strong></span> <span class='ocrx_word' id='word_1_416' title='bbox 1523 1847 1605 1874; x_wconf 88' lang='lat' dir='ltr'><strong>tan-</strong></span> 
     </span>
    </p>
   </div>
   <div class='ocr_carea' id='block_1_19' title="bbox 84 1880 1603 1931">
    <p class='ocr_par' dir='ltr' id='par_1_20' title="bbox 84 1880 1603 1931">
     <span class='ocr_line' id='line_1_39' title="bbox 84 1880 1603 1931; baseline 0.005 -17"><span class='ocrx_word' id='word_1_417' title='bbox 84 1908 91 1917; x_wconf 79' lang='grc'><strong>,,</strong></span> <span class='ocrx_word' id='word_1_418' title='bbox 107 1885 188 1918; x_wconf 65' lang='lat' dir='ltr'><strong>jum</strong></span> <span class='ocrx_word' id='word_1_419' title='bbox 213 1880 394 1926; x_wconf 63' lang='lat' dir='ltr'><strong>adjiciunt</strong></span> <span class='ocrx_word' id='word_1_420' title='bbox 416 1882 550 1929; x_wconf 86' lang='lat' dir='ltr'><strong>gratiae</strong></span> <span class='ocrx_word' id='word_1_421' title='bbox 574 1885 642 1927; x_wconf 79' lang='grc'><strong>,11,</strong></span> <span class='ocrx_word' id='word_1_422' title='bbox 665 1885 701 1926; x_wconf 88' lang='lat'><strong>3,</strong></span> <span class='ocrx_word' id='word_1_423' title='bbox 724 1882 759 1918; x_wconf 84' lang='lat'><strong>4.</strong></span> <span class='ocrx_word' id='word_1_424' title='bbox 790 1888 962 1928; x_wconf 81' lang='lat' dir='ltr'><strong>quantum</strong></span> <span class='ocrx_word' id='word_1_425' title='bbox 995 1884 1101 1919; x_wconf 87' lang='lat' dir='ltr'><strong>nobis</strong></span> <span class='ocrx_word' id='word_1_426' title='bbox 1129 1885 1391 1928; x_wconf 67' lang='lat' dir='ltr'><strong>expectationis</strong></span> <span class='ocrx_word' id='word_1_427' title='bbox 1419 1886 1575 1931; x_wconf 86' lang='lat' dir='ltr'><strong>adjeci</strong></span> <span class='ocrx_word' id='word_1_428' title='bbox 1589 1893 1603 1920; x_wconf 95' lang='lat' dir='ltr'><strong>t</strong></span> 
     </span>
    </p>
   </div>
   <div class='ocr_carea' id='block_1_20' title="bbox 110 1923 1605 1979">
    <p class='ocr_par' dir='ltr' id='par_1_21' title="bbox 110 1923 1605 1979">
     <span class='ocr_line' id='line_1_40' title="bbox 110 1923 1605 1979; baseline 0.006 -21"><span class='ocrx_word' id='word_1_429' title='bbox 110 1923 265 1977; x_wconf 80' lang='lat' dir='ltr'><strong>(numen)</strong></span> <span class='ocrx_word' id='word_1_430' title='bbox 271 1952 286 1979; x_wconf 81' lang='lat'><strong>,²</strong></span> <span class='ocrx_word' id='word_1_431' title='bbox 305 1933 446 1961; x_wconf 87' lang='lat' dir='ltr'><strong>tantum</strong></span> <span class='ocrx_word' id='word_1_432' title='bbox 466 1928 602 1975; x_wconf 84' lang='lat' dir='ltr'><strong>ingenii</strong></span> <span class='ocrx_word' id='word_1_433' title='bbox 626 1928 809 1973; x_wconf 84' lang='lat' dir='ltr'><strong>aspiret</strong></span> <span class='ocrx_word' id='word_1_434' title='bbox 832 1927 869 1971; x_wconf 86' lang='lat'><strong>4,</strong></span> <span class='ocrx_word' id='word_1_435' title='bbox 891 1930 949 1964; x_wconf 85' lang='lat' dir='ltr'><strong>Pr.</strong></span> <span class='ocrx_word' id='word_1_436' title='bbox 974 1929 1009 1965; x_wconf 91' lang='lat'><strong>5.</strong></span> <span class='ocrx_word' id='word_1_437' title='bbox 1033 1935 1074 1964; x_wconf 88' lang='lat' dir='ltr'><strong>ut</strong></span> <span class='ocrx_word' id='word_1_438' title='bbox 1093 1942 1160 1974; x_wconf 87' lang='lat' dir='ltr'><strong>per</strong></span> <span class='ocrx_word' id='word_1_439' title='bbox 1184 1942 1223 1965; x_wconf 89' lang='lat' dir='ltr'><strong>se</strong></span> <span class='ocrx_word' id='word_1_440' title='bbox 1246 1931 1356 1965; x_wconf 80' lang='lat' dir='ltr'><strong>foeda</strong></span> <span class='ocrx_word' id='word_1_441' title='bbox 1377 1930 1466 1976; x_wconf 87' lang='lat' dir='ltr'><strong>(Sp.</strong></span> <span class='ocrx_word' id='word_1_442' title='bbox 1490 1932 1605 1977; x_wconf 85' lang='lat' dir='ltr'><strong>-dae)</strong></span> 
     </span>
    </p>
   </div>
   <div class='ocr_carea' id='block_1_21' title="bbox 44 1970 1667 2070">
    <p class='ocr_par' dir='ltr' id='par_1_22' title="bbox 44 1970 1667 2070">
     <span class='ocr_line' id='line_1_41' title="bbox 44 1970 1603 2024; baseline 0.006 -20"><span class='ocrx_word' id='word_1_443' title='bbox 44 1970 52 1974; x_wconf 87' lang='lat'>&#39;</span> <span class='ocrx_word' id='word_1_444' title='bbox 110 1972 285 2024; x_wconf 56' lang='lat' dir='ltr'><strong>vomendi</strong></span> <span class='ocrx_word' id='word_1_445' title='bbox 318 1973 511 2024; x_wconf 73' lang='lat' dir='ltr'><strong>necessitas</strong></span> <span class='ocrx_word' id='word_1_446' title='bbox 545 1972 687 2017; x_wconf 87' lang='lat' dir='ltr'><strong>(-tati)</strong></span> <span class='ocrx_word' id='word_1_447' title='bbox 711 1975 783 2018; x_wconf 80' lang='lat' dir='ltr'><strong>jam</strong></span> <span class='ocrx_word' id='word_1_448' title='bbox 804 1974 895 2008; x_wconf 84' lang='lat' dir='ltr'><strong>nihil</strong></span> <span class='ocrx_word' id='word_1_449' title='bbox 920 1976 1014 2010; x_wconf 80' lang='lat' dir='ltr'><strong>ultra</strong></span> <span class='ocrx_word' id='word_1_450' title='bbox 1038 1976 1312 2019; x_wconf 79' lang='lat' dir='ltr'><strong>expectantibus</strong></span> <span class='ocrx_word' id='word_1_451' title='bbox 1339 1978 1435 2012; x_wconf 88' lang='lat' dir='ltr'><strong>hanc</strong></span> <span class='ocrx_word' id='word_1_452' title='bbox 1458 1990 1603 2023; x_wconf 78' lang='lat' dir='ltr'><strong>quoque</strong></span> 
     </span>
     <span class='ocr_line' id='line_1_42' title="bbox 110 2017 1667 2070; baseline 0.006 -20"><span class='ocrx_word' id='word_1_453' title='bbox 110 2017 281 2069; x_wconf 66' lang='lat' dir='ltr'><strong>adjiceret</strong></span> <span class='ocrx_word' id='word_1_454' title='bbox 302 2017 564 2052; x_wconf 74' lang='lat' dir='ltr'><strong>deformitatem</strong></span> <span class='ocrx_word' id='word_1_455' title='bbox 584 2019 621 2062; x_wconf 89' lang='grc'><strong>9,</strong></span> <span class='ocrx_word' id='word_1_456' title='bbox 643 2018 681 2070; x_wconf 61' lang='grc'><strong>4,</strong></span> <span class='ocrx_word' id='word_1_457' title='bbox 704 2022 751 2054; x_wconf 86' lang='grc'><strong>30</strong></span> <span class='ocrx_word' id='word_1_458' title='bbox 776 2024 819 2054; x_wconf 91' lang='grc' dir='ltr'><strong>Ζ.</strong></span> <span class='ocrx_word' id='word_1_459' title='bbox 844 2019 952 2062; x_wconf 81' lang='lat' dir='ltr'><strong>(Iovis</strong></span> <span class='ocrx_word' id='word_1_460' title='bbox 977 2024 1011 2054; x_wconf 81' lang='lat' dir='ltr'><strong>in</strong></span> <span class='ocrx_word' id='word_1_461' title='bbox 1036 2021 1150 2066; x_wconf 81' lang='lat' dir='ltr'><strong>Elide)</strong></span> <span class='ocrx_word' id='word_1_462' title='bbox 1176 2022 1403 2065; x_wconf 82' lang='lat' dir='ltr'><strong>pulchritudo</strong></span> <span class='ocrx_word' id='word_1_463' title='bbox 1428 2025 1602 2068; x_wconf 81' lang='lat' dir='ltr'><strong>adjecisse</strong></span> <span class='ocrx_word' id='word_1_464' title='bbox 1661 2066 1667 2069; x_wconf 23' lang='lat' dir='ltr'>q</span> 
     </span>
    </p>
   </div>
   <div class='ocr_carea' id='block_1_22' title="bbox 107 2061 1636 2297">
    <p class='ocr_par' dir='ltr' id='par_1_23' title="bbox 109 2061 1601 2113">
     <span class='ocr_line' id='line_1_43' title="bbox 109 2061 1601 2113; baseline 0.006 -18"><span class='ocrx_word' id='word_1_465' title='bbox 109 2061 246 2106; x_wconf 78' lang='lat' dir='ltr'><strong>ahquid</strong></span> <span class='ocrx_word' id='word_1_466' title='bbox 263 2061 379 2096; x_wconf 76' lang='lat' dir='ltr'><strong>‘etiam</strong></span> <span class='ocrx_word' id='word_1_467' title='bbox 410 2069 576 2106; x_wconf 85' lang='lat' dir='ltr'><strong>receptae</strong></span> <span class='ocrx_word' id='word_1_468' title='bbox 607 2063 776 2109; x_wconf 70' lang='lat' dir='ltr'><strong>reilgioni</strong></span> <span class='ocrx_word' id='word_1_469' title='bbox 810 2064 955 2100; x_wconf 81' lang='lat' dir='ltr'><strong>videtur</strong></span> <span class='ocrx_word' id='word_1_470' title='bbox 981 2069 1038 2108; x_wconf 84' lang='lat'><strong>12,</strong></span> <span class='ocrx_word' id='word_1_471' title='bbox 1073 2069 1131 2110; x_wconf 89' lang='lat'><strong>10,</strong></span> <span class='ocrx_word' id='word_1_472' title='bbox 1165 2069 1210 2109; x_wconf 74' lang='lat'><strong>93</strong></span> <span class='ocrx_word' id='word_1_473' title='bbox 1269 2068 1460 2112; x_wconf 83' lang='lat' dir='ltr'><strong>adjecisset</strong></span> <span class='ocrx_word' id='word_1_474' title='bbox 1492 2069 1601 2113; x_wconf 79' lang='lat' dir='ltr'><strong>enim,</strong></span> 
     </span>
    </p>

    <p class='ocr_par' dir='ltr' id='par_1_24' title="bbox 107 2106 1636 2297">
     <span class='ocr_line' id='line_1_44' title="bbox 109 2106 1636 2160; baseline 0.005 -18"><span class='ocrx_word' id='word_1_475' title='bbox 109 2113 219 2152; x_wconf 74' lang='lat' dir='ltr'><strong>atque</strong></span> <span class='ocrx_word' id='word_1_476' title='bbox 251 2106 451 2151; x_wconf 81' lang='lat' dir='ltr'><strong>adjiciebat.</strong></span> <span class='ocrx_word' id='word_1_477' title='bbox 465 2107 594 2143; x_wconf 86' lang='lat' dir='ltr'><strong>ceteris</strong></span> <span class='ocrx_word' id='word_1_478' title='bbox 622 2108 814 2143; x_wconf 77' lang='lat' dir='ltr'><strong>virtutibus</strong></span> <span class='ocrx_word' id='word_1_479' title='bbox 846 2110 941 2152; x_wconf 88' lang='lat' dir='ltr'><strong>suis,</strong></span> <span class='ocrx_word' id='word_1_480' title='bbox 977 2112 1073 2155; x_wconf 76' lang='lat' dir='ltr'><strong>quod</strong></span> <span class='ocrx_word' id='word_1_481' title='bbox 1102 2119 1162 2146; x_wconf 76' lang='lat' dir='ltr'><strong>etc.</strong></span> <span class='ocrx_word' id='word_1_482' title='bbox 1194 2114 1260 2155; x_wconf 87' lang='lat'><strong>10,</strong></span> <span class='ocrx_word' id='word_1_483' title='bbox 1287 2117 1330 2156; x_wconf 87' lang='lat'><strong>1,</strong></span> <span class='ocrx_word' id='word_1_484' title='bbox 1354 2116 1435 2148; x_wconf 80' lang='lat'><strong>120.</strong></span> <span class='ocrx_word' id='word_1_485' title='bbox 1473 2117 1603 2160; x_wconf 84' lang='lat' dir='ltr'><strong>quodsi</strong></span> <span class='ocrx_word' id='word_1_486' title='bbox 1628 2111 1636 2115; x_wconf 60' lang='grc'><strong>’</strong></span> 
     </span>
     <span class='ocr_line' id='line_1_45' title="bbox 107 2153 1600 2200; baseline 0.005 -12"><span class='ocrx_word' id='word_1_487' title='bbox 107 2153 222 2198; x_wconf 80' lang='lat' dir='ltr'><strong>priori</strong></span> <span class='ocrx_word' id='word_1_488' title='bbox 243 2153 399 2198; x_wconf 84' lang='lat' dir='ltr'><strong>adjicere</strong></span> <span class='ocrx_word' id='word_1_489' title='bbox 420 2154 477 2187; x_wconf 79' lang='lat' dir='ltr'><strong>fas</strong></span> <span class='ocrx_word' id='word_1_490' title='bbox 500 2164 574 2188; x_wconf 89' lang='lat' dir='ltr'><strong>non</strong></span> <span class='ocrx_word' id='word_1_491' title='bbox 599 2159 655 2188; x_wconf 83' lang='lat' dir='ltr'><strong>est</strong></span> <span class='ocrx_word' id='word_1_492' title='bbox 685 2154 778 2197; x_wconf 78' lang='lat' dir='ltr'><strong>(sine</strong></span> <span class='ocrx_word' id='word_1_493' title='bbox 799 2154 908 2195; x_wconf 79' lang='lat' dir='ltr'><strong>Ace.)</strong></span> <span class='ocrx_word' id='word_1_494' title='bbox 936 2158 991 2197; x_wconf 91' lang='lat'><strong>10,</strong></span> <span class='ocrx_word' id='word_1_495' title='bbox 1017 2159 1053 2199; x_wconf 88' lang='lat'><strong>2,</strong></span> <span class='ocrx_word' id='word_1_496' title='bbox 1076 2158 1122 2200; x_wconf 74' lang='lat'><strong>93</strong></span> <span class='ocrx_word' id='word_1_497' title='bbox 1170 2170 1199 2192; x_wconf 84' lang='lat' dir='ltr'><strong>c.</strong></span> <span class='ocrx_word' id='word_1_498' title='bbox 1229 2160 1311 2192; x_wconf 76' lang='lat' dir='ltr'><strong>binis</strong></span> <span class='ocrx_word' id='word_1_499' title='bbox 1340 2162 1505 2195; x_wconf 80' lang='lat' dir='ltr'><strong>Accuss.:</strong></span> <span class='ocrx_word' id='word_1_500' title='bbox 1541 2162 1600 2197; x_wconf 84' lang='lat' dir='ltr'><strong>cui</strong></span> 
     </span>
     <span class='ocr_line' id='line_1_46' title="bbox 107 2195 1600 2249; baseline 0.006 -16"><span class='ocrx_word' id='word_1_501' title='bbox 107 2195 268 2244; x_wconf 70' lang='lat' dir='ltr'><strong>qum-lam</strong></span> <span class='ocrx_word' id='word_1_502' title='bbox 285 2205 421 2243; x_wconf 85' lang='lat' dir='ltr'><strong>partem</strong></span> <span class='ocrx_word' id='word_1_503' title='bbox 442 2199 613 2244; x_wconf 77' lang='lat' dir='ltr'><strong>adjiciunt</strong></span> <span class='ocrx_word' id='word_1_504' title='bbox 632 2199 774 2244; x_wconf 82' lang='lat' dir='ltr'><strong>quidam</strong></span> <span class='ocrx_word' id='word_1_505' title='bbox 794 2199 1002 2234; x_wconf 70' lang='lat' dir='ltr'><strong>imitationis</strong></span> <span class='ocrx_word' id='word_1_506' title='bbox 1016 2203 1051 2244; x_wconf 90' lang='grc'><strong>3,</strong></span> <span class='ocrx_word' id='word_1_507' title='bbox 1064 2201 1099 2244; x_wconf 87' lang='grc'><strong>5,</strong></span> <span class='ocrx_word' id='word_1_508' title='bbox 1113 2205 1147 2235; x_wconf 92' lang='grc'><strong>1.</strong></span> <span class='ocrx_word' id='word_1_509' title='bbox 1176 2202 1237 2246; x_wconf 85' lang='lat' dir='ltr'><strong>qui</strong></span> <span class='ocrx_word' id='word_1_510' title='bbox 1254 2203 1375 2239; x_wconf 88' lang='lat' dir='ltr'><strong>finitae</strong></span> <span class='ocrx_word' id='word_1_511' title='bbox 1395 2207 1600 2249; x_wconf 80' lang='lat' dir='ltr'><strong>probationi</strong></span> 
     </span>
     <span class='ocr_line' id='line_1_47' title="bbox 107 2239 1599 2297; baseline 0.004 -16"><span class='ocrx_word' id='word_1_512' title='bbox 107 2247 210 2281; x_wconf 76' lang='lat' dir='ltr'><strong>velut</strong></span> <span class='ocrx_word' id='word_1_513' title='bbox 227 2239 572 2280; x_wconf 68' lang='lat' dir='ltr'><strong>commendalionem</strong></span> <span class='ocrx_word' id='word_1_514' title='bbox 589 2245 710 2287; x_wconf 84' lang='lat' dir='ltr'><strong>adjicit</strong></span> <span class='ocrx_word' id='word_1_515' title='bbox 728 2244 861 2289; x_wconf 84' lang='lat' dir='ltr'><strong>aliquid</strong></span> <span class='ocrx_word' id='word_1_516' title='bbox 875 2244 911 2289; x_wconf 87' lang='lat'><strong>4,</strong></span> <span class='ocrx_word' id='word_1_517' title='bbox 927 2247 961 2289; x_wconf 88' lang='lat'><strong>3,</strong></span> <span class='ocrx_word' id='word_1_518' title='bbox 980 2248 1036 2281; x_wconf 89' lang='lat'><strong>17.</strong></span> <span class='ocrx_word' id='word_1_519' title='bbox 1081 2245 1123 2291; x_wconf 87' lang='lat' dir='ltr'><strong>b)</strong></span> <span class='ocrx_word' id='word_1_520' title='bbox 1146 2251 1243 2287; x_wconf 81' lang='lat' dir='ltr'><strong>Pass.</strong></span> <span class='ocrx_word' id='word_1_521' title='bbox 1256 2264 1266 2284; x_wconf 89' lang='grc'><strong>.-</strong></span> <span class='ocrx_word' id='word_1_522' title='bbox 1292 2251 1430 2294; x_wconf 84' lang='lat' dir='ltr'><strong>adjecta</strong></span> <span class='ocrx_word' id='word_1_523' title='bbox 1454 2253 1599 2297; x_wconf 82' lang='lat' dir='ltr'><strong>quibus-</strong></span> 
     </span>
    </p>
   </div>
   <div class='ocr_carea' id='block_1_23' title="bbox 55 2291 1598 2385">
    <p class='ocr_par' dir='ltr' id='par_1_25' title="bbox 55 2291 1598 2385">
     <span class='ocr_line' id='line_1_48' title="bbox 55 2291 1598 2343; baseline 0.006 -18"><span class='ocrx_word' id='word_1_524' title='bbox 55 2314 67 2316; x_wconf 78' lang='grc'>-</span> <span class='ocrx_word' id='word_1_525' title='bbox 106 2292 191 2325; x_wconf 86' lang='lat' dir='ltr'><strong>dam</strong></span> <span class='ocrx_word' id='word_1_526' title='bbox 214 2291 410 2338; x_wconf 85' lang='lat' dir='ltr'><strong>ignominia</strong></span> <span class='ocrx_word' id='word_1_527' title='bbox 432 2297 492 2343; x_wconf 36' lang='lat' dir='ltr'><strong>‚est</strong></span> <span class='ocrx_word' id='word_1_528' title='bbox 506 2293 541 2335; x_wconf 88' lang='grc'><strong>3,</strong></span> <span class='ocrx_word' id='word_1_529' title='bbox 555 2294 591 2334; x_wconf 90' lang='grc'><strong>7,</strong></span> <span class='ocrx_word' id='word_1_530' title='bbox 604 2291 663 2326; x_wconf 89' lang='grc'><strong>20.</strong></span> <span class='ocrx_word' id='word_1_531' title='bbox 691 2296 862 2336; x_wconf 79' lang='lat' dir='ltr'><strong>quantum</strong></span> <span class='ocrx_word' id='word_1_532' title='bbox 884 2302 1006 2326; x_wconf 85' lang='lat' dir='ltr'><strong>morae</strong></span> <span class='ocrx_word' id='word_1_533' title='bbox 1030 2293 1176 2328; x_wconf 83' lang='lat' dir='ltr'><strong>lectioni</strong></span> <span class='ocrx_word' id='word_1_534' title='bbox 1199 2294 1429 2332; x_wconf 84' lang='lat' dir='ltr'><strong>festinatione</strong></span> <span class='ocrx_word' id='word_1_535' title='bbox 1454 2299 1598 2343; x_wconf 85' lang='lat' dir='ltr'><strong>adjicia-</strong></span> 
     </span>
     <span class='ocr_line' id='line_1_49' title="bbox 71 2335 1597 2385; baseline 0.005 -16"><span class='ocrx_word' id='word_1_536' title='bbox 71 2362 74 2366; x_wconf 87' lang='lat'><strong>.</strong></span> <span class='ocrx_word' id='word_1_537' title='bbox 106 2342 166 2370; x_wconf 81' lang='lat' dir='ltr'><strong>tur</strong></span> <span class='ocrx_word' id='word_1_538' title='bbox 188 2339 223 2380; x_wconf 89' lang='lat'><strong>1,</strong></span> <span class='ocrx_word' id='word_1_539' title='bbox 239 2340 273 2380; x_wconf 89' lang='lat'><strong>1,</strong></span> <span class='ocrx_word' id='word_1_540' title='bbox 286 2339 344 2372; x_wconf 82' lang='lat'><strong>32.</strong></span> <span class='ocrx_word' id='word_1_541' title='bbox 371 2337 538 2380; x_wconf 77' lang='lat' dir='ltr'><strong>adjicitur</strong></span> <span class='ocrx_word' id='word_1_542' title='bbox 561 2337 619 2371; x_wconf 86' lang='lat' dir='ltr'><strong>his</strong></span> <span class='ocrx_word' id='word_1_543' title='bbox 643 2335 891 2381; x_wconf 71' lang='grc' dir='ltr'><strong>μυκτηρισμός</strong></span> <span class='ocrx_word' id='word_1_544' title='bbox 907 2338 943 2380; x_wconf 86' lang='grc'><strong>8,</strong></span> <span class='ocrx_word' id='word_1_545' title='bbox 956 2338 991 2380; x_wconf 89' lang='grc'><strong>6,</strong></span> <span class='ocrx_word' id='word_1_546' title='bbox 1005 2338 1062 2374; x_wconf 86' lang='grc'><strong>59.</strong></span> <span class='ocrx_word' id='word_1_547' title='bbox 1093 2339 1264 2385; x_wconf 81' lang='lat' dir='ltr'><strong>quidquid</strong></span> <span class='ocrx_word' id='word_1_548' title='bbox 1286 2342 1385 2378; x_wconf 74' lang='lat' dir='ltr'><strong>veris</strong></span> <span class='ocrx_word' id='word_1_549' title='bbox 1412 2344 1597 2380; x_wconf 79' lang='lat' dir='ltr'><strong>affectibus</strong></span> 
     </span>
    </p>
   </div>
   <div class='ocr_carea' id='block_1_24' title="bbox 92 2381 1597 2573">
    <p class='ocr_par' dir='ltr' id='par_1_26' title="bbox 92 2381 1597 2573">
     <span class='ocr_line' id='line_1_50' title="bbox 104 2381 1597 2431; baseline 0.007 -15"><span class='ocrx_word' id='word_1_550' title='bbox 104 2381 293 2426; x_wconf 86' lang='lat' dir='ltr'><strong>adjicietur</strong></span> <span class='ocrx_word' id='word_1_551' title='bbox 324 2385 390 2427; x_wconf 90' lang='lat'><strong>11,</strong></span> <span class='ocrx_word' id='word_1_552' title='bbox 415 2386 457 2426; x_wconf 93' lang='lat'><strong>1,</strong></span> <span class='ocrx_word' id='word_1_553' title='bbox 482 2384 539 2418; x_wconf 88' lang='grc'><strong>52.</strong></span> <span class='ocrx_word' id='word_1_554' title='bbox 576 2394 688 2417; x_wconf 91' lang='lat' dir='ltr'><strong>unum</strong></span> <span class='ocrx_word' id='word_1_555' title='bbox 710 2383 798 2427; x_wconf 87' lang='lat' dir='ltr'><strong>jam</strong></span> <span class='ocrx_word' id='word_1_556' title='bbox 828 2383 937 2430; x_wconf 87' lang='lat' dir='ltr'><strong>igitur</strong></span> <span class='ocrx_word' id='word_1_557' title='bbox 964 2383 1051 2418; x_wconf 86' lang='lat' dir='ltr'><strong>huic</strong></span> <span class='ocrx_word' id='word_1_558' title='bbox 1074 2386 1158 2419; x_wconf 88' lang='lat' dir='ltr'><strong>loco</strong></span> <span class='ocrx_word' id='word_1_559' title='bbox 1190 2386 1430 2431; x_wconf 87' lang='lat' dir='ltr'><strong>adjiciendum</strong></span> <span class='ocrx_word' id='word_1_560' title='bbox 1452 2391 1597 2427; x_wconf 78' lang='lat' dir='ltr'><strong>videtur</strong></span> 
     </span>
     <span class='ocr_line' id='line_1_51' title="bbox 104 2427 1595 2485; baseline 0.008 -25"><span class='ocrx_word' id='word_1_561' title='bbox 104 2428 221 2463; x_wconf 61' lang='lat' dir='ltr'><strong>iasso.</strong></span> <span class='ocrx_word' id='word_1_562' title='bbox 247 2427 292 2470; x_wconf 49' lang='grc' dir='ltr'><strong>σῇ</strong></span> <span class='ocrx_word' id='word_1_563' title='bbox 318 2430 375 2472; x_wconf 87' lang='grc'><strong>11,</strong></span> <span class='ocrx_word' id='word_1_564' title='bbox 387 2430 422 2471; x_wconf 87' lang='grc'><strong>3,</strong></span> <span class='ocrx_word' id='word_1_565' title='bbox 440 2431 518 2464; x_wconf 89' lang='lat'><strong>177.</strong></span> <span class='ocrx_word' id='word_1_566' title='bbox 550 2428 590 2463; x_wconf 84' lang='lat' dir='ltr'><strong>in</strong></span> <span class='ocrx_word' id='word_1_567' title='bbox 611 2430 741 2463; x_wconf 83' lang='lat' dir='ltr'><strong>horum</strong></span> <span class='ocrx_word' id='word_1_568' title='bbox 767 2428 874 2462; x_wconf 79' lang='lat' dir='ltr'><strong>trium</strong></span> <span class='ocrx_word' id='word_1_569' title='bbox 896 2430 1018 2463; x_wconf 87' lang='lat' dir='ltr'><strong>locum</strong></span> <span class='ocrx_word' id='word_1_570' title='bbox 1040 2431 1259 2468; x_wconf 82' lang='lat' dir='ltr'><strong>subditae</strong></span> <span class='ocrx_word' id='word_1_571' title='bbox 1286 2441 1440 2479; x_wconf 76' lang='lat' dir='ltr'><strong>quatuor</strong></span> <span class='ocrx_word' id='word_1_572' title='bbox 1462 2438 1595 2485; x_wconf 85' lang='lat' dir='ltr'><strong>legales</strong></span> 
     </span>
     <span class='ocr_line' id='line_1_52' title="bbox 92 2471 1591 2528; baseline 0.007 -22"><span class='ocrx_word' id='word_1_573' title='bbox 92 2471 278 2518; x_wconf 64' lang='lat' dir='ltr'><strong>(speeies),</strong></span> <span class='ocrx_word' id='word_1_574' title='bbox 302 2474 615 2519; x_wconf 78' lang='lat' dir='ltr'><strong>adiectaeque</strong></span> <span class='ocrx_word' id='word_1_575' title='bbox 640 2475 754 2510; x_wconf 82' lang='lat' dir='ltr'><strong>tribus</strong></span> <span class='ocrx_word' id='word_1_576' title='bbox 780 2474 850 2510; x_wconf 89' lang='lat' dir='ltr'><strong>illis</strong></span> <span class='ocrx_word' id='word_1_577' title='bbox 876 2475 1107 2511; x_wconf 85' lang='lat' dir='ltr'><strong>rationalibus</strong></span> <span class='ocrx_word' id='word_1_578' title='bbox 1131 2479 1166 2520; x_wconf 91' lang='grc'><strong>3,</strong></span> <span class='ocrx_word' id='word_1_579' title='bbox 1185 2479 1221 2523; x_wconf 90' lang='grc'><strong>6,</strong></span> <span class='ocrx_word' id='word_1_580' title='bbox 1241 2479 1309 2522; x_wconf 78' lang='grc'><strong>54;</strong></span> <span class='ocrx_word' id='word_1_581' title='bbox 1357 2480 1398 2525; x_wconf 78' lang='grc' dir='ltr'><strong>δ)</strong></span> <span class='ocrx_word' id='word_1_582' title='bbox 1423 2495 1490 2528; x_wconf 83' lang='lat' dir='ltr'><strong>seq.</strong></span> <span class='ocrx_word' id='word_1_583' title='bbox 1518 2487 1591 2518; x_wconf 80' lang='lat' dir='ltr'><strong>ad.-</strong></span> 
     </span>
     <span class='ocr_line' id='line_1_53' title="bbox 101 2519 1592 2573; baseline 0.007 -20"><span class='ocrx_word' id='word_1_584' title='bbox 101 2519 336 2557; x_wconf 73' lang='lat' dir='ltr'><strong>translatione</strong></span> <span class='ocrx_word' id='word_1_585' title='bbox 363 2521 418 2554; x_wconf 87' lang='lat' dir='ltr'><strong>ad</strong></span> <span class='ocrx_word' id='word_1_586' title='bbox 449 2526 586 2565; x_wconf 87' lang='lat' dir='ltr'><strong>septem</strong></span> <span class='ocrx_word' id='word_1_587' title='bbox 613 2521 816 2566; x_wconf 86' lang='lat' dir='ltr'><strong>superiores</strong></span> <span class='ocrx_word' id='word_1_588' title='bbox 851 2522 989 2565; x_wconf 81' lang='lat' dir='ltr'><strong>adjecta</strong></span> <span class='ocrx_word' id='word_1_589' title='bbox 1014 2524 1050 2567; x_wconf 87' lang='lat'><strong>3,</strong></span> <span class='ocrx_word' id='word_1_590' title='bbox 1075 2524 1111 2566; x_wconf 90' lang='grc'><strong>6,</strong></span> <span class='ocrx_word' id='word_1_591' title='bbox 1138 2524 1195 2561; x_wconf 87' lang='grc'><strong>55.</strong></span> <span class='ocrx_word' id='word_1_592' title='bbox 1240 2526 1456 2572; x_wconf 85' lang='lat' dir='ltr'><strong>Utinamque</strong></span> <span class='ocrx_word' id='word_1_593' title='bbox 1486 2530 1592 2573; x_wconf 88' lang='lat' dir='ltr'><strong>adjici</strong></span> 
     </span>
    </p>
   </div>
   <div class='ocr_carea' id='block_1_25' title="bbox 23 2566 1591 2656">
    <p class='ocr_par' dir='ltr' id='par_1_27' title="bbox 23 2566 1591 2656">
     <span class='ocr_line' id='line_1_54' title="bbox 23 2566 1591 2617; baseline 0.005 -18"><span class='ocrx_word' id='word_1_594' title='bbox 23 2567 27 2570; x_wconf 85' lang='lat'>&#39;</span> <span class='ocrx_word' id='word_1_595' title='bbox 70 2586 74 2590; x_wconf 85' lang='lat'><em>·</em></span> <span class='ocrx_word' id='word_1_596' title='bbox 101 2566 158 2600; x_wconf 76' lang='lat' dir='ltr'><strong>ad</strong></span> <span class='ocrx_word' id='word_1_597' title='bbox 179 2566 471 2600; x_wconf 89' lang='lat' dir='ltr'><strong>consuetudinem</strong></span> <span class='ocrx_word' id='word_1_598' title='bbox 496 2573 642 2611; x_wconf 85' lang='lat' dir='ltr'><strong>posset,</strong></span> <span class='ocrx_word' id='word_1_599' title='bbox 675 2573 714 2600; x_wconf 89' lang='lat' dir='ltr'><strong>ut</strong></span> <span class='ocrx_word' id='word_1_600' title='bbox 741 2574 803 2604; x_wconf 79' lang='lat' dir='ltr'><strong>etc.</strong></span> <span class='ocrx_word' id='word_1_601' title='bbox 832 2569 867 2608; x_wconf 88' lang='lat'><strong>2,</strong></span> <span class='ocrx_word' id='word_1_602' title='bbox 888 2570 945 2610; x_wconf 87' lang='lat'><strong>10,</strong></span> <span class='ocrx_word' id='word_1_603' title='bbox 969 2567 1004 2602; x_wconf 90' lang='grc'><strong>9.</strong></span> <span class='ocrx_word' id='word_1_604' title='bbox 1057 2568 1086 2612; x_wconf 73' lang='lat' dir='ltr'><strong>s)</strong></span> <span class='ocrx_word' id='word_1_605' title='bbox 1112 2579 1324 2614; x_wconf 72' lang='lat' dir='ltr'><strong>apponuntur</strong></span> <span class='ocrx_word' id='word_1_606' title='bbox 1354 2576 1478 2617; x_wconf 80' lang='lat' dir='ltr'><strong>quaed.</strong></span> <span class='ocrx_word' id='word_1_607' title='bbox 1504 2579 1591 2610; x_wconf 76' lang='lat' dir='ltr'><strong>Ad-</strong></span> 
     </span>
     <span class='ocr_line' id='line_1_55' title="bbox 32 2604 1591 2656; baseline 0.008 -12"><span class='ocrx_word' id='word_1_608' title='bbox 32 2637 39 2650; x_wconf 64' lang='lat'><strong>,</strong></span> <span class='ocrx_word' id='word_1_609' title='bbox 102 2613 243 2646; x_wconf 61' lang='lat' dir='ltr'><strong>verb„-</strong></span> <span class='ocrx_word' id='word_1_610' title='bbox 274 2611 446 2656; x_wconf 80' lang='lat' dir='ltr'><strong>quidquid</strong></span> <span class='ocrx_word' id='word_1_611' title='bbox 467 2612 558 2647; x_wconf 84' lang='lat' dir='ltr'><strong>huc</strong></span> <span class='ocrx_word' id='word_1_612' title='bbox 583 2612 630 2646; x_wconf 80' lang='lat' dir='ltr'><strong>sit</strong></span> <span class='ocrx_word' id='word_1_613' title='bbox 651 2604 829 2656; x_wconf 60' lang='lat' dir='ltr'><strong>adjectum</strong></span> <span class='ocrx_word' id='word_1_614' title='bbox 854 2615 911 2655; x_wconf 85' lang='lat'><strong>12,</strong></span> <span class='ocrx_word' id='word_1_615' title='bbox 938 2615 995 2656; x_wconf 86' lang='lat'><strong>10,</strong></span> <span class='ocrx_word' id='word_1_616' title='bbox 1016 2612 1075 2648; x_wconf 87' lang='lat'><strong>40.</strong></span> <span class='ocrx_word' id='word_1_617' title='bbox 1111 2615 1190 2650; x_wconf 91' lang='lat' dir='ltr'><strong>hic</strong></span> <span class='ocrx_word' id='word_1_618' title='bbox 1215 2634 1262 2641; x_wconf 89' lang='lat'><strong>—</strong></span> <span class='ocrx_word' id='word_1_619' title='bbox 1284 2617 1373 2651; x_wconf 91' lang='lat' dir='ltr'><strong>illud</strong></span> <span class='ocrx_word' id='word_1_620' title='bbox 1399 2626 1498 2656; x_wconf 82' lang='lat' dir='ltr'><strong>recle</strong></span> <span class='ocrx_word' id='word_1_621' title='bbox 1527 2623 1591 2655; x_wconf 82' lang='lat' dir='ltr'><strong>ad—</strong></span> 
     </span>
    </p>
   </div>
   <div class='ocr_carea' id='block_1_26' title="bbox 4 2650 34 2694">
    <p class='ocr_par' dir='ltr' id='par_1_28' title="bbox 4 2650 34 2694">
     <span class='ocr_line' id='line_1_56' title="bbox 4 2650 34 2694; baseline 0 0"><span class='ocrx_word' id='word_1_622' title='bbox 4 2650 34 2694; x_wconf 48' lang='lat' dir='ltr'><strong>ri</strong></span> 
     </span>
    </p>
   </div>
   <div class='ocr_carea' id='block_1_27' title="bbox 0 2760 42 2801">
    <p class='ocr_par' dir='ltr' id='par_1_29' title="bbox 0 2760 42 2801">
     <span class='ocr_line' id='line_1_57' title="bbox 0 2760 42 2801; baseline 0 -39"><span class='ocrx_word' id='word_1_623' title='bbox 0 2760 42 2801; x_wconf 29' lang='grc' dir='ltr'><strong>,ζ’</strong></span> 
     </span>
    </p>
   </div>
   <div class='ocr_carea' id='block_1_28' title="bbox 101 2656 1589 2711">
    <p class='ocr_par' dir='ltr' id='par_1_30' title="bbox 101 2656 1589 2711">
     <span class='ocr_line' id='line_1_58' title="bbox 101 2656 1589 2711; baseline 0.007 -20"><span class='ocrx_word' id='word_1_624' title='bbox 101 2656 267 2701; x_wconf 69' lang='lat' dir='ltr'><strong>iecerunt</strong></span> <span class='ocrx_word' id='word_1_625' title='bbox 292 2660 349 2701; x_wconf 83' lang='lat'><strong>11,</strong></span> <span class='ocrx_word' id='word_1_626' title='bbox 371 2660 407 2700; x_wconf 84' lang='lat'><strong>3.</strong></span> <span class='ocrx_word' id='word_1_627' title='bbox 432 2658 511 2693; x_wconf 88' lang='grc'><strong>106.</strong></span> <span class='ocrx_word' id='word_1_628' title='bbox 551 2657 663 2693; x_wconf 83' lang='lat' dir='ltr'><strong>illic</strong></span> <span class='ocrx_word' id='word_1_629' title='bbox 689 2658 780 2693; x_wconf 84' lang='lat' dir='ltr'><strong>nihil</strong></span> <span class='ocrx_word' id='word_1_630' title='bbox 807 2659 946 2693; x_wconf 82' lang='lat' dir='ltr'><strong>detrahi</strong></span> <span class='ocrx_word' id='word_1_631' title='bbox 967 2665 1107 2704; x_wconf 88' lang='lat' dir='ltr'><strong>potest,</strong></span> <span class='ocrx_word' id='word_1_632' title='bbox 1143 2662 1220 2696; x_wconf 83' lang='lat' dir='ltr'><strong>hic</strong></span> <span class='ocrx_word' id='word_1_633' title='bbox 1242 2662 1333 2697; x_wconf 87' lang='lat' dir='ltr'><strong>nihil</strong></span> <span class='ocrx_word' id='word_1_634' title='bbox 1356 2665 1462 2707; x_wconf 81' lang='lat' dir='ltr'><strong>adjici</strong></span> <span class='ocrx_word' id='word_1_635' title='bbox 1494 2666 1589 2711; x_wconf 80' lang='lat' dir='ltr'><strong>(Sic.</strong></span> 
     </span>
    </p>
   </div>
   <div class='ocr_carea' id='block_1_29' title="bbox 0 2692 1483 2751">
    <p class='ocr_par' dir='ltr' id='par_1_31' title="bbox 0 2692 1483 2751">
     <span class='ocr_line' id='line_1_59' title="bbox 0 2692 1483 2751; baseline 0.007 -17"><span class='ocrx_word' id='word_1_636' title='bbox 0 2692 8 2743; x_wconf 53' lang='grc' dir='ltr'><em>ζ</em></span> <span class='ocrx_word' id='word_1_637' title='bbox 52 2715 59 2722; x_wconf 75' lang='grc'><em>’</em></span> <span class='ocrx_word' id='word_1_638' title='bbox 105 2716 136 2737; x_wconf 80' lang='lat' dir='ltr'><strong>c.</strong></span> <span class='ocrx_word' id='word_1_639' title='bbox 163 2705 267 2739; x_wconf 74' lang='lat' dir='ltr'><strong>Gadd-</strong></span> <span class='ocrx_word' id='word_1_640' title='bbox 291 2706 380 2746; x_wconf 84' lang='lat' dir='ltr'><strong>Fr.,</strong></span> <span class='ocrx_word' id='word_1_641' title='bbox 408 2705 478 2747; x_wconf 82' lang='lat' dir='ltr'><strong>Sp.</strong></span> <span class='ocrx_word' id='word_1_642' title='bbox 508 2712 539 2738; x_wconf 70' lang='lat' dir='ltr'><strong>et</strong></span> <span class='ocrx_word' id='word_1_643' title='bbox 563 2708 605 2740; x_wconf 89' lang='grc' dir='ltr'><strong>Ζ.</strong></span> <span class='ocrx_word' id='word_1_644' title='bbox 632 2709 802 2747; x_wconf 67' lang='lat' dir='ltr'><strong>vulgatum</strong></span> <span class='ocrx_word' id='word_1_645' title='bbox 830 2700 882 2739; x_wconf 79' lang='lat' dir='ltr'><strong>illi</strong></span> <span class='ocrx_word' id='word_1_646' title='bbox 909 2722 954 2730; x_wconf 94' lang='lat'>—</span> <span class='ocrx_word' id='word_1_647' title='bbox 977 2705 1079 2750; x_wconf 83' lang='lat' dir='ltr'><strong>huic)</strong></span> <span class='ocrx_word' id='word_1_648' title='bbox 1105 2709 1161 2750; x_wconf 92' lang='lat'><strong>10,</strong></span> <span class='ocrx_word' id='word_1_649' title='bbox 1187 2710 1230 2751; x_wconf 74' lang='lat'><strong>1,</strong></span> <span class='ocrx_word' id='word_1_650' title='bbox 1256 2710 1335 2744; x_wconf 84' lang='lat'><strong>106.</strong></span> <span class='ocrx_word' id='word_1_651' title='bbox 1363 2712 1414 2744; x_wconf 84' lang='lat' dir='ltr'><strong>N.</strong></span> <span class='ocrx_word' id='word_1_652' title='bbox 1437 2724 1483 2745; x_wconf 70' lang='lat' dir='ltr'><strong>ct.</strong></span> 
     </span>
    </p>
   </div>
   <div class='ocr_carea' id='block_1_30' title="bbox 192 2747 1575 2803">
    <p class='ocr_par' dir='ltr' id='par_1_32' title="bbox 192 2747 1575 2803">
     <span class='ocr_line' id='line_1_60' title="bbox 192 2747 1575 2803; baseline 0.009 -20"><span class='ocrx_word' id='word_1_653' title='bbox 192 2747 246 2794; x_wconf 86' lang='lat'><strong>11)</strong></span> <span class='ocrx_word' id='word_1_654' title='bbox 279 2750 313 2784; x_wconf 71' lang='lat' dir='ltr'><strong>is</strong></span> <span class='ocrx_word' id='word_1_655' title='bbox 349 2751 523 2796; x_wconf 71' lang='lat' dir='ltr'><strong>loquendo.</strong></span> <span class='ocrx_word' id='word_1_656' title='bbox 571 2750 613 2796; x_wconf 78' lang='grc' dir='ltr'><strong>α)</strong></span> <span class='ocrx_word' id='word_1_657' title='bbox 638 2763 670 2787; x_wconf 84' lang='grc' dir='ltr'><strong>ο.</strong></span> <span class='ocrx_word' id='word_1_658' title='bbox 703 2754 866 2796; x_wconf 68' lang='grc' dir='ltr'><strong>Ρηιεροε.</strong></span> <span class='ocrx_word' id='word_1_659' title='bbox 904 2753 980 2787; x_wconf 78' lang='lat' dir='ltr'><strong>de.-</strong></span> <span class='ocrx_word' id='word_1_660' title='bbox 1020 2753 1077 2788; x_wconf 76' lang='lat' dir='ltr'><strong>de</strong></span> <span class='ocrx_word' id='word_1_661' title='bbox 1103 2754 1250 2792; x_wconf 75' lang='lat' dir='ltr'><strong>fortuna</strong></span> <span class='ocrx_word' id='word_1_662' title='bbox 1281 2760 1424 2803; x_wconf 70' lang='lat' dir='ltr'><strong>quoque</strong></span> <span class='ocrx_word' id='word_1_663' title='bbox 1460 2759 1575 2802; x_wconf 69' lang='lat' dir='ltr'><strong>adjeci</strong></span> 
     </span>
    </p>
   </div>
  </div>
 </body>
</html>
