1728 3002
556 182 762 241 Παταίκου
802 204 861 213 -
894 179 1109 226 Desidet-o
1521 185 1606 225 219

39 326 42 328 -
113 308 263 346 usquo
293 303 445 335 aetatem
476 297 556 334 sino
585 294 867 352 reprehensione
894 293 1080 330 descendit
1113 296 1156 339 1,
1179 296 1247 340 11,
1272 295 1331 331 18.
1373 293 1414 350 7)
1441 297 1497 330 aa
1518 297 1605 330 ah·-

117 349 236 394 qnid:
277 345 484 392 priusquam
520 345 566 380 sd
588 343 685 379 ahud
719 342 983 377 descendat
1005 340 1234 387 (gradosa),
1266 341 1306 375 in
1329 342 1508 386 prioribus
1538 353 1605 377 re-

117 392 256 428 sistit
296 393 342 434 9,
378 394 424 436 3,
461 391 527 434 5⁵;
572 390 617 424 ad
655 389 878 423 intellectum
914 387 1089 422 audientis
1122 388 1342 423 descendere
1386 391 1426 431 1,
1467 391 1512 432 2,
1546 391 1604 424 27.

117 437 352 519 ffznffid
362 434 793 518 332222512.2³⁰{¹²‘¹³2
815 434 1130 526 ‘affimat
1137 433 1466 515 ῗῗεωῳῖἰῑέίῗὲ.
1479 440 1609 526 ⁹3:332

117 528 336 579 geometriae
363 540 474 575 opera
495 528 687 564 descendat
713 506 874 572 (disc’ens)
910 529 951 570 1,
981 528 1056 570 12,
1082 525 1140 560 14.
1163 530 1210 562 Ζ.
1243 527 1289 561 ad
1317 526 1476 571 aliquid,
1509 527 1608 572 quod

10 574 36 627 ξε
51 580 70 617 Ι
121 576 170 611 sit
190 577 295 620 leve,
321 581 383 610 aut
408 576 507 610 nullo
533 575 641 609 modo
663 572 917 617 criminosum,
946 572 1195 608 descendimus
1221 573 1265 617 9,
1290 574 1333 616 2,
1358 575 1424 616 23;
1457 572 1503 608 ad
1530 574 1611 618 ph..

119 621 227 656 nioru
259 627 296 657 et
326 621 527 657 communia
556 631 614 654 ma
640 619 649 627 ⁸
701 620 815 655 verba
844 618 1095 653 descendimus
1123 619 1167 663 8,
1199 621 1247 663 2,
1277 618 1337 653 24.
1377 630 1425 654 ne
1461 619 1507 654 ad
1543 624 1608 660 'eas

79 669 96 694 ἱ
121 667 403 713 (accusationes)
433 668 587 702 libenter
615 630 846 701 {lgscendisse
878 665 1068 700 videamur
1098 667 1167 710 11,
1194 667 1239 710 1,
1262 665 1321 700 57.
1353 663 1399 706 cs.
1430 666 1472 708 5,
1495 665 1541 710 6,
1565 667 1608 709 2;

121 712 251 759 (Ῑῶω
275 714 413 749 meritis
434 715 549 748 fretus
573 712 619 746 nd
641 711 851 757 petitionem
877 710 1103 746 descenderit
1127 710 1172 756 4,
1193 713 1241 755 2,
1267 711 1324 746 15.
1353 716 1394 745 ut
1421 722 1444 745 a
1474 721 1610 757 genero

121 760 176 795 ud
213 764 410 795 extremam
448 758 607 805 speciem
645 759 901 793 descenderem
940 760 982 801 7,
1017 759 1058 800 1,
1093 759 1152 792 23.
1197 755 1342 791 interim
1380 768 1402 791 a
1440 757 1612 801 qualitate

121 805 175 841 ud
206 805 405 841 finitionem
437 804 666 840 descenditur
696 807 740 847 7,
773 806 816 847 3,
847 806 883 838 2.
924 803 955 837 si
997 803 1240 848 coepisset
1272 814 1295 837 a
1326 807 1405 837 toto
1440 814 1611 848 corpore,

120 861 196 886 uon
223 852 316 887 bene
348 853 393 886 ad
411 853 525 887 latera
549 852 743 894 faucesque
775 850 1083 889 descenderet
1115 850 1156 892 9,
1180 848 1223 891 4,
1242 850 1302 884 23.
1336 846 1375 892 ὃ)
1399 851 1442 882 ‹le
1470 851 1613 884 diversi-

122 904 216 932 tate.-
246 898 443 943 amplior
473 903 528 932 est
564 907 707 940 semper
738 896 876 930 infinita
909 895 1115 939 (quaestio),
1150 894 1256 929 inde
1279 894 1378 929 enim
1410 895 1508 929 finita
1540 897 1614 931 de·-

123 944 312 978 scendit
334 946 381 988 3,
405 946 449 986 5,
472 944 507 979 8.
538 947 675 977 tantum
697 941 742 976 ab
766 953 812 977 eo
845 941 1148 985 defluebant,
1173 946 1343 986 quantum
1366 940 1430 976 ille
1454 941 1614 987 (Seneca)

124 989 176 1023 ab
198 989 353 1035 antiquis
375 989 689 1025 descenderat
720 990 778 1031 10,
803 991 837 1032 1,
863 988 932 1022 126
962 988 1009 1022 Ν.

79 1042 301 1087 088ώοοο
355 1055 487 1092 Cicero
513 1067 536 1091 a
556 1056 803 1091 Demosthene
825 1056 973 1101 paulum
986 1054 1025 1090 in
1038 1054 1108 1090 hac
1123 1059 1225 1100 parte
1246 1053 1398 1090 descivit
1421 1055 1458 1099 9,
1482 1053 1519 1100 4,
1537 1055 1616 1093 146.

80 1110 308 1155 Describo.
352 1123 395 1169 α)
420 1122 595 1171 Virgilius
615 1122 680 1158 illo
705 1124 810 1166 loco,
840 1133 912 1168 quo
934 1122 1072 1166 pullum
1102 1121 1275 1167 equinum
1307 1121 1478 1157 describit
1512 1124 1548 1167 8,
1580 1127 1617 1168 2,

128 1170 191 1213 1⁵3
216 1169 420 1206 describere
444 1171 583 1205 tabulas
604 1169 782 1204 mensuris
806 1180 848 1203 ac
869 1168 976 1203 lineis
1003 1170 1060 1211 10,
1083 1170 1119 1211 2,
1142 1168 1177 1202 6.
1201 1170 1247 1212 β)
1269 1170 1303 1201 in
1324 1173 1446 1202 malam
1464 1177 1615 1213 par-rem.-

128 1226 212 1250 cum
240 1217 570 1264 objurgamus,
601 1214 939 1263 maledicimus,
974 1213 1280 1248 describimus
1312 1213 1363 1258 (in
1391 1215 1558 1261 oratione)
1582 1219 1618 1261 3,

111 1260 163 1305 ,4,
188 1263 213 1296 3
237 1263 287 1296 Ν.
309 1262 436 1298 iisdem
459 1279 504 1288 —
528 1261 857 1304 describimus,
890 1261 1181 1295 deterremus
1211 1267 1272 1295 etc.
1299 1261 1334 1302 5,
1355 1262 1392 1304 8,
1419 1264 1454 1295 2.

83 1315 338 1374 Descriptio.
384 1332 461 1378 (fig.
488 1344 545 1376 ap.
575 1329 680 1374 Cic.)
704 1329 741 1374 9,
767 1331 801 1372 1,
824 1330 883 1364 31.
908 1327 948 1362 in
973 1327 1096 1362 locis
1128 1338 1171 1361 ac
1205 1327 1621 1373 descriptionibus

129 1375 201 1410 fusi
222 1387 264 1411 ac
287 1376 439 1413 fluentes
464 1388 585 1412 sumus
611 1377 654 1419 9,
680 1374 723 1410 4.
749 1377 827 1410 138.
857 1374 1035 1409 arcessitis
1059 1373 1357 1418 descriptionibus
1381 1378 1416 1417 2,
1443 1374 1479 1419 4,
1509 1378 1543 1410 3.
1566 1378 1620 1411 M.

131 1420 248 1457 coelii
267 1421 307 1457 in
333 1423 532 1460 Antonium
554 1424 670 1457 descr-
694 1421 730 1465 4,
754 1424 790 1465 2,
815 1423 894 1457 123.
920 1420 958 1455 in
991 1419 1231 1464 descriptione
1258 1420 1421 1456 convivii
1444 1422 1622 1457 luxuriosi

129 1467 177 1511 8,
203 1469 246 1512 3,
266 1469 326 1504 66.
363 1472 528 1506 locorum
551 1468 708 1502 dilucida
732 1479 775 1502 ac
801 1466 1004 1514 significans
1029 1467 1145 1502 descr.
1168 1467 1206 1511 9,
1231 1468 1266 1511 2,
1288 1466 1349 1503 44.
1383 1468 1498 1503 deser.
1522 1470 1623 1517 regi-

132 1523 244 1548 onum
263 1512 300 1559 4,
322 1518 358 1560 3,
383 1520 440 1551 12.
464 1533 511 1541 -
534 1514 678 1550 Siciliae
702 1516 759 1557 11,
785 1515 822 1557 3,
847 1511 926 1548 164.
1269 1550 1273 1554 ,

85 1556 266 1601 ΠΒΒΘΙὈ·
318 1572 361 1616 ι)
397 1575 545 1607 absolute
575 1574 618 1606 de
650 1573 826 1605 militibus:
863 1569 926 1616 qui
949 1569 1140 1614 aliquando
1162 1569 1308 1604 fortiter
1328 1570 1465 1605 fecerat
1486 1589 1534 1596 —
1557 1573 1625 1606 ad-

130 1624 299 1654 versante
327 1618 403 1653 filio
437 1618 491 1652 ire
515 1618 555 1652 in
577 1617 691 1652 aciem
717 1623 883 1660 coactus,
920 1616 1076 1650 deseruit
1107 1617 1150 1659 9,
1183 1618 1224 1659 2,
1257 1617 1314 1651 85.
1355 1617 1498 1652 deserui
1535 1623 1625 1653 tem-

131 1662 328 1707 pestatibus
361 1664 552 1709 impeditus
580 1666 624 1707 3,
648 1664 690 1704 6,
713 1664 770 1699 78.
819 1662 865 1707 β)
891 1675 919 1697 c.
943 1666 1093 1696 Aecus„-
1129 1672 1214 1696 reos
1242 1663 1475 1697 deseremus?
1508 1667 1566 1708 11,
1589 1667 1627 1708 3,

130 1711 191 1743 27.
215 1719 280 1754 ea,
302 1711 342 1745 in
369 1722 460 1756 quae
484 1716 588 1745 natus
610 1709 779 1752 videtur,
803 1710 1003 1743 deserendo
1026 1707 1136 1742 faciat
1159 1708 1356 1742 infirmiora
1378 1712 1413 1751 2,
1436 1712 1472 1754 8,
1497 1710 1531 1745 5.
1550 1721 1627 1744 non

133 1754 447 1791 deserendum
471 1755 560 1800 (Sp.
585 1756 708 1798 defer.)
734 1755 773 1789 id
796 1755 951 1798 bonum,
972 1773 1020 1778 —
1046 1755 1110 1788 sed
1143 1756 1408 1800 augendum
1439 1759 1484 1798 2,
1508 1757 1557 1800 8,
1583 1759 1629 1791 10

134 1803 179 1834 Ζ.
203 1811 248 1834 ea
281 1803 399 1843 (initia
421 1800 732 1846 declamationum),
768 1801 956 1845 desperata
978 1801 1217 1834 connectendi
1242 1802 1430 1846 facultate,
1459 1803 1630 1836 deserunt

134 1847 170 1887 2,
195 1847 253 1890 11,
276 1849 310 1882 5.
339 1848 411 1885 iter
435 1848 630 1883 deserimus
654 1850 691 1891 2,
718 1848 778 1891 13,
807 1848 863 1881 16.
893 1858 998 1891 quam
1022 1846 1174 1890 turpiter
1208 1847 1349 1881 deserat
1383 1859 1463 1881 eam
1493 1855 1630 1893 partem

135 1891 335 1927 rhetorices
363 1893 539 1929 institutio
574 1897 619 1936 2,
657 1896 676 1927 1
691 1918 703 1936 ‚
732 1894 770 1930 9.
810 1894 952 1927 deserta
984 1893 1029 1926 ab
1058 1893 1115 1926 his
1141 1892 1259 1926 studia
1283 1892 1479 1938 sapientiae
1509 1898 1564 1938 12,
1590 1897 1630 1937 2,

135 1936 185 1978 8;
214 1940 363 1973 Ριιτ-ιίσ..ι
388 1940 528 1975 deserta
551 1950 634 1984 pars
657 1937 836 1974 oratoriae
860 1938 946 1973 artis
978 1938 1040 1973 Pr.
1066 1941 1122 1974 17.
1145 1939 1381 1984 frequens
1403 1951 1450 1973 an
1476 1940 1632 1975 deser-

137 1986 213 2016 tus
241 1984 345 2018 locus
379 1985 415 2028 5,
439 1986 497 2028 10,
520 1986 578 2020 37.
915 2003 921 2006 ’

92 2023 315 2070 Desertor.
368 2040 486 2075 factus
508 2051 558 2076 ex
578 2039 661 2076 viro
683 2039 772 2075 forti
796 2040 870 2075 des.
894 2040 939 2083 9,
963 2042 1009 2084 2,
1033 2040 1093 2075 86.
1125 2040 1190 2074 lex
1221 2041 1397 2076 adversus
1428 2041 1634 2077 desertores

140 2083 274 2129 scripta
297 2088 340 2129 7,
365 2089 411 2129 7,
436 2087 473 2121 6.

93 2127 321 2172 DOSGI'ViO·
380 2141 610 2189 grammatico
636 2139 705 2175 soli
740 2139 1014 2175 deserviamus?
1049 2142 1067 2174 1
1081 2165 1092 2183 ‚
1125 2143 1189 2184 12,
1223 2142 1259 2176 6.
1302 2139 1365 2186 [ut
1388 2142 1433 2175 ad
1524 2142 1635 2178 mium

138 2188 334 2232 revocatis,
355 2189 457 2232 cujus
480 2188 630 2232 quisque
653 2197 777 2221 eorum
798 2186 888 2221 velit
904 2186 986 2219 libri
1011 2185 1189 2229 lectione,
1214 2187 1421 2222 deserviant
1466 2191 1635 2234 docentes)

141 2231 230 2276 (loc.
262 2242 436 2278 corrupi„
471 2238 514 2268 Z.
547 2234 672 2267 emend.
705 2237 745 2266 ut
772 2233 818 2265 ad
843 2242 896 2279 gr.
924 2231 1087 2267 revocati
1113 2233 1286 2277 cujusque
1311 2244 1344 2267 e.
1368 2234 1515 2268 lectioni
1538 2235 1635 2279 des.)

142 2282 188 2322 2,
217 2279 260 2322 5,
295 2281 318 2315 5
351 2278 424 2324 8.];
460 2278 499 2313 in
526 2277 707 2324 palpebris
739 2278 846 2312 etiam
867 2282 906 2313 et
935 2277 1036 2325 genis
1068 2283 1123 2311 est
1146 2280 1323 2322 quoddam
1346 2280 1555 2316 deserviens
1577 2282 1635 2316 his

143 2323 278 2368 (oculis)
301 2325 535 2360 ministerium
558 2329 621 2367 11,
644 2327 685 2367 3,
710 2326 769 2358 77.

99 2367 305 2411 Desidet).
363 2382 425 2427 qui
449 2386 677 2429 argumenta,
701 2382 804 2415 velut
824 2378 972 2415 horrida
994 2384 1032 2424 et
1054 2380 1288 2428 confragosa,
1313 2381 1492 2428 vitantes,
1515 2394 1636 2418 amoe-

145 2426 306 2460 nioribus
330 2428 422 2463 locis
445 2429 609 2463 desident
631 2429 666 2471 5,
693 2428 729 2471 8,
755 2429 789 2462 1.

100 2469 388 2515 Desiderium.
442 2484 556 2518 utrius
582 2484 709 2528 justius
740 2482 787 2517 sit
817 2483 894 2517 des.
923 2485 969 2525 7,
1002 2484 1044 2525 1,
1077 2482 1139 2518 62.
1173 2482 1236 2518 ille
1257 2482 1330 2528 jam
1357 2495 1473 2529 paene
1497 2484 1637 2520 medius

147 2529 294 2577 affectus
311 2536 365 2565 est
380 2541 429 2564 ex
446 2530 677 2565 amoribus
704 2534 741 2564 et
766 2539 815 2563 ex
842 2527 1092 2563 desideriis
1106 2529 1144 2572 6,
1159 2531 1195 2568 2,
1216 2532 1271 2564 17.
1297 2530 1432 2575 aliquid
1450 2531 1638 2567 desideriis

148 2574 346 2653 anilicorum
371 2577 495 2656 gamus
523 2579 556 2620 1,
574 2578 640 2619 12,·
653 2579 689 2611 7.
718 2574 765 2617 cf.
780 2574 817 2619 4,
837 2578 873 2618 2,
891 2577 968 2609 122.
996 2575 1120 2610 demus
1136 2577 1208 2610 hoc
1230 2576 1410 2611 desiderio
1431 2577 1505 2620 jam
1522 2588 1639 2622 paene

76 2626 79 2627 γ
148 2631 198 2664 pu
220 2620 292 2656 lico
313 2623 337 2658 8
397 2648 410 2666 ,
436 2623 496 2658 29·
1403 2655 1406 2658 ,

106 2651 349 2708 ΒΘΒΜΘΙὍ-1
378 2677 416 2721 a)
443 2681 522 2712 Act.
552 2678 590 2718 a)
614 2679 657 2712 de
683 2679 885 2711 hominibus.-
915 2678 1012 2721 quod
1027 2668 1094 2712 vaut
1117 2676 1445 2714 desideremus
1477 2684 1536 2712 aut
1568 2679 1639 2714 de-

151 2733 402 2765 precemur
432 2725 475 2767 4,
500 2725 541 2765 1,
571 2724 628 2758 52.
651 2724 736 2757 dum
758 2723 820 2757 ina
846 2723 1188 2767 desideramus,
1211 2725 1256 2758 ab
1279 2725 1358 2760 aliis
1381 2724 1639 2759 avertimur

154 2769 211 2811 10,
233 2769 269 2812 6,
288 2773 326 2805 7.
348 2770 468 2805 omnia
490 2769 564 2804 suis
588 2769 904 2805 exercitationibus
926 2769 1054 2805 similia
1081 2771 1285 2807 desiderant
1312 2775 1380 2815 12,
1404 2771 1450 2814 6,
1485 2771 1518 2806 5.
1565 2770 1643 2805 Nisi
1668 2798 1671 2800 .
