1728 3002
87 150 172 190 596
626 145 789 188 Omitto
819 167 876 177 -
906 137 1095 188 omnini>

132 272 180 296 ex
204 261 470 306 responsis,
504 260 745 304 oraculis,
789 258 1032 295 ominibus
1060 262 1095 305 5,
1118 263 1154 306 7,
1177 262 1235 298 35.
1279 259 1432 296 funestis
1453 260 1632 297 ominibus

130 307 195 352 (a.
215 312 238 342 l.
263 307 451 349 omnibus)
475 306 634 341 omnium
662 309 747 342 cte.
778 306 815 351 4,
837 309 873 350 2,
904 309 983 342 121.

86 362 268 405 Omitto.
317 373 356 419 α)
382 377 554 409 Verbum:
589 375 682 408 Num
706 374 791 419 quid
821 374 950 411 omisi?
992 372 1106 418 (fig.)
1137 375 1175 419 9,
1199 375 1235 418 2,
1263 375 1320 409 60.
1367 380 1408 409 ut
1431 374 1501 410 alin
1521 376 1630 411 omit-

135 427 208 455 tam
231 423 280 466 (S
291 435 322 463 p.
349 421 511 463 mittam)
536 425 571 463 1,
595 421 632 463 4,
654 420 679 456 4
702 425 746 456 Ζ.
796 421 865 456 nisi
890 423 979 456 haec
1001 421 1143 455 minora
1175 420 1294 455 sciens
1329 420 1508 456 omisisset
1537 425 1572 466 3,
1596 427 1630 466 1,

133 469 192 502 20.
238 473 319 511 post
352 467 655 511 declamationes,
699 467 783 512 quid
813 467 964 513 quisque
998 466 1207 510 omisisset,·
1226 468 1422 502 tractabant
1454 470 1489 511 2,
1520 469 1556 511 6,
1593 472 1628 503 2.

133 512 231 558 quod
256 526 276 547 a
300 513 433 546 Latinis
463 513 633 547 omissum
656 520 711 548 est
734 518 768 557 2,
795 516 829 557 1,
867 517 908 549 13
938 526 972 550 υ.
1013 514 1231 548 Obtineo.
1288 524 1406 558 neque
1439 512 1629 558 quidquam

135 558 298 593 omisisse
326 559 479 593 dicendo
507 562 563 602 11,
589 563 620 604 t,
645 558 686 602 4;
725 559 912 604 [omittere
945 571 1047 594 casus
1075 562 1128 602 10,
1154 562 1189 602 7,
1222 561 1245 594 3
1270 571 1303 594 v.
1333 558 1629 604 Impuratus.]

136 617 217 640 cum
245 606 336 639 haec
359 605 582 639 chironomia
614 625 647 630 -
679 618 699 640 a
724 606 925 651 Chrysippo
950 606 987 640 in
1014 605 1227 650 praeceptis,
1250 606 1295 639 de
1321 605 1515 640 liberorum
1542 607 1632 640 edu-

135 651 277 686 catione
301 652 530 696 compositis,
554 663 627 686 non
657 653 787 686 omissa
811 653 900 696 (sit)
925 655 958 696 1,
984 656 1040 695 11,
1072 655 1128 687 17.
1174 662 1247 696 quo
1272 651 1411 686 facilius
1437 658 1475 686 et
1500 653 1633 686 omit-

135 697 258 731 titur
281 698 464 744 cogitatio,
489 704 526 732 et
549 699 851 733 transfertur
874 702 932 741 12,
958 699 993 741 9,
1017 701 1075 732 20.
1121 697 1285 732 omittere
1315 703 1427 732 totum
1450 697 1631 732 actionum

134 744 296 778 laborem
322 747 379 787 11,
403 747 438 786 2,
461 744 519 780 49.
568 744 732 778 omisisse
756 745 968 787 maledicta,
1000 750 1167 789 tanquam
1199 755 1422 788 supervacua
1444 747 1479 787 7,
1509 747 1544 788 2,
1572 743 1629 779 34.

136 800 288 834 «piorum
316 789 544 833 memoriam,
578 790 608 824 si
633 801 705 835 quo
729 792 811 825 loco
836 802 894 825 res
916 797 1063 835 poscet,
1090 801 1162 824 non
1188 789 1347 824 omittam
1369 792 1406 834 3,
1447 793 1481 833 1,
1508 791 1562 825 19.
1595 795 1632 824 et

136 837 301 870 rhetores
324 848 407 871 suas
430 842 550 881 partes
574 836 858 880 omiserunt,
893 843 929 871 et
955 836 1174 884 grammatici
1207 835 1341 870 alienas
1365 846 1483 870 occu
1525 847 1631 870 ave-

135 888 246 916 runt
269 886 304 919 2.
331 886 364 926 1,
394 885 426 916 t.
452 895 485 917 v.
514 883 711 928 Occupo.
740 894 815 917 non
837 888 875 916 ut
901 884 1150 917 damnasse
1174 893 1234 916 eas
1259 882 1480 927 (quaestiones
1527 881 1631 917 vide-

136 940 258 972 amur,
293 930 358 963 sed
392 928 636 972 omisisse,
668 929 752 974 quia
784 929 961 973 possimus
986 929 1093 963 etiam
1116 927 1193 962 sine
1218 927 1271 962 eis
1295 929 1442 962 vincere
1464 930 1500 971 7,
1520 931 1552 971 1,
1572 931 1629 964 19.

136 985 281 1009 omnem
306 974 467 1009 veritatis
492 975 725 1019 inquirendae
749 975 924 1009 rationem
953 975 1064 1018 judex
1088 973 1218 1008 omittit
1243 972 1295 1017 (a.
1321 978 1344 1008 l.
1369 974 1500 1016 amitt.)
1523 984 1632 1009 occu-

137 1026 239 1065 patus
266 1021 449 1055 affectibus
475 1022 510 1064 6,
539 1024 573 1065 2,
598 1022 620 1056 6
641 1023 687 1055 Ν.
715 1035 780 1064 οι-.,·
813 1033 858 1055 ne
887 1020 974 1066 quid
997 1020 1145 1054 studiosi
1173 1019 1437 1065 requirant,
1469 1019 1578 1054 etiam
1601 1019 1632 1054 si

137 1066 222 1111 quid
247 1066 332 1109 erit,
367 1069 464 1111 quod
487 1068 531 1101 ad
558 1068 699 1101 scholas
726 1067 902 1111 pertineat
925 1066 1081 1111 proprie,
1116 1066 1154 1100 in
1177 1066 1326 1100 transitu
1350 1076 1422 1100 non
1446 1065 1634 1101 omitte-

137 1123 235 1147 mus
258 1117 293 1154 2,
324 1115 378 1155 10,
405 1114 458 1147 15.
508 1119 543 1148 et
567 1114 654 1147 illud
680 1112 850 1158 freq‘uens
875 1120 940 1156 est,
966 1120 1005 1147 ιιι
1028 1125 1083 1154 ea,
1109 1113 1238 1157 quibus
1261 1111 1378 1146 iuinus
1404 1112 1630 1156 confidimns,

137 1170 220 1192 cum
242 1164 389 1192 tractata
418 1165 519 1203 sunt,
548 1160 834 1202 o1nittamus3
864 1159 1005 1193 interim
1033 1165 1161 1202 sponte
1190 1163 1311 1192 nostra
1338 1159 1438 1193 velut
1461 1159 1632 1203 donan-

139 1210 232 1247 tes,
262 1204 405 1238 interim
434 1205 477 1238 ad
501 1216 562 1247 ea,
588 1217 680 1249 quae
704 1211 786 1240 sunt
809 1205 1022 1250 potentiora,
1046 1206 1191 1251 gradum
1218 1216 1268 1238 ex
1291 1204 1346 1238 his
1374 1204 1502 1238 fecisse
1525 1215 1633 1238 con-

140 1248 259 1284 tenti
283 1251 317 1292 3,
341 1251 376 1292 6,
398 1251 434 1284 8.
483 1251 684 1285 omittamus
707 1251 872 1294 interim,
915 1253 1010 1296 quod
1044 1250 1230 1284 didicimus
1269 1253 1300 1290 1,
1337 1253 1392 1292 12,
1427 1251 1467 1292 63
1515 1251 1634 1295 pudor

138 1295 349 1338 omittendi,
375 1306 466 1339 quae
489 1296 721 1340 promiseram
747 1300 802 1339 12,
827 1299 885 1330 Pr.
912 1300 944 1331 1.
990 1295 1035 1341 β)
1062 1299 1185 1329 Par-tic.
1215 1297 1251 1337 a)
1283 1299 1356 1329 Fui.
1382 1299 1504 1332 Passa
1545 1296 1632 1330 nihil

139 1352 265 1376 eornm
288 1340 487 1375 omittendo
509 1342 544 1384 6,
571 1344 606 1384 2,
631 1344 688 1376 25.
736 1342 796 1375 illa
830 1353 944 1385 paene
975 1341 1199 1383 communia,
1237 1352 1312 1375 non
1345 1347 1463 1375 tamen
1499 1342 1630 1375 omit-

137 1393 182 1422 te
198 1388 307 1430 nda,
332 1387 395 1422 vel
416 1387 520 1430 ideo,
545 1398 592 1421 ne
616 1392 911 1432 occupentur
936 1385 972 1428 4,
1001 1390 1034 1429 1,
1061 1389 1117 1421 33.
1144 1398 1210 1420 nec
1234 1386 1294 1420 illa
1317 1388 1512 1421 omittenda
1534 1394 1632 1430 sunt,

138 1450 186 1459 —
210 1432 248 1466 in
268 1444 312 1467 ea
338 1432 411 1477 (re)
436 1443 536 1467 esse
560 1438 673 1468 artem
696 1436 731 1472 2,
756 1436 812 1475 17,
834 1432 892 1466 42.
916 1431 999 1476 quia
1023 1431 1068 1466 sit
1090 1443 1245 1476 unquam
1269 1431 1463 1466 omittenda
1487 1432 1630 1467 dicendi

138 1477 351 1515 exercitatio
377 1481 431 1520 12,
458 1481 512 1522 11,
539 1480 593 1514 16.
642 1490 688 1513 ne
712 1478 771 1512 hic
796 1478 941 1523 quidem
957 1479 1059 1511 locus
1089 1476 1301 1511 intactus
1329 1484 1384 1512 est
1405 1477 1630 1513 omitten-

140 1526 223 1559 dus
247 1528 305 1568 12,
335 1527 391 1567 10,
413 1523 470 1560 49.
503 1525 644 1570 'Neque
670 1535 817 1570 prorsus
840 1523 1036 1558 omittenda
1066 1535 1148 1568 pars
1170 1524 1261 1558 haec
1295 1523 1468 1558 orationis
1506 1526 1549 1560 ib.
1580 1527 1628 1560 38

139 1583 175 1606 v.
199 1572 358 1618 Exigo.
383 1570 446 1611 ubi
475 1571 797 1605 assumendum
826 1570 1068 1615 prooemium,
1091 1569 1151 1603 ubi
1181 1569 1489 1604 omittendum
1508 1573 1542 1614 7,
1570 1574 1629 1615 10,

138 1620 198 1652 11.
220 1628 295 1652 non
318 1616 551 1651 omittendum
574 1617 718 1652 videtur
737 1617 775 1651 id
797 1627 960 1661 quoque,
993 1621 1040 1649 ut
1076 1626 1239 1649 moneam
1278 1623 1339 1649 etc.
1375 1619 1411 1659 2,
1444 1617 1478 1660 5,
1510 1619 1543 1651 1.
1588 1617 1629 1658 b)

139 1667 255 1699 Praet.
277 1667 396 1697 Passa
425 1662 596 1698 omissa
621 1664 804 1707 supplere,
833 1663 992 1696 effusa
1015 1661 1258 1707 substringere
1294 1664 1350 1704 10,
1375 1663 1409 1705 5,
1436 1662 1469 1695 4.
1496 1661 1628 1696 omissa

139 1721 261 1744 rerum
296 1708 482 1756 diligentia
509 1710 544 1751 8,
579 1710 635 1743 Pr.
677 1710 730 1744 18.
770 1708 903 1743 omisso
934 1707 1152 1752 speciosiore
1171 1707 1241 1741 stili
1273 1718 1405 1752 genere
1435 1711 1471 1750 7,
1502 1710 1536 1750 t,
1562 1707 1628 1742 54.

139 1757 207 1790 hac
229 1761 331 1800 parte
358 1754 489 1790 omissa
511 1758 547 1798 2,
573 1758 608 1798 2,
635 1756 690 1790 15.
739 1756 864 1799 Neque
889 1754 984 1788 enim
1011 1753 1161 1787 transire
1186 1754 1230 1787 ad
1252 1754 1338 1787 alias
1368 1754 1628 1799 (quaestiones)

137 1812 347 1846 possumus,
385 1801 452 1835 nisi
476 1800 617 1835 omissis
640 1800 817 1845 prioribus
839 1803 875 1843 7,
902 1804 934 1844 1,
962 1801 1017 1835 18.
1046 1811 1104 1833 res
1131 1799 1271 1832 modica
1290 1799 1398 1841 dictu,
1422 1810 1492 1844 qua
1507 1804 1629 1834 tamen

137 1847 272 1882 omissa
295 1855 356 1882 etc.
384 1851 418 1891 1,
444 1850 477 1890 1,
501 1850 560 1883 37.
606 1848 740 1882 omisso
763 1858 891 1894 magna
915 1858 1056 1890 semper
1085 1846 1191 1880 flandi
1216 1851 1356 1879 tumore
1388 1845 1426 1879 in
1463 1845 1627 1890 quibusd.

139 1894 255 1929 causis
284 1895 501 1938 loquendum
525 1898 580 1928 est
608 1897 665 1936 12,
700 1894 735 1938 6,
771 1895 806 1930 5.
854 1892 1016 1935 omissis,
1048 1903 1140 1937 quae
1171 1891 1262 1925 nihil
1295 1892 1340 1926 ad
1371 1891 1628 1926 instituendum

137 1946 319 1975 oratorem
342 1940 522 1985 pertinent
543 1941 579 1983 8,
605 1940 640 1982 6,
667 1942 702 1978 2.

93 1997 296 2040 Omnino·
353 2008 391 2043 al
414 2018 449 2042 o.
476 2006 716 2041 damnantium
745 2004 937 2040 sententias
969 2006 1014 2049 8,
1040 2007 1082 2048 5,
1113 2006 1170 2040 25.
1218 2004 1254 2038 in
1285 2015 1379 2039 voce
1403 2009 1480 2038 aut
1510 2014 1625 2040 omn.

137 2066 327 2100 suppressa
352 2059 429 2089 aut
452 2054 592 2088 etiam
618 2053 755 2087 abscisa
783 2055 818 2094 ὅ,
846 2054 880 2094 3,
904 2053 961 2086 85.
989 2051 1032 2093 cs.
1060 2055 1113 2094 11,
1139 2054 1172 2093 3,
1197 2053 1253 2086 79.
1277 2051 1311 2085 si
1348 2050 1438 2095 parti
1465 2050 1625 2085 utrilibet

135 2113 202 2136 om
213 2113 245 2134 n.
271 2102 417 2135 alteram
442 2101 606 2134 detrahas
630 2103 664 2143 2,
693 2102 748 2141 19,
776 2101 810 2132 2.
836 2097 1006 2142 [pulchra
1031 2098 1190 2132 oratione
1217 2102 1293 2130 ncta
1316 2107 1351 2131 ο.
1369 2098 1502 2140 jactare
1527 2101 1561 2139 9,
1587 2095 1625 2140 4,
1662 2136 1665 2141 Γ

133 2146 216 2191 36.]
245 2148 341 2192 quod
367 2146 407 2181 si
432 2157 542 2180 omn.
569 2145 811 2190 recipiendum
836 2149 890 2178 est
918 2147 973 2186 11,
998 2146 1034 2187 3,
1059 2146 1115 2179 59.
1146 2142 1310 2177 omittere
1334 2153 1448 2177 omn.
1476 2148 1620 2177 totum

134 2194 316 2228 actionum
340 2194 498 2227 laborem
526 2195 580 2235 11,
606 2195 640 2235 2,
665 2191 723 2227 49.
769 2186 1042 2235 proponendum
1075 2189 1299 2234 quidquid
1331 2199 1441 2223 omn.
1471 2187 1623 2235 excogi-

136 2239 202 2273 tari
226 2245 350 2273 contra
374 2244 492 2283 potest
519 2242 573 2281 12,
599 2240 634 2280 8,
663 2240 716 2272 10.
766 2236 883 2283 Quid
910 2247 1002 2271 vero
1025 2236 1096 2282 agit
1119 2247 1233 2272 omn.
1263 2234 1478 2279 eloquentia,
1503 2236 1616 2269 detra·

136 2285 202 2318 ctis
227 2284 462 2329 amplificandi
497 2283 751 2328 minuendique
784 2282 1009 2316 rationibus?
1049 2286 1083 2324 9,
1116 2285 1150 2325 2,
1186 2283 1219 2315 3.
1269 2287 1312 2315 et
1344 2292 1455 2315 omn.
1490 2283 1551 2324 10,
1583 2283 1619 2324 1,

134 2331 191 2366 53.
220 2343 255 2364 v.
284 2331 348 2365 Et.
393 2334 435 2374 β)
461 2344 490 2364 c.
517 2332 661 2372 Negat.-
698 2327 767 2364 soli
793 2328 951 2362 dicamus
985 2328 1259 2372 potius,·q11an1
1294 2338 1407 2361 omn.
1431 2337 1527 2360 non
1562 2325 1619 2360 di-

135 2387 257 2410 camus
284 2379 339 2419 10,
367 2379 400 2414 7.
424 2375 480 2410 24.
504 2375 547 2417 cs.
571 2379 605 2418 7,
635 2377 691 2418 10,
716 2378 772 2409 12.
821 2375 946 2418 quaed.
975 2384 1087 2407 omn.
1119 2384 1207 2407 non
1242 2379 1323 2407 sunt
1353 2373 1486 2419 figurae
1514 2373 1550 2415 9,
1580 2374 1617 2416 3,

132 2422 191 2456 91.
237 2432 350 2465 paene
374 2432 446 2456 non
469 2422 622 2456 humana
647 2431 760 2463 voce,
784 2422 846 2455 vel
882 2431 993 2454 omn.
1039 2430 1127 2454 non
1159 2430 1253 2453 voce
1285 2418 1425 2463 potius,
1464 2418 1619 2453 efflanda

134 2470 192 2509 12,
218 2469 274 2510 10,
301 2469 358 2502 29.
404 2469 512 2502 rebus
540 2478 650 2502 omn.
675 2467 866 2500 nondum
892 2465 1042 2509 repertis
1065 2467 1100 2508 6,
1125 2467 1158 2507 5,
1184 2467 1230 2506 3;
1264 2475 1353 2499 non
1378 2464 1460 2509 quia
1488 2464 1618 2498 exclu-

131 2513 248 2546 denda
273 2512 343 2546 sint
367 2523 479 2547 omn.
509 2515 620 2547 verba
642 2513 676 2555 6,
702 2515 737 2555 3,
764 2511 821 2546 48.
867 2523 972 2556 quem
997 2521 1085 2545 non
1110 2511 1272 2555 equidem
1316 2521 1432 2544 omn.
1464 2510 1620 2544 conabar

131 2563 302 2592 excutere
338 2560 390 2599 10,
419 2561 448 2599 1,
479 2560 557 2592 126.
606 2559 733 2603 quibus
759 2569 813 2591 no
829 2569 853 2590 n
879 2558 1043 2592 videatur
1069 2556 1128 2590 hic
1153 2568 1265 2591 omn.
1291 2562 1412 2599 tropus
1437 2557 1471 2599 8,
1497 2557 1531 2598 6,
1555 2554 1613 2591 43.

130 2609 192 2638 aut
215 2613 306 2638 non
329 2609 411 2636 sunt
434 2614 503 2637 om
515 2616 565 2647 n.,
607 2615 699 2648 quae
740 2602 1044 2648 promittebantur,
1068 2609 1125 2636 aut
1163 2605 1306 2637 minus
1341 2601 1525 2637 continent
1557 2604 1613 2642 12,

129 2651 165 2692 8,
193 2651 259 2690 12;
294 2648 456 2692 quibusd.
481 2661 533 2681 ne
558 2650 688 2693 placuit
724 2649 907 2694 quidem
942 2659 1052 2683 omn.
1090 2651 1123 2691 7,
1156 2651 1190 2692 3,
1229 2648 1283 2683 14.
1331 2647 1426 2683 Huic
1453 2645 1614 2692 opinioni

129 2706 246 2738 nequ
262 2706 281 2725 e
308 2705 418 2728 omn.
445 2696 595 2732 accedo,
625 2706 738 2738 neque
763 2697 902 2738 plane
926 2694 1096 2728 dissentio
1122 2698 1153 2735 t,
1179 2695 1214 2740 5,
1240 2697 1297 2730 37.
1322 2704 1474 2739 neque
1499 2702 1559 2726 om
1573 2702 1609 2724 n·

127 2741 232 2785 hujus
253 2739 308 2775 rei
331 2750 478 2784 usquam
501 2741 661 2776 meminit
685 2744 742 2786 11,
765 2743 802 2785 2,
826 2742 882 2778 16.
906 2740 954 2783 cs.
979 2745 1035 2785 12,
1060 2743 1117 2784 10,
1140 2742 1196 2776 52.
