1728 3002
596 187 798 233 Amollor
826 211 882 218 —-
910 182 1202 242 Ampliflcatio
1608 172 1668 227 '59

171 305 321 353 plana
358 309 397 340 ot
440 313 646 340 amoena
678 271 874 338 <lucendusx
896 302 959 343 12,
983 299 1026 343 9,
1053 301 1098 342 23
1143 295 1283 332 medius
1319 297 1448 334 modu·
1483 296 1667 344 (dicendi)

170 351 435 401 egressionibus
458 361 630 386 amoenus
655 349 714 395 (a.
753 354 775 383 1.
802 346 987 392 amoenis)
1013 346 1154 390 12,-10,
1177 345 1225 380 60
1247 344 1294 379 Ν.
1321 357 1369 380 σν.

129 407 339 452 ΑΠΙΟῙῖΟΓ·
383 419 591 458 amoliamur
613 424 753 461 cetera,
780 422 819 450 ut
843 417 914 451 hoc
937 415 1054 450 solum
1079 411 1233 466 supersit
1257 413 1294 455 9,
1319 415 1355 456 2,
1377 414 1436 448 71.
1475 413 1566 467 haec
1589 423 1666 448 non

173 477 365 503 movere
393 472 550 510 tantum,
579 476 706 500 verum
738 474 786 497 ex
803 463 955 516 ‘diverso
987 461 1165 495 amoliri
1196 469 1339 503 quoque
1363 469 1550 503 prooemio
1570 470 1666 514 opus

178 519 232 548 est
261 512 303 558 4,
328 515 369 556 1,
390 514 452 566 029.
502 511 532 546 si
562 511 681 546 omnia
707 510 846 544 amolm
867 519 950 561 ‘non
977 513 1161 560 poteram,
1197 511 1317 584 111331)οὲ
1343 506 1446 546 plura
1472 505 1669 541 amohebar

176 557 295 652 {quea-
259 562 289 613 ι’
313 557 511 650 ῧιιιιέὶιῖἰῗῖ9
523 560 630 648 ρῖἰῖιέ
642 558 846 637 ἶιπῗὲἰίριιῖῑῗι
866 559 1302 652 ,ἔιῑῗῗιὲἓὲἓηιῗέῗοειιῖιῗῑ
1313 552 1585 650 84,812υ,ι2ξ’13’.’
1597 553 1669 642 «εἳ-3]

180 650 285 686 simul
300 650 406 686 nobis
425 652 527 696 plura
544 648 853 698 aggredienda
876 646 960 689 sint,
985 657 1031 679 an
1053 645 1192 692 singula
1215 644 1471 678 amolienda
1487 644 1521 688 5,
1541 645 1597 688 13,
1613 647 1669 679 11.

136 705 288 749 Amor·
349 718 398 763 a)
432 729 551 752 amor
585 714 763 758 πάθος,
802 714 979 749 caritas
1015 706 1111 748 ἷθοο
1144 713 1187 754 6,
1219 715 1262 754 2,
1288 714 1344 746 12.
1408 712 1440 748 Ο
1473 723 1674 748 amorem

144 783 146 786 ·
180 765 331 800 mirum!
360 775 383 800 o
406 762 773 799 benevolentiam
800 759 1038 806 singularem!
1077 761 1161 794 Cic.
1176 758 1330 801 9,2,51.
1361 769 1444 792 eum
1468 768 1675 801 amorem,

181 816 218 846 et
238 822 321 846 eum
350 810 412 855 (ut
435 812 506 845 hoc
528 809 643 844 verbo
667 808 768 850 utar)
796 808 1007 840 favorem
1037 805 1077 839 in
1100 803 1290 839 consilium
1313 805 1500 840 advocabo
1529 808 1611 840 Cic.
1637 806 1675 849 8,

181 859 218 900 3,
241 855 289 892 34
315 858 360 891 Ν.
404 869 449 890 an
473 867 595 890 amor
627 853 837 888 insania?
871 855 906 895 7,
930 853 965 894 3,
989 852 1045 886 28.
1086 861 1151 895 pro
1176 861 1295 884 amore
1320 849 1471 885 dicimus
1495 850 1533 894 2,
1555 850 1592 895 4,
1615 853 1674 886 23.

181 908 223 936 ut
247 913 324 937 non
347 907 554 937 remaneant
581 900 710 934 amoris
734 898 886 945 vestigia
915 901 979 940 11,
1004 901 1046 940 1,
1069 897 1126 931 59.
1171 895 1241 930 nisi
1264 896 1429 931 omnibus
1450 896 1575 932 verbis
1597 909 1674 932 am.

184 949 336 993 patrium
362 954 466 992 atque
493 949 588 981 hunc
615 946 759 990 quidem
784 943 1070 978 ardentissim1m1
1098 941 1296 976 ostenderit
1317 941 1359 985 4,
1383 945 1428 986 2,
1455 944 1514 979 96.
1554 955 1677 980 amore

185 994 398 1042 refrigerato
422 995 485 1038 Ep.
511 993 557 1027 ad
575 993 714 1036 Tryph.
730 994 766 1025 2.
812 989 975 1025 Alcaeus
990 1007 1038 1015 ·—
1058 988 1098 1022 in
1121 998 1262 1022 amores
1285 988 1471 1023 descendit
1496 991 1554 1033 10,
1568 993 1603 1035 1,
1616 990 1676 1026 63.

180 1039 231 1086 β)
259 1053 287 1075 ο.
313 1041 419 1075 Genii.
449 1039 486 1084 a)
511 1039 618 1083 subj..·
644 1035 924 1072 adolescentium
947 1034 1137 1077 amoress,
1157 1035 1194 1077 2,
1215 1034 1271 1069 15.
1311 1044 1536 1070 consensu
1558 1035 1679 1081 potius

116 1102 119 1105 >
160 1103 163 1105 -
187 1085 419 1127 eruditorum,
448 1097 553 1130 quam
571 1094 765 1128 puerorum
792 1092 947 1117 amore
972 1080 1265 1124 comprobaretur
1284 1082 1341 1124 10,
1359 1082 1393 1124 1,
1410 1083 1488 1116 130.
1516 1081 1566 1128 ¹b)
1587 1082 1678 1127 obi..-

186 1130 249 1166 ine
266 1132 334 1176 iam
351 1142 465 1176 paene
479 1130 614 1165 medius
631 1130 777 1163 affectus
791 1133 910 1162 estex
938 1126 1119 1160 amorib.
1146 1132 1182 1160 et
1207 1126 1459 1162 desideriis
1483 1127 1680 1163 amicorum

188 1182 225 1213 et
238 1177 520 1215 necessariorum
535 1178 571 1218 6,
582 1179 616 1219 2,
630 1179 685 1210 17.
714 1173 856 1209 infamis
873 1184 993 1207 amore
1009 1172 1103 1206 filiae
1120 1171 1271 1218 virginis
1289 1178 1389 1216 pater
1398 1174 1434 1216 9,
1447 1176 1483 1217 2,
1494 1176 1552 1209 70.
1578 1184 1681 1210 amo-

186 1234 263 1258 rem
278 1223 388 1268 patris
407 1223 459 1257 sic
478 1223 667 1257 confitetur
683 1223 725 1255 ib.
742 1219 800 1255 64.
835 1229 1028 1273 puerorum
1042 1218 1160 1252 foedis
1175 1218 1356 1253 amoribus
1376 1221 1431 1262 10,
1447 1223 1480 1263 1,
1493 1222 1572 1255 100.
1602 1220 1682 1256 sive

188 1280 310 1304 more
333 1269 525 1306 immodico
549 1267 731 1313 praecipui
754 1267 793 1300 in
817 1265 1021 1309 eloquentia
1044 1264 1117 1299 viri
1135 1265 1238 1298 labor
1265 1264 1311 1304 (a.
1333 1269 1354 1300 l.
1380 1266 1520 1306 laboro)
1542 1267 1579 1309 6,
1594 1268 1630 1310 3,
1647 1269 1681 1301 3.

189 1315 259 1349 nisi
275 1316 378 1350 labor
395 1315 470 1360 ejus
487 1314 688 1356 amore-(sic
709 1320 790 1357 opit.
813 1314 931 1354 Codzl„
956 1315 1055 1353 vulgo
1075 1313 1117 1343 de
1138 1311 1223 1355 conj.
1241 1312 1285 1344 ad
1306 1313 1480 1346 notandos
1497 1312 1693 1347 hominum*

191 1364 328 1403 mres)
347 1361 557 1406 praecipuus
573 1359 729 1404 (Horat.)
751 1361 808 1396 10.
824 1361 857 1401 1,
876 1357 923 1393 94
945 1358 992 1392 Ν.
1017 1370 1063 1390 cr.
1088 1361 1125 1392 et
1144 1358 1205 1399 S.,·
1244 1369 1325 1398 erga
1343 1371 1413 1392 res.-
1435 1358 1685 1406 grammatices

187 1417 288 1442 mor
311 1410 346 1451 1,
368 1409 404 1450 8,
429 1410 484 1441 12.
527 1417 629 1440 amor
660 1405 775 1439 laudis
797 1407 854 1447 12,
881 1406 914 1446 1,
939 1405 974 1438 8.
1011 1402 1146 1437 eximio
1167 1402 1354 1437 literarum
1379 1415 1446 1439 am.
1475 1404 1686 1452 flagrantem

174 1451 249 1488 'PL
274 1454 310 1488 6.
338 1453 443 1488 nobis
468 1452 586 1497 operis
611 1462 711 1486 amor
735 1456 789 1485 est
814 1453 847 1493 1,
875 1452 932 1492 12,
964 1449 1018 1483 16.
1059 1460 1125 1482 am·
1155 1450 1261 1493 quod.
1292 1449 1455 1494 (ductus)
1483 1451 1603 1495 operis
1628 1454 1685 1494 12,

191 1501 249 1542 11,
272 1499 304 1535 5.
344 1510 466 1533 amore
493 1497 694 1533 subtilitatis
718 1500 782 1541 10,
806 1499 850 1540 2,
875 1496 931 1530 19.
971 1495 1069 1539 quod
1091 1500 1191 1529 recte
1217 1494 1290 1529 dici
1315 1501 1436 1540 potest
1457 1496 1684 1531 circumimus

190 1555 313 1579 amore
346 1545 540 1579 verborum
571 1546 606 1588 8,
631 1546 687 1577 Pr.
711 1542 767 1578 24.
808 1541 925 1587 qualis
952 1539 1105 1586 (mentis)
1132 1535 1291 1576 amorem
1317 1542 1522 1588 quicunque
1548 1543 1686 1579 alienus

191 1589 313 1625 infans
336 1597 535 1626 mereretur
561 1591 597 1635 6,
621 1591 678 1624 Pr.
703 1593 738 1624 7.

146 1642 355 1688 Amoveo.
410 1658 533 1706 Elegia
563 1668 673 1700 vero,
711 1661 748 1690 et
779 1653 1077 1700 hendecasyllabi
1107 1659 1343 1689 amoveantur
1365 1657 1406 1698 Ι1,
1430 1656 1466 1699 8,
1489 1654 1540 1690 6.·
1570 1661 1687 1692 metus

132 1724 134 1726 v
193 1702 299 1738 etiam
317 1715 572 1749 nonnunquam
597 1710 651 1749 est
677 1703 899 1737 amovendus
921 1700 958 1743 4,
981 1704 1015 1743 1,
1039 1703 1096 1736 20.
1138 1712 1230 1746 quae
1259 1698 1433 1746 (flagitia)
1464 1702 1564 1746 prius
1591 1714 1688 1738 amo-

193 1751 313 1783 venda
337 1750 430 1794 (Sp.
455 1748 676 1792 amolienda)
703 1754 785 1783 sunt
807 1747 843 1791 4,
867 1751 902 1791 2,
925 1750 970 1782 27
994 1751 1036 1781 Z.

150 1790 440 1849 Amphlbolifl·
485 1806 722 1852 amphiboliae
757 1806 812 1850 (a.
841 1810 862 1839 1.
894 1802 1202 1850 amphibologiae)
1239 1804 1379 1848 species
1411 1810 1495 1838 sunt
1523 1803 1690 1840 innume-

196 1851 326 1886 rabiles
348 1856 394 1896 7,
416 1854 460 1894 9,
483 1856 516 1887 1.
565 1865 633 1887 nec
655 1853 787 1895 refert,
825 1853 1005 1895 quomodo
1030 1850 1075 1883 sit
1097 1851 1194 1883 facta
1218 1852 1354 1895 amphs,
1390 1856 1450 1884 aut
1481 1861 1553 1895 quo
1573 1853 1691 1886 renol-

201 1903 306 1931 vatur
329 1901 372 1932 ib.
399 1896 468 1932 14:
487 1900 604 1942 amph.
630 1892 710 1932 fieri
730 1898 861 1933 vitiosa
884 1897 1065 1930 locatione
1093 1896 1289 1932 verborum
1307 1898 1342 1941 9,
1356 1895 1392 1939 4,
1408 1899 1464 1931 32.
1494 1897 1691 1938 accusativi

166 1973 177 1984 ‚
200 1942 438 1987 geminatione
469 1944 564 1978 facta
595 1946 712 1987 amph.
747 1943 898 1977 solvitur
931 1942 1087 1976 ablativo
1119 1945 1161 1984 7,
1185 1943 1227 1985 9,
1255 1945 1310 1976 10.
1362 1942 1563 1986 adjectione
1594 1944 1691 1977 facta

201 1988 317 2030 amph.
341 1989 559 2023 detractione
585 1989 738 2023 solvitur
763 1991 805 2023 ib.
824 1991 880 2022 11.
908 1987 1068 2035 jungitur
1093 1987 1410 2031 amphiboliae
1437 1987 1692 2023 similitudo

202 2031 243 2073 6,
268 2034 308 2074 3,
332 2033 388 2067 62.
430 2033 523 2067 dicta
546 2034 695 2068 ridicula
720 2035 894 2067 ducantur
917 2051 962 2058 -
992 2034 1030 2066 in
1053 2032 1177 2076 primis
1201 2045 1248 2066 ex
1272 2035 1389 2077 amph.
1424 2033 1480 2075 (a.
1507 2037 1529 2067 1.
1554 2034 1694 2078 amphi-

202 2075 346 2124 bologia
370 2079 418 2112 N.
444 2078 516 2122 cr.)
544 2081 587 2112 ib.
612 2077 669 2113 47.
696 2079 928 2123 amphiboliae
953 2078 997 2112 lis
1020 2078 1059 2111 in
1089 2077 1272 2112 diversum
1293 2079 1403 2113 trahit
1423 2081 1459 2122 7,
1481 2081 1537 2122 10,
1558 2081 1593 2114 3.
1619 2082 1692 2115 a'm-

203 2122 382 2166 phiboliae
407 2123 567 2167 quaestio
590 2127 626 2167 7,
648 2126 685 2167 9,
711 2124 765 2158 15.
802 2135 835 2157 υ.
860 2123 1097 2170 Ambiguit
1108 2134 1163 2157 as.

157 2178 511 2235 Amphibraohys-
560 2191 668 2237 longa
689 2189 784 2224 inter
805 2191 936 2224 breves
959 2190 1232 2235 amphibrachys
1253 2189 1290 2234 9,
1307 2189 1344 2234 4,
1363 2191 1411 2226 82
1428 2191 1478 2227 Ν.
1501 2205 1548 2228 cr.
1583 2193 1696 2229 cludit

205 2238 559 2282 amphibrachys
590 2236 676 2280 (Sp.
702 2235 840 2280 -chus)
866 2239 908 2270 ib.
936 2238 1014 2271 105.

160 2291 474 2348 Amphimacer.
517 2304 636 2339 media
657 2304 752 2339 intra
774 2305 900 2352 longas
921 2302 1044 2339 brevis
1065 2301 1175 2338 faciet
1199 2302 1475 2349 amphimacrum
1499 2305 1534 2351 9,
1551 2305 1588 2351 4,
1612 2284 1671 2344 91.

161 2359 419 2416 Amplector.
466 2374 563 2418 quod
599 2374 859 2417 amplectamur
889 2371 1024 2414 (laiera
1049 2371 1229 2416 quadrati)
1269 2375 1308 2416 1,
1334 2376 1400 2416 10,
1424 2372 1483 2409 43.
1533 2375 1698 2420 proxima

209 2419 463 2461 amplectentur
489 2418 732 2463 (incipientes),
765 2424 806 2451 ut
828 2418 921 2453 vites
949 2417 1135 2451 arboribus
1159 2417 1347 2462 applicitae
1374 2423 1405 2462 1,
1430 2422 1465 2463 2,
1489 2421 1546 2456 26.
1578 2433 1698 2468 gram-

208 2462 336 2498 matice
358 2483 405 2490 -—
427 2475 508 2498 cum
531 2475 644 2510 prope
666 2463 822 2499 omnium
845 2462 1078 2497 maximarum
1100 2463 1229 2497 artium
1255 2465 1440 2499 scientiam
1463 2468 1629 2511 amplexa
1651 2467 1698 2502 sit

207 2510 241 2551 2,
267 2511 300 2551 1,
324 2507 358 2542 4.
398 2509 598 2554 (cogitatio)
631 2510 751 2554 paucis
778 2511 967 2543 admodum
989 2509 1090 2543 horis
1113 2520 1259 2556 magnas
1285 2510 1392 2545 etiam
1415 2522 1539 2546 causas
1562 2514 1697 2557 ample-

210 2553 316 2588 ctitur
340 2557 396 2598 10,
421 2557 456 2599 6,
481 2558 521 2598 1;
563 2555 667 2590 nimis
691 2556 855 2600 amplecti
878 2555 1022 2599 plebem
1056 2557 1140 2590 Cic.
1170 2557 1204 2598 5,
1230 2559 1286 2599 11,
1313 2560 1369 2591 12.
1397 2558 1494 2592 hunc
1521 2557 1699 2603 (Lysiam)

165 2603 172 2610 “
208 2602 466 2644 amplectuntur
489 2608 664 2636 amatores
688 2602 789 2636 istius
814 2601 968 2635 nominis
996 2601 1141 2635 modum
1168 2604 1224 2645 12,
1251 2604 1307 2645 10,
1331 2605 1374 2637 21
1399 2603 1447 2638 Ν.

165 2653 418 2711 Amplexus·
471 2670 603 2704 collum
625 2671 793 2714 amplexu
815 2669 960 2713 petebat
987 2672 1102 2704 Goez.
1128 2667 1165 2712 4,
1190 2672 1225 2712 2,
1252 2668 1322 2704 124
1350 2670 1397 2704 Ν.
1422 2683 1470 2705 cr.

163 2710 468 2772 Amplfflcatio·
496 2734 498 2736 ’
523 2726 637 2760 omnis
667 2725 802 2771 amplis.
842 2724 910 2769 (est
933 2725 1103 2768 egressio)
1133 2724 1174 2768 4,
1201 2728 1243 2768 3,
1269 2726 1324 2761 15.
1372 2737 1454 2760 cum
1476 2726 1523 2761 sit
1544 2725 1700 2763 maxima

210 2780 293 2814 pars
319 2770 451 2818 epilogi
473 2772 608 2817 amplif-
630 2773 668 2817 6,
688 2775 722 2816 1,
742 2772 797 2809 52.
835 2771 1127 2817 amplificationes
1150 2771 1338 2816 (Homeri)
1364 2775 1420 2816 10,
1442 2775 1476 2817 1,
1488 2772 1548 2810 49.
1579 2774 1700 2819 perio·
