1728 3002
730 195 853 238 Actio
1508 199 1558 237 15

73 312 114 354 in
141 322 289 358 quarum
315 304 611 347 exercitationem
627 317 775 356 reperta
799 316 855 347 est
879 313 915 353 2,
937 312 993 352 10,
1014 309 1051 344 4.
1077 310 1116 344 in
1140 308 1275 355 indicio
1300 319 1445 354 qnoque
1469 309 1560 343 nihil

73 359 223 394 interest
246 358 427 393 actionum
439 356 457 391 ι’
476 357 583 392 simul
604 357 650 392 de
677 364 758 392 utro
797 369 831 392 ie
852 356 1122 401 pronuntiatur,
1147 356 1286 391 etiamsi
1311 357 1356 390 de
1382 366 1457 390 uno
1483 358 1560 390 fer-

73 406 133 440 tur
155 407 303 448 7‚2‚20
324 405 394 447 N.;
441 417 519 456 opp.
545 416 736 440 causae.-
782 405 879 448 quod
901 414 969 437 nec
993 401 1108 437 omnis
1135 402 1265 436 actio
1289 401 1353 446 (Ζ.
1379 402 1561 446 quaestio)

62 450 226 496 patitur,
261 461 331 484 nec
362 461 477 484 omms
508 460 559 491 c,a
570 461 652 484 usa
684 450 863 485 desiderat
895 448 930 491 4,
954 452 988 491 1,
1014 448 1062 483 24
1084 447 1150 492 M]
1189 458 1281 492 quae
1312 446 1472 492 (causa)
1504 454 1560 482 est

0 524 9 539 ,
55 497 184 542 ..ipsms
208 496 350 531 actione
373 497 521 530 defensa
542 494 578 538 4,
605 492 646 532 2.
665 499 724 531 27.
757 496 795 530 in
821 495 947 540 quibus
980 494 1252 540 (quaestionibus)
1275 494 1332 530 vis
1355 500 1432 528 tum
1454 506 1560 528 cau-

0 310 53 551 2

0 540 18 591 ζ’
73 553 240 583 sarum,
262 546 344 576 tum¹
364 540 608 576 actionum
634 541 762 587 inspici
785 544 878 577 solet
899 543 936 582 8,
957 542 1016 575 Pr.
1036 543 1099 583 103
1148 551 1265 584 neque
1285 541 1412 574 eadem
1427 560 1474 566 -—
1493 539 1560 585 (in)

74 587 435 632 postulatione,
471 588 664 624 actione
699 590 737 633 (i.
760 601 789 622 e.
815 586 1059 631 accusatione)
1092 586 1252 620 similiter
1284 587 1414 620 decent
1442 589 1497 627 11,
1523 590 1560 630 3,

75 636 160 669 150.
182 633 227 675 cs.
252 635 287 675 3,
307 633 343 674 6,
369 635 428 669 73.
453 637 488 677 7,
512 633 548 675 4,
573 637 637 677 2Ο;
699 647 778 679 opp.
808 635 1203 677 disputationibus.-
1234 631 1397 679 Dialogis
1422 638 1458 666 et
1482 632 1561 666 dia-

73 678 212 714 lecticis
234 679 651 723 disputationibus
675 681 743 714 erit
766 679 914 714 similior
936 678 1316 731 (syllogismusflftuam
1332 678 1446 713 nostri
1470 689 1560 722 ope-

73 724 126 759 ris
141 724 394 760 ›actionib.
420 727 455 767 5,
480 724 536 766 14,
551 729 609 760 27.
638 726 865 770 philosophia
886 736 962 760 non
976 731 1050 758 tam
1075 731 1130 759 est
1152 730 1288 767 minute
1314 730 1384 769 atq.
1413 725 1560 759 concise
1616 750 1624 759 Ι

74 771 115 805 in
146 770 378 806 actionib.
414 773 586 805 utendum
613 783 719 825 quam
750 771 1177 815 disputationibus
1213 773 1270 813 12,
1297 773 1334 813 2,
1359 773 1423 813 113
1477 782 1559 804 cum

32 848 46 858 .,
74 817 320 870 praesentibus
342 835 389 843 —
420 817 553 861 duplici
580 829 657 853 acle
689 818 911 864 confligitur,
947 817 1191 850 actionum
1217 822 1254 850 et
1285 815 1355 850 int
1368 827 1560 863 erroga-

23 877 35 883 ·
74 868 260 897 tionum.
277 861 318 903 (ι’.
343 874 373 896 e.
397 863 762 907 altercationum)
790 867 824 903 5:
846 867 882 906 7,
904 865 938 898 3.
964 862 1136 908 quidquid
1157 862 1197 895 in
1219 862 1360 895 actione
1387 869 1561 906 perpetua

73 907 162 942 utile
186 914 260 952 est,
298 908 395 941 idem
426 908 465 941 in
491 910 560 942 hac
585 910 691 944 brevi
725 916 831 954 atque
865 908 1009 943 concisa
1035 907 1084 952 (ι’.
1110 921 1139 941 e.
1166 906 1351 951 altere.)
1386 908 1499 951 prosit
1522 909 1561 951 6,

73 952 112 997 4,
134 957 159 987 2
181 955 230 987 Ν.
263 958 304 986 ut
326 955 500 997 quaedam
520 952 557 987 in
588 955 781 989 actione
812 953 1029 990 dissimututa
1055 953 1243 988 subito‘in
1274 954 1559 988 altercando

40 1000 42 1002 ’
74 997 306 1043 proferantur
327 1001 371 1043 it».
400 998 456 1032 14.
494 1000 635 1043 judiciis
667 1001 815 1045 privatis
843 1001 933 1034 alios
968 1002 1012 1034 ad
1048 1000 1267 1041 actiones
1300 999 1429 1034 vocari
1458 1000 1502 1044 (ἰ.
1531 1013 1560 1035 e.

75 1052 353 1088 perpetuas,
385 1057 418 1078 a.
442 1050 467 1078 1.
493 1046 742 1080 altercationes
775 1044 990 1089 advocari),
1026 1046 1116 1080 alios
1148 1045 1193 1079 ad
1227 1045 1559 1088 probationem

75 1092 121 1125 ib.
144 1092 179 1124 7.
203 1089 266 1134 ιβ)
289 1089 398 1124 Actio
424 1091 617 1135 Hyperidis
640 1095 676 1134 2,
702 1093 757 1132 15,
781 1094 815 1128 9.
842 1112 891 1118 ——
913 1091 1086 1126 Pollionis
1112 1096 1148 1125 et
1171 1090 1304 1132 Cassii,
1330 1101 1395 1125 reo
1420 1091 1560 1135 Aspre-

74 1140 158 1182 nate
180 1137 238 1177 10,
260 1137 293 1178 1,
317 1138 376 1170 22.
411 1137 571 1171 actiones
592 1138 847 1173 Demosthenis
872 1143 976 1182 atque
1003 1137 1194 1172 Aeschinis
1225 1137 1321 1171 inter
1351 1148 1390 1172 se
1413 1144 1559 1171 contra-

72 1179 145 1217 rial*
178 1183 242 1223 itt-3
307 1180 467 1215 actiones
499 1182 635 1226 primae
661 1201 707 1208 —
734 1185 912 1218 secundae
934 1182 980 1227 4,
1005 1186 1048 1227 1,
1074 1183 1098 1217 4
1123 1184 1170 1217 Ν.
1207 1182 1253 1224 cs.
1280 1184 1314 1222 5.
1340 1185 1396 1224 10,
1421 1186 1488 1218 113
1511 1185 1562 1217 N.

59 1227 135 1268 ‘12,
155 1227 195 1269 9,
211 1224 276 1261 16.
313 1228 540 1271 praeparabit
566 1228 706 1263 actione
736 1231 851 1274 prima
882 1230 1040 1274 judicum
1069 1229 1207 1263 animos
1232 1232 1267 1271 7,
1296 1231 1330 1271 2,
1357 1228 1414 1263 34.
1452 1240 1496 1263 ea
1520 1229 1560 1263 in

71 1271 185 1318 prima
208 1272 311 1316 parte
341 1273 494 1307 actionis
521 1275 577 1316 (de
602 1278 750 1309 oratione
776 1279 902 1320 scriptu
925 1275 970 1317 cf.
997 1275 1031 1319 §.
1057 1274 1134 1318 22.)
1161 1275 1264 1315 dicit,
1301 1286 1392 1319 quae
1416 1282 1499 1309 sunt
1522 1277 1560 1308 in

73 1324 208 1354 summa
232 1319 420 1362 profutura
448 1322 504 1362 10,
527 1323 561 1363 1,
581 1323 624 1354 21
653 1322 704 1355 Ν.
731 1322 836 1355 etiam
861 1322 900 1355 in
921 1321 999 1355 aliis
1023 1322 1182 1365 partibus
1211 1321 1361 1355 actionis
1387 1321 1423 1364 6,
1453 1324 1487 1365 1,
1511 1323 1559 1363 83

71 1361 181 1416 ᾼοῐίο
205 1364 289 1407 pro‘
313 1364 448 1398 rustico
477 1373 602 1400 contra
629 1367 798 1401 disertum
823 1371 858 1410 7,
886 1371 919 1410 1,
935 1367 980 1402 43
1009 1369 1056 1401 Ν.
1080 1387 1127 1393 -—
1153 1377 1239 1411 pro
1265 1367 1347 1400 filiis
1372 1370 1410 1410 7,
1435 1366 1470 1409 4,
1499 1370 1558 1401 27.

8 1430 10 1432 v
72 1408 233 1444 acuon‘es
268 1411 360 1454 apud
388 1410 577 1446 Caesarem
603 1423 683 1456 pro
721 1414 942 1448 diversamm
968 1413 1123 1457 partium
1146 1412 1351 1447 hominibus
1376 1414 1410 1452 5,
1439 1415 1495 1455 13,
1523 1414 1560 1447 5.

73 1463 182 1499 qnam
207 1453 335 1499 (Adv.)
361 1456 535 1500 ejusmodi
562 1459 740 1493 actionem
767 1461 802 1503 (i.
826 1473 856 1494 e.
886 1459 1040 1501 defens
1055 1459 1211 1502 ionem)
1229 1458 1348 1504 *latu-ri
1368 1469 1443 1493 non
1467 1459 1560 1492 fuis-
1615 1475 1618 1479 ⁴

0 1515 10 1544 ζ
40 1538 44 1543 ,
72 1505 155 1534 sent
177 1501 214 1544 9,
237 1504 274 1545 2,
298 1502 346 1536 80
368 1503 418 1536 N.
444 1508 485 1536 ut
511 1505 812 1541 eademactionis
835 1506 974 1540 ratione
998 1506 1243 1539 defendendus
1269 1504 1316 1538 sit
1343 1507 1400 1546 12,
1430 1507 1464 1548 1,
1489 1505 1559 1547 453

72 1544 182 1580 Actio
208 1558 344 1590 aspera,
373 1560 452 1591 opp.
479 1560 528 1583 ex
553 1550 653 1593 parte
676 1551 807 1585 blanda
833 1557 870 1585 et
896 1551 1059 1585 suadenti
1085 1551 1209 1584 similis
1236 1553 1271 1593 7,
1297 1549 1333 1593 4,
1358 1553 1417 1585 27.
1454 1551 1560 1584 dissi-

11 1606 18 1610 ‘
73 1592 204 1625 mulata
227 1597 286 1635 et,
318 1598 358 1626 ut
383 1594 513 1628 Graeci
539 1596 678 1636 dicunt,
713 1594 934 1642 α’νεπίφατος
962 1603 1030 1630 act.
1058 1595 1094 1639 4,
1123 1600 1156 1636 1.
1183 1598 1241 1631 60.
1268 1595 1462 1630 fortissima
1487 1602 1558 1630 act.

73 1638 117 1685 7,
135 1638 178 1681 8,
203 1640 239 1672 2.
268 1638 428 1673 solicitae
454 1646 490 1675 et
516 1646 702 1676 accuratae
728 1649 796 1676 act.
830 1641 874 1682 4,
895 1646 945 1685 ²1,
974 1644 1031 1677 57.
1070 1642 1256 1677 summissa
1271 1647 1319 1676 'et
1346 1643 1392 1675 ad
1418 1643 1559 1676 satisfa-

70 1682 238 1717 ciendum
265 1685 462 1729 composita
497 1693 568 1720 act.
593 1691 628 1731 7,
654 1686 691 1730 4,
712 1691 771 1723 27.
796 1687 900 1723 ,inter
934 1689 1190 1733 turbidissimas
1229 1693 1298 1722 act.
1338 1690 1374 1731 1,
1402 1691 1459 1731 10,
1486 1691 1558 1731 283

70 1726 181 1773 ,Actio
206 1731 457 1774 estemporalis
484 1735 541 1775 10,
567 1736 603 1776 7,
632 1735 688 1768 16.
717 1734 877 1768 actiones
905 1735 1069 1769 forenses
1094 1738 1128 1776 2,
1152 1733 1189 1776 4,
1216 1737 1275 1769 27.
1300 1733 1336 1776 4,
1364 1734 1400 1776 2,
1426 1736 1486 1770 29.
1511 1755 1559 1760 -

43 1774 48 1775 ⁷
72 1774 263 1824 poenariae
287 1774 322 1817 4,
347 1778 381 1815 3.
402 1777 426 1811 9
442 1779 491 1811 Ν.
515 1781 550 1819 7,
574 1778 608 1820 4,
633 1782 691 1813 20.
720 1798 766 1804 —
790 1780 982 1824 pupillares
1010 1783 1058 1823 (a.
1084 1785 1107 1815 1.
1134 1779 1343 1824 populares)
1370 1782 1428 1823 12,
1453 1781 1487 1821 6,
1515 1784 1558 1823 1;

32 1841 44 1852 .
71 1818 248 1855 Actiones
271 1822 533 1857 abdicationum
559 1827 595 1868 7,
621 1824 658 1868 4,
675 1825 732 1861 29.
759 1843 805 1849 —
832 1826 1032 1860 dementiae
1059 1829 1094 1865 7,
1118 1829 1153 1870 3,
1180 1830 1215 1860 2.
1242 1844 1288 1852 —
1313 1827 1435 1872 legum
1459 1829 1495 1868 7,
1520 1825 1559 1869 4,

74 1865 133 1899 39.
148 1882 204 1891 -·-·
227 1867 422 1910 majestatis
456 1870 493 1912 5,
520 1872 576 1911 10,
603 1871 659 1906 39.
688 1890 734 1897 —
761 1872 920 1906 mandati
944 1876 980 1915 7,
1012 1871 1049 1913 4,
1076 1872 1133 1906 35.
1161 1890 1207 1897 —
1229 1871 1455 1916 reipublicae
1481 1873 1559 1905 lae·
1614 1891 1616 1895 ⁴

74 1920 136 1951 nae
159 1913 196 1954 7,
221 1913 257 1953 3,
283 1915 318 1945 2.
353 1929 398 1938 -
421 1915 598 1962 sacrilegii
627 1915 664 1959 4,
692 1918 727 1959 2,
753 1918 788 1951 8.
818 1937 863 1944 —
885 1919 999 1952 malae
1022 1917 1243 1952 tractationis
1270 1921 1307 1961 7,
1333 1919 1369 1960 3,
1394 1920 1430 1952 2.
1458 1921 1495 1961 7,
1521 1917 1559 1961 4,

26 1953 132 1993 26·
161 1973 206 1982 -
230 1963 355 1990 contra
384 1965 491 2002 caput
521 1959 583 2003 (a.
608 1965 630 1994 l.
657 1963 874 1997 accusationi
884 1963 987 2010 )-11,
1013 1967 1045 2004 1,
1069 1965 1126 1999 69.
1197 1965 1235 2008 y)
1260 1963 1305 1997 iis
1333 1968 1429 2007 act.,
1464 1975 1559 2008 quae

60 2005 157 2032 'sunt
179 2001 224 2033 ad
252 2003 461 2044 popularem
487 2011 623 2047 aptatae
655 2009 926 2042 delectationem
950 2013 984 2051 2,
1009 2012 1066 2051 10,
1094 2012 1151 2043 11.
1180 2015 1263 2043 sunt
1286 2010 1462 2053 quaedam
1483 2016 1555 2043 act.

72 2042 114 2077 in
140 2043 404 2098 satisfactione,
428 2049 696 2093 deprecatione,
721 2054 948 2088 confessione
968 2055 1106 2098 positae
1134 2057 1191 2096 11,
1215 2058 1250 2097 1,
1279 2057 1335 2089 52.
1365 2056 1456 2088 haec
1485 2060 1555 2088 act.

72 2089 172 2123 facto
198 2095 304 2134 atque
327 2101 446 2126 ammo
473 2095 674 2128 continetur
693 2100 732 2139 7,
759 2097 795 2139 4,
819 2101 875 2132 32.
938 2101 1038 2133 Haec
1064 2106 1217 2143 quatuor
1241 2101 1344 2134 velut
1369 2100 1557 2143 proposita

47 2156 49 2159 -
73 2135 283 2180 formaeque
315 2137 466 2172 actionis
489 2156 533 2162 —
557 2139 596 2173 in
622 2142 694 2174 duo
721 2152 854 2187 genera
877 2143 1081 2186 discedunt,
1116 2145 1288 2178 rationale
1316 2150 1354 2178 et
1376 2146 1494 2190 legale
1519 2147 1557 2187 3,

71 2181 110 2222 6,
126 2181 212 2223 863.
256 2181 341 2226 quid
374 2182 420 2217 sit
455 2183 548 2218 actio
574 2187 610 2228 3,
635 2186 671 2227 6,
698 2190 755 2221 77.
789 2188 843 2221 bis
867 2189 912 2222 de
939 2190 1062 2223 eadem
1085 2200 1126 2223 re
1150 2188 1196 2223 sit
1221 2189 1315 2223 actio
1340 2193 1377 2230 7,
1401 2191 1437 2231 6,
1459 2189 1494 2224 4.
1524 2191 1557 2226 si

47 2255 50 2258 .
71 2226 162 2262 haec
195 2226 289 2261 actio
309 2238 384 2262 non
410 2229 475 2274 sit,
511 2241 603 2274 quae
634 2231 705 2266 sit?
728 2233 762 2274 5,
788 2236 845 2275 10,
872 2234 937 2277 683
993 2234 1167 2268 Actiones
1192 2235 1324 2269 habere
1349 2238 1405 2278 10,
1434 2237 1469 2279 5,
1485 2239 1554 2289 .2Ο.

0 2306 6 2310 ,
73 2273 132 2314 12,
158 2272 198 2315 6,
227 2275 260 2307 1.
296 2274 462 2319 utrinque
487 2276 624 2310 habitas
657 2279 780 2331 legere
813 2278 972 2321 actiones
1007 2282 1066 2323 10,
1100 2283 1134 2323 1,
1165 2283 1222 2318 22.
1261 2281 1355 2315 actio
1391 2281 1556 2329 dirigmu·

47 2317 243 2352 -adversus
276 2319 436 2367 singulos
463 2322 499 2365 5,
525 2326 562 2366 7,
591 2324 627 2358 6.
662 2335 694 2358 sl
728 2325 916 2368 poenarias
943 2331 1012 2359 act.
1039 2326 1234 2360 inferemus
1257 2325 1292 2368 4,
1318 2329 1353 2370 3,
1379 2328 1404 2363 9
1429 2330 1478 2362 Ν.
1513 2335 1554 2362 ut

71 2363 333 2415 nonvideatur
357 2367 435 2409 jure
460 2367 554 2402 actio
587 2367 724 2404 intendi
750 2373 784 2413 3,
812 2372 846 2413 6,
873 2373 931 2406 83.
968 2372 1086 2406 habeo
1107 2373 1162 2416 jus
1190 2372 1340 2407 actionis
1367 2375 1402 2415 3,
1428 2374 1464 2416 6,
1492 2375 1551 2409 73.

72 2413 250 2461 actionem
279 2411 434 2455 accipiat
462 2424 599 2458 necne,
636 2417 681 2450 ad
717 2423 886 2452 eventum
922 2417 1096 2461 pertinet,
1136 2428 1211 2452 non
1246 2420 1291 2452 ad
1326 2418 1469 2453 causam
1505 2423 1550 2454 ib.

14 2491 21 2494 ,
44 2478 50 2482 ψ
70 2455 312 2500 ignominioso
335 2464 492 2492 nonest
513 2460 605 2494 actio
632 2464 676 2495 ib.
705 2466 774 2497 77.»
798 2463 893 2496 aliud
924 2465 1003 2507 jure
1035 2463 1185 2498 actionis
1216 2465 1376 2499 excludit
1405 2476 1489 2499 reus
1516 2470 1553 2506 7,

0 2683 8 2704 ἱ

0 2730 14 2747 Γ

48 2500 109 2541 v1,
132 2499 168 2535 9.
201 2500 378 2546 actiones,
415 2506 521 2548 quae*
539 2505 577 2540 in
610 2508 761 2550 publicis
795 2509 935 2552 judiciis
964 2516 1048 2553 post
1076 2509 1281 2554 interjectos
1314 2511 1390 2545 dies
1423 2513 1552 2545 dantur

72 2546 131 2587 12,
147 2541 204 2589 ‘9‚
231 2548 275 2581 16
300 2549 348 2582 Ν.
388 2549 515 2593 quibus
548 2552 725 2587 actionem
752 2561 888 2589 mutare
923 2555 1031 2590 facile
1061 2561 1115 2590 est
1150 2558 1186 2599 6,
1227 2560 1258 2597 1,
1292 2555 1353 2591 42.
1389 2557 1549 2591 actiones

27 2637 29 2640 r
52 2595 218 2634 -propter
242 2592 394 2638 aliquam
426 2605 566 2631 causam
596 2601 857 2634 transferuntur
885 2603 928 2644 3,
953 2601 999 2644 6,
1027 2605 1094 2636 70.-
1124 2602 1170 2639 εἰ,
1188 2602 1337 2636 actionis
1374 2603 1551 2646 supererit

68 2635 173 2675 100113
197 2637 234 2680 6,
261 2641 296 2681 1,
328 2640 352 2674 6
374 2642 422 2674 N.
460 2652 511 2675 an
537 2653 559 2676 a
589 2655 723 2690 genere
747 2646 896 2681 actionis
921 2648 1113 2691 repellatur
1136 2649 1277 2682 factum
1298 2650 1333 2691 3,
1362 2651 1419 2690 10,
1443 2649 1478 2683 5.
1509 2655 1549 2682 ut

46 2687 111 2716 ωε
130 2683 261 2728 legum<
277 2685 479 2724 actionibus.
502 2689 682 2724 subtrahat
708 2694 744 2735 7,
767 2692 802 2735 4,
826 2694 881 2728 39.
908 2693 1071 2728 omittere
1102 2699 1216 2728 totum
1239 2693 1420 2727 actionum
1444 2694 1548 2728 labo-

67 2720 227 2772 refn'n,
248 2732 284 2772 2,
300 2730 366 2767 49.
393 2732 572 2768 actionum
596 2735 792 2772 incusanda
812 2739 1028 2791 negligentia
1056 2741 1091 2782 5,
1117 2742 1154 2783 2,
1177 2740 1198 2773 3
1225 2741 1273 2772 N.
1302 2740 1388 2774 dare
1413 2739 1546 2773 actioni

0 2755 34 2827 r
56 2771 188 2809 ''vai-ios
215 2777 317 2812 velut
340 2779 460 2835 tultus
475 2782 517 2823 9,
541 2783 659 2824 2,-63.
695 2783 756 2828 qui
780 2784 927 2832 singulm
959 2785 1138 2820 actionum
1162 2784 1319 2830 partibus
1343 2785 1545 2820 insenescat
