1728 3002
328 186 335 199 ι
403 180 668 269 :l'ribracbys
705 235 755 242 —
786 210 983 254 Tristitia
1373 211 1456 251 909

17 324 28 361 .’
65 321 202 377 chys.
248 317 413 374 mollius,
437 312 536 364 si‘tr.
560 330 612 372 (ιι.
636 331 659 362 1.
685 304 990 370 ῐτῖδηώίαε,ἀ1.
1017 322 1238 369 tribrachus)
1266 324 1455 369 praecedat

14 399 37 411 ,ι
66 379 182 423 dnm)
203 379 240 422 9,
262 376 299 420 4,
322 377 368 412 97
392 377 438 410 Ν.
474 388 508 412 v.
535 375 820 409 Trochaeus.

20 423 152 468 ¹unal.
192 434 249 470 his
274 433 424 478 (moleste
445 425 667 476 diligentibus)
692 431 935 476 permittamus
962 434 1002 463 et
1023 431 1254 462 tribunale
1277 427 1396 462 dicere
1421 429 1455 469 1,

31 486 86 518 17.
108 493 190 516 cum
216 481 254 514 in
277 479 422 514 basilica
441 479 536 513 Julia
562 478 696 514 dicent
718 477 832 522 primo
855 475 1022 520 tribunali
1046 478 1102 518 12,
1131 476 1164 518 5,
1193 476 1225 510 6.
1253 474 1312 518 qui
1337 474 1459 507 dicunt

58 526 249 609 gilginalia
275 529 339 570 11,
363 527 410 569 3,
436 523 515 560 134.
547 524 594 567 cs.
621 524 700 559 156.
732 524 913 557 laudatum
946 533 995 556 ex
1026 527 1195 566 quattuor
1226 519 1458 554 tribunalibus

21 599 208 666 [aliatus-
242 606 342 676 leges
363 627 553 672 populares
576 625 699 660 tulisse
722 625 761 659 in
784 625 963 659 tribunatu
986 628 1022 667 7,
1045 623 1080 666 4,
1107 626 1165 659 13.

21 700 161 728 unus·
209 707 284 732 non
310 695 378 731 rite
401 701 550 730 creatus»
560 699 606 729 tr.
630 697 674 736 2,
697 693 741 737 4,
764 696 822 729 35.
857 692 1075 737 majestatem
1109 690 1235 726 minuit
1261 691 1300 725 C.
1324 691 1461 725 Corne-

31 771 62 787 ,
94 755 178 778 nam
205 742 368 777 codicem
402 742 484 776 trib.
515 740 631 785 plebis
658 740 736 784 ipse
767 750 833 784 pro
865 739 1033 774 contione
1066 739 1155 785 legit
1176 738 1220 781 4,
1248 737 1295 780 4,
1319 738 1352 772 8.
1390 738 1461 771 hoc

64 807 80 819 ··
113 800 219 834 quam
242 787 400 822 bonum?
432 787 534 821 Trib.
558 788 607 831 pl.
630 786 731 821 venit
754 797 803 820 ex
826 785 924 820 Asia.
948 787 993 828 9,
1021 787 1062 828 3,
1088 785 1147 819 43.
1175 796 1255 818 cum
1278 790 1323 817 tr.
1347 782 1461 827 plebis
1521 793 1527 795 ’

12 852 15 860 ·
36 853 40 866 ι
61 835 176 870 illimo
201 835 420 870 contendere
443 835 488 867 de
513 833 716 866 innocentia
739 843 803 866 sua
827 833 882 876 (de
901 834 1055 876 Scipione
1070 830 1250 874 Africano)
1279 833 1335 873 11,
1354 832 1384 871 1,
1408 832 1460 863 12.

24 881 111 931 ,11οο
154 891 364 926 lexaomnis
386 896 446 926 aut
469 889 642 924 tribuit
669 895 727 923 aut
753 889 913 922 adimit
936 891 972 930 7,
998 890 1033 930 5,
1058 888 1093 922 5.
1121 887 1234 922 vulsis
1264 886 1462 930 levatisque

21 949 177 977 ·,esse
201 938 359 978 formae,
383 947 489 981 quam
514 934 625 979 possit
647 935 868 969 tribuere
898 934 1105 977 incorrupta
1131 940 1258 968 natura
1281 936 1315 974 2,
1341 934 1374 973 5,
1406 935 1460 965 12.

24 985 35 992 '
62 983 228 1019 Ciceroni
250 994 293 1017 ac
315 981 552 1016 Demostheni
579 991 626 1015 ne
647 980 687 1014 in
709 980 913 1025 eloquentia
939 980 1081 1023 quidem
1110 980 1195 1013 satis
1222 979 1380 1013 tribuunt
1406 981 1463 1019 12,

35 1033 94 1064 22.
118 1029 163 1071 cs.
191 1031 255 1071 10,
281 1032 298 1062 1
314 1054 325 1071 ,
351 1029 410 1064 97.
435 1027 583 1062 nimium
607 1026 735 1060 tribuat
759 1027 824 1060 sibi
851 1030 891 1068 1,
915 1029 937 1059 2
953 1052 964 1067 ‚
994 1028 1049 1060 18.
1082 1037 1213 1059 nomen
1239 1024 1309 1058 hoc
1334 1030 1464 1057 artem-

13 1091 17 1105 ·
37 1092 42 1097 ·
73 1077 122 1101 ⁵—-
143 1075 248 1110 bonis
275 1075 417 1108 demum
442 1073 550 1108 tribui
572 1075 614 1113 2,
638 1074 700 1114 15,
727 1074 773 1106 1}
788 1073 835 1115 cs.
858 1073 903 1114 8,
927 1075 972 1115 2,
999 1073 1034 1105 8.
1057 1071 1141 1105 huic-
1163 1068 1465 1115 (pronuntiationi)

12 1122 187 1156 buendus
212 1125 266 1155 est
290 1120 493 1167 necessarIO
517 1118 659 1164 quintus
681 1119 784 1154 locus
807 1121 843 1163 3,
866 1119 901 1161 3,
925 1119 959 1152 3.
985 1117 1127 1152 delicto.
1153 1137 1196 1144 —
1219 1115 1374 1150 tribuere
1400 1126 1466 1150 ve-

14 1179 71 1210 am
95 1170 131 1210 7,
155 1167 192 1210 4,
215 1169 272 1201 20.
319 1182 331 1191 -
1346 1168 1348 1170 ’

25 1228 107 1256 us·
155 1224 268 1268 (inter
292 1225 434 1268 propriu
455 1221 573 1264 liberi)
596 1225 632 1266 ⁷,
657 1224 693 1265 3,
721 1224 779 1257 27·

16 1281 202 1323 clinium-
247 1294 298 1325 tr:
316 1301 423 1336 supra
449 1290 623 1325 convivas
645 1291 783 1325 corruit
807 1292 863 1332 11,
886 1291 923 1333 2,
943 1279 1005 1323 ¹13.
1030 1300 1063 1322 v.
1084 1267 1378 1323 Cubiculum.

25 1350 202 1390 muium·
248 1357 470 1404 Chrysippus
495 1357 658 1402 quamvis
680 1357 878 1392 nutricibus
902 1363 945 1392 tr.
974 1356 1112 1391 dederit
1136 1359 1170 1401 1,
1194 1359 1227 1399 1,
1252 1356 1309 1391 16.

12 1438 33 1469 .;
62 1417 215 1457 ‘¹⁵⁴⁰ll8·
254 1426 348 1461 intra
371 1431 417 1461 tr.
436 1426 535 1461 diem
560 1427 596 1470 9,
621 1429 658 1470 2,
684 1427 741 1462 90.
1135 1401 1139 1410 ⁴

28 1493 189 1526 “etrus-
241 1494 276 1537 1)
298 1495 407 1537 Adia
444 1494 476 1529 si
500 1494 592 1528 intra
614 1505 742 1529 versus
764 1494 944 1528 trimetros
967 1493 1146 1527 stetissent
1171 1493 1233 1533 10,
1264 1494 1280 1524 1
1296 1517 1307 1534 ,
1330 1491 1388 1525 99.
1421 1489 1466 1530 cs.

18 1552 23 1558 ·
52 1540 90 1584 4,
112 1544 170 1575 71.
217 1541 275 1582 11)
308 1541 437 1574 subs-1...-
468 1540 626 1584 itemque
654 1541 802 1574 sotadeo
826 1541 963 1582 adjuret
984 1545 1082 1572 retro
1106 1538 1286 1571 trimetros
1316 1537 1469 1579 (ejicien-

18 1599 63 1623 m
86 1587 246 1628 adjuret,
278 1586 373 1627 cujus
396 1587 488 1628 prior
510 1598 591 1628 pars
618 1586 723 1627 adiu,
757 1598 844 1629 quae
867 1589 940 1617 sola
967 1586 1009 1616 ab
1037 1591 1118 1625 opti.
1147 1584 1248 1616 codd.
1276 1585 1467 1625 praebetur,

110 1644 152 1664 ex
177 1631 395 1664 antecedentis
423 1632 514 1663 vocis
534 1632 608 1672 fine
633 1633 726 1663 nasci
761 1637 911 1673 poterat,·
945 1636 976 1662 et
1007 1636 1080 1672 post
1114 1628 1271 1671 itemque
1308 1628 1468 1670 adjicien-

31 1691 64 1711 m
86 1687 120 1711 e.
144 1679 199 1710 Fu
223 1679 306 1710 enim
330 1688 349 1708 e
375 1677 509 1708 sotadeo
522 1690 549 1718 :⁶
572 1675 686 1719 Caput
716 1675 855 1709 exeruit
871 1674 1020 1707 mobile
1053 1673 1156 1717 pinus
1180 1672 1345 1717 ,repetita
1381 1679 1468 1705 retro

19 1737 40 1766 e
70 1722 252 1756 trimetros.-
291 1720 454 1765 Repetite
484 1722 588 1764 pinus
619 1721 751 1755 mobile
782 1720 923 1755 exeruit
955 1719 1085 1763 caput.)
1109 1721 1152 1760 9,
1185 1717 1228 1761 4,
1252 1720 1300 1754 90
1327 1719 1374 1752 N.
1407 1718 1471 1751 tri-

22 1767 90 1803 etri
110 1766 192 1801 finis
225 1770 268 1801 ib.
292 1769 348 1800 75.
375 1768 454 1800 108.
480 1769 558 1799 111.
582 1767 779 1800 trimetrum
805 1772 840 1800 et
863 1766 1063 1810 promiscue
1089 1765 1209 1798 dicere
1237 1764 1363 1798 liceat:
1402 1775 1469 1797 sex

18 1814 81 1847 Um
102 1814 234 1858 pedes,
257 1818 331 1847 tres
355 1811 603 1856 percussiones
627 1813 734 1847 habet
758 1814 845 1856 (Sp.
868 1812 1011 1855 habent)
1040 1813 1084 1845 ib.
1106 1811 1151 1846 75
1164 1814 1207 1846 Z.
1234 1810 1264 1844 si
1287 1809 1379 1846 velis
1406 1809 1472 1843 tri-

18 1865 123 1894 etron
149 1861 193 1892 ib.
215 1859 273 1893 78.
691 1885 694 1888 ,

34 1919 117 1946 us.
157 1914 253 1949 trino
279 1915 442 1949 nundino
463 1918 506 1958 2,
534 1914 579 1958 4,
605 1915 661 1950 35.

22 1962 211 2018 pertitus·
259 1971 358 2006 illam
381 1971 625 2014 differentiam,
649 1970 741 2016 quae
765 1977 819 2005 est
840 1969 922 2015 trip.
947 1971 995 2015 (a.
1013 1974 1036 2004 1.
1064 1964 1253 2014 tripartita)
1279 1970 1335 2010 11,
1357 1969 1393 2010 3,
1419 1971 1473 2002 17.

24 2016 138 2075 pleX·
184 2039 416 2080 persouarum
441 2039 513 2065 non
537 2034 590 2063 est
614 2028 744 2073 triplex
768 2028 855 2072 (Sp.
884 2029 955 2072 adj.
979 2027 1127 2070 tantum)
1151 2025 1242 2059 ratio
1264 2024 1299 2066 4,
1330 2027 1363 2066 1,
1380 2025 1413 2059 76
1428 2028 1471 2058 Ζ.

11 2081 16 2088 “
38 2075 147 2118 plices
169 2084 351 2108 suasoriae
372 2076 407 2117 3,
430 2075 466 2117 8,
489 2077 547 2108 33.
579 2074 656 2118 ejus
678 2080 722 2107 tr.
747 2085 834 2108 usus
858 2080 911 2108 est
935 2075 971 2115 9,
996 2076 1031 2116 2,
1058 2073 1115 2107 66.
1139 2071 1185 2113 cs.
1213 2072 1248 2114 6,
1272 2073 1306 2113 3,
1334 2072 1379 2104 23
1403 2074 1445 2104 Z.

6 2128 213 2186 quentis.
258 2128 567 2176 Triquetram
589 2130 659 2165 dici
682 2130 839 2165 Siciliam
864 2142 909 2164 an
935 2129 1254 2174 Triquedram
1280 2130 1320 2169 1,
1348 2127 1392 2169 6,
1417 2128 1473 2161 30.

32 2194 38 2211 ³
81 2189 117 2217 8·
160 2181 268 2230 lyae
295 2190 459 2230 personis.-
493 2187 658 2221 tristes
687 2198 729 2222 ac
754 2187 906 2231 jejuni
938 2186 1142 2221 Pollionem
1175 2185 1395 2218 aemulantur
1419 2186 1476 2226 10,

21 2242 38 2276 ,“
57 2235 113 2267 17.
137 2231 176 2266 in
199 2232 343 2277 publico
365 2238 437 2275 tr.,
465 2233 561 2268 domi
585 2233 814 2267 dissoluti
839 2236 895 2275 12,
921 2235 956 2275 3,
983 2235 1037 2265 12.
1062 2231 1162 2264 illum
1186 2236 1239 2263 tr.
1264 2240 1476 2273 semperque

25 2278 238 2312 emissum
263 2277 438 2322 (puerum)
470 2281 511 2321 1,
536 2281 579 2322 3,
605 2281 658 2313 10.
690 2278 835 2323 Aerope
858 2278 896 2312 in
920 2277 1102 2323 tragoedia
1125 2275 1236 2309 tristis
1262 2278 1326 2317 11,
1350 2277 1391 2317 3,
1416 2277 1475 2309 73.

10 2322 42 2366 l)
66 2325 109 2357 de
126 2326 233 2371 rebus.
268 2324 311 2367 a)
336 2327 543 2368 simpliciter.-
572 2336 739 2360 severa
764 2334 839 2359 non
862 2324 1020 2357 tristia
1046 2325 1101 2364 12,
1126 2324 1182 2363 10,
1210 2322 1267 2355 80.
1296 2319 1475 2365 gravia,

14 2369 207 2415 indigna,
240 2369 412 2403 tristia
435 2372 559 2413 passos
578 2371 614 2412 6,
638 2373 672 2413 2,
697 2370 754 2405 34.
778 2376 818 2404 ut
842 2369 956 2415 tristia
982 2368 1138 2402 dicamus
1160 2366 1367 2400 melioribus
1392 2377 1478 2400 ver-

19 2413 50 2448 is
71 2415 107 2456 8,
130 2415 166 2457 6,
190 2417 247 2449 57.
293 2414 338 2460 β)
364 2428 392 2448 c.
412 2417 519 2449 Subst.
536 2430 547 2449 .-
575 2415 849 2459 virtus—quae
872 2415 990 2448 tristes
1013 2415 1159 2447 affectus
1183 2412 1293 2446 solvit
1318 2413 1353 2454 6,
1378 2413 1416 2454 3,
1443 2415 1476 2446 1.

6 2470 70 2492 -·n
92 2459 278 2494 austeritas
303 2460 348 2494 sit
364 2466 413 2494 ‘tr-
438 2463 487 2504 2,
512 2464 556 2504 2,
585 2462 618 2496 5.
652 2472 780 2495 causae
811 2461 970 2494 tristis
995 2465 1066 2503 atq.
1093 2457 1373 2492 summissae
1397 2470 1476 2500 opp.

43 2508 126 2550 eta
156 2511 193 2539 et
222 2505 492 2552 magnifica
515 2506 608 2540 actio
639 2509 695 2548 11,
719 2509 761 2546 3,
786 2507 864 2540 153.
890 2505 1073 2539 tristes¹
1094 2510 1130 2538 et
1152 2503 1383 2537 horridae
1401 2503 1478 2546 (11'1.

26 2557 79 2584 «et
101 2549 160 2594 U)
191 2553 255 2590 12.,
280 2553 340 2593 10,
365 2552 422 2586 28-
455 2552 493 2584 in
526 2563 567 2584 re
596 2557 640 2586 tr.
666 2551 757 2585 ludit
783 2550 994 2594 compositio
1016 2552 1058 2593 9,
1083 2548 1128 2591 4,
1150 2550 1197 2584 28
1222 2561 1255 2582 v.
1281 2549 1477 2592 Laetus;

52 2607 143 2652 ,ru-m
165 2595 441 2640 (consonantium)
468 2597 604 2631 tristior
626 2597 757 2631 stridor
780 2603 834 2630 est
859 2598 901 2639 9,
924 2597 967 2638 4,
991 2598 1048 2630 37.
1078 2607 1113 2629 v.
1138 2594 1337 2628 Hilaris.

10 2677 27 2693 ,
47 2648 53 2654 “
87 2650 158 2682 tla.
189 2653 299 2687 *idem
322 2653 483 2688 tristitiae
504 2655 625 2688 vultus
651 2657 717 2696 11,
745 2656 788 2696 1,
811 2651 871 2688 54.
893 2651 1131 2686 tristitiae
1164 2651 1298 2695 quoda.
1320 2650 1479 2684 nubilum

19 2703 126 2732 aaut
148 2698 264 2743 (oculi)
288 2702 344 2742 11,
368 2701 403 2742 3,
426 2702 527 2734 75-υ.
549 2699 803 2733 Hilaritas.
849 2697 1053 2732 laetiora
1077 2705 1139 2731 etc.
1166 2707 1239 2730 non
1262 2695 1481 2731 conveniant

27 2742 169 2785 arbae
194 2744 246 2778 illi
271 2751 342 2789 atq.
367 2745 615 2779 tristitiae
641 2748 705 2787 11,
732 2748 771 2787 1,
798 2743 856 2778 34.
890 2743 1067 2777 tristitiam
1091 2742 1345 2786 eim-pessimis
1370 2742 1481 2776 mori-

9 2803 56 2817 ‘·›-
85 2791 360 2832 praetendebant
386 2792 442 2826 Pr.
474 2792 518 2825 15
537 2792 584 2824 N.
617 2796 663 2824 tr.
695 2790 855 2824 deductis
890 2788 1089 2833 superciliis
1118 2789 1316 2827 ostenditur
1350 2791 1414 2830 11,
1447 2790 1478 2828 1,
