1728 3002
429 216 482 257 de
515 214 800 258 Grammatica
830 210 1133 262 Quintilianea.
1483 214 1548 248 LV

0 327 205 382 ...verbio
228 327 480 380 relativo:
514 344 560 391 2,
588 347 630 391 1,
654 343 711 374 12
734 328 894 375 Arma
911 334 1032 375 sunt
1047 326 1170 374 haec
1188 326 1550 391 quodammodo

0 406 380 478 ,praeparanda
399 427 607 476 semper,
644 417 709 458 ut
724 409 814 468 iis,
851 425 966 456 cum
985 425 1068 456 res
1083 425 1120 472 p
1133 425 1162 456 o
1176 425 1196 452 -ο,
1208 417 1327 468 cet,
1362 426 1398 456 u
1411 417 1553 456 tare

4 493 80 542 Ἰ·Ζ.
101 494 167 543 cf.
198 488 244 553 5,
267 509 312 555 7,
333 490 422 552 523
458 506 506 550 2,
533 489 606 548 13,
627 489 657 537 5
676 490 726 538 si
746 489 1039 555 praecipias
1067 489 1390 553 imperatori,
1425 506 1552 554 quo-

21 573 150 621 tiens
171 573 332 621 aciem
351 572 568 620 instra
581 580 663 631 et,
700 572 736 619 d
743 573 769 618 i
775 572 958 634 rigat
960 573 1199 635 frontem
1221 585 1322 619 etc.
1344 575 1391 630 4,
1417 568 1463 630 5,
1491 571 1551 616 18

21 655 95 702 Et
118 653 251 702 illud
278 653 452 719 utique
477 653 789 716 faciendum
816 661 916 712 est,
959 660 1045 712 ut,
1087 633 1314 717 quotiens
1350 650 1556 715 suspi-

24 734 220 783 cabim
229 728 330 793 ur,
368 734 545 799 judae'ci
570 734 729 782 aliam
762 732 1111 797 probationem
1144 733 1453 792 desiderari,
1489 758 1557 767 —

18 815 497 879 promittamus,
532 831 621 862 nos
648 815 796 880 plene
831 822 884 862 et
913 815 1090 862 statim
1114 814 1175 862 de
1206 831 1262 863 eo
1295 814 1422 862 satis
1454 828 1558 859 esse

11 898 274 960 facturos,
354 894 436 943 Sic
470 908 523 942 et
558 895 652 943 Fu
663 910 686 942 t
698 914 736 942 u
748 911 821 942 ru
833 912 886 941 m
917 911 992 941 ex
1006 912 1038 942 a
1049 909 1112 942 ot
1124 912 1162 942 u
1174 912 1225 942 m
1258 892 1525 959 reperitur
1543 909 1558 939 ε

24 989 72 1038 9,
90 980 138 1034 4,
163 974 227 1038 57
248 983 333 1033 ut,
370 992 483 1022 cum
499 991 596 1037 pro
615 975 885 1039 composito
916 975 952 1022 d
960 974 1064 1022 ixe
1077 991 1145 1022 ro
1167 991 1460 1033 numerum,
1489 1001 1558 1008 -—

25 1055 311 1103 oratorium
331 1055 497 1102 dicere
514 1056 873 1117 intelligar.
945 1054 1023 1102 Cf.
1046 1054 1153 1102 Cic.
1179 1053 1269 1102 Or.
1290 1057 1328 1116 I,
1353 1054 1434 1115 31,
1461 1053 1551 1116 137

24 1135 186 1200 Atque
203 1135 443 1195 arbitror,
464 1152 617 1200 quum
634 1135 877 1194 audierzs,
898 1151 998 1183 non
1019 1142 1128 1183 tam
1150 1144 1199 1184 te
1220 1136 1344 1183 haec
1363 1154 1396 1183 a
1410 1136 1446 1182 d
1455 1136 1555 1184 mi-

36 1219 362 1275 raturum,
393 1233 520 1281 quae
541 1216 798 1275 dixero,
836 1233 986 1281 quam
1011 1213 1427 1265 existimaturum
1454 1230 1558 1264 eto.

18 1295 99 1345 At
117 1313 263 1356 vero,
285 1312 429 1362 quae
454 1299 520 1343 de
533 1296 871 1360 Quintiliano
892 1296 1297 1362 disputavimus,
1325 1297 1438 1345 aliis
1468 1296 1556 1344 Ci-

24 1376 230 1425 ceronis
244 1364 466 1442 quoqne
478 1375 730 1441 exemplis
744 1375 941 1424 firmari
953 1391 1231 1442 poterunt,
1245 1393 1306 1426 ut
1317 1381 1404 1427 De
1416 1379 1558 1426 Fato

30 1462 109 1517 12,
126 1459 190 1504 28
206 1458 474 1521 fortuitae
497 1466 620 1506 sunt
644 1474 852 1516 causae,
891 1475 1017 1521 quae
1046 1459 1319 1522 efficiant,
1355 1467 1420 1507 ut
1445 1474 1561 1505 rere

12 1537 64 1584 *d
71 1537 96 1584 i
102 1554 129 1584 o
140 1554 216 1584 an
229 1546 249 1586 t
261 1556 296 1585 a
307 1555 360 1598 r,
394 1554 521 1602 quae
541 1538 618 1587 ita
650 1539 686 1585 d
693 1539 748 1585 ic
759 1555 785 1585 e
797 1556 829 1584 n
841 1546 908 1586 tu
919 1555 971 1598 r,
1007 1574 1037 1600 „
1051 1539 1227 1588 Veniet
1242 1541 1295 1587 in
1326 1549 1562 1588 senatum

30 1619 179 1676 Cato,
192 1622 223 1646 “
278 1634 455 1682 eoque
495 1618 739 1684 pluribus
762 1655 776 1678 ,
817 1664 822 1674 ,
841 1635 954 1683 quo
999 1619 1164 1687 magis
1202 1620 1291 1668 hio
1332 1620 1562 1686 scriptor

26 1697 427 1746 emendationes
461 1703 720 1763 quasdam
754 1700 984 1760 exuerit,
1027 1714 1125 1747 aut
1153 1702 1458 1750 socordium
1497 1699 1562 1746 li-

0 1785 3 1789 '
24 1777 348 1838 brariorum,
385 1792 482 1826 aut
499 1778 649 1826 nimis
672 1779 875 1827 acrium
897 1794 951 1828 et
981 1780 1254 1830 subtilium
1277 1782 1576 1840 editorum,

26 1857 162 1924 qui,¹
183 1858 460 1923 proposita
479 1863 638 1908 semel
656 1862 774 1927 lege
806 1864 874 1908 de
897 1861 1295 1910 Consecutione
1318 1863 1562 1926 Tempo-

26 1939 145 1985 'rum
174 1952 230 1985 et
257 1938 546 1988 Modorum
559 1977 573 2001 ,
617 1957 786 1989 unam
812 1959 1056 1991 normam
1098 1942 1314 1991 dicendi
1356 1941 1564 2006 ubique

31 2015 382 2079 suspicantes,
419 2018 740 2082 extirpando
763 2023 974 2070 Futuro
1000 2037 1054 2070 et
1076 2022 1446 2090 Conjunotivo
1477 2038 1562 2069 re-

29 2098 291 2161 'ponendo
318 2093 516 2158 optime
536 2099 603 2143 de
631 2100 913 2157 clarissimo
945 2117 1160 2150 oratore
1187 2102 1434 2149 meruisse
1468 2100 1566 2148 sibi

23 2167 381 2234 'fidebantun
418 2172 473 2220 id
492 2179 644 2239 quod
665 2181 866 2226 docent
886 2181 1104 2227 Gorenz
1127 2184 1198 2228 ad
1216 2181 1321 2229 Cic.
1346 2184 1412 2228 de
1431 2183 1564 2248 Leg.

28 2254 74 2316 7Ῑ,
99 2259 174 2316 ι4,
196 2259 254 2309 41
290 2254 334 2301 is
360 2271 501 2314 vero,
534 2257 626 2320 qni
649 2257 780 2305 nihil
809 2259 1026 2308 alterius
1056 2279 1215 2309 causa
1233 2266 1282 2327 f
1284 2280 1316 2310 a
1328 2263 1390 2310 ci
1393 2271 1476 2323 et,
1514 2271 1568 2310 et

31 2329 119 2382 me
132 2335 219 2382 tie
232 2343 336 2382 tur
354 2335 459 2383 suis
478 2339 746 2387 commodis
763 2342 954 2401 omnia,
989 2342 1193 2402 ridetis,
1230 2345 1380 2391 credo
1393 2381 1405 2404 ,
1443 2343 1567 2408 quid

34 2414 122 2462 sit
148 2423 442 2475 acturus,
480 2434 544 2464 ac
572 2419 782 2484 plenius
804 2421 1026 2470 Ellendt
1047 2427 1118 2474 ad
1150 2426 1302 2472 Brut.
1341 2421 1431 2485 50,
1469 2425 1564 2487 187

34 2502 120 2554 ut,
152 2495 242 2560 qui
258 2497 383 2543 acad
392 2497 416 2543 i
422 2513 447 2544 e
458 2515 491 2544 n
505 2506 549 2556 t,
586 2500 708 2563 quid
736 2502 1017 2568 efficiatur:
1050 2521 1166 2567 ego,
1198 2504 1354 2552 eliam
1382 2488 1478 2551 om·
1507 2503 1566 2549 id

34 2575 322 2641 efficiatur,
352 2577 415 2624 in
428 2585 486 2625 te
498 2578 741 2642 lligam,
772 2583 867 2629 etsi
888 2583 970 2632 vir
986 2587 1178 2632 doctus
1199 2587 1358 2649 plura
1377 2584 1563 2632 miscet

14 2653 349 2714 ,diversa‚vet,
371 2673 530 2722 quem
555 2660 713 2708 affert
734 2665 913 2710 locum
926 2665 1107 2713 Nostri
1126 2664 1172 2726 5,
1198 2684 1241 2726 7,
1271 2683 1287 2711 1
1301 2662 1327 2712 5
1350 2665 1564 2728 singulis

0 2733 321 2880 [imffgnare’
356 2755 484 2801 quae
505 2741 778 2791 sec-modom
798 2761 1042 2810 quamque
1062 2763 1239 2795 earum
1262 2746 1562 2808 (mrtutoeem)

0 2873 14 2889 J

0 2914 27 2993 ιε
