1728 3002
523 239 727 296 Aucupor
756 261 813 271 —
839 234 997 280 Audax
1473 236 1529 278 93

0 371 7 385 *
41 358 134 401 Ru
154 357 251 394 addit
271 355 476 392 hominihus
499 359 594 390 auct
623 355 660 398 8,
685 354 744 387 Pr.
767 354 827 388 20.
862 350 1051 387 adhibetur
1075 349 1302 386 extrinsecus
1325 348 1365 384 in
1387 359 1530 384 causam

41 411 81 441 et
100 407 197 439 auct.
230 406 265 447 5,
294 406 351 447 11,
373 403 432 438 36.
463 400 508 443 cs.
534 404 579 444 3,
602 401 647 443 8,
672 400 730 434 36.
758 399 909 433 multum
935 397 1244 431 auctoritatis
1269 396 1372 430 affert
1397 401 1531 431 vetu-

41 458 138 487 stas
161 454 197 494 3,
222 454 258 493 7,
281 446 340 484 26.
370 448 416 490 qs.
438 452 476 490 2,
492 447 575 490 7,4.
605 444 798 489 modestia,
835 456 926 489 quae
949 443 1138 488 plurimum
1159 443 1293 477 oratori
1316 449 1352 476 et
1378 448 1531 477 aucto-

0 491 9 519 ·“
42 497 206 532 ritatis
233 502 269 529 et
291 494 415 530 fidei
441 494 542 535 affert
566 495 622 535 12,
647 495 683 536 9,
709 494 764 526 12.
799 496 989 538 aspergunt
1013 489 1110 524 illam
1132 488 1385 523 vetustatis
1411 494 1529 523 auct.

0 536 22 574 ἱ·
41 545 78 586 8,
93 546 130 587 3,
148 543 206 578 25.
236 553 303 586 per
329 551 419 586 quae
441 551 514 574 uon
537 551 558 574 a
583 550 623 573 se
647 544 783 572 tantum
806 536 909 570 dictis
933 537 1094 571 detrahat
1116 536 1283 576 fidem,
1308 535 1373 569 sed
1396 534 1529 570 ceteris

0 580 3 630 s
41 598 185 634 quoque
218 588 354 622 auferat
381 585 709 620 auctoritatem
745 585 911 626 (Burm.
941 583 1027 626 conj.
1053 583 1174 616 afferat
1201 579 1399 623 vilitatem)
1433 582 1468 624 5,
1492 584 1529 623 7,

41 637 87 669 32
104 636 150 668 Ν.
168 647 216 667 cr.
250 639 432 678 captarent
456 637 548 665 auct.
573 636 756 665 contemtu
783 635 984 663 ceterorum
1010 631 1064 670 12,
1084 630 1119 671 3,
1143 631 1196 662 12.
1229 628 1270 661 ‘in
1294 633 1423 661 senatu
1438 638 1530 661 con-

41 680 219 717 servanda
254 678 533 720 auctoritas,
569 689 625 721 ap.
650 678 822 721 populum
852 675 1064 722 dignitas
1097 678 1158 716 11,
1188 676 1230 718 3,
1257 675 1323 708 153
1347 675 1396 707 Ν.
1435 674 1528 707 haec

42 719 127 761 iam>
145 725 268 760 timida
295 724 458 759 defensio
495 723 649 757 detrahit
676 727 768 756 auct.
795 721 866 762 illi,
902 730 973 765 qua
999 726 1097 754 recte
1127 722 1332 754 dicebamus
1365 720 1528 754 occisum

23 764 90 815 ‘'7,
111 774 128 805 1
143 797 155 815 ,
177 771 235 806 36.
273 770 447 805 libert'mis
471 770 689 803 detrahenda
717 774 770 802 est
793 773 883 800 auct.
919 770 983 810 11,
1010 770 1052 807 1,
1080 767 1134 801 88Δ
1180 768 1421 801 detracturum
1446 767 1530 810 plus

41 813 259 854 auctoritatis
288 819 331 850 ib.
357 815 414 851 74.
451 815 497 857 cf.
521 816 558 858 6,
584 817 619 856 5,
646 817 699 848 10.
743 815 887 848 elevare
915 811 1003 846 tanti
1029 812 1194 846 beneficii
1221 818 1313 846 auct.
1348 815 1405 854 12,
1429 815 1466 855 7,
1490 813 1527 846 8.

16 860 116 902 ἰω
146 861 349 907 explevisse
383 863 532 896 deorum
563 866 656 894 auct.
689 863 753 902 12,
788 861 850 901 10,
887 860 923 893 8.
965 857 1101 892 faciunt
1134 864 1229 892 auct.
1258 858 1531 902 probationibus

34 909 174 944 'nostris
198 909 410 952 postulando
440 908 482 949 6,
506 906 552 949 4,
583 909 636 940 17.
671 907 784 940 verba
810 910 903 939 auct.
933 903 1149 948 antiquitatis
1173 905 1307 937 habent
1331 908 1373 947 1,
1395 905 1440 946 6,
1468 906 1530 939 39.

0 950 21 992 ⁵⁴:
41 961 134 988 auct.
148 955 282 989 habent
308 951 457 997 (testes)
475 963 550 985 non
566 951 787 997 arguentium
803 950 863 985 illa
881 950 1206 994 sedsconfitentium
1227 953 1261 993 5,
1281 953 1317 992 7,
1337 953 1392 984 12.
1416 949 1531 994 pluri-

20 998 468 1038 „nmm'auctoritatis
494 1003 531 1031 et
554 997 781 1041 ponderis
803 996 938 1030 habent
961 997 1090 1043 longae
1112 997 1148 1038 9,
1163 995 1198 1038 4,
1213 999 1270 1031 91.
1297 995 1343 1038 cs.
1363 997 1399 1040 9,
1415 998 1451 1038 2,
1469 999 1530 1030 72.

21 1041 83 1098 {gt
113 1047 206 1080 auct.
227 1045 350 1079 induat
369 1056 460 1079 vera
483 1043 667 1078 sentientis
692 1042 734 1085 4,
761 1046 802 1085 1,
829 1041 887 1076 46.
933 1047 1026 1075 auct.
1053 1041 1214 1075 minuere
1246 1042 1291 1083 6,
1317 1043 1363 1084 3,
1391 1043 1451 1075 30.
1491 1041 1532 1076 iu

39 1091 141 1133 ‘finni
163 1090 308 1138 negotio
331 1092 492 1137 neglecta
517 1095 611 1124 auct.
638 1092 700 1131 11,
726 1092 741 1122 1
756 1114 767 1130 ,
790 1090 849 1121 30.
886 1087 970 1120 hinc
994 1093 1030 1121 et
1052 1093 1171 1131 patres
1196 1088 1370 1120 adversus
1393 1087 1531 1122 liberos

24 1124 103 1171 iah.
141 1144 234 1171 auct.
258 1142 383 1180 petunt
406 1136 441 1178 5,
463 1138 522 1178 12,
548 1136 603 1168 13.
651 1145 698 1168 ne
720 1133 791 1168 viri
819 1133 905 1167 boni
929 1139 964 1167 et
987 1133 1107 1180 gravis
1133 1135 1324 1177 perdamus
1353 1139 1446 1168 auct.
1471 1137 1531 1177 11,

40 1180 77 1225 3,
101 1181 181 1218 184.
213 1182 373 1227 quotidie
397 1175 530 1225 aliquid
553 1191 602 1214 ex
624 1191 689 1222 ea,
723 1191 827 1224 quam
853 1185 1050 1221 meruerat,
1084 1180 1295 1213 auctoritate
1318 1180 1528 1224 perdentem

0 1260 4 1267 ‚
41 1230 107 1270 12,
137 1228 204 1270 11,
229 1229 278 1262 3.·
296 1226 343 1268 cs.
376 1225 423 1270 4,
456 1230 499 1269 2,
526 1228 604 1260 125.
643 1226 834 1259 auctoritas
862 1225 906 1259 ab
936 1225 1137 1259 oratoribus
1163 1227 1224 1259 vel
1246 1225 1428 1259 historicis
1454 1225 1530 1270 peti

0 1299 5 1312 ξ
38 1273 135 1309 nolet
158 1275 192 1316 1,
212 1273 248 1315 6,
274 1275 310 1307 2.
342 1272 476 1307 relictis
500 1271 749 1319 magistrorum
774 1270 1144 1305 auctoritatibus
1168 1275 1203 1314 2,
1225 1274 1281 1314 13,
1299 1275 1333 1306 7.
1363 1278 1530 1316 repetere

0 1325 134 1361 „mich
161 1330 182 1352 a
203 1319 364 1364 plurimis
388 1318 554 1352 versibus
581 1318 615 1360 5,
641 1321 697 1359 11,
722 1319 778 1352 39.
815 1328 968 1361 quorum
993 1322 1085 1351 auct.
1113 1323 1256 1351 secutus
1278 1324 1331 1351 est
1357 1320 1392 1360 3,
1411 1319 1447 1361 6,
1466 1319 1527 1354 80.

38 1362 77 1408 ὅ)
98 1367 233 1400 Abtat:
279 1364 501 1411 Tragoediae
532 1364 723 1407 scriptores
753 1363 940 1397 clarissimi
970 1363 1222 1410 gravitate
1257 1364 1527 1407 sententiarum,

0 1410 231 1471 [verborum
256 1413 476 1455 pondere,
500 1410 783 1444 auctoritate
806 1420 1039 1453 personarum
1055 1412 1111 1452 10,
1132 1413 1165 1452 1,
1181 1413 1239 1445 97.
1265 1412 1366 1445 salva
1383 1410 1528 1444 dicendi

39 1462 133 1498 auct.
158 1459 214 1499 12,
242 1459 298 1499 10,
321 1455 380 1491 46.
414 1466 532 1490 sermo
559 1461 698 1490 constat
724 1456 930 1497 ratione,
955 1461 1213 1498 vetustate,
1248 1463 1394 1499 auct.,
1422 1468 1529 1499 cone

0 1490 286 1549 {suetudine
315 1506 348 1545 1,
370 1503 408 1544 6,
434 1506 468 1536 1.
505 1501 733 1546 judicium
760 1513 862 1535 suum
886 1512 968 1534 cum
992 1501 1090 1535 illius
1114 1507 1229 1535 anot.
1256 1502 1445 1546 conjunxit
1468 1505 1528 1546 10,

0 1523 373 1608 ε,θ,,1.’ἁε1“οιιᾶίῑῑιι·
395 1554 568 1591 aetate,
592 1548 844 1594 dignitate,
871 1553 989 1581 auct.
1017 1550 1073 1590 11,
1094 1551 1130 1590 1,
1147 1547 1205 1582 28.
1238 1554 1368 1591 auct„
1396 1554 1527 1583 vetu-

0 1582 557 1675 §.miaffssguf‘ussisse
583 1593 831 1674 desim
839 1593 1529 1676 ⁸323351121⁹232t³fflfffl³321⁰31¹250

323 1663 334 1674 .
526 1665 535 1673 .
1127 1669 1136 1677 ,
1279 1653 1291 1672 ι
1513 1663 1528 1675 .

0 1675 171 1739 b⁸figurae
194 1691 318 1719 contra
343 1665 431 1719 raii
443 1652 769 1730 o'nemqioquendi
794 1651 958 1719 veiemm
982 1691 1101 1718 auct.
1128 1692 1295 1730 receptae
1318 1685 1353 1728 4,
1368 1666 1418 1730 ⁹2,
1444 1667 1526 1722 1⁹18.

0 1740 2 1743 ’
38 1742 111 1776 qua
128 1731 173 1764 sit
197 1737 289 1764 auct.
315 1731 534 1764 suadendum
557 1734 590 1773 1,
610 1735 666 1774 11,
690 1735 744 1764 12.
791 1731 820 1775 ε)
849 1744 879 1764 c.
907 1732 1016 1765 Genii.
1040 1731 1186 1773 junctum
1201 1747 1210 1765 .·
1238 1733 1400 1775 Flavum,
1425 1732 1528 1776 cujus

3 1799 10 1804 »
37 1787 98 1823 q).
124 1787 181 1810 me
207 1780 343 1810 summa
365 1783 418 1811 est
443 1783 535 1810 auct.
562 1781 597 1820 7,
611 1777 646 1819 4,
665 1776 722 1811 40.
749 1779 806 1818 10,
828 1779 864 1819 3,
885 1780 903 1810 1
929 1785 991 1810 etc.
1030 1782 1123 1810 auct.
1151 1777 1221 1811 viri
1238 1778 1323 1811 boni
1350 1783 1386 1812 e't
1405 1779 1527 1826 gravis

0 1807 99 1866 5⁷11,
123 1823 160 1863 3,
186 1821 266 1856 184.
289 1842 336 1847 -—
361 1822 579 1856 audientium
603 1825 671 1863 12,
699 1824 738 1864 5,
766 1826 798 1856 1.
823 1841 870 1847 -
898 1833 972 1856 non
1003 1823 1225 1868 arguentium
1258 1823 1320 1857 illa
1342 1825 1407 1858 sed
1434 1835 1528 1859 cona

4 1873 7 1875 ’
37 1866 212 1901 utentium
235 1869 270 1909 5,
294 1871 331 1910 7,
354 1870 408 1901 12.
438 1885 482 1892 -
516 1868 692 1902 narrantis
719 1868 754 1909 4,
779 1871 815 1910 2,
843 1870 921 1902 125.
950 1886 990 1893 --
1017 1879 1106 1902 vera
1133 1869 1317 1903 sentientis
1343 1869 1380 1913 4,
1405 1873 1442 1913 1,
1465 1870 1528 1906 46.

3 1904 200 1957 ymerum
223 1917 329 1954 auct,
356 1921 447 1965 quae
469 1919 524 1947 est
547 1925 595 1948 ex
615 1914 798 1957 responsis
823 1915 855 1952 5,
878 1912 1015 1956 11,42;
1039 1933 1086 1940 ——
1112 1915 1330 1959 antiquitatis
1359 1918 1392 1959 1,
1415 1917 1453 1960 6,
1468 1917 1527 1952 39.

21 1956 547 2038 ΐωᾚὲῗῗὲωὲ.·5’ἓ.ῑ
567 1958 1088 2038 ⁴÷²m·m”.2.5;⁰33213.{:2„{1‘b.⁵4
1113 1961 1364 2040 ῑέῗωῗῗθ
1392 1964 1526 2042 1)ᾈὲ

4 2064 7 2067 v
38 2057 161 2128 ger-1121}
191 2052 367 2093 gestan-mn
402 2053 495 2082 auct.
529 2049 574 2092 5,
602 2051 667 2092 11,
690 2052 724 2083 1.
764 2050 953 2084 vetustatis
983 2018 1331 2086 inimitabilemurarti
1357 2033 1457 2087 iiuc’t.
1487 2030 1526 2098 8:

69 2118 82 2136 ‚
161 2114 172 2124 .

0 2146 210 2204 Rucupssr.
252 2159 364 2194 verba
386 2165 623 2204 aucupantem
646 2139 719 2203 11,
732 2163 767 2204 1,
795 2161 851 2196 50.

0 2216 199 2287 Rudacia·
245 2226 366 2279 (inter.
373 2229 529 2270 pessimos
545 2227 715 2270 ,affec-tus)
739 2230 775 2270 5,
795 2231 848 2280 10,
870 2226 928 2262 34.
965 2213 1147 2282 audaciam
1163 2230 1330 2279 frangere
1355 2235 1392 2276 2,
1410 2233 1468 2277 16,
1485 2235 1524 2269 ⁷.

25 2273 184 2326 ,audacia
204 2278 369 2317 provecti
398 2275 431 2315 1,
455 2275 490 2316 3,
515 2271 551 2306 4.
582 2283 755 2317 oppressa
782 2279 959 2309 virtute
983 2276 1176 2310 audacia
1200 2283 1253 2311 est
1280 2281 1363 2314 Cic.
1385 2277 1472 2324 4,4,
1488 2282 1525 2314 2.

0 2320 222 2388 ssndacter.
275 2340 459 2374 inhaerent
485 2341 628 2384 quidam
665 2341 915 2375 molestissima
951 2342 1153 2389 diligentiae
1185 2346 1441 2390 perversitate,
1481 2352 1524 2382 ut

26 2385 284 2422 ,audaciter
309 2386 427 2430 potius
444 2386 585 2430 dicant,
618 2398 723 2431 quam
747 2389 973 2422 audacter
1001 2392 1032 2430 1,
1049 2390 1084 2431 6,
1107 2388 1169 2432 17;
1220 2395 1396 2436 Compar..·
1422 2394 1523 2437 quod

37 2432 110 2466 hoc
133 2431 299 2465 audacius
327 2432 478 2466 dixerim
501 2435 536 2476 3,
562 2435 597 2475 3,
621 2436 655 2467 7.
689 2434 769 2466 aud.
795 2436 1002 2467 translatum
1025 2436 1176 2470 verbum
1202 2436 1237 2479 4,
1259 2441 1292 2480 1,
1311 2440 1367 2474 58.
1403 2440 1520 2483 aud„

37 2485 107 2520 nec
133 2476 229 2558 ⁸1in3
253 2489 296 2557 ἓ.
299 2484 374 2512 otu
398 2479 594 2522 quodam
620 2478 857 2525 imaginantur
880 2481 915 2522 9,
939 2483 975 2522 2,
1002 2479 1060 2516 42.
1091 2483 1298 2526 paraphrasi
1324 2485 1406 2519 aud.
1432 2496 1523 2520 ver-

3 2548 9 2558 .
35 2528 114 2558 tere
166 2547 178 2567 ,
226 2548 238 2566 ,
632 2531 635 2533 ’

0 2579 161 2638 ᾸὶἰὼιΧ.
206 2592 445 2632 audacem,
471 2591 763 2634 petulantem
790 2598 850 2624 etc.
879 2594 914 2634 7,
942 2594 977 2636 2,
1003 2595 1059 2628 28.
1082 2595 1204 2630 verbis
1228 2596 1434 2632 felicissime
1460 2594 1517 2641 (α.

35 2640 63 2671 1.
85 2636 332 2678 fierocissime)
358 2637 475 2670 audax
497 2635 711 2679 (Horatius)
745 2639 812 2679 10,
838 2640 878 2679 1,
904 2638 970 2681 96;
1017 2639 1077 2673 illa
1109 2642 1226 2675 adhuc
1253 2643 1515 2677 audaciora

35 2687 75 2719 et
101 2683 331 2726 majorum
351 2684 552 2725 ‘laterum
576 2683 611 2723 9,
641 2685 674 2724 1,
700 2684 756 2717 29.
794 2694 910 2727 neque
933 2690 1002 2717 tam
1029 2688 1217 2729 plenum
1243 2694 1279 2722 et
1306 2695 1516 2723 erectum

35 2730 76 2762 e}
107 2729 255 2762 audax
283 2734 320 2762 et
346 2729 658 2772 praecultum,
688 2739 791 2771 quam
815 2740 1023 2772 pressum
1053 2738 1089 2765 et
1112 2734 1220 2767 mite
1248 2740 1284 2768 et
1307 2734 1514 2768 limatum

0 2782 7 2787 ·
35 2771 164 2816 (genus
179 2772 406 2819 eloquentiae)
430 2775 488 2815 11,
506 2775 540 2816 1,
560 2774 619 2806 31.
658 2772 745 2806 illud
770 2774 937 2809 audacius
958 2786 1072 2822 genus
1094 2780 1129 2821 9,
1147 2782 1183 2822 2,
1199 2782 1256 2815 32.
1277 2780 1516 2824 hyperbolen,

36 2818 236 2854 audacioris
258 2824 404 2854 ornam
426 2819 522 2878 8,,6,
542 2818 603 2854 67.
636 2820 789 2855 audaces
811 2822 1004 2857 sententias
1027 2825 1085 2868 10,
1114 2827 1147 2868 1,
1174 2824 1255 2860 104.
1285 2825 1449 2860 audaci
1477 2830 1514 2861 et
