1728 3002
668 145 911 188 Ostentatio
1483 126 1568 189 tis?

73 259 147 294 Ρίι
158 257 283 291 hoen
306 253 424 297 ooniic.
449 250 702 292 excitatis)
729 249 868 282 duobus
894 246 1088 282 lectoribus
1111 246 1349 292 ostendisset,
1386 249 1569 284 oontraria

69 303 117 342 L.
139 300 308 338 crassum
333 299 486 333 suasisse
511 296 556 332 iis'
579 296 642 332 etc.
666 293 702 340 6,
727 297 762 339 3,
786 294 832 328 44
857 295 903 328 N.
951 292 992 338 d)
1017 293 1087 338 dds.
1125 296 1348 328 Praedia-ato.-
1380 292 1413 330 si
1446 301 1568 330 osten-

48 342 383 388 >udfit=1=dacen½
426 335 644 389 petulantem
673 344 743 384 (sc.
774 338 916 382 reum)
939 343 984 382 7,
1029 341 1065 382 2,
1102 340 1159 374 28.
1198 341 1366 393 ‘no-udum
1400 341 1571 396 Clodium

73 393 318 430 insidiatorem
343 390 559 426 ostendimus
584 390 638 434 (a.
665 393 688 422 t.
717 385 954 428 offendimus)
979 387 1013 428 5,
1043 384 1099 428 14,
1117 389 1173 419 22.
1197 388 1383 421 insidiator
1405 386 1573 433 Clodius,

73 438 231 484 ideoque
270 439 368 481 iure*
390 437 600 471 interfectus
643 433 843 469 ostenditur
876 434 912 475 3,
947 433 984 475 6,
1014 434 1070 466 12.
1118 443 1292 466 summum
1322 433 1419 467 enim
1450 435 1572 470 virum

47 478 233 522 ”ostendit
256 483 338 528 (M.
366 483 516 523 nutus)
537 481 574 525 4,
597 483 639 524 2,
672 482 757 521 113;
808 484 867 521 ut,
905 489 996 523 quae
1028 483 1132 521 sunt,
1169 480 1406 513 ostendantur
1439 482 1569 516 acerba

47 543 123 566 mac
144 534 306 565 luctuosa
329 530 366 571 6,
389 531 424 572 2,
448 530 506 563 23.
530 537 534 542 ’
554 526 708 575 negandi
733 526 910 570 duplicem
937 524 1158 558 ostendimus
1182 526 1335 559 formam
1374 528 1411 569 5,
1446 529 1504 571 13,
1532 531 1570 564 ’7.

77 583 120 611 nt
142 576 299 615 Socratis
321 575 491 609 invictam
517 574 722 618 ostenderet
744 571 1000 606 continentiam
1024 572 1059 613 8,
1073 569 1108 613 4,
1129 572 1184 605 23.
1218 572 1319 605 Hanc
1344 572 1573 617 (qualitatem)

79 623 132 658 ita
154 621 302 664 dividit,
334 622 380 655 de
405 619 612 665 appetendis
634 625 670 652 et
691 617 885 665 fugiendis,
909 627 999 661 quae
1033 623 1088 651 est
1121 628 1202 661 pars
1236 618 1491 661 deliberativa3
1527 622 1574 655 de

52 679 58 692 ²
81 676 256 714 persona,
287 678 330 702 ea
353 666 551 702 ostenditur
575 665 752 699 laudativa
773 666 809 706 3,
837 666 873 706 6,
898 664 955 698 56.
1003 662 1042 707 e)
1068 675 1135 708 seq.
1165 667 1388 707 Interrogata
1422 677 1574 710 praece-

81 713 195 760 ptoris
218 719 294 756 est,
323 712 361 746 in
386 713 456 746 alio
483 718 589 757 atque
613 712 682 744 alio
706 722 837 757 genere
865 708 995 743 cotidie
1022 711 1231 752 ostendere,
1272 711 1378 755 quis
1413 713 1507 747 ordo
1528 714 1576 748 sit

82 771 203 796 renim
228 767 290 793 etc.
314 762 351 802 7,
377 761 431 802 10,
454 760 488 793 8.
514 757 559 800 cs.
585 757 619 799 4,
649 758 761 799 1,-35.
789 758 825 798 5,
852 758 908 799 10,
939 756 995 790 18.
1019 757 1055 797 9,
1084 758 1117 798 1,
1141 759 1198 790 22.
1224 758 1261 798 9,
1298 756 1334 800 4,
1366 759 1448 793 109.
1489 760 1575 794 dum

81 805 144 841 hic
166 806 395 847 ostenderet,
427 805 515 849 qnid
541 805 586 837 de
611 813 656 838 eo
678 802 756 838 fieri
781 803 893 837 vellet
919 804 1004 836 Cic.
1041 803 1076 844 5,
1112 803 1168 844 13,
1201 803 1259 837 28.
1274 847 1283 855 ·
1307 803 1464 848 optimus
1496 807 1580 840 elo-

71 841 252 897 ,quentiae
270 851 439 896 magister
462 849 638 892 ostendit,
678 847 837 893 qualis
869 855 930 882 etc.
965 848 1000 889 5,
1034 850 1090 890 11,
1119 851 1175 895 17.
1224 860 1284 892 qm
1319 860 1398 883 cum
1433 852 1575 895 saepius

55 922 58 927 -
84 898 243 941 diceret,
275 898 356 931 Jam
382 897 655 937 ostendam,
687 894 852 938 qualis
886 893 953 926 sis:
986 893 1088 936 isque
1111 895 1216 938 plane
1243 894 1393 938 instaret
1419 895 1578 931 interro-

86 935 242 989 gatione,
267 944 447 986 qualem
473 943 616 976 tandem
640 951 678 975 se
702 946 983 974 ostensurus
1009 944 1116 982 esset,
1146 939 1257 985 digito
1282 941 1576 978 demonstra-

87 987 156 1023 vit
181 988 370 1035 imaginem
403 988 492 1022 Galli
525 988 559 1030 6,
596 989 631 1029 3,
666 985 723 1020 38.
771 985 878 1018 etiam
908 990 1096 1028 comnptas
1129 985 1319 1029 aliquando
1357 993 1394 1022 et
1430 988 1576 1024 vitiosas

88 1033 269 1073 orationes
295 1051 340 1057 —
361 1034 432 1080 legi
456 1035 571 1078 palam
599 1030 810 1075 ostendique
832 1032 870 1065 in
893 1030 968 1073 his,
998 1042 1131 1076 quam
1160 1033 1269 1065 multa
1289 1032 1485 1078 impropria
1513 1044 1577 1073 etc.

18 1097 27 1100 -
88 1079 161 1117 sint
182 1082 220 1123 2,
245 1081 280 1122 5,
305 1081 360 1114 10.
387 1079 434 1122 cs.
458 1080 492 1121 5,
518 1080 555 1121 6,
579 1081 612 1113 3.
657 1084 696 1111 ut
722 1077 988 1123 diligentissime
1011 1078 1240 1123 ostenderet,
1273 1090 1402 1122 quam
1434 1081 1472 1114 id
1501 1093 1578 1116 non

89 1131 272 1170 oporteret
293 1125 402 1159 modo
425 1133 487 1160 etc.
527 1128 584 1167 11,
620 1126 653 1168 1,
682 1125 741 1158 62.
787 1129 826 1156 ut
860 1123 1068 1166 ostendam,
1111 1130 1280 1168 quanto
1315 1125 1362 1159 sit
1389 1127 1518 1162 metius
1541 1131 1579 1173 2,

88 1173 126 1215 3,
149 1174 186 1205 2.
208 1177 249 1206 ut
278 1186 327 1193 -
357 1171 389 1204 si
424 1170 633 1206 varietatem
667 1169 854 1204 criminum
886 1169 1092 1203 narratione
1123 1171 1578 1218 demonstraveris,

89 1212 314 1262 quantum
337 1217 385 1250 ob
409 1228 452 1252 ea
477 1217 672 1261 periculum
694 1215 911 1257 intentetur,
926 1215 1150 1251 ostendas
1174 1215 1210 1267 4,
1235 1218 1269 1258 3,
1294 1221 1336 1259 73
1361 1219 1443 1252 Non
1469 1220 1579 1264 enim,

90 1262 176 1307 quid
203 1262 383 1306 dicamus,
416 1264 481 1297 sed
502 1264 558 1296 de
585 1271 676 1306 quo
699 1260 827 1294 dicturi
851 1271 1025 1303 sumus,
1064 1262 1286 1296 ostendimus
1314 1263 1349 1301 4.
1385 1265 1419 1307 5,
1453 1266 1500 1301 26
1528 1269 1578 1301 N.

88 1308 131 1349 f)
155 1321 227 1354 seq.
248 1305 352 1343 Aac.
375 1321 406 1343 c.
435 1311 457 1342 I
463 1308 540 1350 ris-2
574 1314 684 1341 artem
712 1318 789 1340 eam
818 1305 1058 1349 (rhetorjcen)
1088 1318 1167 1341 esse
1203 1315 1263 1342 etc.
1300 1311 1519 1346 ostendimus
1541 1316 1578 1357 3,

59 1383 61 1386 .
90 1357 126 1397 1,
150 1356 203 1389 1..
230 1354 387 1388 ostendit
407 1355 500 1388 hanc
522 1354 635 1398 ipsam
662 1364 741 1387 esse
770 1352 865 1396 (Sp.
894 1351 982 1395 om.)
1008 1352 1189 1387 sociorum
1213 1356 1461 1392 defensionem
1475 1358 1515 1400 4,
1541 1363 1576 1403 1,

90 1397 136 1435 49
158 1403 202 1434 Ζ.
249 1406 331 1434 cum
352 1399 490 1447 magnis
513 1399 644 1444 alioqui
668 1398 770 1432 malis
795 1398 941 1444 gravius
967 1410 1045 1432 esse
1079 1399 1140 1443 id,
1185 1401 1281 1444 quod
1315 1403 1410 1446 passi
1445 1415 1580 1450 sumus,

91 1445 288 1486 ostenditur
309 1445 344 1488 6,
369 1449 404 1488 2,
430 1449 487 1480 22.
512 1447 695 1480 ostendam
722 1455 794 1478 non
818 1445 929 1485 multo
954 1450 1034 1488 post
1057 1453 1118 1478 etc.
1148 1449 1202 1488 11,
1228 1449 1262 1489 3,
1287 1448 1343 1482 60.
1370 1460 1452 1483 cum
1475 1462 1582 1494 prae-

84 1484 349 1539 ‘sessfim‘primo
375 1492 468 1527 libro
493 1493 563 1537 jam
585 1490 800 1526 ostenderim
827 1498 888 1524 etc.
926 1493 961 1533 2,
990 1493 1047 1532 21,
1080 1493 1137 1527 13.
1185 1500 1304 1536 aperte
1338 1496 1422 1529 satis
1457 1504 1583 1532 osten-
1629 1531 1633 1535 ,

116 1534 183 1580 sust
202 1543 266 1572 αι’.
290 1538 327 1580 6,
350 1540 385 1580 1,
415 1539 471 1573 55.
520 1538 620 1581 cujus
645 1547 759 1580 pauca
781 1537 971 1570 admodum
1009 1538 1102 1570 dicta
1137 1540 1256 1580 palam
1292 1543 1486 1577 ostendunt
1515 1552 1578 1579 etc.

124 1578 250 1628 ·2'3,>2.
272 1582 319 1624 cs.
345 1585 380 1626 1,
405 1587 462 1627 10,
490 1586 545 1619 17.
570 1587 606 1626 2,
631 1586 687 1625 17,
714 1582 771 1615 41.
799 1583 832 1624 5,
864 1585 919 1624 10,
950 1583 1006 1618 68.
1045 1584 1080 1635 8,
1118 1585 1175 1617 Pr.
1202 1586 1237 1618 6.
1279 1589 1336 1628 11,
1368 1591 1401 1630 1,-
1435 1590 1492 1624 58.
1539 1591 1582 1638 g)

88 1629 119 1666 ἱ,
149 1639 187 1675 q.
215 1630 421 1663 breviter
456 1631 635 1662 indico.-
682 1628 912 1672 Multiplicari
935 1629 1024 1662 haec
1058 1640 1096 1662 111
1132 1634 1389 1674 quantumlibet
1420 1643 1582 1679 possunt,

19 1677 26 1687 ²
67 1671 158 1708 “sed
178 1685 256 1708 rem
281 1675 478 1708 ostendisse
500 1674 584 1708 satis
605 1680 659 1708 est
683 1673 718 1716 4,
743 1673 778 1716 4,
802 1677 836 1708 7.
864 1674 909 1715 cs.
935 1675 970 1716 6,
999 1676 1032 1716 3,
1057 1675 1115 1709 62.
1164 1679 1357 1722 quaedum,
1393 1692 1484 1724 quae
1506 1682 1583 1716 illic

94 1720 350 1754 ostendere
384 1720 575 1762 satis'est,
613 1719 651 1752 in
691 1720 920 1763 peroratione
953 1720 1192 1763 implenda
1215 1730 1298 1757 sunt
1329 1727 1444 1772 magis
1478 1728 1514 1770 6,
1546 1731 1582 1772 1,

96 1763 152 1798 12.
195 1769 236 1797 nt
255 1766 356 1807 'prius
385 1766 693 1799 ostendamus
716 1785 762 1791 —
786 1765 914 1799 deinde
943 1777 1231 1809 exequamur
1264 1772 1298 1812 5,
1322 1771 1380 1804 Pr.
1406 1774 1439 1806 5.
1466 1775 1582 1816 plura,

97 1820 202 1853 quam
225 1811 572 1854 ostenduntur,
604 1811 806 1854 aspiciat
834 1813 1028 1845 advocatus
1053 1815 1109 1854 12,
1142 1814 1178 1854 8,
1206 1816 1260 1847 10.
1307 1822 1346 1849 ut
1374 1829 1471 1851 nunc
1509 1820 1584 1854 sin-

96 1855 180 1910 gula
205 1856 533 1899 ostendamus,
571 1867 666 1889 nunc
694 1858 1059 1900 complectamur
1082 1857 1249 1892 universa
1283 1863 1317 1902 5,
1353 1865 1409 1906 13,
1446 1866 1499 1898 13.
1537 1865 1583 1909 h)

96 1913 121 1933 ι.
145 1913 176 1944 q.
214 1909 525 1942 repraesento:
567 1902 644 1948 Ego
677 1902 765 1935 haec
797 1903 955 1937 breviter
987 1905 1341 1941 demonstrasse
1380 1915 1584 1956 contentus,

95 1945 146 1979 ita
170 1945 299 1988 posui,
333 1951 374 1979 ut
403 1947 504 1980 locos
526 1946 622 1990 ipsos
648 1953 684 1980 et
707 1958 851 1992 genera,
875 1960 980 1992 quam
1010 1960 1151 1992 possem
1175 1953 1407 1998 apertissime,
1426 1962 1584 1991 osten..

98 1993 257 2025 derem
285 1992 405 2034 5,,12,
430 1994 486 2026 15.
530 2003 628 2035 cum,
662 1994 746 2035 quid
769 1994 870 2035 veri,
910 2005 983 2027 non
1015 1995 1284 2040 dicendum,
1319 2002 1384 2032 sed
1407 2004 1583 2044 quodam-

97 2037 206 2071 modo
231 2036 335 2070 etiam
370 2038 718 2071 ostendendum
752 2046 805 2071 est
834 2038 878 2080 4,
911 2042 955 2080 2,
987 2038 1044 2074 64.
1092 2051 1153 2083 ea,
1194 2043 1238 2075 de
1273 2045 1400 2086 quibus
1433 2047 1583 2094 dicat,

99 2083 196 2116 clare
219 2088 289 2126 atq.
315 2083 500 2116 evidenter
522 2084 781 2117 ostendere
816 2085 851 2125 8,
876 2086 910 2126 3,
932 2085 988 2118 86.
1019 2085 1061 2126 cfi
1090 2086 1126 2127 6,
1153 2090 1187 2128 2,
1213 2090 1268 2122 32.
1315 2091 1413 2125 Nihil
1435 2093 1492 2128 his
1517 2107 1586 2130 ne-

98 2140 170 2172 que
198 2128 400 2162 credibilius
426 2128 570 2174 fingi,
602 2140 718 2172 neque
744 2129 991 2163 vehementius
1023 2134 1333 2178 exprobrari,
1365 2149 1483 2182 neque
1506 2152 1586 2175 ma-

98 2174 262 2208 nifestius
286 2174 480 2208 ostendi
502 2180 616 2218 potest
643 2174 677 2216 4,
702 2177 737 2217 2,
764 2174 842 2208 124.
889 2187 971 2208 cum
999 2187 1057 2210 res
1082 2187 1154 2210 non
1192 2186 1289 2224 gesta
1324 2182 1582 2232 indicatur,

100 2221 187 2263 sed,
219 2226 259 2253 ut
285 2219 331 2253 sit
353 2226 473 2266 gesta,
504 2219 786 2254 ostenditur
813 2222 847 2262 9,
874 2224 908 2263 2,
935 2221 991 2255 40.
1041 2234 1132 2266 quae
1157 2225 1284 2260 doctor
1310 2232 1584 2277 praecepit,

100 2271 223 2300 orator
246 2265 462 2299 ostendit
488 2268 545 2309 10,
569 2269 603 2308 1,
629 2267 684 2300 15.
731 2277 806 2300 rem
830 2271 1013 2311 utramque
1045 2269 1145 2302 velut
1180 2272 1334 2307 oculis
1359 2277 1585 2322 subjicit,

101 2317 137 2345 et
152 2310 286 2355 pariter
309 2310 533 2345 ostendit
558 2313 594 2354 8,
620 2313 654 2354 3,
678 2312 737 2347 79.
778 2323 857 2345 cnm
879 2312 1005 2346 flentes
1027 2324 1102 2348 nou
1126 2321 1197 2348 tam
1222 2328 1454 2365 narraret,
1480 2327 1595 2368 quam*

101 2358 392 2391 ostenderet
412 2356 449 2401 4,
471 2360 507 2400 2,
541 2357 610 2391 114
640 2369 674 2391 υ.
710 2358 872 2392 Narro.
923 2358 1093 2403 quidquid
1126 2361 1401 2408 significari
1438 2370 1584 2406 brevius

99 2408 240 2446 potest,
276 2407 311 2436 et
334 2414 415 2436 cum
441 2408 568 2437 ornatu
594 2403 698 2437 latius
723 2403 1015 2446 ostenditur,
1035 2407 1267 2451 ’περίφρασις
1300 2418 1354 2446 est
1386 2414 1421 2458 8,
1447 2415 1482 2459 6,
1523 2415 1582 2464 61„

88 2459 194 2499 *quae
217 2448 320 2482 nobis
342 2448 437 2482 illam
461 2449 618 2496 pugilum
649 2449 953 2495 congredientium
976 2450 1105 2485 faciem
1126 2453 1176 2487 ita
1202 2458 1413 2504 ostendunt,
1447 2467 1488 2496 ut
1509 2474 1586 2499 non

103 2493 234 2527 clarior
255 2495 375 2528 futura
397 2495 507 2528 fuerit
528 2496 766 2540 spectantibus
792 2497 843 2539 8,,
861 2498 896 2539 3,
920 2498 978 2531 63.

59 2538 314 2581 ostentatio.
360 2563 394 2587 v,
426 2552 565 2586 Demo
578 2559 677 2587 nstr
690 2554 797 2588 atio.
845 2559 913 2588 ost.
947 2555 1194 2591 declamatoria
1227 2558 1263 2611 4)
1292 2561 1327 2602 3,
1363 2565 1398 2596 2.
1443 2565 1587 2600 scenica

8 2606 31 2620 '=
100 2602 170 2630 ost.
194 2599 228 2638 2,
254 2599 310 2638 10,
334 2597 367 2630 8.
416 2609 507 2642 quae
532 2599 610 2642 plus
633 2601 760 2634 habeat
784 2598 944 2643 operis
969 2610 1075 2651 quqn
1112 2603 1525 2654 ostentationis-1,
1549 2611 1587 2656 4,

38 2644 60 2669 Ὢ
106 2643 140 2677 5.
165 2652 277 2688 genus
301 2644 530 2679 ostentationi
554 2652 794 2688 comparatum
823 2648 878 2688 10,
905 2647 939 2688 1,
970 2647 1026 2680 28.
1075 2658 1187 2694 genus
1221 2654 1450 2690 ostentationi
1487 2668 1588 2691 com-

106 2689 261 2731 positum
287 2690 323 2730 8,
346 2691 380 2731 3,
406 2692 461 2724 11.
488 2691 539 2724 ad
560 2691 830 2725 utilitatem
852 2691 972 2734 potius
996 2703 1102 2736 (piam
1130 2697 1183 2730 ad
1213 2702 1603 2738 ostentationem>

23 2737 51 2777 ⁷·-
107 2736 387 2778 &imponebatur
408 2736 523 2771 oratio
545 2736 581 2781 4,
609 2740 644 2780 2,
678 2741 756 2772 122.
791 2750 825 2772 v.
855 2736 1114 2782 compono.
1162 2742 1191 2776 si
1228 2744 1275 2779 in
1309 2748 1588 2790 ostentationem
