1728 3002
133 231 238 270 242·
540 192 555 197 ᾖ
639 222 805 266 Dii-imo
836 247 892 253 -——
922 221 1164 282 Disciplina

180 340 297 376 acrior
319 339 359 374 fit
385 345 491 384 atque
516 338 767 375 vehementior
793 330 937 383 (sensus)
971 341 1015 374 ad
1046 351 1237 386 personam
1270 339 1426 385 directus
1462 343 1610 378 alterins
1639 346 1682 379 ib.

178 386 237 423 64.
261 387 306 421 ad
328 386 482 431 judicem
511 385 609 420 omni
637 396 802 420 sermone
830 385 1018 421 directo
1043 401 1122 432 opp.
1152 391 1332 422 'averso
1358 390 1393 430 2,
1418 388 1475 432 13,
1498 391 1532 424 5.

133 430 318 476 Diritno-
376 450 507 488 panem·
527 443 669 478 dicendi
691 443 830 479 viribus
857 443 1042 479 diremisse
1072 448 1108 490 2,
1134 445 1190 488 16,
1217 445 1252 479 7.

132 489 316 546 DiripiO·
374 500 495 546 pueris
518 501 556 536 in
581 500 762 548 epilogum
783 501 986 546 productis,
1011 503 1105 537 talos
1130 501 1215 545 jecit
1236 500 1276 535 in
1302 500 1478 544 medium,
1514 489 1606 547 qnos
1629 503 1683 537 illi

182 548 337 592 diripere
362 554 559 592 coeperunt
582 549 618 590 6,
644 551 677 590 1,
706 546 763 582 47.
1555 556 1557 559 ’

114 592 284 646 (Dinis.
353 605 523 640 Horatius
547 626 594 632 —
617 604 855 639 Hannibalem
881 606 999 640 dirum
1028 607 1199 652 (diario-8,
1226 609 1262 650 2,
1286 607 1321 642 9.
1611 632 1614 638 ,

135 651 339 695 Discedo.
398 664 427 698 Il
453 666 611 706 proprie:
648 668 683 696 at
705 662 737 696 is
763 662 978 698 discesserat
1002 664 1046 707 6,
1075 667 1118 707 1,
1147 665 1204 699 39.
1257 675 1340 698 cum
1364 663 1407 697 ab
1432 663 1521 697 urbe
1545 661 1684 697 disces-

182 709 311 743 sissent
337 709 377 751 5,
406 712 468 751 11,
492 709 526 743 9.
565 708 789 756 magistratus
817 710 860 743 ab
886 722 969 744 arce
999 722 1044 744 ne
1070 704 1231 745 discedat
1253 713 1296 753 7,
1323 713 1359 752 7,
1381 708 1418 744 4.
1447 710 1686 754 (soloecismus)

183 755 214 790 si
237 757 356 799 plures
381 768 400 789 a
425 766 464 788 se
489 755 669 789 dimittens
692 755 743 790 ita
768 757 948 800 loquatur,
971 757 1184 792 Discede
1220 760 1261 800 1,
1289 757 1332 799 5,
1357 756 1415 791 36.
1462 755 1515 797 1-1)
1535 758 1654 788 transl.
1669 769 1683 788 .-

182 804 349 846 tanquam
381 801 524 835 dimissa
556 802 714 836 disceditv
738 803 930 846 (memoria)
971 807 1037 846 11,
1068 807 1110 847 2,
1146 802 1204 838 44.
1245 802 1411 848 quotiens
1450 799 1686 835 discessit

184 848 396 890 aemulatio,
423 848 631 882 succedit
654 849 856 884 humanitas
888 853 950 892 11,
977 853 1017 892 1,
1045 851 1108 892 163
1133 850 1357 884 discedamus
1381 847 1491 882 hinc
1515 857 1682 892 quoque:

182 894 310 938 recipit
332 895 481 928 materia
504 894 752 939 quaestionem
775 899 810 938 7,
839 899 870 938 1,
899 899 958 931 20.
986 908 1067 930 cum
1091 897 1142 930 ab
1165 894 1480 931 iuscaviltatione
1505 894 1683 930 discesse-

182 941 257 976 rint
286 944 349 983 12,
381 945 424 983 2,
451 940 506 975 14.
545 954 566 975 a
587 948 751 987 suscepta
780 943 1013 986 persuasione
1044 939 1228 987 discedere
1263 945 1330 984 12,
1358 944 1404 983 2,
1427 941 1484 979 26.
1516 939 1684 984 pusillum

184 988 227 1021 ab
266 998 309 1022 ea
342 986 560 1031 (synecdoche
570 1003 581 1030 ‚-
626 990 697 1031 Sp.
731 1001 752 1022 a
781 988 889 1032 vero)
926 990 1073 1024 discedo
1098 991 1134 1032 8,
1158 990 1194 1032 6,
1222 989 1280 1024 28.
1305 992 1340 1023 Ζ
1349 1003 1369 1028 ,·-
1386 998 1456 1021 nec
1477 987 1605 1031 procul
1633 985 1684 1018 ab

183 1033 254 1068 hoc
288 1045 422 1081 genere
460 1033 612 1068 discedit
649 1034 701 1078 (a.
731 1039 752 1068 l.
783 1036 985 1079 descendit)
1009 1038 1221 1078 μετωνυμία
1243 1037 1287 1069 ib.
1313 1036 1376 1076 233
1416 1034 1526 1067 altera
1551 1038 1607 1067 est
1630 1031 1686 1065 di-

183 1079 303 1123 visio,
338 1091 428 1125 quae
462 1079 510 1113 in
540 1086 613 1114 tres
646 1086 765 1124 partes
799 1087 834 1115 et
860 1082 938 1126 ipsa
963 1081 1113 1116 discedit
1139 1084 1205 1124 12,
1234 1083 1298 1123 10,
1324 1082 1381 1115 58.
1402 1080 1494 1115 haec
1518 1083 1688 1124 quattuor

182 1127 285 1162 velut
308 1126 492 1171 proposita
517 1144 562 1151 —
584 1126 630 1160 in
654 1128 724 1161 duo
750 1138 884 1174 genera
909 1129 1097 1163 discedunt
1118 1129 1172 1173 (a.
1198 1132 1222 1161 l.
1247 1124 1488 1170 descendunt)
1512 1128 1547 1168 3,
1570 1125 1605 1168 6,
1627 1124 1685 1159 86.

137 1181 421 1237 Disceptatio.
476 1193 527 1227 ibi
554 1205 640 1240 ergo
664 1194 833 1237 judicatio
849 1221 859 1236 ,
882 1197 943 1229 ubi
969 1196 1149 1240 quaestio:
1179 1195 1263 1240 qnia
1289 1194 1327 1229 in
1354 1195 1482 1229 eadem
1507 1205 1548 1229 re
1571 1192 1688 1238 prima

184 1239 367 1284 quaestio,
405 1245 441 1273 et
472 1246 635 1274 extrema
667 1240 815 1284 discept.
851 1243 895 1284 3,
925 1245 991 1284 11,
1032 1246 1085 1276 11.
1134 1243 1269 1285 duplex
1307 1241 1384 1284 ejus
1417 1238 1687 1284 disceptationis

184 1285 352 1321 condicio
377 1289 411 1328 7,
440 1288 473 1324 5,
503 1288 537 1320 2.
563 1286 600 1319 in
626 1286 802 1327 eiusmodi
830 1287 1088 1330 disceptatione
1112 1291 1167 1330 12,
1196 1288 1241 1329 8,
1266 1289 1323 1320 10.
1348 1297 1417 1320 nec
1441 1287 1569 1320 eodem
1592 1295 1686 1320 sono

183 1331 327 1377 publica
354 1331 533 1374 judicia
559 1338 594 1366 et
620 1333 833 1366 arbitrorum
862 1333 1265 1378 disceptationes
1298 1338 1451 1379 aguntur
1475 1334 1533 1374 11,
1558 1334 1592 1374 1,
1617 1331 1685 1372 43;

185 1379 395 1423 disceptatio
424 1379 679 1422 judicationum
704 1381 743 1422 3,
773 1383 838 1422 11,
865 1381 919 1414 19.
947 1398 991 1404 -
1015 1379 1228 1424 judiciorum
1252 1382 1294 1420 2,
1322 1379 1366 1417 4.
1390 1377 1446 1412 24.
1473 1389 1591 1422 neque
1614 1378 1688 1411 ulla

184 1425 272 1469 juris
298 1425 468 1469 discept.,
495 1425 563 1458 nisi
590 1425 773 1468 finitione,
806 1426 994 1470 qualitate,
1019 1426 1225 1470 conjectura
1247 1429 1366 1469 potest
1393 1423 1567 1468 explicari
1591 1425 1626 1466 3,
1650 1423 1687 1467 6,

183 1473 247 1514 823
275 1471 470 1505 domestica
494 1471 583 1505 disc.
608 1475 643 1514 7,
669 1470 704 1513 4,
728 1474 784 1506 31.
810 1483 982 1516 praesens
1010 1472 1099 1507 disc.
1129 1473 1164 1515 5,
1191 1475 1248 1515 11,
1272 1470 1332 1505 44.
1352 1483 1386 1504 v.
1403 1467 1685 1515 Dispositio.

137 1526 459 1620 Discefltazol‘zm
483 1551 611 1574 causae
636 1539 784 1584 discept.
809 1539 882 1588 legi
907 1541 943 1584 9,
968 1539 1004 1583 4,
1030 1542 1110 1575 132.
1140 1540 1232 1585 apud
1257 1539 1535 1584 disceptatorem
1569 1537 1686 1572 dictu-

184 1598 244 1619 rus
317 1612 327 1627 ,
378 1612 388 1629 ,
462 1611 471 1620 .

137 1629 357 1722 Βίῧοθρῒο.
429 1643 525 1677 inter
562 1643 833 1688 disceptandum
863 1643 916 1687 (α.
952 1647 975 1678 1.
1014 1643 1173 1678 discend.
1211 1655 1245 1677 α.
1275 1639 1433 1684 dicend.)
1467 1624 1546 1683 12,·
1565 1643 1610 1684 7,,
1647 1639 1682 1674 6.

222 1712 231 1721 0
260 1702 307 1723 ΟΓ.

135 1731 364 1776 Discersso·
392 1743 435 1789 α)
450 1747 624 1790 perplexa
644 1749 699 1783 12.
709 1750 744 1787 2,
761 1749 816 1781 10.
844 1758 937 1788 cum,
955 1757 1089 1791 genere
1108 1746 1146 1779 in
1163 1744 1302 1789 species
1324 1743 1527 1784 diducto,
1544 1739 1686 1794 species
1727 1753 1728 1786 ᾗ

183 1791 306 1835 ipsa'd
320 1791 584 1826 iscernitur
603 1793 636 1834 5,
654 1795 709 1835 10,
727 1794 783 1827 61.
819 1794 920 1827 adeo
933 1792 1128 1825 similitudo
1143 1790 1331 1824 manifesta
1349 1795 1426 1831 est,
1453 1793 1490 1822 ut
1510 1799 1593 1822 eam
1609 1788 1685 1822 ὼε-

185 1848 334 1871 cernere
357 1848 431 1871 non
450 1838 495 1871 sit
519 1837 555 1872 in
576 1845 720 1882 promtu
736 1839 770 1880 9,
788 1841 821 1880 1,
835 1841 869 1873 3.
897 1839 1082 1882 probanda
1103 1844 1209 1881 atque
1228 1836 1464 1880 improbanda
1479 1834 1686 1869 discernent

182 1886 218 1925 2,
234 1887 270 1926 2,
284 1887 324 1917 11
341 1897 351 1926 ς
386 1886 455 1918 hoc
476 1884 681 1918 discernere,
706 1884 839 1918 modici
864 1884 987 1927 judicii
1012 1889 1067 1918 est
1089 1885 1124 1926 8,
1140 1886 1174 1926 3,
1191 1886 1245 1917 11.
1271 1883 1365 1927 apud
1384 1881 1568 1926 imperitos
1590 1881 1684 1915 haec

183 1929 420 1964 discernenda
443 1936 525 1964 sunt
541 1933 575 1972 3,
591 1932 626 1973 8,
643 1933 674 1965 3.
703 1931 894 1973 discernat,
914 1930 972 1964 cui
989 1930 1035 1964 sit
1052 1930 1202 1974 quisque
1217 1927 1402 1963 certamini
1419 1927 1683 1972 praeparandus

182 1977 218 2019 2,
236 1977 271 2018 8,
287 1978 321 2011 3.
369 1977 412 2021 β)
439 1977 509 2020 adj.
537 1979 653 2010 Ablat.
669 1992 678 2010 .-
705 1988 763 2010 res
792 1976 1099 2021 simplicissimae,
1135 1986 1298 2020 quaeque
1317 1985 1423 2019 pares
1446 1973 1602 2008 maxime
1625 1972 1685 2008 vi-

182 2023 346 2066 deantur,
369 2022 494 2066 utique
509 2022 714 2057 discrimine
732 2023 851 2067 aliquo
869 2023 1120 2057 discernantur
1138 2025 1194 2065 10,
1212 2025 1246 2064 2,
1265 2023 1319 2055 10.
1349 2021 1444 2055 clara
1465 2025 1571 2064 atque
1592 2019 1684 2054 ,sub-

182 2068 281 2102 limia
306 2069 476 2105 materiae
506 2070 615 2102 modo
641 2070 877 2103 discernenda
903 2075 986 2103 sunt
1019 2069 1094 2112 (sio
1116 2070 1259 2102 Ambr.
1285 2066 1345 2111 1.)
1369 2068 1404 2110 8,
1432 2069 1467 2109 3,
1494 2067 1549 2101 18.
1575 2068 1630 2099 Ζ..
1646 2076 1682 2098 v.

184 2114 354 2149 Cerno.
383 2127 452 2160 qua
479 2115 629 2157 (figura)
656 2115 785 2149 similia
812 2115 1063 2150 discernuntur
1085 2116 1120 2158 9,
1145 2117 1180 2157 3,
1203 2115 1261 2149 65.
1284 2124 1397 2157 parva
1420 2117 1600 2154 momenta
1616 2119 1686 2151 no-

182 2161 338 2195 minibus
369 2161 618 2195 discreverunt
645 2164 688 2196 ib.
717 2163 774 2196 25.
810 2169 849 2196 ut
874 2163 1034 2196 membra
1058 2181 1099 2200 —,
1127 2161 1226 2194 nulla
1252 2165 1336 2194 nota
1366 2162 1513 2203 possent
1547 2157 1684 2192 discer-

182 2217 269 2241 nere
296 2211 358 2250 11,
387 2210 434 2251 2,
470 2210 525 2242 13.
551 2207 685 2241 utilitas
711 2208 854 2242 interim
880 2214 1006 2242 natura
1030 2207 1268 2248 discernitur,
1292 2205 1436 2239 interim
1459 2210 1621 2248 tempore
1644 2205 1684 2246 ’2,

183 2252 228 2294 4,
255 2254 311 2287 39.
346 2265 416 2297 qua
450 2253 708 2297 (observatione)
737 2254 862 2297 servi,
899 2256 1048 2288 lenones
1078 2261 1140 2287 etc.
1174 2253 1426 2287 discernuntur
1449 2253 1526 2293 ’11,
1548 2252 1597 2292 3,
1623 2247 1682 2285 74.

182 2297 390 2344 regionibus
415 2299 648 2344 litoribusque
674 2300 810 2344 (genera
834 2298 1168 2344 piscium)discreta
1191 2303 1272 2331 sunt
1293 2299 1326 2339 5,
1346 2300 1401 2339 10,
1418 2299 1476 2330 21.
1495 2307 1538 2330 ea
1561 2293 1680 2339 (ratio)

183 2345 325 2378 casibus
354 2346 582 2390 numerisque
607 2346 760 2381 discreta
787 2352 842 2380 est
867 2351 883 2380 1
902 2372 911 2387 ,
935 2350 980 2389 7,
1006 2346 1061 2380 15.
1115 2344 1150 2390 γ)
1179 2345 1248 2386 adj.
1277 2347 1442 2387 Praep'osi
1471 2341 1683 2376 discernen-

183 2389 266 2422 dum
292 2396 345 2424 est
369 2392 439 2425 hoc
463 2403 483 2425 a
508 2392 637 2426 ceteris
664 2394 700 2435 8,
724 2394 759 2434 6,
784 2394 840 2427 35.
879 2396 1121 2427 consonantes
1146 2402 1168 2425 a
1189 2389 1379 2425 vocalibus
1403 2388 1608 2424 discernere
1645 2389 1685 2431 1,

181 2433 215 2470 4.
243 2436 288 2476 63
314 2435 360 2470 in
385 2443 503 2480 partes
529 2439 704 2472 discretus
727 2440 818 2473 ordo
841 2442 876 2482 7,
904 2442 938 2481 1,
964 2441 997 2472 1.

135 2475 359 2521 DiScindo.
416 2505 462 2527 ne
486 2494 699 2529 immodicus
723 2495 839 2529 hiatus
872 2495 1002 2528 rictum
1030 2493 1208 2528 discindat
1247 2492 1312 2538 (sic
1349 2496 1392 2527 Z.
1427 2503 1470 2525 ex
1502 2492 1611 2525 Arisbe
1635 2491 1679 2532 1,-

184 2538 241 2577 Sp.
270 2537 462 2582 distendat)
490 2543 522 2582 1,
550 2544 605 2583 11,
629 2543 663 2577 9.

134 2578 389 2636 DiSCiplina·
461 2596 501 2638 α)
532 2599 642 2639 Sing..·
678 2595 899 2631 educatio
934 2602 970 2630 et
1003 2595 1258 2640 disciplina
1292 2593 1402 2637 (infer
1432 2589 1703 2647 “rgum‘mahff

180 2639 348 2684 quoniam
376 2641 506 2683 refert,
538 2654 559 2675 a
584 2644 712 2687 quibus
737 2649 772 2677 et
801 2653 871 2687 quo
898 2642 1048 2687 quisque
1071 2644 1180 2676 modo
1205 2641 1251 2675 sit
1274 2639 1454 2673 institutus
1478 2639 1512 2680 5,
1538 2639 1594 2680 10,
1617 2638 1676 2672 25.
1699 2649 1701 2663 ἱ

180 2691 323 2728 orator,
349 2686 406 2719 eui
431 2687 713 2732 disciplina,
740 2695 777 2723 et
799 2688 1011 2732 studium,
1035 2694 1071 2722 et
1088 2684 1386 2722 exercitatio
1416 2682 1554 2718 dederit
1576 2675 1701 2733 virepss'

178 2730 359 2765 facilitatis
386 2735 441 2775 12,
466 2734 500 2775 9,
526 2735 584 2767 20.
610 2736 766 2769 animum
804 2733 1081 2779 disciplinis
1104 2733 1291 2768 meliorem
1317 2730 1395 2765 fieri
1423 2730 1464 2773 8,
1490 2732 1536 2772 3,
1561 2730 1617 2765 75.
1637 2741 1697 2769 v„

179 2775 353 2812 Cultus.
382 2789 429 2812 ne
444 2778 483 2812 hi
510 2779 675 2823 quidem,
700 2782 761 2825 qui
784 2780 921 2828 ignem,
947 2786 1008 2814 aut
1031 2779 1160 2825 aquam
1185 2786 1244 2812 etc.
1272 2788 1372 2821 esse,
1405 2787 1454 2811 ex
1471 2775 1599 2821 quibus
1613 2786 1674 2810 res

178 2831 304 2858 omnes
322 2822 461 2858 initium
480 2825 663 2869 duxerint,
681 2828 827 2861 tradunt
851 2833 913 2860 etc.
931 2825 991 2869 (sc.
1005 2841 1015 2859 .-
1035 2829 1155 2868 sciunt,
1171 2836 1213 2857 an
1231 2836 1346 2857 verum
1360 2825 1402 2856 sit
1417 2825 1507 2868 quod
1520 2819 1648 2866 dicunt)
1661 2835 1672 2854 ε
