1794 2976
185 185 269 227 932
718 175 954 235 Utrobique
987 202 1038 210 —
1060 174 1183 221 vaco

1540 254 1550 271 k
1575 270 1595 286 ’ἢ

236 295 393 341 imprimis
422 295 464 328 de
495 292 646 328 ‹liversis-
663 294 814 337 partibus
847 295 882 326 in
911 294 1045 327 causis.-
1085 293 1156 328 alia
1190 297 1274 327 sunt
1299 301 1376 327 non
1402 296 1512 328 neces
1555 290 1558 295 ’
1661 291 1726 327 vel

235 350 347 386 utr.,
382 342 444 378 vel
469 340 520 373 ab
545 341 694 374 altera
719 344 858 384 parte
883 341 918 382 5,
945 341 1001 383 10,
1030 341 1087 374 81.
1115 339 1155 373 in
1181 340 1323 383 schola,
1340 338 1410 382 ,ubi
1436 339 1538 374 nobis
1561 337 1574 372 i
1630 337 1726 384 {viln-

235 390 348 438 gimus
380 385 716 425 contradictionem.
750 386 840 419 duos
872 396 1008 429 ponere
1042 386 1212 420 debemus
1243 386 1356 430 fines,
1390 387 1514 431 quales
1547 390 1616 418 utr.
1640 391 1725 430 qne

236 434 360 479 optimi
382 438 550 478 poterunt
570 435 613 475 7,
638 434 681 475 3,
707 434 764 466 20.
798 442 888 476 quae
914 439 984 466 utr.
1007 435 1079 465 tam
1102 431 1237 466 infinita
1260 437 1342 467 sunt
1368 443 1471 476 quam
1500 430 1579 476 ipsa
1605 435 1726 464 rer-mn

238 481 390 517 varietas
416 482 458 522 5,
484 478 527 520 4,
549 481 594 520 23
634 489 807 512 exercere
838 483 957 521 potest
992 483 1061 512 utr.
1093 479 1263 522 judicium
1288 481 1349 521 10,
1385 482 1429 522 1,
1455 480 1518 512 131
1547 478 1594 511 N.
1635 486 1727 520 quae

238 529 332 562 dicta
358 531 439 561 sunt
463 536 524 559 ex
552 524 778 567 diverso,
803 525 934 558 debent
959 530 1040 558 utr.
1069 526 1161 559 solvi
1189 526 1229 567 5,
1255 527 1319 567 13,
1349 527 1382 558 1.
1407 534 1533 559 causes
1555 543 1602 550 -—
1623 531 1730 558 veras
1756 557 1759 561 .

238 576 346 608 ruodo
372 578 408 607 et
430 577 499 605 utr.
524 576 652 604 tractet
681 573 737 613 10,
761 571 795 614 5,
821 570 893 605 20.¹
913 569 958 612 cs.
986 573 1020 614 5,
1043 573 1079 614 7,
1103 573 1160 606 32.
1184 570 1242 606 34.
1270 575 1304 613 7,
1327 574 1364 614 7,
1388 573 1431 627 1.,

194 629 444 685 Utrobique·
494 645 728 673 conservatae
764 638 986 673 sanctissime
1015 644 1083 672 utr.
1117 640 1177 681 (in
1209 641 1327 673 scholis
1351 646 1382 673 et
1405 635 1518 683 domi)
1550 633 1732 683 opinionis

239 691 272 731 1,
296 691 330 730 2,
359 687 395 720 4.
432 685 474 727 cs.
501 688 535 728 3,
560 689 594 728 7,
618 689 676 720 27.
714 684 749 729 4,
774 688 809 728 2,
833 686 891 720 91.

193 743 421 787 Utrolibet·
463 754 633 788 inclinata
657 759 726 788 utr.
754 753 880 789 cervix
906 754 937 797 1,
967 754 1023 797 11,
1046 753 1081 790 9·

193 812 362 855 Utrum·
407 824 511 856 coelo
552 821 708 856 decurrit
742 829 884 868 aperto,
917 830 1066 858 utrum
1100 834 1167 868 per
1192 827 1352 867 apertum
1375 821 1537 863 coelum,
1566 828 1732 854 ancum

239 875 398 914 apertum
423 874 516 902 esset
539 872 573 910 7,
598 870 638 909 9,
665 871 719 903 10.
749 868 811 913 [cs.
838 871 871 913 5,
898 873 952 913 10,
975 870 1021 906 69
1043 874 1084 904 Ζ.
1114 882 1148 903 v.
1167 867 1286 913 Aut.]
1313 867 1480 910 Occisus,
1505 871 1590 900 utr.
1614 865 1730 918 ferro,

239 915 301 950 an*
316 916 422 962 igne,
451 926 504 948 an
528 926 690 958 venen03
724 927 797 949 uno
814 919 964 951 vulnere
985 928 1034 950 an
1053 916 1232 960 pluribus3
1259 915 1375 948 subito
1400 925 1454 947 an
1478 916 1732 957 expectatione

238 968 352 996 tortus
379 963 414 1003 6,
443 964 475 1004 1,
503 962 566 1003 183
593 967 677 995 utr.
704 961 811 1007 igitur
834 964 904 997 hoc
927 963 1068 996 facilius
1094 964 1210 996 bonus
1233 961 1292 995 vir
1314 959 1564 1005 persuadebit,
1587 968 1633 991 an
1658 967 1732 1009 nui-

238 1010 294 1042 lus
320 1011 381 1050 12,
407 1010 445 1047 1,
472 1010 527 1047 11..
576 1009 759 1050 Utrum,
787 1010 881 1052 quod
905 1009 1056 1043 Rutilius
1083 1006 1306 1051 αἰτιολογίαν
1330 1005 1463 1042 vocat?
1492 1015 1572 1038 nam
1599 1003 1644 1037 de
1667 1003 1731 1036 1110

239 1054 392 1088 dubitari
407 1052 537 1096 possit,
565 1065 618 1087 an
643 1055 786 1087 schema
810 1055 854 1088 sit
876 1055 1070 1089 distributis
1097 1055 1256 1098 subjecta
1278 1052 1368 1087 ratio
1393 1053 1458 1096 (sio
1478 1050 1731 1094 transpositione

241 1103 309 1144 Sp.
335 1103 498 1133 constituit
527 1104 654 1143 locum;
691 1102 792 1134 Codd.
830 1107 947 1135 utrum
982 1109 1053 1145 post
1088 1106 1195 1135 vocat
1224 1101 1373 1144 ponunt)
1396 1100 1441 1141 9,
1466 1099 1510 1140 3,
1536 1097 1582 1132 93
1606 1094 1653 1129 Ν.
1680 1107 1730 1128 cr·

238 1153 325 1180 utr.
350 1152 426 1180 rate
450 1157 502 1179 an
530 1145 721 1190 piscatorio
746 1147 893 1194 navigio
917 1146 1097 1182 transierit
1120 1148 1162 1190 6,
1182 1148 1217 1190 3,
1242 1144 1301 1180 41.
1338 1143 1386 1187 cs.
1413 1146 1449 1188 7,
1475 1142 1511 1186 9,
1533 1140 1570 1176 4.
1600 1153 1634 1175 v.
1664 1141 1732 1173 In-

240 1199 421 1226 tersum
458 1199 541 1226 extr.
1635 1234 1638 1235 ⁷

194 1235 418 1279 Utrumne·
468 1254 551 1283 utr.
583 1250 724 1283 salvum
757 1261 838 1283 eum
872 1251 969 1284 nolet
993 1270 1039 1276 —
1063 1261 1116 1283 an
1141 1269 1186 1275 -—-
1211 1258 1284 1282 non
1313 1253 1390 1281 tam.
1417 1243 1516 1279 salsis
1549 1243 1731 1286 defendet,

240 1306 344 1339 quam
371 1301 432 1327 etc.
459 1297 524 1336 12,
554 1297 570 1327 1
585 1320 595 1335 ,
620 1294 675 1328 40.
702 1295 738 1328 in
767 1306 811 1329 eo
835 1297 954 1339 plures
982 1295 1244 1335 dissenserunt,
1267 1299 1358 1326 utr.
1381 1292 1448 1325 hae
1473 1295 1589 1335 partes
1613 1293 1734 1324 essent

239 1339 449 1381 rhetorices,
475 1351 526 1373 an
551 1340 661 1382 ejusd.
687 1351 812 1383 opera,
840 1352 893 1374 an
922 1343 1096 1374 elementa
1121 1342 1155 1382 3,
1181 1341 1214 1382 3,
1242 1341 1306 1381 133
1331 1338 1362 1372 si
1378 1337 1498 1372 vicina
1521 1342 1581 1370 tua
1605 1335 1733 1369 melius

240 1387 368 1419 habeat
385 1396 530 1428 aurum,
560 1397 664 1429 quam
689 1391 728 1419 tu
751 1387 881 1429 habes,
910 1392 998 1422 utr.
1022 1386 1117 1420 illius
1145 1397 1199 1419 an
1224 1390 1323 1418 tuum
1345 1383 1471 1418 malis?
1501 1385 1585 1418 Cio.
1607 1384 1651 1426 5,
1676 1383 1732 1423 11,

241 1433 287 1466 28
308 1433 352 1481 Ν.
380 1444 426 1464 cr.
455 1430 503 1475 [a.
528 1435 550 1464 l.
577 1437 741 1466 utrumne
767 1443 855 1467 vere
884 1445 944 1477 pro
969 1443 1104 1467 verene
1132 1434 1174 1475 9,
1197 1430 1240 1474 4,
1265 1428 1340 1475 93.]

195 1474 331 1518 UXOI‘·
378 1487 493 1522 aliena
523 1499 619 1522 uxor
650 1492 691 1531 7,
729 1493 768 1532 1,
799 1489 856 1523 24.
886 1501 930 1523 an
963 1490 1205 1532 deprehensus
1235 1488 1272 1522 in
1305 1485 1468 1530 lupanari
1503 1477 1584 1520 cuin
1607 1483 1735 1518 ¹aliena

240 1545 356 1567 uxore
382 1535 521 1568 adulter
550 1534 595 1567 sit
619 1535 666 1576 7,
698 1537 739 1574 3,
765 1535 808 1569 ’6.
841 1538 874 1573 9,
908 1534 1118 1568 adulterium
1152 1544 1234 1568 cum
1269 1532 1386 1568 aliena
1411 1542 1476 1566 ux.
1513 1529 1610 1565 domi
1636 1529 1735 1563 coire

242 1582 285 1613 ib.
314 1583 369 1614 10.
395 1580 463 1613 alia
486 1579 602 1613 mariti
628 1582 709 1615 adv.
732 1591 884 1614 uxorem
911 1580 1109 1614 moderatio
1133 1580 1174 1619 6.
1198 1582 1240 1622 2,
1268 1577 1323 1612 14.
1358 1589 1453 1612 uxor
1479 1575 1605 1611 marito
1629 1574 1735 1618 dixit,

241 1626 452 1670 appellatam
479 1636 517 1660 se
546 1626 590 1660 de
615 1632 736 1670 stupro
763 1638 782 1659 a
805 1626 970 1673 privigno
993 1626 1029 1669 4,
1054 1629 1100 1670 2,,
1116 1627 1173 1661 98.
1207 1635 1272 1670 per
1295 1626 1394 1671 leges
1417 1621 1552 1657 institui
1575 1632 1638 1660 nx.-
1661 1631 1736 1654 non
1788 1650 1792 1659 ,

241 1677 380 1716 poterat
404 1673 508 1705 heres
533 1673 578 1714 9,
602 1675 645 1714 2,
669 1671 716 1707 74
738 1673 783 1706 Ν.
810 1672 994 1717 querenti,
1032 1673 1126 1716 quod
1150 1683 1214 1706 nx.
1241 1682 1304 1705 sua
1327 1682 1347 1704 e
1372 1671 1441 1704 fico
1465 1681 1504 1703 se
1529 1666 1737 1712 suspendis-

243 1723 298 1752 set
322 1719 366 1760 6,
391 1719 430 1758 3,
459 1718 518 1752 88.
547 1719 728 1762 quomodo
753 1725 877 1752 contra
901 1725 1109 1764 querentem
1133 1729 1196 1752 ux.
1224 1716 1280 1764 agi
1305 1727 1446 1750 causam
1471 1718 1661 1762 oporteret¹
1678 1715 1736 1754 11,

245 1767 285 1803 1,
309 1764 366 1799 59.
393 1769 474 1797 sunt
499 1769 533 1797 et
556 1764 638 1798 illae
664 1763 838 1808 (controv.)
863 1776 976 1809 paene
1004 1766 1050 1799 ad
1074 1764 1347 1800 deliberativum
1368 1761 1587 1809 pertinentes
1611 1769 1735 1808 genus,

245 1811 453 1844 ducendane
479 1821 543 1843 ux.
569 1817 630 1849 etc.
664 1813 709 1852 2,
733 1809 774 1852 4,
797 1812 855 1845 25.

199 1852 408 1897 Uxorius.
455 1866 508 1901 rei
532 1866 684 1902 uxoriae
707 1867 798 1902 ratio
821 1871 858 1912 7,
886 1867 923 1911 4,
948 1871 989 1903 11
1015 1868 1062 1902 Ν.

939 2017 997 2065 V.

202 2101 259 2144 V·
292 2115 380 2157 (vav
404 2119 481 2158 legit
505 2118 574 2160 Sp.
602 2119 635 2158 1,
659 2115 695 2160 4,
721 2117 778 2151 14.
803 2130 901 2162 quam
922 2125 959 2151 ut
984 2118 1124 2161 explicet
1145 2118 1314 2151 lectionem
1337 2117 1371 2149 in
1393 2115 1478 2149 notis
1500 2093 1636 2157 operani
1662 2112 1734 2153 dat,

247 2162 305 2193 sed
332 2165 373 2195 Z.
404 2175 445 2195 ex
469 2169 549 2205 opit.
583 2165 687 2197 Codd.
711 2165 831 2205 velut3
867 2176 900 2197 v.
930 2164 978 2198 N.
1004 2177 1049 2197 cr.
1077 2170 1107 2196 et
1135 2161 1187 2206 S.)
1460 2173 1463 2175 “

202 2214 448 2258 vacillatio·
491 2229 660 2264 indecora
683 2230 722 2264 in
748 2232 915 2265 dextrum
947 2242 988 2266 ac
1012 2232 1157 2266 laevum
1179 2231 1271 2265 latus
1294 2240 1374 2266 vac.
1403 2229 1461 2272 11,
1485 2227 1522 2269 3,
1547 2225 1626 2259 ¹28·

203 2282 387 2326 vacillo·
434 2308 482 2331 ex
502 2297 590 2333 vino
613 2298 824 2334 vacillantes
852 2301 937 2333 Cic.
962 2301 1005 2343 8,
1029 2301 1074 2342 3,
1098 2299 1156 2334 66.

203 2350 337 2395 vaco.
375 2363 412 2406 I)
439 2368 480 2398 ab
502 2369 617 2411 aliqua
639 2380 686 2400 re.
716 2366 752 2409 α)
776 2370 988 2411 simpliciter:
1015 2368 1122 2401 debet
1146 2376 1276 2402 vacare
1299 2361 1423 2407 locus,
1450 2362 1488 2396 in
1511 2371 1583 2406 (Ῑὶζο
1606 2365 1736 2394 noten-
1765 2355 1770 2365 ’

246 2415 316 2452 tur,
342 2422 432 2454 quae
457 2419 518 2445 etc.
549 2414 611 2454 10,
636 2415 679 2454 3,
705 2414 762 2447 33.
789 2412 832 2454 cf.
860 2415 895 2456 9,
919 2413 954 2456 4,
983 2415 1058 2447 118.
1085 2418 1272 2448 vacantem
1295 2418 1471 2453 occupare
1496 2409 1616 2441 locum
1641 2407 1675 2448 8,
1699 2406 1735 2448 6,

248 2456 303 2492 18.
338 2458 481 2491 videtur
505 2457 637 2502 aliquid
669 2459 812 2493 vacanti
836 2458 988 2511 tempori
1013 2470 1060 2492 ex
1085 2469 1153 2501 eo,
1189 2458 1284 2502 quod
1309 2454 1527 2500 insequitur,
1563 2452 1734 2487 accedere

247 2503 289 2543 9,
317 2500 358 2544 4,
385 2504 442 2537 93.
499 2503 550 2547 β)
582 2517 612 2536 c.
637 2507 774 2538 Amat„-
809 2505 1014 2538 criminibus
1043 2504 1115 2538 odii
1150 2510 1186 2538 et
1213 2502 1344 2551 gratiae
1369 2505 1498 2536 vacant
1520 2501 1582 2541 10,
1611 2500 1650 2540 1,
1676 2495 1734 2530 34.

247 2547 340 2580 curis
365 2554 531 2582 vacantes
558 2551 623 2592 10,
651 2552 692 2592 3,
720 2551 775 2585 29.
805 2550 849 2592 cf.
880 2554 910 2592 1,
942 2554 974 2592 1,
1003 2551 1056 2584 16.
1096 2552 1150 2592 10,
1181 2552 1213 2593 3,
1237 2550 1294 2584 29.
1318 2553 1358 2582 ut
1380 2545 1503 2580 militia
1525 2549 1671 2579 vacaret
1697 2544 1734 2585 9,

247 2594 281 2633 2,
305 2595 360 2627 85.
387 2596 482 2637 quod
501 2605 612 2628 onere
631 2595 840 2640 gravissimo
864 2601 994 2631 vacent
1021 2599 1052 2636 1,
1076 2597 1111 2637 6,
1137 2596 1194 2630 36.
1239 2596 1302 2635 11)
1328 2594 1428 2627 alicui
1451 2594 1510 2625 rei.
1543 2590 1583 2631 α)
1604 2592 1734 2631 simpl..-

249 2647 321 2670 non
340 2639 475 2685 indigni
498 2641 714 2687 cognitione,
737 2641 775 2674 si
793 2653 850 2676 va
864 2648 939 2675 cet
966 2644 1020 2682 10,
1039 2645 1071 2683 1,
1088 2643 1145 2676 90.
1169 2653 1246 2684 opp.
1266 2642 1537 2682 occupatos.
1555 2637 1611 2678 10,
1627 2635 1734 2687 3,.27.

245 2680 284 2725 β)
311 2696 338 2715 c.
364 2688 448 2717 Dat.
463 2700 472 2718 .·
498 2686 533 2719 in
559 2686 682 2720 studiis
705 2687 815 2734 magis
838 2688 981 2722 vacabit
1003 2698 1095 2721 unus
1118 2686 1180 2719 uni
1202 2689 1234 2727 1,
1260 2689 1296 2728 2,
1320 2686 1352 2720 9.
1379 2683 1440 2727 qui
1463 2683 1608 2726 paulum
1627 2686 1733 2714 etiam

246 2728 463 2770 palaestricis
499 2739 719 2767 vacaverunt
752 2737 792 2775 1,
829 2736 894 2774 11,
934 2734 987 2767 15.
1021 2743 1088 2766 nos
1122 2731 1322 2776 potioribus
1354 2737 1523 2764 vacemus
1556 2726 1600 2779 4,
1629 2729 1675 2770 2,
1699 2723 1741 2758 4ν

246 2772 290 2814 cs:
312 2775 347 2817 9,
371 2773 508 2817 43113.
532 2778 616 2811 soro
639 2784 801 2813 vacasset
817 2782 873 2821 10,
901 2782 933 2822 1,
961 2777 1037 2812 114.
1065 2777 1183 2812 studio
1207 2776 1325 2820 operis
1349 2773 1579 2819 pulcherrimi
1601 2781 1733 2807 vacare
