1728 3002
573 238 796 298 Exquisite
833 260 890 269 —
928 235 1065 278 Extra
1505 231 1590 276 317

70 386 77 389 .
105 360 165 396 33.
192 357 276 401 illa,
299 365 391 402 quae
412 335 594 399 utcunque
617 352 761 388 deflexa
782 354 883 402 sunt,
914 353 1083 394 tanquam
1104 345 1530 401 exquisitiora-miramur
1550 351 1588 392 2,

106 407 143 449 5,
162 398 227 446 1'13
253 405 403 440 alterum
415 401 533 446 (genus
546 395 759 440 schematum)
783 406 942 430 maxime
958 396 1195 430 oouocauone
1211 400 1430 439 exquisitum
1448 396 1485 438 9,
1497 397 1531 438 3,
1550 398 1588 429 2.

60 447 299 515 Exquisite.
345 460 587 505 eleganter
609 462 715 501 atque
740 451 984 498 exquisite
1006 450 1138 486 dictum
1163 453 1198 495 8,
1222 454 1259 496 2,
1280 454 1339 486 21.
1372 452 1587 497 exquisitius

60 505 576 607 ΕΞὲῐῖἷέῐέΙίιὲ,-7-5.αοῐίο
600 561 657 602 10,
679 561 716 601 7,
743 557 798 592 16.
833 554 959 600 aliquis
981 559 1060 590 ext·
1087 555 1191 589 color
1215 555 1272 597 10,
1296 554 1331 596 6,
1356 554 1391 588 5.
1428 559 1506 589 ext.
1534 553 1589 588 di-

106 609 244 643 ctiones
269 610 306 651 2,
331 607 367 651 4,
390 610 447 643 27.
474 606 681 641 facilitatem
705 609 780 638 ext.
810 605 864 645 10,
889 605 926 646 7,
956 602 1013 636 18.
1042 619 1089 628 -—
1120 602 1301 635 fortunam
1328 602 1391 643 10,
1414 600 1456 644 6,
1484 604 1517 634 1.
1541 618 1588 626 —-

107 654 294 702 garrulitas
316 656 351 696 2,
375 652 411 696 4,
437 653 491 688 15.
518 670 563 678 —
585 650 702 686 oratio
724 649 761 693 4,
791 651 825 692 1,
852 648 907 683 54.
933 650 991 691 11,
1012 649 1049 691 2,
1071 649 1107 682 3.
1143 657 1348 682 successum
1370 651 1447 680 ext.
1472 649 1529 691 10,
1552 650 1589 691 7,

107 702 165 735 73.
192 717 235 726 -
258 699 492 734 temeritatem
515 700 572 741 10,
598 698 634 740 6,
656 698 691 732 8.

62 744 273 787 ΕΧΐθΙΙᾱΟ·
318 757 353 799 Ι)
376 767 493 803 genua
515 760 635 797 recta,
667 752 720 787 sic
742 757 879 792 tamen,
913 754 953 783 nt
974 758 1049 783 non
1075 749 1316 783 extendantur
1347 751 1413 792 11,
1437 751 1483 793 3,
1507 750 1589 786 159.

105 811 252 836 manum
275 801 408 837 infesto
434 801 564 847 pollice
591 798 755 834 extendit
780 800 823 831 ih.
851 797 935 837 119;
972 794 1078 841 rigidi
1114 800 1151 828 et
1183 794 1323 828 extenti
1357 804 1419 830 etc.
1453 796 1589 839 (oculi)

107 851 174 891 11,
196 850 240 888 3,
263 848 310 883 76
332 849 380 882 Ν.
404 860 452 882 cr.
505 847 557 888 ll)
587 849 724 879 transh:
763 854 831 877 nec
859 847 995 875 mutare
1020 841 1129 874 modo
1162 842 1333 885 quaedam
1356 842 1490 885 verba,
1524 843 1589 876 sed

108 894 392 937 extendere,
426 892 677 936 corripere
707 897 768 923 etc.
804 891 869 929 10,
894 891 934 930 1,
957 889 1015 923 29-
1055 886 1168 931 ipsam
1195 886 1292 938 illam
1324 888 1472 931 seriem,
1507 900 1589 922 cum

107 939 177 974 alia
199 939 304 974 simili
325 940 511 987 jungentes
534 938 805 979 miscentesque,
827 936 919 967 ultra
942 944 1048 977 quam
1070 933 1163 966 ullus
1187 932 1329 976 spiritus
1352 934 1480 968 durare
1502 945 1590 978 pos-

106 984 171 1028 sit,
194 986 392 1020 extendunt
412 987 457 1028 8,
479 987 514 1026 2,
539 985 594 1018 17.
631 981 859 1027 partitionem
883 981 976 1014 utu-a
1001 985 1074 1013 tres
1099 977 1363 1023 propositiones
1391 981 1590 1015 extendere

63 1055 339 1116 Ext'entiafio.
395 1083 507 1128 (fig.)
541 1085 585 1127 9,
618 1085 659 1127 1,
691 1083 749 1118 28.
796 1080 1089 1116 extenuationem
1118 1080 1477 1128 deprecationemque
1510 1095 1591 1128 opp.

110 1131 386 1176 superlationem
409 1130 571 1166 veritatis
595 1135 631 1164 et
655 1127 900 1172 trajectionem
928 1130 963 1171 9,
989 1131 1026 1172 2,
1049 1130 1083 1162 3.

65 1174 214 1217 Exter.
270 1188 306 1229 1)
329 1189 431 1221 Posit.
445 1202 455 1220 :
481 1187 643 1221 nationes
661 1192 805 1220 exteras
831 1188 887 1227 11,
909 1187 942 1228 1,
962 1185 1020 1220 89.
1072 1182 1125 1228 11)
1149 1184 1346 1236 'fiuperlaue
1379 1180 1591 1235 ᾆμοιὸπτο-

107 1244 174 1267 τον
197 1249 244 1258 -
273 1234 467 1277 respondet
489 1234 552 1268 vel
573 1231 730 1276 primis
751 1230 846 1265 inter
867 1242 932 1274 se,
962 1231 1024 1264 vel
1046 1230 1236 1272 medus,
1268 1230 1331 1264 vel
1354 1233 1590 1267 extremis

107 1279 144 1322 9,
168 1280 204 1321 3,
227 1279 284 1314 78.
319 1284 531 1313 extrema
556 1289 599 1311 ac
621 1277 767 1322 prima
786 1280 919 1311 coeunt
944 1277 981 1318 9,
1003 1274 1039 1318 4,
1063 1274 1132 1318 44;
1159 1281 1322 1309 extrema
1346 1278 1532 1312 conclusio
1554 1281 1591 1323 9,

106 1322 152 1366 4,
181 1326 260 1358 123.
297 1330 391 1358 extr.
417 1325 611 1368 complexu
633 1334 779 1357 suorum
803 1323 847 1364 8,
870 1322 912 1364 3,
934 1323 997 1356 68.
1038 1327 1153 1356 extr.
1180 1321 1280 1368 digiti
1305 1335 1382 1366 opp.
1405 1324 1588 1367 priores

108 1370 166 1412 11,
190 1371 227 1412 3,
249 1370 307 1406 99.
344 1375 437 1403 extr.
466 1369 665 1414 expirantis
687 1368 804 1402 hiatus
830 1369 871 1405 6.
895 1371 929 1410 2,
953 1370 1011 1402 31.
1044 1373 1138 1402 extr.
1164 1367 1265 1411 quasi
1290 1367 1472 1404 insultatio
1494 1372 1529 1412 8,
1554 1373 1589 1414 5,

106 1416 167 1449 11.
197 1421 292 1449 extr.
315 1415 432 1449 lineae
455 1418 498 1458 1,
523 1418 583 1457 10,
607 1417 665 1450 29.
699 1417 766 1457 10,
792 1416 838 1457 2,
863 1417 899 1448 7.
933 1419 1027 1448 extr.
1050 1424 1149 1447 oram
1174 1413 1317 1457 (sinus)
1349 1418 1412 1457 11,
1439 1418 1485 1459 3,
1511 1416 1591 1452 140.

107 1466 203 1499 extr.
234 1462 392 1506 syllabae
428 1463 473 1504 1,
496 1461 541 1505 6,
564 1460 598 1495 4.
634 1464 676 1503 1,
703 1464 764 1502 11,
787 1461 823 1494 8.
851 1461 897 1503 9,
924 1462 968 1502 3,
991 1461 1049 1494 75.
1088 1462 1152 1503 11,
1177 1461 1220 1502 3,
1245 1462 1302 1493 33.
1337 1467 1398 1494 aut
1419 1464 1589 1506 proxima

107 1512 291 1541 extremae
316 1513 377 1540 aut
398 1507 442 1540 ab
470 1518 514 1541 ea
541 1507 645 1541 tertia
669 1504 792 1550 (syn.)
819 1508 862 1549 1,
886 1507 928 1549 5,
952 1507 1010 1540 30.
1041 1511 1137 1539 extr.
1161 1504 1345 1540 L.·Crassi
1370 1509 1590 1553 temporibus

108 1553 144 1594 2,
166 1551 203 1595 4,
224 1552 281 1586 42.
313 1559 408 1587 extr.
433 1551 614 1596 (nemrim)
641 1554 677 1595 8,
701 1554 737 1596 5,
759 1554 816 1586 33.
1105 1566 1112 1571 ·

63 1594 292 1639 Exterflus·
350 1614 502 1643 externa
527 1607 664 1653 (verba)
689 1622 766 1652 opp.
789 1613 910 1642 nostra
934 1609 977 1650 1,
1002 1608 1043 1650 5,
1066 1608 1124 1644 58.
1160 1619 1267 1652 quam
1290 1607 1436 1644 minime
1460 1622 1589 1655 pere·

110 1653 244 1734 gringa
266 1660 310 1734 eg
324 1661 520 1735 exsterna
545 1654 683 1700 (verba)
709 1656 754 1698 8,
778 1657 822 1698 1,
846 1657 883 1695 2.
918 1653 1022 1687 bellis
1045 1653 1279 1690 civilibus
1303 1661 1410 1701 atque
1433 1663 1590 1693 exter-

64 1724 66 1726 *
107 1709 182 1735 nis
360 1704 383 1735 7
408 1725 417 1734 .

61 1724 255 1787 Exterm’
289 1725 330 1790 ui
353 1767 442 1801 opus
464 1755 618 1800 poliat
643 1755 751 1800 lima,
778 1767 852 1791 non
875 1760 1059 1791 exterat
1087 1758 1144 1799 10,
1166 1754 1204 1800 4,
1229 1756 1268 1792 4.

64 1799 295 1855 EXfiDgilss·
349 1814 444 1857 quod
467 1813 624 1855 abjectus
645 1813 685 1846 in
710 1814 946 1858 profluentem
971 1824 1044 1847 non
1069 1813 1226 1857 potnerit
1253 1812 1417 1868 extingui
1443 1815 1591 1856 (Romu-

69 1867 74 1872 ·
112 1854 180 1899 lus)
203 1859 239 1898 3,
260 1857 296 1899 7,
319 1857 360 1898 5;
383 1859 538 1891 calorem
566 1858 789 1905 cogitationis
815 1858 994 1904 extinguit
1014 1869 1114 1892 mora
1138 1866 1174 1893 et
1198 1859 1393 1895 diffidenna
1407 1863 1442 1905 8,
1457 1864 1515 1901 Pr.
1532 1867 1592 1899 27.

110 1904 151 1934 nt
174 1909 248 1933 non
270 1902 559 1946 extinxerit,
587 1904 860 1940 debilitavit
884 1910 1004 1939 tamen
1028 1905 1148 1949 (vires)
1176 1906 1220 1950 6,
1243 1906 1303 1940 Pr.
1327 1910 1393 1951 155
1429 1909 1591 1945 extincta

113 1947 152 1988 9,
174 1946 210 1988 3,
233 1943 279 1980 49
300 1957 333 1979 v.
356 1948 517 1982 Deleo.

19 2016 28 2050 ς
67 1991 197 2035 Exto.
232 1999 280 2053 21)
306 2001 396 2053 haec
419 2001 595 2037 enitere
618 2009 654 2038 et
678 2009 846 2040 extare
869 2005 1088 2050 aliquatenus
1107 2007 1143 2048 8,
1157 2006 1192 2049 5,
1211 2008 1268 2043 29.
1313 2007 1366 2051 11)
1389 2010 1413 2042 ἰ.
1430 2023 1461 2055 q.
1484 2024 1589 2046 sum.-

16 2067 23 2079 .
42 2082 49 2089 ,
113 2057 265 2134 ξδοιιιῚιιῙι
275 2056 420 2125 bot-:ulus
442 2053 566 2081 auctor
587 2058 660 2082 non
683 2055 782 2083 extat
805 2051 845 2094 7,
867 2054 910 2094 2,
937 2052 994 2086 52.
1034 2052 1135 2095 cujus
1161 2058 1234 2087 tres
1257 2054 1439 2089 orationes
1465 2062 1593 2092 extant

66 2118 259 2199 Extulit).
306 2157 491 2191 quousque
514 2149 638 2182 deceat
664 2152 866 2193 extollere,
893 2151 988 2194 quod
1015 2150 1118 2185 nobis
1141 2162 1215 2185 non
1238 2153 1395 2188 creditur
1414 2157 1450 2198 8,
1473 2156 1508 2200 6,
1532 2151 1591 2194 7'4.

73 2191 79 2201 ¹
113 2194 260 2231 humilia
280 2194 458 2228 extollere
480 2193 601 2236 (stilo)
627 2198 690 2237 10,
715 2195 760 2238 4,
785 2199 816 2230 1.
859 2197 1187 2239 amplificationibus
1218 2201 1370 2233 extollat
1391 2202 1592 2239 orationem

55 2242 58 2243 ’
115 2244 184 2283 12,
211 2241 271 2281 10,
296 2239 353 2273 62.
388 2243 428 2272 tlt
451 2239 546 2272 aliud
569 2246 726 2283 crescat,
750 2241 845 2275 aliud
869 2247 1080 2287 augetur3
1119 2241 1205 2276 inde
1228 2244 1273 2276 ad
1294 2243 1354 2287 id,
1381 2248 1478 2290 quod
1504 2260 1590 2284 ex-

115 2285 221 2321 tolli
244 2286 430 2336 volumus,
457 2285 594 2320 ratione
620 2280 760 2321 ducitur
780 2288 817 2330 8,
839 2287 875 2330 4,
899 2290 953 2322 15.
978 2299 1013 2321 v.
1036 2287 1205 2334 Augeo.
1236 2289 1300 2333 (sui
1320 2300 1360 2325 se
1383 2301 1489 2338 supra
1510 2306 1591 2330 mo..

113 2334 196 2366 dum
218 2331 359 2364 extollit
385 2333 442 2373 11,
467 2333 501 2374 1,
526 2332 583 2365 16.

9 2428 13 2434 ν
68 2377 328 2430 Extorqueo·
383 2391 522 2422 ἰνιιτιεῑ..ι
554 2387 616 2422 illa
645 2386 746 2432 ipsa,
780 2397 870 2433 quae
905 2392 1187 2433 extorquet,
1218 2388 1471 2436 impetrare
1506 2409 1590 2433 eum

114 2434 239 2468 eredas
263 2434 320 2474 10,
345 2434 380 2475 1,
406 2435 484 2470 110.
521 2434 635 2478 prima
655 2433 810 2467 felicitas
836 2434 1087 2481 interrogantis
1113 2441 1185 2477 est,
1222 2443 1459 2485 extorquere,
1493 2446 1591 2487 quod

111 2479 146 2513 is
170 2476 325 2511 noluerit
353 2479 393 2520 5,
418 2481 460 2520 7,
486 2482 542 2514 17.
579 2486 619 2514 ut
640 2479 780 2522 invitis,
813 2481 910 2524 quod
932 2480 1065 2524 prosit,
1097 2486 1311 2526 extorqueat
1332 2488 1375 2519 ib.
1403 2490 1461 2522 27.
1496 2491 1592 2532 judi-

114 2524 231 2564 cium,
266 2524 361 2567 quod
388 2523 542 2558 audienti
564 2537 649 2559 suus
671 2525 801 2570 cuique
824 2527 930 2560 favor
953 2531 1015 2559 aut
1039 2526 1103 2560 ille
1123 2527 1341 2564 laudantium
1363 2533 1499 2568 clamor
1520 2547 1591 2571 ex-

56 2614 57 2618 *
111 2573 255 2613 torquet
277 2570 335 2610 10,
359 2571 393 2610 1,
418 2573 461 2606 17
484 2571 533 2604 Ν.

69 2614 216 2656 Extra.
274 2624 309 2668 1)
336 2628 495 2668 praepos.
509 2640 519 2659 .-
552 2636 642 2670 quae
663 2631 768 2660 extra
788 2636 856 2660 nos
878 2627 974 2660 bona
995 2632 1078 2661 sunt
1099 2629 1141 2671 3,
1166 2631 1212 2673 ⁷,
1235 2632 1288 2665 13.
1322 2634 1456 2669 aunam
1479 2649 1590 2681 quae.

115 2671 267 2705 stionem
289 2676 393 2705 extra
414 2671 505 2705 haec
528 2677 650 2715 putant
670 2673 715 2714 3,
737 2673 783 2714 6,
809 2674 865 2706 28.
906 2678 1011 2706 extra
1044 2672 1135 2708 haec
1161 2674 1201 2709 in
1230 2677 1371 2719 judiciis
1395 2681 1473 2715 fere
1500 2684 1590 2719 nibil

114 2722 170 2751 est
192 2717 227 2759 5,
251 2718 307 2758 13,
329 2715 363 2750 4.
399 2723 515 2751 metus
538 2717 632 2761 ipse,
657 2717 719 2761 qui
739 2718 895 2752 maxime
917 2718 1061 2752 videtur
1085 2731 1164 2754 esse
1186 2727 1291 2756 extra
1313 2725 1402 2759 haec
1423 2727 1459 2769 4,
1480 2731 1513 2770 1,
1530 2731 1588 2764 51.

38 2763 71 2809 ,.‘
114 2761 233 2804 certa,
265 2767 368 2795 extra
401 2773 492 2806 quae
520 2762 591 2796 dici
618 2762 708 2797 nihil
733 2763 846 2808 possit
875 2764 919 2806 5,
943 2765 1010 2807 13,
1031 2763 1093 2813 49.
1123 2768 1336 2812 propositis,
1366 2778 1470 2806 extra
1545 2786 1588 2809 ae

112 2806 204 2841 nihil
226 2812 339 2852 esset,
361 2807 526 2845 omnibus
547 2811 584 2854 7,
608 2811 646 2854 1,
668 2810 733 2853 315
765 2809 852 2844 solis
874 2814 979 2846 extra
1002 2815 1115 2846 artem
1138 2813 1408 2857 probationibus
1430 2819 1466 2863 6,
1514 2845 1526 2864 ,
1548 2820 1583 2855 4.
