1728 3002
355 133 366 139 ‚
434 152 615 196 Prorsus
644 175 700 184 -
728 148 1040 206 prosopopoeia
1412 145 1495 188 ⁷15

0 262 79 311 319.
102 272 134 306 si
160 269 405 318 grammatices
427 278 555 303 munus
578 275 692 311 usque
716 263 761 299 ad
783 261 958 298 suasorias
979 266 1191 310 prorogatur
1211 262 1246 304 2,
1271 262 1305 302 t,
1325 260 1360 295 8.
1382 270 1495 304 quan-

0 320 97 361 utmn
120 317 272 351 dicendo
295 314 614 357 consumitur,
650 314 787 346 tantum
811 320 861 344 ex
890 308 1016 343 ultimo
1043 311 1347 354 prorogetur
1374 308 1437 350 10,
1460 308 1496 348 7,

0 407 173 450 'rursum
198 405 317 464 'prim'-
350 427 455 452 causa
476 426 532 461 pr.
560 414 679 463 gravis
705 415 747 456 1,
769 415 815 456 2,
837 413 872 447 3.
906 421 961 456 pr.
986 408 1225 444 necessarium
1248 413 1304 443 est
1325 411 1367 452 2,
1394 409 1438 452 8,
1463 408 1498 443 6.

22 476 77 510 pr.
102 463 313 511 negligentis
342 468 402 497 aut
422 461 512 509 pigri
536 467 591 496 est
616 463 684 504 11,
711 461 754 502 3,
781 456 861 494 149.
892 456 939 499 cs·
963 457 1006 500 9,
1025 454 1171 508 .⁴'².¹2¹·
1193 466 1248 500 pr.
1271 454 1396 490 canina
1422 455 1498 488 elo-

24 510 170 555 quentia
198 511 265 554 12,
286 509 330 550 9,
353 509 389 544 9.
422 507 543 542 similis
570 507 730 542 Graecae
755 515 798 539 ac
819 514 873 548 pr.
902 513 978 546 ejus
1001 502 1173 546 dlscl'pula
1188 502 1264 554 ,12,
1288 502 1353 544 10,
1379 503 1437 535 27.
1463 506 1500 534 et

0 566 111 590 sane
139 554 229 590 nihil
251 553 397 590 <facilius
433 559 510 598 est,
542 553 612 587 nisi
636 565 700 598 pr.
726 555 879 585 totam
902 558 1043 583 causam
1074 556 1269 581 omnino
1291 556 1366 581 non
1393 556 1499 593 agere

24 598 70 644 4,
95 603 140 644 2,
163 601 219 636 66.
244 595 313 636 nec
337 599 393 634 ita
407 610 484 644 pr.,
515 604 555 634 ut
579 609 647 643 nos
668 597 781 645 vulgo
804 593 1001 640 loquimur,
1029 592 1258 646 pronuptiant
1279 594 1322 635 2,
1353 593 1418 634 10,
1443 593 1499 625 13.

26 656 143 690 neque
170 639 265 680 enim
285 657 349 690 pr.
379 650 529 680 tamen
553 644 745 680 omittenda
775 652 859 688 pars
887 642 977 675 haec
1007 644 1178 674 orationis
1203 640 1358 691 12,-10,
1376 639 1438 690 38.
1461 643 1501 670 ut

25 703 80 737 pr.
95 698 224 736 'posset
246 691 330 726 hinc
356 701 436 726 esse
460 696 574 725 metus
599 691 635 734 6,
654 692 714 725 Pr.
736 691 792 728 10,
815 685 887 722 nisi
913 697 993 720 cum
1014 696 1068 730 pr.
1094 686 1201 719 rebus
1218 694 1307 729 ipsis
1327 684 1500 727 adjuvan-

0 743 85 778 ,Jur-
105 738 153 781 6,
179 740 221 781 3,
244 736 302 772 48.
338 747 393 782 pr.
426 736 562 781 recipio
586 738 679 771 hanc
706 735 858 771 brevem
885 731 1149 767 annotationem
1174 731 1237 772 10,
1260 732 1301 772 7,
1322 730 1380 764 31.
1431 730 1501 763 hoc

26 788 124 818 certe
148 795 202 828 pr.
224 781 297 827 (de
319 782 406 826 conj.
426 785 543 825 Regii3
574 778 843 826 Compi-ocul)
867 777 1045 814 eximatur
1071 776 1190 811 animo
1213 778 1271 819 12,
1295 778 1330 819 1,
1354 777 1411 811 32.

0 826 127 870 ι’ῐῡδῧο
171 850 278 884 prosa
301 845 340 873 ut
363 849 569 877 mucronem
592 849 658 883 pro
685 837 825 883 gladio,
862 841 900 871 et
930 839 1065 869 tectum
1094 843 1161 877 pro
1189 833 1295 866 domo
1328 831 1499 885 recipiet:

27 884 78 918 ita
103 895 177 919 non
199 884 343 930 puppim
363 895 431 929 pro
453 884 556 937 ¹¹³Yi³
585 895 652 918 nec
674 883 828 918 abietem
850 892 917 934 pro
939 878 1080 932 tabellis
1103 880 1145 920 8,
1168 878 1215 930 6,
1239 879 1296 911 20.
1326 883 1372 911 sit
1394 879 1501 912 lectio

19 931 735 1021 .ff¹÷u‘3”;l.i·‡¹2m¹:fss⁸t‘im⁸t¹;³}¹⁸qu-0d”8;
755 924 1502 1021 ffiffpff.ss‘}2ug,}mm·‘{”⁸⁰ffi‚¹goiz}j

18 1020 112 1067 ,nire
139 1021 283 1066 quidam
316 1017 422 1056 etiam
445 1031 618 1066 prosae
639 1025 763 1066 putant
784 1020 820 1061 8,
841 1019 877 1061 6,
903 1021 957 1053 17.
981 1027 1088 1062 prosa
1113 1020 1288 1066 scriptum
1305 1014 1350 1056 9,
1376 1013 1420 1056 4,
1437 1016 1502 1066 .52.

29 1077 114 1102 omn
134 1068 228 1102 hanc
249 1067 455 1102 felicitatem
481 1077 555 1101 non
577 1076 718 1110 prosa
743 1065 850 1099 modo
882 1063 982 1098 multi
1012 1063 1083 1097 sint
1105 1065 1290 1096 consecuti
1313 1060 1376 1093 sed
1399 1065 1504 1094 etiam

30 1109 243 1148 dormine
266 1114 328 1156 (a.
351 1118 376 1148 1.
402 1115 451 1146 bie
475 1115 572 1146 inser.
602 1111 663 1152 in)
691 1113 755 1154 10,
776 1113 822 1153 7,
847 1111 902 1145 19.
933 1110 972 1142 in
993 1120 1100 1153 prosa
1122 1117 1266 1152 quoque
1291 1110 1346 1139 est
1377 1107 1504 1156 quaed.

29 1159 100 1202 iam
121 1165 265 1204 recepta
285 1158 479 1192 immutatio
503 1161 537 1201 1,
553 1158 586 1200 5,
602 1159 658 1191 13.
687 1157 784 1201 quod
807 1166 923 1189 rarum
946 1155 986 1188 in
1010 1166 1066 1199 pr.
1093 1155 1196 1206 est-8,
1212 1152 1248 1195 6,
1261 1151 1478 1203 ὃόξ-αψεσι.
1492 1166 1502 1185 .-

30 1203 64 1238 ιὶ
90 1210 185 1239 esset
205 1215 349 1249 prosa
377 1203 561 1246 oratio,
595 1203 694 1236 easd.
719 1202 841 1235 literas
863 1200 1047 1234 enuntiare
1077 1209 1174 1234 veris
1201 1197 1349 1242 syllabis
1375 1197 1505 1230 licebat

33 1252 68 1292 1,
90 1248 135 1292 5‚·
149 1251 206 1285 18.
229 1249 321 1285 sicut
341 1249 480 1284 facilius
506 1258 673 1283 versus
697 1246 883 1282 ediscimus
902 1257 1004 1290 quam
1026 1255 1209 1289 prosam
1231 1241 1504 1286 orationem,

27 1293 79 1328 ita
100 1306 230 1341 prome
254 1295 376 1331 vincta
398 1306 503 1339 quam
525 1294 693 1327 dissoluta
718 1295 772 1335 11,
797 1295 831 1335 2,
858 1293 914 1327 39.
954 1304 989 1325 υ.
1015 1291 1260 1325 Pedester.

0 1336 200 1395 prosapia·
244 1353 288 1386 ab
310 1351 442 1387 ultimis
470 1357 505 1386 et
526 1351 597 1394 jam
625 1349 818 1384 obliteratis
847 1348 996 1392 repetita
1019 1346 1256 1390 temporibus,
1281 1344 1397 1397 qualia
1423 1350 1505 1378 sunt

0 1396 247 1441 7·'·p,r·osapia
270 1404 332 1432 eto.
358 1401 402 1441 1,
422 1398 467 1440 6,
488 1395 546 1431 40.
582 1397 646 1431 sed
669 1393 895 1440 prosapia
918 1393 980 1437 (Ζ.
1004 1395 1046 1427 «le
1069 1393 1176 1437 conj.;
1213 1393 1273 1435 Sp.
1299 1400 1503 1426 unwersam

0 1442 108 1486 εἰπε
129 1442 364 1488 prosapiam),
387 1443 558 1477 insulsum
579 1444 616 1486 8,
640 1444 674 1485 3,
698 1442 744 1476 26
767 1442 805 1474 S.

0 1495 258 1558 Proscriptio.
298 1509 509 1545 triumvirali
529 1521 581 1554 pr.
606 1512 661 1550 12,
689 1511 744 1549 10,
770 1510 828 1542 12.
1043 1557 1046 1564 Ι

0 1561 268 1619 Proscriptus·
297 1577 342 1611 de
363 1577 639 1621 proscriptorum
660 1575 782 1610 liberis
805 1578 862 1618 11,
886 1579 919 1618 1,
946 1575 1004 1611 85.

0 1627 307 1686 Proscripturit.
349 1644 385 1686 8,
408 1645 443 1687 6,
470 1645 526 1678 32.

0 1694 242 1753 Prosequor·
298 1710 341 1749 1)
363 1721 484 1744 earum
507 1710 708 1752 nationum,
740 1720 830 1754 quae
853 1709 992 1743 fletibus
1019 1714 1141 1752 natos,
1164 1708 1296 1743 laetitia
1319 1709 1509 1744 defunctos

0 1759 6 1767 ”
31 1760 297 1797 prosequuntur
322 1755 355 1795 5,
382 1758 438 1798 11,
462 1758 518 1791 38.
572 1757 627 1796 Π)
651 1760 764 1788 transl.
796 1754 839 1798 a)
861 1756 956 1788 unde
981 1765 1048 1788 nos
1061 1765 1136 1788 non
1158 1754 1195 1788 id
1218 1760 1362 1801 agentes
1386 1756 1508 1790 furtim

39 1799 150 1834 decor
171 1799 232 1833 ille
255 1800 469 1835 discentibus
491 1801 636 1835 traditus
657 1806 892 1844 prosequatur
910 1804 943 1842 1,
962 1802 1018 1842 11,
1039 1801 1095 1835 19.
1118 1799 1406 1844 nequeminores
1426 1811 1508 1834 eum

42 1843 239 1877 studiorum
261 1846 398 1879 fructus
423 1852 683 1890 prosequentur
708 1847 760 1886 (a.
782 1851 805 1879 1.
830 1856 988 1890 perseq.,
1014 1849 1059 1878 al.
1083 1844 1173 1889 seq.)
1198 1848 1254 1888 12,
1273 1847 1328 1888 11,
1348 1845 1373 1878 4
1388 1847 1434 1879 Ν.
1460 1859 1509 1884 cr.

40 1889 90 1924 ita
115 1900 183 1923 nos
204 1890 272 1924 hae
295 1890 464 1936 imagines
489 1897 750 1935 prosequuntur
773 1892 819 1933 6,
844 1894 887 1933 2,
914 1893 970 1925 30.
1003 1901 1071 1924 nec
1091 1897 1164 1924 tam
1186 1891 1327 1924 insolita
1350 1892 1425 1925 laus
1452 1901 1510 1926 es-

41 1941 97 1970 set
117 1941 306 1979 prosecuta
332 1936 504 1970 dicentem
530 1938 566 1979 8,
589 1939 625 1979 3,
647 1935 681 1970 4.
711 1949 745 1970 v.
768 1936 1048 1980 Persequor.
1071 1936 1298 1980 prosequitur
1322 1937 1411 1970 haec
1431 1948 1511 1974 me-

39 1980 153 2015 moria
175 1979 223 2013 in
246 1987 462 2016 senectutem
485 1985 526 2024 1,
547 1984 564 2015 1
579 2007 590 2024 ,
613 1982 670 2016 36.
715 1979 764 2026 β)
788 1984 822 2014 in
844 1983 998 2015 dicendo:
1036 1987 1076 2015 ut
1098 1981 1128 2015 si
1150 1982 1244 2015 forte
1268 1981 1352 2026 quid
1378 1983 1512 2016 sactum

39 2025 94 2061 ira
121 2026 182 2060 vel
208 2032 303 2060 metu
336 2034 398 2061 etc.
431 2026 586 2067 dicatur,
622 2027 749 2069 latius,
787 2038 878 2070 quae
914 2028 1084 2070 cujusque
1117 2027 1262 2060 affectus
1295 2033 1419 2061 natura
1453 2028 1512 2071 sit,

42 2082 296 2117 prosequamur
315 2073 356 2114 5,
378 2073 420 2114 8,
443 2075 477 2105 2.
505 2072 690 2113 materias,
727 2082 813 2116 quas
843 2071 1024 2115 discipulis
1057 2073 1103 2106 ad
1133 2071 1338 2106 discendum
1369 2073 1510 2117 dabant,

39 2128 118 2156 „non
141 2117 298 2150 contenti
324 2116 568 2151 divisione
597 2117 824 2163 dirigere,
856 2117 959 2150 latius
986 2117 1137 2151 dicendo
1159 2119 1513 2162 prosequeban-
1583 2122 1592 2130 “

43 2169 123 2198 tur
145 2165 191 2204 2,
215 2163 259 2203 6,
283 2165 316 2195 1.
352 2162 516 2196 materias
539 2162 606 2207 ipsi
635 2162 703 2197 sibi
732 2162 868 2207 fingunt
900 2168 935 2195 et
966 2163 1011 2196 ad
1041 2173 1160 2196 mores
1186 2163 1363 2197 actionum
1385 2174 1512 2208 prose-

44 2209 298 2253 quuntur·(-§p.
322 2206 436 2252 pers.)
458 2207 493 2251 4,
518 2210 551 2250 1,
577 2206 634 2242 43.
670 2208 836 2252 paulatim
859 2218 917 2241 res
938 2206 1078 2241 facilius
1103 2219 1142 2242 se
1167 2209 1376 2252 ostendent,
1399 2211 1513 2245 verba

43 2253 326 2298 respondebunt,
350 2253 560 2297 compositio
582 2259 815 2298 prosequetur
837 2257 895 2295 (a.
924 2257 946 2286 l.
971 2257 1157 2296 sequetur)
1182 2256 1245 2296 10,
1268 2255 1302 2296 3,
1327 2256 1362 2290 9.
1388 2256 1434 2288 N.
1464 2269 1512 2290 cr.

44 2310 113 2334 neo
136 2299 181 2332 sit
204 2304 274 2332 tam
299 2299 427 2343 longus
448 2298 612 2343 (sermo),
628 2300 678 2332 ‘ut
702 2310 783 2333 eum
804 2297 972 2343 prosequi
993 2309 1067 2332 non
1090 2298 1203 2342 possit
1232 2299 1381 2334 intentio
1408 2301 1454 2344 8,
1476 2304 1513 2343 2,

7 2363 10 2366 ·
47 2343 103 2378 14.
127 2350 189 2386 ut,
219 2342 249 2376 si
273 2343 452 2387 expositio
475 2344 570 2377 circa
590 2344 696 2377 finem
722 2350 827 2378 atrox
850 2344 979 2386 fuerit,
1010 2354 1264 2388 prosequamur
1287 2356 1383 2389 eam,
1412 2347 1513 2381 velut

47 2389 172 2433 spiritu
195 2394 417 2432 erumpente,
441 2388 600 2432 protinus
622 2389 862 2435 indignatione
883 2388 919 2432 4,
943 2391 977 2431 3,
1002 2391 1035 2424 5.
1058 2389 1119 2433 qui
1142 2390 1247 2424 etiam
1270 2391 1308 2424 in
1330 2390 1396 2435 iis,
1421 2402 1513 2436 quae

48 2439 131 2468 sunt
151 2433 349 2468 communia
369 2454 415 2460 —
438 2434 698 2481 vulgatissimos
724 2446 847 2468 sensus
873 2434 1016 2477 verbis,
1043 2435 1111 2469 nisi
1137 2441 1236 2479 tanto
1260 2442 1341 2471 ante
1366 2449 1514 2482 praepa-

46 2479 154 2521 ratis,
177 2479 344 2523 prosequi
369 2485 544 2523 nequeant
567 2483 610 2522 2,
638 2479 681 2522 4,
704 2482 761 2515 28.
793 2486 829 2514 et
850 2480 1145 2524 pulchritutiinem
1167 2481 1308 2516 interim
1334 2483 1515 2531 roburque

46 2524 293 2569 prosequimur
323 2526 459 2559 honore
481 2525 671 2560 verborum
695 2527 729 2568 3,
751 2529 788 2568 7,
816 2528 873 2559 12.
1242 2558 1250 2563 ,
1432 2523 1441 2538 ”

0 2576 3 2604 ῑ
37 2571 327 2625 rosopopoeia·
371 2581 413 2624 α)
438 2581 494 2615 his
517 2581 704 2626 praecipue
726 2581 815 2615 locis
839 2582 945 2616 utiles
971 2587 1050 2615 sunt
1074 2584 1372 2628 prosopopoeiae,
1395 2585 1431 2619 id
1448 2592 1516 2627 est,

7 2630 18 2670 ζ
47 2626 150 2660 fictae
183 2627 374 2661 alienarum
405 2637 635 2670 personarum
672 2627 870 2670 orationes,
901 2628 1024 2671 quales
1052 2627 1262 2676 litigatorem
1293 2631 1422 2665 decent
1452 2632 1515 2668 vel

49 2677 235 2715 patronum
261 2673 306 2715 6,
330 2675 371 2714 1,
395 2673 451 2707 25.
484 2683 551 2707 neo
572 2672 848 2718 prosopopoeiae
873 2673 918 2708 ad
942 2673 1116 2710 comicum
1141 2685 1275 2710 morem
1295 2676 1516 2720 pronuntiari
