1742 2964
137 165 220 205 964
767 144 771 146 ”
866 162 941 204 vis

186 276 351 314 civilibus
375 279 409 318 2,
435 277 491 319 15,
518 279 577 310 22.
610 275 655 318 cs.
681 279 716 319 2,
742 279 776 319 1,
805 279 837 311 5.
869 277 913 311 16
930 280 972 311 Ζ.
1006 288 1039 311 v.
1066 275 1272 312 inveniendi
1295 279 1339 320 2,
1365 277 1428 320 15,
1455 279 1509 312 13.
1535 289 1670 313 mumma

186 336 225 360 v.
253 322 378 362 orandi
404 324 442 364 2,
471 323 536 365 16,
560 324 595 359 9.
620 323 744 357 orandi
769 323 886 356 minor
907 334 941 358 v.
975 325 1039 364 10,
1065 324 1111 366 5,
1134 323 1169 358 6.
1193 335 1229 358 v.
1255 322 1475 367 percipiendi
1499 327 1539 366 1,
1560 328 1609 368 ’1,
1635 329 1669 359 1.

186 382 224 406 v.
249 368 484 415 persuadendi
510 371 552 411 2,
578 369 644 421 15¹,
671 371 705 402 3.
734 371 770 412 7,
794 371 828 412 3,
856 370 910 404 16.
938 381 974 404 v.
997 369 1236 421 probandi-ac
1257 368 1447 403 refellendi
1470 370 1527 423 10,
1549 373 1584 414 2,
1611 373 1670 408 27.

185 415 683 504 1³..r22‘52‘2‘2253ss3dfsszl332
713 416 889 495 {zssahfit
915 420 1030 504 3³1¹¹1³0
1040 415 1670 508 J·13⁹¹¹.¹{¹⁰..22⁸÷¹32223523‚⁵2:¹3:

187 509 227 553 y)
251 509 421 542 Nominat.
437 522 447 540 .·
484 513 524 540 ut
551 507 679 551 cuique
702 506 847 553 ingenio
871 506 928 542 vis
952 512 1006 540 est
1029 510 1064 550 7,
1092 509 1134 550 2,
1162 509 1216 541 32.
1240 507 1423 542 occasioni
1448 512 1484 541 et
1506 505 1545 540 in
1565 508 1672 542 rebus

186 560 241 589 est
263 559 360 588 tanta
387 565 445 595 ι,
468 559 507 587 ut
531 561 592 587 etc.
618 555 662 596 6,
687 555 731 596 3,
763 555 816 587 13.
840 554 878 587 in
903 553 1117 587 Antimacho
1141 553 1214 588 vis
1251 558 1287 587 et
1310 551 1525 599 gravitas
1547 552 1614 596 10,
1637 556 1672 594 1,

187 601 244 636 53.
269 599 312 642 cs.
342 600 397 634 76,
423 600 489 642 10,
512 601 556 642 2,
583 603 638 634 12.
672 602 734 642 12,
761 602 824 642 10,
849 600 906 634 65.
931 599 1057 633 abierit
1081 599 1196 633 omnis
1219 597 1294 641 vis,
1318 598 1536 641 jucunditas,
1563 600 1674 633 decor

186 648 232 688 9,
262 645 304 688 4,
335 645 385 680 14Α
418 646 557 679 accedit
582 646 659 680 vis
685 651 720 679 et
742 645 1031 690 proprietas
1055 646 1160 679 rebus
1195 645 1257 679 tali
1279 644 1526 688 astipulatione
1550 644 1616 686 11,
1640 646 1675 686 3,

188 691 268 727 175.
301 704 333 726 υ.
361 691 667 736 Proprietas.
703 692 920 735 quantalibet
950 703 984 726 v.
1017 691 1156 737 ingruat
1179 693 1223 734 3,
1245 691 1292 733 8,
1314 693 1371 724 22.
1405 692 1610 737 languescat
1633 701 1675 726 v-

186 737 302 773 omnis
326 737 361 780 4,
391 741 423 781 1,
451 740 508 773 67.
533 749 575 772 ea
598 749 649 780 v„
675 749 766 781 quae
791 739 834 771 ad
859 749 989 782 corpus
1013 743 1173 771 nostrum
1200 737 1378 781 vitamque
1400 736 1566 782 pervenit
1591 739 1635 770 Ci
1645 749 1674 770 ο.

187 788 223 828 7,
247 786 281 826 3,
308 787 361 819 17.
389 785 651 828 exemplorum,
675 785 792 830 legum
819 791 879 818 etc.
907 785 1007 819 velut
1031 784 1152 828 quasd.
1175 782 1294 836 copias
1317 783 1392 816 ea‘d.
1419 782 1479 816 illa
1501 782 1559 818 vis
1585 785 1623 826 (i.
1643 794 1674 816 e.

188 828 434 872 memoria)
459 842 497 864 re
524 836 701 864 raesentat
727 833 789 872 11,
813 833 852 873 2,
880 833 911 864 1.
936 829 994 865 vis
1023 835 1147 864 contra
1173 840 1250 863 vnn
1271 832 1305 871 7,
1332 828 1377 871 4,
1404 829 1427 863 6
1462 840 1496 862 v.
1522 827 1674 862 Talio.
1736 840 1737 845 ¹

188 876 444 911 violentia.
518 877 528 919 )
553 880 699 910 Accus.:
724 877 830 910 rebus
855 875 1028 923 indignis,
1054 875 1211 920 asperis,
1235 873 1422 910 invidiosis
1445 874 1580 908 addens
1599 873 1677 908 vim

188 922 306 957 oratio
332 923 374 966 6,
402 926 444 965 2,
467 923 522 956 24.
550 920 707 966 (motus)
729 922 802 957 vim
826 924 932 956 rebus
956 921 1128 965 adjiciunt
1150 923 1195 964 9,
1221 924 1260 963 1,
1283 923 1319 954 2.
1344 921 1419 956 vim
1447 920 1627 961 afferebat,
1637 921 1676 963 3,

189 972 255 1011 11,
282 968 336 1002 14.
367 968 410 1010 cs.
442 970 484 1012 5,
512 969 574 1010 14,
604 972 660 1002 22.
694 981 727 1003 v.
752 968 935 1002 Affero.
971 969 1132 1012 quibusd.
1165 965 1325 1009 (verbis),
1361 966 1430 1000 nisi
1460 977 1524 1000 sua
1552 971 1676 1000 natura

186 1014 364 1056 redditur,
398 1014 453 1049 vis
489 1015 604 1049 omnis
637 1015 796 1049 aufertur
824 1018 885 1056 11,
910 1016 954 1056 3,
981 1017 1057 1048 152.
1088 1024 1152 1058 per
1183 1013 1401 1047 incrementa
1428 1018 1503 1046 tum
1535 1011 1677 1053 modica

187 1062 349 1108 augenda
370 1061 427 1096 vis
451 1067 485 1094 et
512 1060 769 1095 exercitatione
793 1062 901 1094 multa
925 1060 1138 1094 continenda
1161 1064 1215 1094 est
1235 1060 1292 1100 10,
1313 1059 1348 1100 6,
1378 1060 1412 1092 3.
1437 1057 1542 1103 parvi
1563 1057 1674 1102 pedes

185 1106 263 1142 vim
289 1108 476 1140 detrahunt
505 1107 611 1141 rebus
633 1108 675 1149 9,
699 1106 745 1146 4,
768 1107 802 1141 6.
837 1106 1022 1140 effinxisse
1056 1106 1131 1142 vim
1162 1104 1418 1139 Demosthenis
1453 1102 1677 1148 (scribendo)

189 1155 254 1196 10,
285 1156 326 1194 1,
353 1155 427 1188 108.
467 1159 520 1187 est
550 1153 715 1186 facienda
744 1165 807 1186 sua
837 1152 965 1197 cuique
997 1151 1089 1194 vis,
1128 1162 1212 1185 suus
1238 1161 1351 1184 usus
1376 1151 1468 1194 (Sp.
1491 1152 1588 1190 orm),
1611 1160 1676 1183 sua

186 1198 316 1232 ratio
342 1202 382 1242 7,
408 1201 471 1241 10,
497 1199 552 1233 14.
577 1198 800 1242 (membrum)
825 1204 1002 1232 remotum
1025 1210 1046 1232 a
1070 1198 1196 1232 ceteris
1229 1196 1302 1231 vim
1334 1204 1406 1230 non
1438 1197 1546 1231 habet
1572 1196 1614 1238 9,
1636 1193 1675 1239 4,

189 1247 267 1279 123.
293 1244 335 1286 cs.
367 1247 409 1287 5,
434 1244 500 1285 14,
528 1248 580 1278 12.
617 1248 679 1286 11,
705 1247 747 1286 3,
773 1245 831 1278 42.
867 1245 904 1278 in
928 1246 1028 1288 plura
1057 1244 1139 1278 eod.
1166 1241 1335 1287 temporis
1358 1240 1538 1276 momento
1565 1241 1677 1285 (inge‘a

187 1289 294 1334 nium)
316 1291 389 1325 vim
414 1302 511 1323 suam
536 1291 713 1332 impendat
740 1293 781 1332 1,
809 1293 871 1332 12,
896 1293 928 1323 2.
958 1290 1014 1323 vis
1040 1289 1155 1322 omnis
1185 1289 1402 1322 intendenda
1424 1289 1532 1322 rebus
1555 1289 1613 1331 10,
1638 1289 1675 1330 7,

186 1338 245 1370 22.
280 1342 362 1369 sunt
385 1342 420 1369 et
444 1337 532 1369 haec
557 1337 690 1378 majora
718 1341 753 1369 et
777 1337 935 1376 minora,
972 1340 1030 1368 aut
1055 1340 1150 1368 certe
1175 1334 1248 1369 vim
1273 1333 1423 1367 similem
1450 1333 1612 1367 obtinent
1639 1332 1675 1375 5,

187 1384 254 1422 10,
279 1382 336 1416 91.
367 1393 414 1415 ne
446 1392 567 1415 amore
601 1381 892 1414 subtilitatis
929 1380 1020 1415 vim
1056 1391 1154 1413 suam
1190 1379 1315 1423 perdat
1347 1381 1412 1420 10,
1435 1382 1480 1420 2,
1505 1380 1560 1413 19.
1598 1377 1675 1414 vim

187 1429 363 1471 quandam
392 1438 476 1471 prae
504 1438 543 1461 se
567 1426 719 1460 ferentia
742 1428 765 1462 9
779 1453 789 1469 ,
813 1429 854 1469 3,
885 1424 939 1461 54.
977 1426 1007 1459 si
1031 1430 1239 1469 praeparata
1260 1424 1318 1460 vis
1345 1423 1486 1458 dicendi
1508 1423 1616 1461 fuerit
1638 1425 1675 1466 8,

185 1475 242 1507 Pr.
269 1475 324 1508 30.
350 1484 440 1517 quae
464 1484 571 1507 sensu
594 1478 629 1506 et
653 1473 769 1506 anima
794 1477 930 1515 carent,
953 1477 992 1504 ut
1017 1481 1164 1506 servare
1185 1470 1262 1506 vim
1284 1476 1383 1504 suum
1404 1468 1552 1513 possint,
1574 1470 1677 1505 velut

186 1519 304 1564 quiete
329 1521 464 1554 alterna
486 1519 720 1552 retenduntur
744 1522 782 1559 1,
805 1520 847 1560 3,
874 1519 909 1552 8.
936 1517 992 1552 vis
1015 1516 1078 1550 illa
1105 1516 1248 1550 dicendi
1267 1515 1425 1551 solvitur
1445 1518 1486 1549 11
1501 1542 1511 1557 ,
1531 1516 1674 1557 3,=‘133.

187 1565 230 1608 ε)
258 1565 483 1599 Ablat..·i11e
506 1564 571 1608 vi,
597 1564 655 1598 hic
679 1565 937 1608 voluptate
960 1562 1089 1597 melior
1112 1565 1174 1603 10,
1203 1564 1248 1605 1,
1273 1563 1332 1596 73.
1365 1561 1462 1605 quod
1485 1558 1590 1596 visit
1614 1561 1676 1594 ab-

184 1613 295 1645 latum
322 1613 363 1654 5,
388 1614 452 1653 10,
481 1613 555 1644 113.
590 1610 708 1653 (risus)
734 1616 848 1643 totum
877 1620 1006 1653 corpus
1033 1609 1072 1644 vi
1097 1618 1162 1642 sua
1183 1607 1343 1642 concutit
1365 1609 1407 1650 6,
1436 1609 1486 1651 3„
1503 1607 1539 1642 9.
1562 1607 1677 1643 verba

183 1658 223 1692 vi
249 1658 352 1702 quad.
379 1656 539 1692 veritatis
563 1655 783 1700 erumpentia
800 1657 835 1698 9,
858 1658 893 1699 2,
917 1655 975 1689 76.
1003 1666 1084 1688 cum
1107 1653 1501 1689 transversum-visua
1521 1652 1675 1697 judicem

183 1704 278 1738 ferat
307 1706 363 1744 10,
387 1706 421 1746 1,
450 1705 527 1736 110.
561 1702 644 1747 quia
670 1703 764 1736 bello
788 1707 890 1746 parta
913 1700 1056 1735 nonnisi
1079 1700 1203 1735 eadem
1225 1699 1263 1735 vi
1288 1698 1534 1743 possideantur
1555 1700 1590 1741 5,
1617 1701 1676 1743 10,

187 1751 265 1784 115.
300 1763 330 1783 υ.
353 1750 447 1793 Imp
461 1756 580 1791 etus;
607 1754 718 1782 totam
744 1748 787 1781 de
811 1747 848 1782 vi
870 1758 1011 1781 causam
1030 1745 1065 1790 4,
1093 1749 1127 1790 2,
1151 1748 1207 1780 27.
1229 1756 1312 1779 reus
1336 1746 1381 1779 de
1403 1744 1444 1782 vi
1466 1745 1535 1780 fuit
1556 1746 1614 1787 11,
1638 1747 1673 1788 1,

185 1798 241 1830 51.
269 1795 329 1840 qui
354 1796 398 1830 de
422 1794 469 1830 vi
496 1801 533 1829 et
557 1793 740 1839 injuria
765 1794 880 1838 questi
904 1799 984 1828 sunt
1010 1793 1046 1836 6,
1072 1795 1105 1835 1,
1132 1792 1188 1827 19.
1646 1792 1651 1796 ”

231 1862 292 1907 11)
315 1865 356 1896 ‹le
381 1865 623 1906 significatione
647 1865 821 1896 verborum
845 1869 876 1895 et
904 1873 1033 1895 rerum:
1063 1859 1205 1894 finimus
1231 1863 1291 1903 mtt
1313 1858 1352 1895 vi
1376 1862 1436 1891 aut
1459 1853 1674 1902 ἔτυμολογίᾳ

184 1911 227 1950 5,
255 1912 318 1951 10,
345 1909 389 1943 55
412 1911 455 1944 N‘.
493 1909 584 1944 sitne
611 1921 666 1952 ap.
693 1909 848 1942 Graecos
878 1907 935 1943 vis
959 1906 1084 1951 q‘uaed.
1112 1905 1208 1940 sexti
1231 1907 1335 1939 casus
1359 1906 1401 1945 1,
1425 1902 1469 1946 4,
1493 1904 1551 1938 26.
1574 1904 1673 1948 quod

184 1955 257 1990 vim
282 1956 408 1988 habeat
433 1954 566 2000 epilogi
591 1957 625 2002 2,
651 1958 707 1997 17,
732 1955 767 1989 6.
801 1953 845 1995 cs.
871 1953 905 1995 4,
931 1956 965 1996 2,
989 1953 1046 1988 26.
1069 1963 1143 1997 non
1168 1952 1213 1986 de
1239 1948 1587 1994 appellatione
1609 1949 1675 1983 sed

185 2003 230 2035 ‹le
254 2001 301 2037 vi
330 2001 416 2035 facti
444 2000 632 2046 ambigitur
654 2002 676 2032 7
689 2017 705 2042 ,·
723 2002 767 2042 3,
791 1999 822 2034 6.
848 1998 936 2043 (lex)
961 1999 1037 2034 vim
1061 1999 1210 2032 duarum
1231 1996 1338 2043 habet
1365 1997 1408 2036 3,
1434 1995 1478 2042 6,
1507 1997 1584 2029 101.
1614 1994 1674 2030 vis

185 2046 327 2082 diversa
351 2045 557 2090 (literarum)
584 2051 616 2090 1,
645 2050 680 2089 7,
709 2049 764 2079 11.
799 2044 844 2086 cs.
870 2049 902 2088 1,
929 2048 984 2088 11,
1009 2045 1042 2079 5.
1073 2047 1130 2088 12,
1155 2045 1212 2088 10,
1236 2042 1294 2077 29.
1320 2043 1349 2076 C
1368 2039 1488 2083 litera,
1513 2051 1604 2085 quae
1627 2041 1671 2075 ad

184 2104 309 2130 omnes
339 2093 483 2128 vocales
512 2093 585 2129 vim
613 2104 714 2126 suam
736 2093 894 2136 perferat
920 2094 963 2133 1,
995 2094 1040 2133 7,
1067 2093 1122 2124 10.
1155 2101 1193 2124 v·
1218 2086 1371 2123 nomims
1397 2087 1440 2128 9,
1465 2089 1510 2128 1,
1537 2088 1592 2120 10.
1624 2085 1674 2131 ,ts-

183 2141 216 2179 6,
246 2142 280 2181 3,
308 2142 361 2173 17.
389 2141 515 2173 horum
543 2138 726 2172 nominum
745 2157 791 2164 —
807 2136 863 2172 vis
889 2138 971 2171 eod.
992 2137 1070 2171 fere
1095 2134 1209 2170 tendit
1233 2136 1268 2176 5,
1293 2135 1348 2175 10,
1374 2135 1409 2184 1..
1446 2144 1477 2164 v·
1495 2130 1673 2176 Appel-

185 2184 399 2229 pellatio.
448 2187 660 2227 μετωνυμία
682 2202 720 2208 -
750 2184 850 2226 cujus
874 2183 931 2218 vis
955 2188 1021 2225 est,
1046 2192 1112 2227 pro
1135 2192 1199 2224 eo,
1222 2179 1319 2225 quod
1342 2178 1488 2218 dicitur,
1515 2184 1671 2222 causam,

183 2237 327 2275 propter
352 2242 454 2274 quam
482 2230 627 2271 dicitur,
652 2239 786 2273 ponere
811 2231 853 2271 8,
882 2229 926 2271 6,
957 2230 1014 2262 23.
1041 2227 1099 2263 vis
1125 2233 1160 2262 et
1183 2223 1352 2270 temporis
1376 2229 1412 2258 et
1436 2222 1612 2268 qualitatis
1634 2225 1670 2266 3,

182 2279 216 2317 5,
240 2279 275 2312 9.
305 2278 387 2310 dum
411 2289 446 2310 v.
471 2288 590 2310 rerum
613 2276 689 2320 ipsa
711 2274 898 2309 manifesta
924 2274 970 2308 sit
992 2276 1037 2316 5,
1063 2275 1123 2313 10,
1149 2273 1206 2307 75.
1238 2271 1282 2305 ad
1306 2270 1497 2305 verbum
1518 2269 1572 2317 sit,
1593 2269 1672 2303 edi-

181 2324 371 2365 scendum,
399 2333 444 2355 an
469 2322 558 2356 vim
587 2323 694 2355 modo
717 2332 837 2354 rerum
864 2326 934 2364 atq.
957 2319 1120 2354 ordinem
1144 2316 1332 2361 complecti
1362 2315 1446 2349 satis
1473 2315 1519 2349 sit
1542 2315 1606 2358 11,
1632 2316 1669 2358 2,

180 2367 237 2401 44.
265 2379 338 2402 non
362 2378 467 2412 posse
491 2368 566 2402 vim
590 2379 709 2401 rerum
735 2366 874 2401 ostendi
899 2365 1013 2410 prima
1036 2363 1261 2409 expositione
1287 2360 1332 2405 4,
1355 2364 1396 2404 2,
1421 2362 1478 2397 79.
1510 2359 1591 2413 νίκη.
1609 2370 1670 2403 ςε-

180 2426 257 2447 rum
282 2415 318 2447 in
344 2415 556 2448 contrarium
582 2418 699 2447 vertet
724 2412 888 2455 (ornatus)
915 2415 972 2453 11,
998 2414 1030 2454 1,
1055 2413 1088 2444 2.
1117 2410 1254 2444 acriora
1277 2413 1358 2441 sunt
1383 2413 1420 2442 et
1440 2407 1670 2452 elegantiora,

181 2471 270 2504 quae
300 2461 485 2493 trahuntur
509 2471 560 2493 ex
588 2459 629 2494 vi
647 2470 768 2492 rerum
791 2459 835 2500 6,
862 2460 903 2498 3,
927 2459 983 2492 57.
1023 2469 1055 2491 v.
1073 2457 1252 2491 Natura.
1293 2454 1366 2488 vim
1399 2453 1532 2487 habent
1554 2461 1669 2496 paene

181 2506 362 2549 signorum
385 2505 653 2539 immutabilium
680 2505 720 2546 5,
746 2506 808 2546 10,
836 2502 891 2537 74.
917 2505 961 2537 de
987 2503 1180 2538 verborum
1203 2499 1248 2535 vi
1274 2506 1333 2533 aut
1356 2499 1465 2534 volu
1476 2503 1608 2549 utute
1631 2497 1668 2540 8,

179 2552 237 2584 l’r.
259 2554 310 2585 10.
341 2551 578 2598 distinguendi
604 2550 676 2585 vim
700 2550 872 2593 cujusque
895 2549 998 2584 verbi
1023 2551 1086 2590 12,
1113 2549 1153 2589 5,
1178 2547 1212 2580 3.
1238 2546 1503 2580 verborum
1524 2552 1668 2595 vis-ac

180 2597 446 2639 proprietas
474 2599 520 2636 9,
544 2598 666 2639 2,18.
693 2594 739 2637 cs.
771 2598 815 2638 1,
843 2596 886 2637 6,
914 2595 972 2629 28.
996 2606 1030 2629 υ.
1054 2592 1277 2629 Verbum.
1305 2591 1400 2635 quod
1426 2588 1500 2626 vim
1522 2589 1690 2631 alterins-

179 2641 281 2677 vocis
305 2643 462 2676 obtineat
488 2646 520 2686 1,
544 2643 579 2685 5,
605 2643 660 2676 37.
688 2641 730 2683 cs.
755 2640 791 2684 4,
815 2643 850 2684 2,
874 2641 932 2675 26.

226 2708 274 2753 Β)
300 2713 392 2743 Plur.
432 2709 468 2752 α)
495 2723 522 2742 c.
543 2712 688 2743 Auru»..-
715 2714 881 2752 expertas
902 2706 1000 2742 vires
1022 2709 1054 2748 2,
1075 2706 1111 2749 6,
1135 2708 1169 2740 7.
1194 2705 1345 2749 majores
1370 2714 1412 2739 ac
1433 2712 1546 2747 prope
1568 2711 1666 2735 sum-

180 2754 246 2789 mis
269 2755 436 2799 operibus
467 2755 674 2789 suffecturas
700 2754 798 2790 vires
821 2758 864 2797 2,
891 2752 935 2796 4,
959 2755 1015 2788 33.
1047 2750 1078 2786 ai
1108 2750 1192 2796 quid
1217 2749 1450 2786 mediocrium
1476 2747 1514 2782 in
1540 2753 1664 2782 nostro
1696 2795 1701 2797 λ
