1728 3002
167 147 250 211 572
848 190 854 193 s
891 171 991 216 Non

210 295 271 317 um
293 283 331 319 in
354 283 540 319 tormentis
567 285 815 322 nominaturus
837 288 873 331 9,
898 290 934 332 2,
965 289 1024 324 82.
1058 290 1193 336 figura,
1231 293 1338 334 quan)
1367 298 1442 326 non
1466 286 1702 328 communiter

210 331 273 383 sed
297 331 442 375 proprie
467 331 687 367 nominamus
710 334 745 376 9,
775 337 808 376 1,
837 337 894 369 23.
922 331 1132 381 παράδοξον
1158 333 1217 370 alii
1253 331 1483 373 nominarunt
1506 339 1562 382 (a.
1587 343 1609 372 1.
1634 349 1701 372 no-

208 377 460 420 minaverunt)
489 381 522 419 9,
546 381 580 422 2,
606 380 663 413 23.
724 379 762 424 y)
793 383 985 422 ο..Λ1ι1α-ι..·
1022 387 1061 416 ut
1085 381 1174 417 vitia
1197 382 1274 427 ipsa
1307 381 1386 418 aliis
1408 384 1708 429 appellationibus-

207 423 436 458 nominentur
459 427 492 467 1,
522 425 558 468 8,
585 423 642 460 14.
680 464 685 466 μ
1059 437 1062 439 ’

162 471 274 520 Non·
329 494 364 535 Ι)
386 495 522 544 singulis
543 495 714 528 vocabulis
741 495 919 536 adiectum.
961 494 1003 538 α)
1027 511 1056 532 c.
1082 498 1123 530 V
1118 497 1223 531 erbis.-
1247 496 1456 541 frequenter
1475 509 1511 533 n.
1535 505 1623 543 puto
1643 500 1702 534 in-

206 539 397 582 tuendum,
431 539 515 583 quid
542 539 699 587 litigator
724 543 815 576 velit
838 543 873 585 9,
896 545 931 585 2,
956 542 1014 578 84.
1062 555 1145 578 eum
1171 543 1410 578 consummari
1446 555 1544 578 mors
1577 545 1699 580 inma-

205 587 286 617 tura
312 597 388 619 non
415 597 520 630 passa
544 592 598 620 est
622 589 678 629 10,
699 590 733 629 1,
748 589 805 623 89.
853 600 933 623 cnm
957 595 1039 623 sunt
1061 588 1250 624 maledicta
1271 595 1427 633 tantum,
1454 596 1619 626 etnon
1645 592 1702 626 in-

206 631 367 682 telligere
390 633 508 666 bonae
531 633 775 668 conscientiae
799 639 851 668 est
875 636 910 678 9,
934 637 968 678 2,
993 637 1051 671 93.
1098 637 1182 670 dum
1209 647 1286 669 rem
1309 637 1529 679 contineant,
1562 644 1609 672 et
1636 649 1701 673 co·-

206 687 264 719 pia
285 689 378 712 non
401 680 621 718 redundent,
660 685 696 714 et
723 682 768 714 ad
803 680 992 716 victoriam
1022 688 1187 727 spectent
1215 685 1272 725 12,
1306 685 1363 726 10,
1397 682 1456 718 48.
1494 682 1538 724 osi
1576 685 1611 727 5,
1640 682 1700 726 10,

207 725 284 757 111.
311 728 346 767 7,
373 727 406 768 1,
431 727 477 760 50
503 730 547 760 Z.
592 725 653 759 ubi
683 726 814 770 injusta
837 739 942 762 causa
967 734 1040 772 est,
1073 728 1125 763 ibi
1149 727 1331 764 rhetorice
1353 741 1391 764 ιι.
1419 735 1475 763 est
1499 734 1535 772 2,
1561 733 1617 774 17,
1641 733 1699 765 31.

204 781 332 822 verum
354 771 393 804 in
416 771 693 821 rhetorice'non
717 774 757 807 fit
780 775 872 818 (Sp.
897 774 974 820 sic)
998 778 1034 817 7,
1061 778 1118 819 10,
1153 778 1197 810 17
1231 771 1294 808 Z.'
1323 777 1423 820 quod
1456 788 1539 811 cum
1573 782 1610 811 te
1641 777 1699 811 fa-

203 817 273 850 cile
297 817 492 852 credideris
520 818 693 863 consequi
715 819 931 862 imitatione,
957 833 992 854 n.
1020 820 1176 865 possis
1203 823 1284 856 Cic.
1310 825 1368 866 11,
1393 825 1427 865 1,
1450 823 1508 858 92.
1537 834 1574 856 ιι.
1597 826 1709 867 pos-'

201 873 355 898 sumus
379 875 460 898 esse
481 871 553 899 tam
577 865 750 911 graciles,
786 867 897 901 simus
919 868 1090 902 fortiores
1120 870 1177 911 12,
1202 871 1260 910 10,
1286 868 1344 902 36.
1391 874 1438 902 ut
1459 879 1527 902 nos
1553 869 1698 903 fortuna

201 909 368 954 decipere
393 923 429 945 n.
453 911 627 955 possit,
667 914 837 956 adjuvare
860 913 1013 957 possit
1036 916 1094 956 10,
1119 914 1154 956 6,
1181 914 1223 957 6;
1244 915 1453 957 figur-aium.-
1485 915 1567 949 Non
1590 915 1697 961 igno-

200 966 264 998 ro,
301 962 337 990 et
359 958 440 991 Non
465 969 523 991 me
547 959 657 1005 fugit,
691 966 727 993 et
754 961 835 993 Non
859 971 916 994 me
942 960 1111 1004 praeterit
1135 962 1204 1003 10,
1227 962 1262 1003 1,
1298 963 1355 994 12.
1401 963 1445 1004 β)
1485 974 1515 995 c.
1550 964 1694 995 Punici-

199 1005 284 1044 piis:
309 1003 374 1036 illo
398 1004 544 1038 fastidio
568 1017 604 1039 n.
630 1005 758 1052 agendi
784 1018 908 1040 causas
930 1006 1088 1040 minores
1117 1009 1174 1049 12,
1197 1006 1232 1049 9,
1259 1009 1296 1041 7.
1320 1018 1357 1040 ιι.
1380 1006 1547 1040 narrandi
1570 1019 1695 1041 causas

198 1047 233 1089 4,
261 1051 295 1092 2,
319 1050 356 1084 9.
402 1051 447 1085 de
470 1050 648 1085 faciendis
673 1058 719 1087 et
738 1064 772 1086 ιι.
799 1052 972 1087 faciendis
994 1054 1030 1095 6,
1059 1056 1094 1096 2,
1111 1051 1169 1086 ’11.
1195 1051 1239 1094 cs.
1264 1056 1300 1095 7,
1323 1051 1360 1096 4,
1382 1056 1425 1096 2;
1446 1052 1580 1087 indocti
1605 1064 1693 1099 quo-

197 1106 269 1138 que
294 1106 346 1129 ac
368 1107 460 1131 ιιοιι
489 1098 686 1133 sentientes
710 1110 753 1133 ea
777 1100 812 1139 8,
837 1101 871 1142 6,
906 1098 941 1133 4.
971 1101 1082 1132 multa
1105 1104 1188 1133 sunt
1211 1105 1248 1133 et
1270 1099 1409 1134 Graece
1438 1105 1475 1133 et
1501 1100 1631 1135 Latine
1644 1099 1691 1134 Ϊιι.

197 1141 425 1178 denominata
447 1146 493 1186 ὃ,
517 1147 562 1187 2,
593 1143 630 1179 4.
677 1157 803 1180 sensus
826 1157 863 1179 n.
885 1146 1034 1190 expleto
1058 1156 1208 1180 numero
1242 1146 1434 1180 conclusus
1465 1147 1510 1188 9,
1542 1144 1588 1190 4,
1613 1149 1691 1180 122.

194 1194 233 1227 in
257 1203 294 1224 ιι.
318 1191 453 1234 scripto
479 1193 513 1232 3,
537 1192 571 1234 5,
595 1190 630 1225 4.
679 1190 713 1236 y)
743 1205 772 1226 c.
797 1196 833 1226 A
842 1194 866 1226 «1
873 1193 901 1236 j.
929 1199 960 1226 et
984 1196 1020 1226 A
1029 1193 1053 1225 d
1061 1204 1094 1226 v.
1111 1207 1121 1226 .-
1156 1203 1273 1236 paene
1310 1204 1346 1226 ιι.
1373 1191 1552 1227 dissimilis
1577 1195 1632 1234 12,
1655 1193 1690 1235 3,

197 1243 230 1273 1.
276 1239 315 1272 in
337 1236 487 1280 privatis
515 1242 551 1270 et
574 1243 709 1277 acutus,
733 1244 780 1272 et
803 1249 896 1273 ιιοιι
920 1250 1046 1282 asper,
1085 1243 1130 1272 ot
1154 1248 1246 1272 non
1268 1237 1508 1282 indistinctus,
1531 1244 1579 1273 et
1601 1249 1693 1272 ιιοιι

194 1296 302 1330 supra
323 1284 469 1317 modum
494 1283 607 1317 elatus
633 1285 686 1317 M.
712 1284 853 1319 Tullius
877 1287 934 1325 12,
960 1287 1015 1327 10,
1039 1285 1096 1319 39.
1141 1290 1191 1318 ut
1212 1301 1260 1307 —
1283 1290 1508 1320 venustatem
1524 1285 1691 1330 aliquam,

193 1344 228 1365 n.
261 1342 310 1365 ex
337 1331 418 1363 eod.
445 1329 584 1372 verbo,
621 1340 656 1362 n.
683 1329 882 1373 dissonam,
919 1330 1069 1373 accipiat
1095 1331 1130 1372 9,
1155 1332 1189 1372 3,
1212 1334 1271 1365 72.
1318 1342 1376 1365 res
1403 1342 1440 1365 ιι.
1465 1331 1630 1366 diversae
1652 1335 1691 1374 7,

194 1381 251 1420 10,
280 1380 324 1411 17
347 1381 391 1410 Ζ.
441 1386 478 1408 ιι.
503 1376 659 1408 humana
685 1387 779 1410 voce
810 1379 866 1417 12,
906 1378 962 1418 10,
995 1377 1053 1411 29.
1101 1386 1138 1408 ιι.
1171 1375 1334 1422 ingratae
1366 1377 1544 1421 voluptati
1578 1378 1616 1420 9,
1651 1382 1687 1422 2,

192 1428 214 1458 ’7
216 1423 251 1457 4.
298 1435 336 1456 ιι.
364 1422 526 1456 inutilem
551 1433 667 1455 sane
691 1421 807 1455 litium
830 1423 1043 1455 advocatum
1070 1424 1127 1463 12,
1157 1424 1191 1463 1,
1219 1423 1276 1456 25.
1322 1434 1358 1456 ιι.
1395 1422 1592 1466 simplicem
1617 1424 1688 1458 dif-

190 1469 383 1504 ferentiam
405 1470 441 1507 9,
463 1466 498 1508 4,
521 1466 583 1503 45.
631 1468 837 1502 Translatio
860 1468 973 1502 verba
999 1478 1036 1501 n.
1060 1467 1134 1509 suis
1173 1468 1281 1501 rebus
1311 1470 1555 1510 accommodat
1585 1471 1621 1514 8,
1651 1474 1689 1515 2,

190 1518 235 1558 (5;
260 1515 392 1559 aliique
417 1525 454 1548 n.
477 1513 582 1559 pauci
604 1514 641 1558 9,
657 1516 690 1557 3,
709 1514 768 1550 89.
806 1525 844 1548 n.
867 1525 941 1547 una
963 1513 1025 1549 via
1048 1517 1083 1555 7,
1098 1516 1134 1556 2,
1147 1516 1194 1547 22
1211 1526 1243 1548 υ.
1262 1514 1409 1555 Πιιιιες
1441 1527 1478 1549 ιι.
1501 1522 1687 1551 contuma-
1720 1519 1728 1525 “

190 1563 281 1596 citer
303 1561 491 1596 consentio
517 1564 574 1603 11,
603 1563 636 1596 3.
662 1563 718 1594 11.
765 1571 804 1594 ιι.
826 1559 958 1603 injuste
980 1561 1038 1594 Pr.
1062 1563 1097 1593 2.
1144 1570 1181 1593 n.
1206 1559 1360 1594 libenter
1389 1563 1445 1606 11,
1473 1564 1505 1604 1,
1529 1559 1586 1598 87',
1631 1569 1687 1597 ta„

186 1619 274 1643 men
298 1619 334 1642 ιι.
359 1608 514 1653 maligne
541 1607 754 1641 crediderim
779 1609 836 1649 11,
861 1609 896 1645 3.
917 1609 963 1640 12
986 1607 1034 1640 Ν.
1058 1615 1094 1638 ιι.
1117 1611 1253 1640 temere
1274 1618 1431 1652 unquam
1466 1611 1499 1650 1,
1524 1611 1557 1650 3,
1582 1611 1617 1643 3.
1647 1622 1684 1644 n.

186 1661 266 1689 tuto
292 1656 328 1697 8,
353 1656 388 1697 3,
417 1656 476 1689 37.
500 1651 534 1698 δ)
563 1667 593 1687 c.
626 1655 680 1687 Su
692 1656 790 1687 bst..·
815 1652 921 1687 etiam
943 1664 980 1686 ιι.
1004 1656 1127 1686 orator
1153 1655 1188 1694 2,
1214 1655 1271 1692 15,
1296 1656 1352 1688 17.
1379 1653 1414 1694 4,
1438 1656 1471 1696 1,
1495 1657 1553 1688 22.
1580 1654 1684 1689 etiam

186 1713 223 1736 n.
250 1703 290 1735 in
317 1700 403 1744 (Sp.
428 1699 509 1742 om.)
539 1699 694 1734 exordio
717 1698 752 1738 4,
779 1702 812 1742 1,
838 1700 885 1733 ’73
908 1700 957 1733 Ν.
1003 1708 1078 1732 ιιοιι
1101 1699 1256 1733 humana
1289 1710 1402 1743 voce,
1442 1701 1506 1736 vel
1537 1701 1684 1736 omnino
1726 1700 1728 1738 1

186 1759 225 1782 ιι.
245 1758 342 1783 voce
364 1746 485 1792 potius
508 1747 664 1782 efflanda
689 1745 839 1790 (litera)
866 1748 922 1789 12,
943 1747 999 1788 10,
1023 1746 1082 1780 29.
1439 1782 1442 1783 ⁷
1726 1750 1728 1773 ι

278 1814 331 1860 II)
361 1823 502 1859 augetur
530 1817 726 1849 Par-timaus:
764 1814 827 1848 ubi
852 1813 1040 1848 omnino
1066 1825 1102 1848 n.
1127 1813 1383 1857 exponendum
1413 1817 1450 1857 7,
1474 1816 1531 1858 10,
1567 1817 1623 1849 12.
1642 1827 1678 1850 v.

185 1862 403 1898 Omnino.
447 1874 484 1897 n.
504 1865 624 1896 *sane
649 1861 820 1896 orationis
843 1867 965 1906 aptum
986 1860 1112 1897 virtuti
1137 1871 1270 1894 nomen
1292 1861 1328 1903 8,
1355 1861 1394 1902 6,
1412 1860 1453 1894 61
1481 1874 1516 1896 v.
1545 1861 1679 1896 sane.

183 1920 227 1990 {¹2
248 1909 412 1991 ultiqlue
436 1920 472 1944 ιι.
496 1919 642 1943 narrare
666 1919 748 1943 eum
772 1906 809 1951 4,
840 1910 876 1952 2,
899 1908 969 1944 ’19.
1010 1920 1043 1942 v.
1075 1906 1259 1952 Utique.
1305 1917 1345 1942 ιι.
1369 1907 1534 1944 hercle
1566 1908 1678 1956 magis

230 1981 240 1999 ²
289 1981 300 1999 ²
357 1981 367 1990 ⁰

275 2023 345 2066 111)
371 2037 400 2059 ο.
425 2024 601 2057 Particum
630 2024 775 2057 condit..-
801 2019 840 2056 si
862 2034 901 2056 n.
924 2020 1050 2056 brevia
1072 2021 1134 2055 illa
1156 2027 1226 2066 atq.
1251 2019 1395 2056 concisa
1413 2020 1678 2068 singultantium

182 2071 293 2104 modo
319 2069 469 2113 ejecturi
491 2081 614 2103 sumus
638 2072 695 2112 10,
720 2073 756 2112 7,
781 2070 839 2104 10.
886 2067 924 2102 si
957 2080 994 2102 ιι.
1017 2068 1136 2102 omnia
1167 2079 1232 2100 sua
1264 2073 1415 2102 amasset
1443 2069 1499 2111 10,
1531 2070 1564 2111 1,
1597 2071 1675 2103 130.

183 2116 223 2149 si
250 2128 288 2151 ιι.
316 2118 443 2151 crebra
465 2117 556 2150 haec
579 2121 615 2150 et
641 2115 812 2150 continua
842 2113 996 2156 fuerint,
1042 2120 1084 2148 et
1114 2113 1271 2148 invicem
1308 2113 1496 2148 offecerint
1524 2117 1583 2157 12,
1620 2117 1676 2158 10,

181 2162 241 2196 46.
287 2162 330 2196 si
353 2163 432 2207 quis
457 2162 738 2197 decemviratum
763 2166 930 2200 accuset,
971 2172 1009 2194 ιι.
1033 2160 1189 2204 Appium
1213 2161 1247 2202 5,
1271 2161 1330 2200 13,
1370 2160 1429 2194 25.
1463 2159 1510 2201 οῙζ
1546 2163 1605 2204 11,
1638 2162 1674 2205 3,

182 2212 242 2243 32.
267 2220 301 2243 v.
327 2209 390 2244 Si.
417 2208 610 2243 etiamsi
634 2220 671 2244 n.
693 2207 860 2252 utique
883 2206 987 2242 vocis
1009 2212 1091 2240 sunt
1113 2205 1202 2241 vitia
1228 2207 1284 2248 11,
1312 2207 1347 2250 3,
1371 2206 1430 2240 56.

273 2266 344 2310 lv)
370 2280 399 2301 c.
425 2269 586 2300 altera
609 2266 793 2307 Negat..-
827 2265 930 2298 Non
954 2269 1073 2308 potest
1101 2273 1188 2309 ergo
1215 2273 1308 2297 non
1336 2273 1416 2297 esse
1452 2262 1612 2306 junctum
1636 2265 1672 2307 8,
1696 2282 1714 2306 ,5

179 2312 215 2354 6,
239 2310 296 2346 44.
326 2312 370 2354 cs.
393 2311 429 2355 4,
452 2314 488 2356 2,
515 2312 572 2347 19'.
617 2322 706 2346 non
729 2310 891 2345 solicitos
914 2316 950 2344 et
971 2309 1202 2352 respicientes
1225 2326 1272 2334 -—
1293 2319 1385 2342 non
1409 2308 1675 2353 sinant¹provi-

180 2359 267 2392 dere
292 2360 349 2401 10,
371 2359 407 2401 6,
431 2359 465 2393 6.
513 2369 598 2392 nec
624 2357 823 2402 quidquam*
839 2367 931 2391 ιιοιι
955 2356 1106 2397 diserte,
1144 2355 1241 2399 quod
1268 2355 1421 2390 honeste
1452 2354 1584 2390 dicitur
1614 2358 1671 2400 12,
1694 2382 1701 2390 .

183 2406 214 2445 1,
241 2406 297 2438 30.
323 2416 356 2437 υ.
382 2405 491 2439 Nec.
528 2404 772 2438 neminem
797 2413 886 2437 non
909 2402 1100 2446 aliquando
1134 2401 1295 2446 coepisse
1318 2412 1471 2444 peccare
1503 2404 1538 2444 7,
1556 2404 1597 2443 2,
1615 2403 1674 2437 33.

178 2460 266 2482 ιιοιι
290 2451 427 2483 nulla
453 2449 595 2493 quidem
619 2450 658 2484 in
688 2451 780 2483 hanc
807 2448 1075 2492 persuasionem
1105 2447 1244 2482 ratione
1274 2447 1370 2482 ducti
1406 2446 1443 2491 4,
1476 2450 1511 2489 1,
1542 2447 1600 2482 63.
1635 2459 1670 2482 ν.
1694 2459 1699 2467 ·

178 2496 359 2528 Nullus.
406 2495 538 2529 nihil
561 2507 650 2530 non
673 2496 862 2542 figuratum
884 2500 938 2528 est
967 2494 1004 2537 9,
1038 2497 1073 2536 11,
1107 2497 1162 2528 12.
1200 2506 1233 2528 v.
1267 2493 1411 2528 Nihil.
1459 2491 1543 2538 quia
1574 2494 1687 2537 bello»,

179 2545 279 2582 parta
301 2551 394 2574 non
429 2541 517 2575 nisi
548 2543 673 2575 eadem
701 2541 741 2576 vi
773 2541 1023 2584 possideantur
1053 2540 1088 2583 5,
1129 2542 1195 2580 10(
1215 2540 1296 2574 115.
1327 2552 1362 2573 υ.
1391 2538 1512 2575 Nisi.
1555 2550 1672 2574 nun-

177 2597 312 2666 ‹S1nam
335 2596 425 2620 non
448 2586 737 2633 frigide-reditur
763 2591 819 2631 11,
847 2589 882 2631 3,
908 2588 987 2622 133.
1034 2597 1126 2621 non
1153 2586 1254 2620 sine
1275 2585 1388 2632 gratia
1416 2584 1454 2630 9,
1484 2587 1521 2629 3,
1554 2585 1611 2621 18.
1637 2583 1691 2626 ιν..μ
1726 2631 1728 2635 ⁴

215 2642 257 2665 ιιι
268 2642 301 2665 e.
1678 2640 1690 2644 ”

271 2686 328 2732 V)
351 2701 379 2723 c.
405 2690 486 2722 Con
491 2689 521 2732 j.
551 2693 699 2724 praes.
726 2697 786 2724 aut
800 2690 917 2732 Perfi:
945 2691 1041 2726 Non
1058 2689 1266 2735 negaverim
1280 2694 1401 2724 tamen
1420 2690 1510 2724 haec
1526 2699 1681 2733 quoqne·

178 2738 214 2778 7,
227 2736 262 2778 3,
277 2735 331 2769 18.
349 2746 382 2768 v.
401 2735 433 2767 N
447 2745 466 2767 e
478 2745 531 2778 go
554 2743 585 2768 et
601 2734 691 2776 infra
703 2736 805 2778 VIII,
825 2739 863 2780 β,
878 2748 909 2770 a.
935 2737 981 2770 N.
1006 2737 1234 2779 desperemus
1250 2739 1284 2777 7,
1304 2732 1338 2778 ¹1,
1355 2737 1413 2771 56.
1436 2746 1487 2778 ιι.,
1504 2742 1544 2768 ut
1553 2734 1670 2779 quod-
1703 2744 1705 2771 :¹

179 2792 249 2826 que
271 2791 311 2815 se
326 2781 489 2825 proferet
503 2781 667 2824 verbum,
693 2788 845 2826 occupet
863 2783 982 2817 locum
1000 2785 1057 2826 10,
1068 2781 1103 2826 4,
1125 2784 1161 2817 5.
1181 2788 1222 2816 et
1240 2782 1308 2816 liae
1317 2787 1434 2825 partes
1446 2793 1481 2814 ιι.
1495 2781 1566 2817 sint
1583 2791 1666 2824 per—
