1742 2964
591 207 740 250 ‘Vireo
775 232 831 240 —
861 204 1010 250 Virtus
1161 218 1171 233 ⁸
1474 211 1551 250 961

90 327 135 359 ib.
155 325 216 360 23.
238 323 285 365 ό.
301 322 360 358 14.
379 320 425 368 2‘,
446 324 508 367 15,
534 326 568 358 1.
589 322 708 357 mollis
731 327 767 356 et
790 333 911 366 parum
933 320 1002 358 viri
1029 321 1129 368 signa
1151 323 1185 364 5,
1210 323 1246 364 9,
1271 320 1314 355 14
1327 322 1365 356 S.
1388 333 1423 356 v.
1446 322 1557 368 pessi-

64 375 67 378 “
89 371 242 412 mfr.
258 371 315 404 16.
336 368 518 415 ιβῐιιᾱὶίι
539 368 766 422 moribusque
788 366 1008 412 praepositus
1025 370 1060 410 2,
1081 371 1116 410 2,
1136 367 1191 401 14.
1214 379 1249 400 v.
1276 367 1408 413 ingenii
1432 375 1557 402 natura

86 415 323 468 pwhntem
336 417 413 458 ’12,
441 418 484 459 1,
515 413 574 451 25.
606 413 787 459 praecipui
817 413 855 447 in
891 412 1093 458 eloquentia
1115 424 1152 447 v.
1176 415 1217 450 6.
1244 415 1285 453 3,
1312 416 1345 447 3.
1382 413 1557 458 principes

54 499 56 501 ,
88 460 243 497 civitatis
266 472 314 496 ν-
332 461 374 504 5,
401 463 466 504 11,
488 460 525 495 9.
557 459 604 502 ό.
630 462 698 502 12,
722 463 764 503 7,
786 461 821 494 3.
845 470 882 497 v.
906 458 1181 504 sapientissimus
1206 461 1262 500 11,
1288 461 1399 501 1,·10.
1423 471 1459 494 v.
1484 460 1558 494 sin-

86 509 246 554 gularem
269 503 535 551 perhcmmque
560 505 737 550 undique,
767 505 899 550 optima
925 504 1134 540 sentientem
1157 504 1356 549 optimeque
1384 505 1557 540 dicentem

89 553 285 604 12,·1,.25.
310 549 483 587 §nmmum
504 563 543 587 v.
570 551 745 594 ostendit,
767 550 850 596 qui,
874 561 954 586 cum
978 550 1088 597 virgis
1112 551 1336 593 caederetur,
1360 562 1432 585 non
1457 552 1558 598 inge-

32 596 35 599 ’
86 599 237 640 miserit,
269 598 543 644 nonrogaverit
565 605 628 631 etc.
652 598 698 637 4,
720 599 764 639 2,
790 599 867 631 113.
899 598 1060 632 modesto
1091 601 1126 630 et
1149 595 1403 641 circumspecto
1426 598 1558 641 judicio

89 645 134 679 de
154 643 261 678 tantis
283 655 321 679 v.
349 643 644 688 pronuntiandum
672 647 726 677 est
749 645 805 686 10,
831 646 865 685 1,
893 643 949 677 26.
1443 656 1445 659 ·

44 687 194 730 Vireo·
234 700 432 736 virentibus
460 699 559 735 silvis
584 702 639 744 12,
667 702 722 744 ιο,
744 699 802 734 60.
837 746 842 750 ⁶

46 753 199 813 Wlfgo·
232 770 266 809 1,
291 768 335 808 6,
357 768 415 803 25.
447 752 611 813 psalteria
634 773 670 802 et
694 755 853 811 spadices
877 765 981 800 etiam
1005 764 1200 812 virginibus
1224 765 1344 810 probis
1367 768 1559 800 recusanda

80 816 131 853 ⁷1,
155 815 217 856 10,
241 815 282 848 31
309 814 355 847 Ν.
387 823 461 847 11011
496 825 574 848 esse
603 813 778 860 virginem
809 812 1026 853 Atalantam,
1061 811 1142 855 quia
1178 823 1258 845 clun
1285 812 1471 854 juvenibus
1496 825 1560 857 per

89 857 373 939 ᾒνῇοηῖῗξίῗω·
395 860 437 903 5,
461 860 506 902 9,
529 862 585 894 12.
619 859 761 893 infamis
792 869 911 892 amore
942 857 1035 891 filiae
1069 856 1217 903 virginis
1243 864 1344 901 pater
1369 861 1411 901 9,
1436 862 1478 901 2,
1501 862 1559 893 70.

7 972 9 974 ·
47 947 242 1004 νίΙΈΊΙΙΕ·
284 971 412 997 versus
442 960 604 996 censoria
630 962 734 1007 quad.
757 972 794 996 v.
818 965 942 994 notare
966 962 999 1002 1,
1022 959 1057 1003 4,
1082 961 1116 994 3.

46 1014 224 1058 viridi&
259 1038 299 1064 v.
324 1029 492 1073 pabulum
514 1032 558 1070 2,
584 1031 649 1072 10,
672 1029 708 1064 6.
743 1029 898 1062 fructum
930 1026 1127 1062 studiorum
1159 1026 1363 1067 viridem
1388 1032 1422 1061 et
1446 1027 1563 1062 adhuc

90 1073 280 1109 dulcem
300 1074 417 1118 promi
440 1077 497 1116 12,
518 1075 555 1118 6,
578 1077 611 1109 3.

46 1127 212 1173 Virilis.
255 1140 389 1176 levis
418 1147 454 1175 et
476 1143 713 1186 quadrata
737 1143 798 1176 sed
822 1142 907 1177 vir.
931 1147 1048 1175 tamen
1072 1139 1281 1183 compositio
1304 1142 1339 1182 2,
1366 1140 1399 1183 5,
1426 1141 1460 1175 9.
1486 1142 1564 1174 cul-

91 1191 149 1220 tus
171 1187 448 1230 splendidus
473 1193 509 1222 et
535 1188 621 1223 vir.
646 1190 702 1231 11,
730 1190 764 1230 3,
790 1190 868 1222 137.
894 1187 947 1228 ej:v
971 1190 1034 1228 12,
1061 1188 1123 1228 10,
1148 1187 1204 1220 79.
1232 1185 1377 1219 fortis
1410 1186 1562 1220 ac'vir.

22 1244 27 1245 ⁷
88 1232 240 1281 late-gun
264 1232 446 1267 inclinatio
474 1236 516 1277 1,
545 1236 608 1276 11,
634 1235 689 1268 18.
713 1233 869 1267 habitum
893 1232 1063 1267 orationis
1085 1243 1123 1265 v.
1150 1233 1193 1273 5,
1218 1233 1282 1274 12,
1306 1232 1374 1273 18·.
1391 1242 1428 1265 v.
1457 1232 1563 1266 lectio

87 1279 136 1320 1,
157 1276 201 1320 8,
222 1280 259 1311 2.
285 1284 430 1312 ornatus
458 1279 543 1313 vir.
571 1285 611 1316 et
637 1279 784 1317 fortis
817 1285 852 1312 et
882 1284 1077 1312 sanctus
1104 1278 1146 1318 8,
1172 1278 1216 1318 3,
1240 1277 1275 1310 6.
1313 1287 1380 1320 pro
1406 1289 1442 1311 v.
1465 1284 1564 1321 parte

91 1324 149 1366 12,
177 1326 213 1366 1,
240 1325 274 1357 1.
297 1325 353 1366 12,
378 1327 434 1366 11,
458 1326 515 1359 31.
537 1336 575 1359 v.
603 1325 713 1358 robur
736 1328 769 1366 1,
794 1328 850 1365 10,
874 1327 929 1358 31.
966 1324 1066 1356 illum
1094 1321 1342 1355 horridum
1365 1333 1563 1358 sermonem

45 1382 65 1386 -
91 1369 210 1412 nudo„
229 1368 340 1415 magis
370 1371 646 1412 naturalem,
680 1371 788 1404 modo
812 1370 918 1403 etiam
940 1369 1050 1415 magis
1074 1367 1156 1402 vir.
1182 1378 1261 1401 esse
1285 1370 1326 1410 9,
1350 1367 1393 1411 4,
1420 1370 1454 1402 3.
1493 1380 1565 1403 so-

88 1413 192 1454 lien
209 1425 252 1448 ac
274 1414 358 1450 vir.
381 1414 515 1461 ingenii
535 1415 593 1451 vis
615 1418 651 1458 2,
674 1417 709 1458 ⁵,
731 1418 788 1449 23.
818 1415 895 1460 [qui
915 1414 1130 1450 Centaurum
1147 1413 1343 1448 viriliorem
1366 1415 1427 1459 (sic
1446 1415 1563 1459 conjic.

90 1462 135 1494 Ζ.
157 1471 200 1492 ex
221 1461 324 1494 turbis
349 1463 503 1495 Codicum
511 1477 523 1504 ‚·
554 1465 644 1503 vulg.
668 1460 842 1504 Chitona)
865 1461 988 1495 dicunt
1013 1461 1048 1503 8,
1071 1460 1106 1502 6,
1130 1461 1174 1493 37
1190 1458 1241 1503 S.]

46 1513 262 1560 Viriliffi·
304 1526 426 1565 excisa
452 1527 620 1562 virilitate
643 1528 685 1571 5,
710 1530 774 1571 12,
798 1531 867 1570 17;-
894 1539 928 1561 υ.
954 1525 1199 1561 Sanctitas.

46 1580 217 1624 Virtus-2
235 1592 447 1638 (appellatio)
472 1597 506 1635 1,
529 1593 565 1636 4,
588 1596 645 1628 20.
672 1592 714 1636 α)
738 1607 766 1627 c.
787 1596 931 1628 Aursb..·
959 1593 1078 1629 vicina
1102 1591 1314 1636 praedictae,
1338 1592 1400 1627 sed
1419 1593 1568 1637 amplior

91 1650 131 1676 v.
152 1641 195 1682 8,
221 1641 261 1681 3,
284 1639 341 1674 83.
373 1639 560 1672 Urbanitas
589 1645 642 1673 est
664 1651 702 1673 v.
725 1641 850 1684 quaed.
882 1639 920 1672 in
954 1640 1065 1673 breve
1093 1638 1226 1671 dictum
1257 1644 1378 1672 coacta
1400 1641 1533 1672 Domi
1542 1647 1566 1674 1.

92 1687 231 1719 Mars.
251 1685 291 1730 6,
315 1686 350 1724 3,
370 1683 448 1718 104.
473 1696 562 1728 quae
587 1684 620 1719 ei
644 1683 930 1729 (amplificationi)
953 1696 990 1720 v.
1010 1684 1186 1718 contraria
1207 1684 1301 1726 2,‘‚5‚
1324 1686 1358 1718 9.
1385 1695 1422 1719 v.
1441 1684 1566 1720 civiles

94 1732 231 1773 1,.11,
255 1731 312 1764 17.
339 1739 488 1773 quorum
520 1730 662 1765 diversa
694 1730 845 1764 virtus
870 1731 1045 1764 laudem
1077 1740 1191 1773 paene
1219 1734 1274 1763 est
1294 1741 1417 1773 parem
1441 1741 1567 1766 couse-

94 1781 175 1810 cata
199 1778 253 1819 10,
279 1778 313 1817 1,
337 1777 393 1810 73.
417 1774 464 1816 cf.
490 1778 546 1817 11,
573 1778 607 1818 3,
632 1777 710 1810 178.
733 1775 957 1820 imperatoria
978 1787 1015 1810 v.
1032 1777 1067 1817 7,
1087 1777 1143 1816 10,
1165 1776 1220 1810 13.
1243 1776 1281 1813 8.Ἴ
1305 1778 1341 1817 2,
1366 1779 1421 1809 11.
1443 1783 1570 1823 magna

93 1833 132 1856 v.
157 1826 231 1863 est,
253 1832 333 1862 res,
356 1821 400 1854 de
423 1820 550 1865 quibus
571 1821 767 1867 loquimur,
792 1823 887 1855 clare
904 1841 950 1848 —
969 1820 1151 1855 enuntiare
1176 1821 1210 1858 8.
1238 1822 1272 1862 3,
1297 1821 1353 1854 62.
1377 1820 1423 1861 qs.
1452 1824 1485 1854 1.
1512 1825 1569 1864 10,

95 1870 138 1909 1,
161 1867 242 1901 128.
265 1866 363 1900 fictio
385 1866 540 1900 nominis
563 1867 707 1901 Graecis
728 1867 822 1901 inter
845 1867 1016 1901 maximas
1039 1865 1160 1899 habita
1182 1877 1220 1900 v.
1243 1867 1286 1908 8,
1311 1867 1355 1908 6,
1379 1868 1435 1900 31.
1460 1869 1570 1901 multa

93 1924 135 1949 v.
161 1911 208 1945 iis
236 1913 336 1955 adest
357 1913 403 1953 2,
429 1913 471 1955 5,
501 1915 559 1946 23.
594 1909 663 1946 ne'c
691 1913 831 1957 poetica
860 1914 968 1947 modo
999 1913 1063 1947 sed
1093 1911 1247 1944 oratoria
1279 1923 1316 1945 v,
1351 1914 1416 1954 10,
1442 1914 1485 1954 1,
1511 1912 1570 1949 46.

47 1974 53 1979 ·
94 1957 300 2002 praecipuas
321 1968 359 1991 v.
382 1959 445 1999 10,
471 1960 509 1999 1,
538 1959 594 1992 80.
619 1966 775 1992 summae
801 1970 836 1992 v.
862 1961 905 2000 2,
929 1961 993 2001 20,
1020 1961 1074 1992 10.
1101 1958 1142 1999 8,
1167 1959 1210 1999 3,
1234 1960 1291 1991 71.
1321 1956 1366 1997 cs.
1392 1960 1425 2000 1,
1450 1958 1487 2000 6,
1510 1956 1568 1992 41.

94 2005 130 2046 6,
153 2006 187 2042 2,
210 2004 399 2036 13.‘verae
420 2013 459 2037 v.
487 2006 543 2045 12,
568 2004 604 2044 9,
627 2002 662 2036 4.
707 2002 747 2048 β)
769 2017 799 2037 c.
824 2006 953 2039 Genit:
977 2004 1127 2038 virtutes
1150 2002 1366 2047 grammatici
1394 2006 1427 2045 1,
1450 2004 1485 2045 8,
1509 2006 1568 2037 21.

93 2050 141 2084 ad
161 2047 408 2091 intelligendas
432 2058 556 2083 eorum
578 2048 735 2091 (Homeri
758 2057 826 2093 tuq.
854 2049 1006 2093 Virgilii)
1028 2061 1065 2084 v.
1091 2050 1134 2081 ib.
1160 2048 1192 2081 5.
1218 2059 1264 2081 ne
1288 2047 1327 2080 in
1349 2047 1404 2081 his
1429 2049 1570 2092 quidem

94 2106 132 2129 v.
157 2095 309 2127 oratoris
334 2092 520 2136 inspicitur
541 2095 581 2136 8,
607 2097 647 2136 2,
672 2096 706 2129 8.
742 2095 861 2128 saudet
882 2095 1051 2129 virtutem
1074 2104 1218 2134 eorum,
1252 2093 1312 2137 qui
1334 2093 1571 2136 potentiorem

95 2141 218 2174 facere
243 2139 397 2184 linguam
421 2139 488 2172 Lat
521 2141 707 2173 studebant
731 2143 747 2173 1
762 2166 772 2182 ,
801 2142 842 2182 5,
866 2141 931 2183 60;
960 2142 1038 2184 plus
1063 2138 1220 2174 ‘honoris
1253 2149 1441 2182 corporum
1465 2151 1569 2183 quam
1608 2180 1613 2183 ὴ

97 2184 291 2220 animorum
314 2183 505 2219 virtutibus
530 2185 605 2219 dari
633 2187 667 2227 3,
690 2187 724 2226 8,
747 2187 782 2220 9.
811 2185 854 2227 cf.
882 2187 941 2221 Pr.
962 2188 994 2221 9.
1018 2198 1054 2220 v.
1080 2189 1236 2230 quartam
1261 2184 1472 2218 elocutionis
1502 2188 1569 2219 Cic.

98 2234 154 2271 11,
179 2233 218 2271 1,·
238 2233 270 2264 1.
298 2230 397 2271 cuius
420 2228 631 2275 (ἐνεργςίαε)
657 2231 800 2275 propria
821 2243 878 2274 v.,
908 2242 980 2266 non
1005 2243 1105 2274 esse,
1131 2240 1222 2280 quae
1246 2228 1433 2272 dicuntur,
1457 2230 1573 2264 otiosa

95 2278 132 2318 8,
155 2277 190 2317 3,
214 2277 269 2311 89.
294 2275 484 2309 facundiae
505 2288 543 2311 v.
569 2279 625 2319 12,
650 2278 683 2319 3,
707 2279 742 2312 9.
766 2277 916 2311 virtutes
939 2277 1080 2322 generis
1103 2277 1197 2310 illius
1221 2276 1324 2318 primi
1352 2278 1407 2317 12,
1432 2279 1488 2318 10,
1513 2275 1570 2310 64.

95 2321 245 2357 virtutes
273 2320 406 2366 ingenii
428 2331 502 2355 non
523 2323 631 2356 modo
654 2341 700 2348 —
716 2321 891 2366 studiique
917 2324 986 2366 jam
1009 2329 1084 2356 tum
1108 2329 1179 2356 non
1208 2321 1336 2363 coacti,
1363 2321 1424 2354 sed
1449 2320 1573 2365 probi-

97 2367 198 2409 tans,
222 2365 381 2409 pietatis,
405 2367 649 2410 humanitatis,
675 2368 893 2402 liberalitatis
925 2370 967 2411 6,
990 2369 1046 2402 Pr.
1068 2370 1120 2402 10.
1146 2367 1206 2401 illa
1229 2365 1511 2412 magnificentiae
1533 2378 1570 2402 v.

98 2412 134 2455 4,
157 2415 193 2453 2,
216 2412 273 2462 62.
297 2410 516 2455 (memoriae)
540 2413 676 2458 duplex
698 2425 735 2450 v.
762 2417 796 2456 1,
818 2415 853 2456 3,
879 2417 912 2448 1.
939 2413 1094 2447 omnium
1126 2423 1274 2458 operum
1298 2413 1410 2444 solam
1431 2419 1573 2447 v.'sen-

98 2457 227 2492 untias
248 2463 462 2501 putaverunt
486 2461 527 2500 1,
550 2460 592 2501 8,
614 2459 652 2494 9.
677 2463 750 2492 tres
774 2470 812 2493 v.
841 2460 1012 2493 orationis
1040 2463 1071 2501 1,
1097 2460 1130 2500 5,
1157 2461 1189 2492 1.
1208 2499 1211 2501 ‚
1227 2469 1258 2490 υ.
1286 2457 1464 2491 Oratio.
1491 2463 1575 2492 nunt

150 2503 158 2510 .
461 2505 469 2511 .
851 2504 860 2511 .
1018 2507 1038 2528 0
1120 2506 1132 2513 ,
1446 2502 1455 2510 .
1477 2504 1487 2510 .
1563 2503 1572 2511 .

99 2503 399 2597 axutam}
412 2504 571 2582 5335&
605 2504 988 2592 3¹⁰¹:21232m53mh35
1017 2529 1061 2583 ze
1088 2503 1574 2584 33..¹.¹30..¹¹¹22:2¹5¹.;;3

100 2605 180 2628 esne
199 2593 340 2628 dicendi
362 2595 396 2636 8,
413 2595 471 2628 Pr.
490 2596 544 2628 17.
565 2605 602 2627 ν.
622 2594 859 2640 distinguendi
880 2596 1033 2629 fortasse
1049 2593 1094 2628 sit
1118 2605 1249 2637 parvm
1278 2593 1438 2638 sinequa
1453 2600 1574 2629 tamen

57 2671 61 2676 ,
101 2649 182 2674 esse
203 2640 300 2672 nulla
322 2639 391 2674 alia
412 2639 451 2673 in
474 2640 610 2685 agendo
632 2646 749 2683 potest
767 2643 822 2682 11,
841 2642 876 2683 3,
890 2642 948 2676 39.
970 2651 1010 2675 v.
1035 2640 1110 2681 ejus
1131 2639 1350 2684 (hyperboles)
1371 2650 1420 2674 ex
1431 2640 1574 2676 diverso

47 2720 50 2722 ,
100 2696 166 2732 W
189 2685 341 2738 augendi
365 2691 436 2730 atq.
458 2685 639 2719 minuendi
661 2686 696 2728 8,
721 2687 756 2727 6,
779 2686 836 2720 67.
865 2691 937 2719 tres
961 2697 999 2721 v.
1021 2685 1189 2719 narrandi
1214 2683 1249 2726 4,
1276 2687 1312 2726 2,
1334 2684 1391 2719 61.
1418 2686 1574 2719 omnium

101 2732 251 2768 ornandi
273 2742 309 2765 v.
334 2731 368 2771 8,
394 2733 430 2774 3,
450 2730 569 2766 66ςν.
596 2741 671 2765 von
696 2731 812 2764 solum
837 2737 957 2775 aperte
978 2731 1136 2775 ponendi
1161 2741 1236 2764 rem
1259 2736 1340 2764 ante
1365 2733 1489 2766 oculos
1513 2732 1575 2765 sed

101 2775 308 2811 circumcise
344 2782 414 2820 atq.
450 2775 624 2812 velociter
653 2778 696 2811 ib.
717 2777 774 2811 81.

150 2846 231 2876 Lex.
264 2845 377 2886 Quint.
1249 2845 1290 2878 61
