1728 3002
771 223 876 267 Para
1434 259 1440 265 ,,
1534 221 1616 262 625

127 354 259 380 causae
275 346 334 388 11,
356 344 392 387 3,
412 342 491 379 153.
516 340 561 384 ‹J-
586 344 622 386 7,
646 342 681 386 1,
703 338 761 375 64.
787 339 823 381 9,
849 340 885 382 2,
910 336 1062 391 55..ιιε·ο
1084 346 1152 381 pro
1174 335 1314 391 modo,
1331 335 1400 389 ped
1424 345 1490 379 pro
1515 345 1617 380 par·

129 391 261 426 tibus
284 400 411 425 causae
436 392 491 433 12,
515 390 572 432 10,
593 387 654 424 69.
698 385 736 420 in
761 385 874 430 prima
897 396 933 428 p.
966 384 1048 417 llbrt
1072 383 1117 417 de
1140 387 1219 417 arte
1243 387 1385 427 poetica
1416 383 1453 426 8,
1487 383 1522 422 3,
1557 381 1616 417 60.

127 437 167 472 in
192 437 341 482 quadam
366 434 471 480 primi
492 434 574 469 libri
596 446 632 478 p.
658 436 715 476 11,
738 434 774 475 3,
799 433 856 466 31.
881 429 1032 464 incisum
1058 449 1104 456 —
1126 440 1207 474 pars
1231 428 1380 462 membri
1411 429 1447 470 9,
1470 426 1506 470 4,
1537 430 1615 462 122.

127 483 166 517 in
189 489 290 524 parte
315 481 434 526 operis
457 483 513 524 10,
542 483 577 524 1,
603 481 660 514 63.
686 478 731 520 cf.
761 481 794 520 1,
818 479 853 522 8,
876 477 912 511 6.
935 487 1062 522 magna
1084 484 1119 517 p.
1142 474 1314 527 orationis
1338 477 1395 517 11,
1416 475 1453 517 3,
1472 471 1550 526 147.
1583 486 1616 527 35.

131 528 314 563 Oratio.
339 526 527 562 maximam
549 538 585 571 p.
612 523 827 570 quaestionis
859 526 914 565 12,
939 527 972 563 1,
1000 523 1035 558 9.
1063 532 1277 574 p.··max1ma
1301 525 1616 573 argumentationis

131 577 176 616 5,
210 576 269 616 10,
303 575 359 610 19.
407 573 491 607 artis
519 582 645 619 magna
666 583 700 616 p.
727 569 950 604 contineatur
984 567 1185 602 imitatione
1220 569 1276 610 10,
1311 570 1345 610 2,
1383 570 1414 600 1.
1461 577 1616 601 maxima

131 619 357 665 eloquentiae
384 631 417 664 p.
443 622 476 661 1,
497 621 531 661 2,
554 620 611 652 30.
635 629 671 662 p.
698 616 916 662 judicialium
943 625 1130 649 causarum
1155 624 1293 648 summa
1314 613 1351 657 6,
1371 615 1410 665 2,
1435 614 1468 646 1.
1490 623 1618 666 recor-

87 682 91 689 =
131 665 249 710 datio,
295 676 386 710 quae
416 664 614 699 firmissima
636 665 711 707 ejus
734 660 952 704 (rr-moriae)
977 672 1010 704 p.
1038 666 1092 695 est
1117 662 1172 699 11,
1200 662 1235 701 2,
1262 659 1321 693 43.
1368 670 1405 692 tn
1446 668 1545 695 omni
1579 671 1617 704 p.

129 712 235 756 hujus
274 711 385 746 officii
417 712 452 750 6.
481 710 517 752 4,
539 711 562 744 8
599 708 644 750 qs.
671 712 726 752 12,
751 712 788 752 7,
813 711 845 743 3.
893 706 1027 751 optimi
1051 705 1107 741 sui
1132 705 1251 750 operis
1275 716 1312 749 p.
1347 711 1532 758 cesserunt
1559 707 1617 749 10,

132 760 168 801 1,
191 759 250 792 35.
282 757 452 802 quidquid
476 758 519 790 ad
545 755 696 799 aliquam
718 767 754 800 p.
782 754 954 789 scientiae
978 753 1132 798 pertinet
1155 754 1210 794 10,
1237 754 1270 789 1.
1292 752 1350 785 42.
1373 762 1411 785 in
1439 752 1556 785 media
1579 763 1619 804 p.

132 803 329 838 sententiae
365 805 401 846 9,
430 802 467 844 4,
502 802 558 836 29.
605 811 686 835 cum
715 802 805 835 haec
837 799 1047 833 exercitatio
1079 797 1146 833 sibi
1177 808 1340 842 magnam
1369 809 1404 841 p.
1443 807 1618 832 sermonis

131 849 322 883 absciderit
335 850 371 892 8,
392 851 427 888 3,
446 850 502 883 23.
540 846 754 890 emendatio,
779 858 813 890 p.
838 845 1035 880 studiorum
1058 846 1166 890 longe
1191 844 1378 877 utilissima
1404 842 1550 886 10,4,1.
1580 855 1618 888 p.

131 895 311 939 posterior
327 913 373 919 —
388 893 488 938 prior
504 893 672 936 —prima
693 903 821 928 versus
843 893 879 934 9,
902 891 937 934 4,
957 894 1021 933 72;
1054 893 1268 934 depes-sonis.-
1298 900 1425 935 magna
1450 901 1486 933 p.
1513 890 1555 934 ej
1567 901 1619 924 ns

130 939 328 983 (Hesiodi)
351 939 388 973 in
412 939 613 973 nominibus
650 944 704 972 est
740 944 912 981 occupata
948 939 1012 979 10,
1049 939 1091 980 1,
1131 937 1189 970 52.
1241 941 1379 969 ceterae
1422 934 1620 980 (actiones)

130 985 311 1019 minimam
334 997 370 1029 p.
395 986 482 1019 mei
498 986 639 1019 -habent
662 988 697 1027 7,
720 987 756 1026 2,
779 982 835 1017 24.
865 994 951 1027 pars
966 982 1007 1017 in
1031 993 1076 1016 eo
1102 981 1320 1026 (syllogismo)
1343 981 1455 1015 altera
1480 984 1515 1024 7,
1530 983 1565 1025 8,
1586 985 1619 1019 1.

133 1029 176 1074 b)
198 1036 303 1065 altero
328 1033 436 1066 Genii.
461 1032 611 1075 adjecto.-
647 1031 735 1063 duas
758 1035 877 1073 partes
901 1039 980 1062 esse
1017 1029 1118 1071 ejus
1154 1026 1367 1070 (notationis)
1402 1023 1425 1060 δ
1434 1030 1557 1062 tavei
1566 1037 1621 1063 ae

133 1082 170 1110 et
192 1075 364 1116 λέξεως
390 1078 426 1120 9,
455 1080 489 1120 1,
515 1080 569 1111 17.
618 1082 775 1120 quartam
810 1087 846 1119 p.
879 1074 1047 1116 adjiciunt
1077 1072 1219 1118 quidam
1253 1072 1547 1107 imitationis
1581 1075 1619 1117 3,

133 1124 169 1164 5,
195 1125 228 1156 1.
276 1123 316 1166 γ)
347 1123 541 1156 Nominm..·
584 1122 827 1156 universo
858 1132 968 1165 pars
1001 1120 1204 1154 continetur
1234 1122 1290 1159 12,
1326 1121 1361 1162 2,
1396 1119 1450 1154 18.
1484 1129 1619 1154 unum

132 1167 311 1202 intuentes
333 1167 400 1203 vix
424 1169 585 1212 aliqua
611 1179 719 1212 pars
747 1166 907 1211 sequitur
941 1168 997 1207 10,
1029 1168 1065 1208 2,
1099 1166 1146 1199 26
1202 1176 1351 1208 quarum
1385 1163 1619 1210 (figurarum)

132 1225 215 1258 pars
240 1219 313 1256 est,
344 1225 434 1258 quae
460 1214 713 1248 sententiarum
736 1213 878 1256 potius,
910 1223 1015 1256 quam
1038 1211 1234 1245 verborum
1261 1210 1318 1251 sit,
1343 1217 1381 1244 ut
1405 1211 1617 1255 imminutio,

132 1259 365 1304 improvisum
389 1267 450 1293 etc.
479 1261 514 1302 9,
538 1261 571 1302 3,
595 1261 653 1295 90.
701 1264 869 1292 nontam
896 1264 1058 1302 partes
1085 1258 1162 1299 ejus
1190 1268 1295 1300 quam
1318 1257 1501 1300 species
1524 1258 1557 1298 6,
1583 1261 1620 1302 1,

132 1307 190 1340 552
235 1312 416 1349 ponuntur
436 1311 474 1339 ut
499 1311 682 1350 partes,
725 1315 815 1349 quae
838 1303 1035 1348 species
1059 1308 1143 1337 sunt
1173 1302 1377 1346 partium
1411 1305 1445 1343 3.
1481 1304 1516 1346 8,
1551 1304 1617 1346 26;

130 1350 170 1384 in
194 1351 266 1385 hoc
290 1350 466 1394 (perfecto
492 1350 649 1395 oratore)
673 1356 821 1395 quota
844 1362 880 1394 p.
907 1350 985 1390 erit,
1011 1351 1132 1394 quod
1158 1354 1216 1382 aut
1228 1348 1441 1383 innocentes
1462 1349 1620 1384 tuebitur

130 1399 220 1431 eia-..²
243 1400 302 1440 12,
328 1400 361 1439 1,
385 1398 503 1431 21‘N.
538 1396 583 1438 cf.
614 1396 706 1438 infra
733 1398 778 1439 n,
806 1393 838 1439 ὃ,
864 1397 897 1429 b.
925 1401 1107 1430 ceterae
1140 1407 1174 1439 p.
1204 1394 1386 1438 (corporis)
1413 1397 1619 1439 loquentem

129 1443 320 1486 adjuvant,
352 1443 433 1477 hae
472 1442 660 1487 (manus),
696 1453 809 1488 prope
841 1448 894 1476 est
935 1448 974 1475 ut
1017 1442 1161 1483 dicam,
1204 1440 1303 1484 ipsae
1336 1443 1532 1485 loquuntur
1562 1445 1618 1486 11,

94 1514 101 1517 ν
130 1489 167 1530 3,
195 1490 253 1523 85.
300 1488 434 1523 invidia
474 1500 581 1531 reus,
621 1501 667 1522 an
699 1489 807 1532 odio,
849 1499 911 1521 an-
934 1493 1117 1522 contemtu
1149 1486 1305 1529 laboret,
1350 1497 1553 1531 quorum
1581 1500 1617 1532 p.

130 1534 280 1578 prima
303 1534 526 1578 superiores,
559 1535 777 1579 proxima
811 1545 934 1579 pares,
977 1533 1128 1567 tertia
1157 1533 1365 1567 humiliores
1398 1533 1527 1577 premit
1561 1535 1619 1577 12,

132 1581 168 1621 8,
190 1579 253 1622 14;
287 1584 472 1622 geminatur
495 1585 526 1614 in
551 1583 801 1624 contrapositis:
832 1592 855 1624 p
869 1591 942 1614 ars
965 1580 1106 1614 testium
1132 1584 1207 1621 est,
1237 1588 1328 1623 quae
1350 1591 1452 1613 reum
1475 1580 1619 1614 laedere

82 1629 95 1637 *
133 1624 243 1668 velit,
277 1637 408 1670 pars,
447 1638 536 1670 quae
566 1627 656 1660 nolit
689 1629 723 1668 5,
757 1629 792 1667 7,
828 1628 885 1661 15.
933 1636 1085 1670 quorum
1118 1624 1335 1668 (verborum)
1366 1637 1400 1668 p.
1437 1619 1618 1668 devorari,

130 1682 168 1716 p.
190 1671 333 1704 destitui
355 1673 449 1705 solet
471 1676 524 1715 11,
544 1674 578 1712 3,
594 1675 648 1706 33.
673 1672 718 1713 ό.
749 1675 805 1714 12,
823 1675 858 1714 2,
875 1673 916 1714 9;
958 1673 1169 1717 abnegatam
1194 1671 1227 1704 ei
1246 1671 1419 1714 pecuniae
1439 1677 1619 1716 partem

79 1727 86 1732 ”
131 1733 190 1750 -.
230 1717 456 1761 Quapropter
490 1724 666 1761 partem
691 1717 733 1761 (i.
762 1731 790 1751 e.
819 1722 1012 1751 alteram
1045 1716 1109 1761 p.)
1136 1718 1180 1750 ab
1210 1715 1255 1750 iis
1285 1722 1428 1759 petere,
1466 1726 1620 1760 quorum

132 1761 228 1794 facta
249 1763 486 1804 celebrasset,
520 1763 720 1805 iubebatur.
749 1766 805 1805 11,
839 1766 874 1804 2,
904 1766 959 1796 11.
1006 1761 1041 1803 ὅ)
1078 1765 1208 1797 6·οηὶ1..·
1250 1763 1439 1806 aliquando
1469 1762 1620 1796 totius

135 1815 265 1839 cartsae
290 1813 364 1848 est,
395 1808 584 1851 aliquando
606 1809 815 1852 partium
853 1810 886 1850 5,
923 1811 980 1850 13,
1011 1809 1070 1846 60.
1104 1807 1150 1849 cf.
1186 1810 1243 1850 11,
1276 1809 1310 1850 3,
1344 1809 1421 1842 152.
1467 1807 1621 1852 partium

135 1850 321 1894 dispositio
344 1855 378 1892 7,
413 1856 468 1895 10,
509 1855 563 1888 16.
610 1854 796 1897 dispositio
830 1853 927 1887 utilis
961 1865 1116 1888 rerum
1150 1864 1192 1887 ac
1227 1853 1419 1896 partium
1448 1853 1487 1888 in
1517 1855 1620 1888 locos

134 1896 334 1930 distributio
356 1901 391 1933 7.
416 1901 448 1938 1,
476 1901 507 1931 1.
533 1899 592 1942 qui
613 1910 658 1932 ne
690 1899 834 1933 minima
866 1900 1007 1943 quidem
1039 1899 1187 1943 alicujus
1221 1905 1319 1933 certe
1350 1898 1479 1934 fiducia
1511 1900 1622 1944 partis

134 1943 343 1976 memoriam
377 1941 637 1988 [posteritatis]
673 1944 872 1988 speraverit
907 1948 963 1988 10,
994 1948 1030 1988 1,
1065 1945 1108 1978 41
1146 1946 1194 1978 Ν.
1234 1958 1282 1978 cr.
1330 1943 1360 1986 ε)
1391 1948 1474 1978 Dat.
1490 1959 1502 1979 .-
1545 1955 1621 1980 non

134 1988 258 2032 utique
281 1988 414 2021 accedit
444 1989 590 2032 parti,
640 1991 736 2033 quod
764 1996 819 2024 est
854 1990 1128 2024 universum
1164 1993 1220 2033 12,
1253 1992 1290 2032 2,
1329 1991 1384 2025 18.
1415 2001 1491 2024 non
1520 1995 1621 2026 tota

136 2036 246 2067 modo
270 2034 406 2076 totis,
438 2035 502 2068 sed
526 2035 630 2068 etiam
654 2041 816 2078 partes·
839 2036 1055 2079 partibus
1087 2035 1287 2079 comparari
1310 2037 1344 2077 8,
1371 2034 1407 2079 4,
1434 2038 1490 2070 13.
1514 2035 1621 2079 spiri-

137 2084 212 2111 tum
236 2078 454 2112 omnibus
478 2091 512 2123 p.
541 2080 738 2113 immixtum
762 2084 799 2122 7,
824 2083 859 2122 3,
885 2082 927 2122 53
964 2084 1159 2123 Quintiliani
1183 2084 1436 2115 instituiionum:
1461 2081 1621 2115 destina-

137 2130 211 2158 tum
235 2123 318 2157 huic
340 2136 375 2167 p.
402 2125 519 2157 locum
544 2127 578 2167 5,
601 2128 634 2165 7,
659 2127 693 2160 8.
740 2126 785 2159 de
816 2126 989 2159 memoria
1020 2126 1215 2160 destinatus
1246 2131 1300 2160 est
1329 2125 1422 2160 libro
1453 2127 1620 2171 proximo

137 2171 265 2213 locus,
300 2180 368 2202 nec
389 2169 473 2203 huic
495 2179 531 2211 p.
558 2170 820 2216 subjungendus
846 2173 900 2214 10,
926 2174 960 2214 7,
984 2173 1041 2206 33.
1077 2170 1123 2212 cs.
1154 2174 1189 2214 1,
1223 2172 1256 2214 5,
1289 2172 1345 2206 45.
1391 2170 1427 2210 ζ)
1457 2177 1619 2210 Accusat.
1649 2187 1651 2189 ’

139 2216 178 2257 a)
201 2221 239 2248 ut
264 2226 343 2248 cum
368 2216 523 2249 omnia
546 2216 709 2259 utilitati,
738 2222 814 2250 tum
836 2222 1012 2260 partem
1035 2217 1210 2261 quandam
1238 2217 1415 2259 voluptati
1441 2219 1541 2253 daret
1564 2222 1620 2263 12,

139 2264 195 2302 10,
218 2261 275 2295 45.
295 2273 329 2304 p.
358 2261 525 2305 deinceps
548 2262 642 2306 ipsas
659 2262 829 2306 repetitus
852 2263 942 2296 ordo
967 2264 1160 2308 conjungat
1182 2263 1238 2306 11,
1253 2265 1290 2305 2,
1313 2264 1370 2298 28.
1390 2263 1458 2297 nisi
1482 2269 1622 2300 ceterae

82 2307 86 2308 ⁷
137 2318 176 2351 p.
200 2307 270 2340 hoc
294 2307 395 2340 vetut
417 2307 542 2350 spiritu
565 2308 793 2342 continentur
817 2322 894 2352 opp.
920 2314 1014 2342 totus
1042 2309 1144 2342 labor
1179 2310 1222 2345 ib,
1260 2311 1292 2342 1.
1326 2320 1478 2344 excussa
1509 2310 1622 2354 prima

138 2364 175 2396 p.
198 2369 245 2374 —
269 2352 430 2396 sequitur
450 2355 484 2394 7,
509 2356 544 2394 2,
568 2352 625 2388 44.
652 2354 820 2398 quinque,
848 2365 935 2398 quas
956 2353 1107 2388 fecimus
1122 2379 1133 2396 ,
1163 2359 1281 2398 partes
1314 2354 1349 2395 4,
1376 2357 1410 2398 3,
1437 2356 1493 2398 15.
1517 2356 1563 2398 cs.
1585 2357 1619 2400 5,

138 2399 197 2432 Pr.
222 2399 258 2432 5.
284 2399 318 2440 5,
345 2396 400 2440 14,
430 2400 482 2431 10.
506 2400 541 2441 9,
565 2398 600 2442 4,
628 2402 707 2434 130.
736 2406 946 2434 testamento
970 2405 1135 2444 quattuor
1159 2411 1194 2443 p.
1222 2398 1311 2434 fecit
1330 2401 1365 2444 ⁷,
1396 2405 1427 2443 1,
1452 2403 1509 2437 38.
1535 2403 1622 2436 duas

140 2444 216 2486 ejus
239 2454 275 2486 p.
299 2443 386 2477 fecit
411 2445 466 2486 11,
491 2446 582 2487 3,’1.
631 2445 747 2480 omnis
774 2452 892 2480 motus
917 2457 983 2480 sex
1007 2458 1042 2490 p.
1070 2446 1200 2480 habeat
1226 2448 1284 2489 11,
1307 2447 1341 2488 3,
1374 2447 1451 2482 105.
1482 2453 1622 2483 ceterae

141 2488 324 2531 (actiones)
346 2488 526 2523 minimam
547 2502 581 2533 p.
605 2491 676 2525 mei
697 2492 831 2526 habent
854 2495 888 2533 7,
913 2495 947 2534 2,
971 2491 1029 2526 24.
1057 2491 1114 2525 his
1136 2491 1184 2526 in
1211 2491 1325 2527 univ
1338 2503 1491 2527 ersum
1516 2505 1622 2538 prae·

141 2534 245 2568 dictis
282 2540 400 2578 partes
431 2535 611 2578 subjiciam
642 2538 677 2579 5,
711 2538 746 2580 8,
776 2539 811 2571 7.
858 2537 897 2578 b)
928 2545 1002 2580 post
1036 2539 1237 2580 praepo-«ssa
1284 2548 1364 2571 cum
1395 2538 1441 2572 in
1464 2540 1550 2573 duas
1585 2552 1619 2584 p,

140 2580 341 2614 intellectus
365 2580 515 2614 nominis
536 2581 720 2616 diducatur
741 2586 777 2626 7,
805 2585 861 2623 10,
885 2586 915 2616 1.
943 2584 1053 2616 altera
1077 2588 1130 2616 est
1152 2583 1252 2618 divi
1283 2582 1345 2626 io,
1369 2595 1460 2628 quae
1482 2585 1526 2619 in
1550 2591 1622 2619 tres

141 2637 177 2670 p.
204 2631 239 2660 et
260 2626 337 2669 ipsa
359 2627 507 2660 discedit
533 2631 587 2670 12,
612 2630 668 2670 10,
693 2629 749 2662 58.
794 2627 841 2661 in
869 2638 905 2672 p.
931 2639 1012 2662 suas
1038 2627 1229 2675 digerenda
1279 2631 1312 2672 1,
1339 2633 1371 2672 1,
1398 2630 1433 2665 6.
1458 2637 1623 2665 secantur

141 2672 232 2706 haec
257 2672 295 2705 in
317 2673 436 2716 plures
460 2672 532 2716 (sc.
556 2673 736 2718 partes)
758 2675 792 2716 8,
816 2676 853 2715 6,
879 2675 940 2715 13;
965 2674 1106 2708 centeni
1130 2680 1167 2708 et
1192 2675 1359 2721 octogeni
1384 2675 1423 2710 in
1447 2688 1623 2721 quamque

84 2735 106 2746 --
142 2729 179 2761 p.
206 2719 315 2761 pedes
339 2721 372 2761 1,
397 2720 451 2760 10,
475 2717 543 2752 43.
579 2718 616 2752 in
637 2730 883 2764 ‹piamcunque
906 2730 940 2763 p.
964 2720 1183 2764 spectaretis
1219 2721 1253 2759 8.
1280 2722 1315 2760 3.
1346 2723 1381 2756 9.
1410 2721 1448 2756 in
1484 2724 1622 2758 laevam

103 2782 106 2785 v
142 2773 180 2806 p.
204 2764 304 2797 velut
323 2765 567 2808 >propellemus
589 2775 713 2799 manus
737 2768 793 2807 11,
817 2768 852 2808 3,
880 2767 958 2799 113.
1002 2765 1075 2800 leni
1100 2765 1140 2800 in
1170 2771 1354 2811 utrmque
1381 2778 1416 2811 p.
1443 2775 1541 2802 motu
1567 2772 1622 2810 11,

143 2810 180 2851 3,
205 2809 264 2843 92.
287 2808 333 2850 cs.
357 2812 402 2843 ib.
430 2811 507 2846 129.
536 2810 615 2845 161.
640 2811 720 2848 165.
743 2810 871 2846 iisdem
894 2810 932 2846 in
964 2811 1124 2847 ultimam
1154 2823 1190 2858 p.
1223 2812 1444 2857 (sententiae)
1482 2814 1622 2849 collatis

195 2867 275 2898 Lex.
302 2867 414 2908 Quint.
1200 2868 1248 2903 40
