1728 3002
158 270 215 311 46
833 263 998 320 Aliquis

201 377 322 423 aliqua
351 380 555 416 naturaliter
583 385 778 425 sequuntur
801 377 845 421 4,
868 379 910 421 2,
937 377 992 412 53.
1030 376 1076 420 ‹J-
1100 377 1143 420 6,
1170 380 1210 420 1,
1234 377 1293 413 38.
1339 378 1397 420 12,
1419 376 1564 432 110,-56.
1608 378 1680 413 Sed
1707 384 1710 385 ’

203 426 287 470 quia
313 426 507 461 orationem
532 438 672 461 omnem
698 430 858 460 constare
881 423 1029 468 pedibus
1053 423 1148 467 dixi,
1183 422 1347 468 aliqua
1373 423 1418 458 de
1438 423 1499 459 *lm
1523 433 1684 470 quoque.
1719 459 1723 463 ζ

205 473 373 515 (Εἱίίρείε)
400 474 433 516 9,
458 472 492 516 4,
516 475 560 508 79
586 474 631 506 Ν.
666 472 790 505 fraude
815 469 1085 514 aliquorum
1118 469 1260 503 concita
1285 466 1452 512 (ι’πυὶἆία)
1481 471 1538 514 11,
1565 472 1598 515 1,
1622 471 1681 506 65.

205 517 484 561 aliquorum,
514 519 589 563 qui
612 520 706 552 hunc
727 519 900 551 honorem
924 521 1146 550 mererentur
1164 518 1220 558 11,
1236 518 1272 558 2,
1291 516 1351 551 39»
1374 511 1577 550 sermonem
1599 526 1682 550 cum

204 562 278 595 risu
311 565 492 608 aliquos
522 566 755 598 incessentem
786 564 825 604 6,
850 564 892 603 3,
917 564 972 595 21.
1018 561 1083 596 Ad
1115 561 1296 606 aliquid
1326 573 1359 594 v.
1384 560 1462 595 Ad.
1494 580 1543 588 --
1586 561 1625 608 β)
1650 563 1693 596 00²

209 611 460 652 contrapositis.-
493 611 531 644 in
553 611 607 644 his
630 610 726 643 libris
753 613 854 643 erum
878 609 1000 642 eadem
1025 608 1083 642 ali
1094 618 1196 652 qua,
1232 608 1372 641 multa
1397 613 1551 650 mutata,
1581 608 1683 652 plu-

204 653 313 687 rima
342 656 495 699 adjecta,
535 657 683 690 omnia
708 665 796 690 vero
821 653 1071 698 compositiora
1102 655 1160 688 Pr.
1183 655 1217 688 8.
1255 652 1301 696 cji
1333 655 1396 697 10,
1422 655 1463 696 1,
1489 655 1567 688 130.
1600 652 1685 698 quia

205 700 383 744 aliquid
413 708 481 744 est,
511 703 632 736 aliud
660 712 731 735 non
756 701 820 743 sit;
856 701 918 734 vel
946 700 1028 744 quia
1053 699 1227 744 aliquid
1254 699 1308 741 (a.
1333 703 1356 733 Ζ.
1382 697 1495 742 aliud)
1518 709 1594 734 non
1615 705 1684 742 est,

205 746 331 779 aliud
355 747 399 780 sit
430 750 464 790 5,
488 749 522 789 8,
547 751 578 783 7.
618 747 795 794 colligitur
824 746 917 790 aliq
929 746 1007 779 uid
1043 747 1096 788 (a.
1126 750 1146 779 l.
1173 744 1291 788 aliud)
1322 755 1388 790 per
1410 744 1532 779 aliud
1563 745 1598 789 5,
1625 747 1684 790 10,

206 793 246 824 11
274 792 320 826 N.
352 806 397 825 cr.
434 793 477 834 cs.
503 795 537 836 8,
561 797 597 835 2,
622 796 653 828 8,
709 792 881 826 Desintne
908 792 1084 837 aliquae
1109 791 1212 826 nobis
1236 790 1458 836 necessariae
1480 791 1606 826 literae
1633 809 1690 817 -«

205 847 249 869 an
272 849 391 872 rursus
417 838 537 872 aliae
564 840 762 873 redundent
785 842 819 881 1,
842 837 878 880 4,
903 841 937 873 7.
963 839 998 873 9.
1026 837 1198 882 aliquis
1226 838 1297 872 hoc
1323 838 1435 872 semel
1461 837 1563 880 tulit,
1598 846 1682 883 ego

176 910 180 911 ⁷
205 882 284 925 bis,
320 894 398 929 ego
422 891 477 918 ter
511 888 552 926 9,,
570 888 603 928 3,
629 887 685 919 87.
724 896 812 929 quae
836 894 911 918 non
944 884 1104 928 aliquo
1136 884 1319 928 tradente,
1347 884 1411 918 sed
1435 883 1683 928 experimento

204 938 299 962 meo
327 930 446 973 accepi
470 931 503 973 6,
520 936 553 973 2,
569 932 624 965 25.
655 937 808 975 praestat
834 930 1006 964 nemini
1030 930 1223 974 imperare,
1253 940 1358 974 quam
1380 929 1516 964 servire
1542 927 1678 963 alicui

205 975 246 1015 9,
271 976 311 1016 3,
335 976 391 1009 95.
434 987 504 1009 non
538 977 796 1021 cuicunque
831 976 1075 1010 innocentium
1107 977 1170 1009 sed
1203 974 1351 1010 alicui
1386 977 1449 1018 10,
1474 978 1513 1018 7,
1538 977 1572 1010 2.
1608 983 1686 1025 non

205 1019 374 1063 aliquis
403 1021 560 1065 juvenis,
587 1029 645 1056 aut
667 1034 779 1056 unus
807 1034 827 1056 e
851 1023 983 1069 vulgo,
1022 1024 1084 1055 sed
1109 1033 1214 1056 senes
1242 1029 1278 1057 et
1300 1020 1564 1066 prudentissimi
1587 1021 1624 1063 8,
1646 1019 1684 1062 4,

206 1067 261 1098 21.
297 1077 405 1099 unum
436 1069 608 1102 intuentes
634 1069 698 1103 vix
733 1069 886 1113 aliqua
912 1080 992 1112 pars
1019 1068 1179 1112 sequitur
1203 1069 1258 1110 10,
1283 1069 1322 1110 2,
1347 1068 1405 1102 26.
1445 1076 1516 1111 quo
1542 1065 1684 1100 facilius

206 1116 242 1143 et
269 1121 470 1147 occurreret
494 1126 624 1147 unum
651 1126 697 1149 ex
719 1116 877 1158 pluribus
901 1121 948 1156 et,
974 1126 1055 1148 cum
1078 1120 1196 1148 essent
1220 1113 1276 1147 usi
1300 1113 1470 1157 aliquo,
1491 1133 1540 1139 —-
1565 1122 1686 1146 sume-

204 1163 285 1190 rent
319 1159 447 1192 aliud
482 1163 535 1202 10,
562 1164 594 1202 1,
618 1164 651 1195 7.
684 1161 818 1195 inhibet
855 1163 997 1194 multa
1027 1181 1074 1186 —
1102 1166 1138 1194 et
1173 1159 1326 1203 aliqua
1360 1169 1404 1193 co
1430 1159 1457 1192 it
1481 1160 1538 1200 11,
1563 1160 1598 1200 3,
1625 1159 1684 1192 13.

205 1204 388 1237 multum
414 1205 495 1239 inde
524 1207 722 1250 decoquent
745 1207 846 1249 anni,
870 1208 1059 1245 multum
1084 1205 1175 1239 ratio
1199 1204 1353 1247 limabit,
1382 1216 1402 1238 a
1427 1203 1560 1249 iquid
1583 1204 1685 1238 velut

205 1259 271 1281 usu
293 1249 369 1292 ipso
394 1252 570 1285 deteretur
604 1256 636 1294 2,
660 1253 694 1295 4,
720 1257 751 1288 7.
803 1253 847 1294 cs.
880 1255 914 1295 5,
941 1254 977 1295 8,
1002 1255 1038 1287 3.
1083 1244 1271 1296 aliquid'
1297 1256 1418 1284 tamen
1455 1249 1618 1294 aliquo
1644 1248 1685 1283 in

206 1295 288 1327 loco
312 1297 435 1330 melius
459 1297 537 1341 alii,
568 1299 762 1341 plurima
790 1299 851 1333 ille
877 1301 934 1341 10,
959 1302 993 1341 2,
1017 1296 1075 1332 24.
1112 1296 1251 1332 etiamsi
1278 1307 1353 1331 non
1388 1295 1559 1338 omnia,
1591 1293 1686 1328 tradi

205 1345 324 1374 tamen
356 1343 502 1386 aliqua
535 1350 722 1387 potuerunt
752 1349 785 1388 7,
813 1348 873 1387 10.,
897 1344 933 1379 4.
973 1350 1043 1379 tot
1079 1355 1118 1378 se
1141 1343 1299 1388 undique
1327 1343 1454 1386 rebus,
1487 1352 1535 1376 ex
1559 1340 1687 1386 quibus

207 1385 407 1430 aliquam
435 1392 696 1433 apprehendas,
722 1391 949 1425 offerentibus
967 1393 1023 1433 10,
1046 1390 1079 1433 5,
1104 1392 1161 1424 10.
1189 1401 1271 1424 cnm
1295 1388 1477 1433 aliquid
1500 1387 1690 1425 ,detraherev

209 1433 308 1466 salva
330 1434 438 1477 gratia
464 1436 574 1478 velis,
602 1438 775 1471 concedas
800 1437 891 1471 alia
915 1435 1062 1471 omnia
1085 1439 1141 1479 11,
1165 1437 1199 1478 1,
1218 1438 1276 1471 71.
1306 1433 1351 1476 cf.
1374 1436 1408 1470 8.
1422 1437 1458 1477 2,
1479 1434 1524 1480 8.¹
1539 1433 1688 1468 laudare

210 1477 385 1521 aliqua,
411 1482 505 1514 ferre
529 1485 762 1526 quaedam,
786 1490 924 1517 mutare
948 1483 1054 1517 etiam
1075 1485 1110 1525 2,
1124 1481 1161 1525 4,
1178 1484 1234 1515 12.
1258 1490 1334 1515 non
1355 1479 1495 1515 ratione
1517 1477 1706 1535 aliquas

209 1524 273 1556 aed
296 1530 394 1558 motu
422 1526 526 1560 animi
557 1531 766 1572 quodam,
801 1529 923 1563 nescio
948 1541 993 1563 an
1018 1527 1208 1562 enarrabili
1230 1527 1266 1571 6,
1290 1529 1326 1570 3,
1349 1527 1381 1562 6.
1429 1525 1464 1571 γ)
1488 1521 1686 1569 νεμεῖιὴιηιε

211 1579 290 1602 esse
314 1570 490 1615 aliquid
514 1574 628 1607 minus
652 1575 777 1618 simile,
804 1575 978 1619 aliquid
999 1575 1081 1619 plus
1105 1576 1139 1616 5,
1159 1577 1214 1616 11,
1233 1575 1290 1608 30.
1327 1583 1392 1606 cur
1413 1571 1482 1616 ipsi
1507 1569 1689 1616 aliquid

209 1614 410 1650 forensibus
434 1619 605 1665 negotiiS,
632 1621 800 1665 aliquid
825 1621 1010 1656 desideriis
1034 1619 1256 1662 amicorum,
1285 1617 1467 1663 aliquid
1487 1616 1689 1657 rationibus

212 1660 434 1705 domesticis,
470 1665 643 1709 aliquid
670 1678 777 1701 curae
800 1667 984 1711 corporis,
1019 1665 1238 1700 nonnihil
1261 1664 1506 1704 voluptatibus
1529 1661 1689 1707 qnotidie

213 1706 338 1740 damus
361 1710 394 1750 1,
414 1712 468 1752 12,
490 1714 522 1745 7.
547 1723 578 1744 υ.
606 1713 832 1747 Nonnihil.
857 1725 939 1747 cum
964 1712 1116 1757 aliqua
1141 1711 1229 1756 ipsis
1255 1710 1430 1755 judicibus
1447 1707 1689 1753 relinquimus

212 1752 445 1796 aestimanda,
485 1755 631 1801 aliqua
663 1769 916 1804 nonnunquam
946 1757 1161 1794 adversariis
1191 1767 1336 1801 (pioque
1357 1757 1393 1797 9,
1417 1758 1453 1797 2,
1477 1756 1535 1789 25.
1591 1750 1630 1796 ὃ)
1659 1765 1688 1787 c.

214 1800 378 1841 emphasi.-
413 1801 499 1834 aliae
527 1803 768 1848 (quaestiones)
803 1807 976 1839 adductae
1007 1804 1232 1838 extrinsecus
1265 1801 1447 1846 aliquid
1476 1806 1595 1834 tamen
1625 1800 1691 1833 ad·-

214 1855 382 1877 summam
417 1858 541 1882 causae
574 1852 798 1885 conserentes
822 1854 855 1894 3,
880 1853 914 1894 6,
940 1855 972 1886 7.
1025 1851 1069 1884 Et
1101 1851 1265 1891 hercule,
1299 1858 1381 1881 cum
1409 1847 1554 1881 valeant
1585 1846 1692 1880 mul-

213 1894 302 1923 tum
325 1892 435 1925 verba
458 1905 522 1936 per
545 1906 601 1938 se,
626 1916 672 1922 —
701 1903 735 1931 et
759 1903 878 1944 gestus
902 1902 1091 1941 motusque
1115 1895 1288 1940 significat
1315 1893 1500 1937 aliquid
1528 1895 1582 1933 11,
1604 1893 1640 1935 3,
1656 1893 1696 1931 9ο.

213 1935 303 1987 Nam
334 1934 510 1982 (tarditas)
547 1947 580 1973 et
617 1942 857 1976 difficultatem
886 1941 1095 1977 inveniendi
1124 1942 1257 1974 fatetur
1287 1959 1334 1965 —
1369 1945 1425 1981 et,
1459 1937 1497 1972 in
1530 1947 1602 1982 quo
1636 1941 1692 1971 est

214 1983 415 2026 ahquid,
451 1987 664 2028 ‘emporibus
699 1989 889 2032 praefinitis
917 2000 1044 2033 aquam
1069 1987 1185 2031 perdit
1215 1989 1256 2020 ib.
1281 1987 1336 2020 52.
1370 1984 1455 2018 facit
1487 1985 1583 2018 enim
1603 1982 1693 2017 ‘ali-

214 2027 318 2071 quid
347 2035 381 2062 et
405 2030 511 2064 totius
538 2034 696 2076 corporis
721 2041 836 2069 motus
864 2038 906 2068 ib.
934 2038 1012 2069 122.
1057 2035 1091 2076 ε)
1118 2036 1142 2067 ἰ.
1167 2046 1199 2078 q.
1229 2033 1400 2076 aliquid
1423 2032 1574 2064 aliud:
1605 2029 1692 2062 alias

213 2084 292 2106 eune
321 2076 544 2117 quaestiones
568 2078 604 2111 in
628 2081 733 2113 rebus
756 2081 859 2124 ipsis,
889 2081 999 2123 alia«,
1035 2091 1125 2124 quae
1158 2080 1202 2112 ad
1235 2077 1411 2122 aliquid
1446 2083 1503 2119 (a.
1526 2080 1548 2109 1.
1571 2072 1691 2126 alind)
1715 2112 1718 2114 ,

213 2120 417 2170 referantur
435 2125 469 2164 3,
495 2125 527 2166 5,
552 2126 594 2158 16
616 2127 661 2159 Ν.
687 2139 733 2160 cr.
781 2129 1014 2169 Παρέκβαοις
1039 2132 1092 2160 est
1122 2124 1327 2166 alicujus
1364 2123 1434 2163 rei,
1459 2122 1522 2156 sed
1539 2123 1594 2156 ,ad
1619 2126 1693 2158 uti-

215 2165 346 2216 ¹¹¹J¹¹em
367 2178 492 2202 Causae
516 2170 741 2214 pertinentis,
771 2179 871 2206 extra
899 2172 1057 2205 ordinem
1080 2182 1277 2205 excurrens
1299 2167 1460 2203 tractatio
1477 2167 1563 2214 4,,3,
1585 2165 1628 2199 14
1645 2166 1688 2199 N.

216 2210 261 2260 ‘'J?
289 2221 368 2243 cum
391 2224 479 2247 vero
503 2215 539 2247 in
565 2216 767 2261 aliquam
791 2230 867 2252 rem
894 2218 1001 2252 missa
1027 2229 1149 2258 causa,
1181 2223 1217 2250 et
1241 2225 1420 2258 recessum
1446 2218 1499 2246 est
1532 2224 1551 2246 a
1579 2221 1691 2256 qnae-

216 2261 330 2306 ³¹¹.⁰¹¹e
363 2259 396 2298 3,
420 2262 474 2301 Ην
501 2264 554 2294 17·
600 2262 644 2302 cs·
673 2265 707 2305 6,
732 2267 767 2306 2,
791 2265 846 2298 25.
891 2266 927 2306 9,
951 2267 986 2305 3,
1011 2266 1068 2299 95.
1127 2261 1162 2305 ζ)
1194 2262 1356 2296 Adverbii
1387 2260 1504 2292 modo.-
1541 2256 1690 2292 subinde

216 2306 328 2351 enam,
355 2303 531 2346 anquid
564 2308 751 2350 spatiantes
781 2313 835 2352 11,
861 2311 894 2352 3,
920 2312 996 2344 135.
1032 2309 1208 2353 paulum
1237 2305 1414 2350 aliquid
1448 2305 1618 2338 aederunt
1652 2301 1692 2336 in

217 2347 348 2396 scholis
380 2349 699 2392 philosophantium
734 2358 795 2396 12,
821 2358 862 2397 3,
894 2358 946 2388 12.
990 2357 1176 2399 paulum
1214 2351 1400 2396 aliquid
1434 2351 1526 2383 ultra
1559 2347 1694 2394 primas

218 2391 335 2424 literas
361 2397 534 2443 progr-ensi
565 2401 594 2439 l,
616 2402 646 2439 1,
667 2402 698 2433 ὅ.
735 2400 777 2440 cs:
803 2404 837 2443 2,
858 2403 913 2442 10,
940 2403 994 2434 10.
1024 2403 1059 2442 ὅ,
1082 2404 1103 2434 3
1136 2402 1193 2434 31.
1231 2397 1409 2442 aliquid
1436 2391 1692 2442 indulgendum

216 2447 295 2469 esse
319 2438 491 2473 desiderio
515 2440 548 2482 4,
573 2447 606 2483 2,
634 2448 708 2477 122.
764 2446 801 2487 η)
834 2449 1029 2489 l¹‘requen1er
1053 2447 1218 2491 aliquis
1247 2445 1381 2477 auditur·
1405 2444 1451 2476 ad
1473 2444 1604 2476 ier-tiam
1622 2441 1692 2475 sin-

215 2485 340 2533 ςιιὶᾳνξε
373 2496 429 2524 pro
461 2494 566 2518 nostro
601 2499 627 2519 m
641 2502 712 2521 un.-
752 2490 924 2532 judicialis
957 2491 1127 2525 orationis
1159 2490 1313 2534 primum
1342 2500 1441 2530 esse,
1475 2485 1691 2531 persuadere

215 2528 322 2570 judici
349 2534 380 2560 el
407 2532 613 2564 sententiam
641 2533 714 2575 ejus
740 2539 868 2569 ducere
901 2537 936 2569 in
963 2538 1017 2579 id,
1043 2539 1139 2581 quod
1166 2536 1287 2570 velit
1317 2532 1688 2578 (nisi‘molisSubjece.

217 2586 286 2605 esse
311 2574 423 2607 oratio
448 2575 538 2626 jud.)
575 2583 609 2619 2,
638 2581 692 2620 15,
720 2583 762 2613 12
789 2583 832 2614 Ν.
880 2583 1017 2615 Socrati
1048 2583 1219 2623 objiciunt
1253 2580 1401 2622 comici,
1436 2580 1566 2612 docere
1593 2587 1689 2618 eum,

217 2622 396 2662 quomodo
420 2632 576 2663 pejorem
602 2635 739 2657 causam
763 2626 943 2660 meliorem
969 2630 1040 2661 fac
1056 2628 1116 2660 iat
1139 2632 1172 2670 2,
1195 2629 1249 2670 16,
1264 2630 1296 2661 3.
1322 2633 1361 2659 ut
1383 2627 1536 2658 fortasse
1557 2631 1689 2666 corpus

215 2665 355 2716 vulsum
390 2673 447 2696 ew
486 2667 665 2702 dixerit
702 2670 755 2712 (α.
782 2675 802 2702 l.
828 2672 999 2714 dixerim)
1039 2673 1156 2706 mollis
1182 2679 1216 2706 et
1244 2683 1367 2716 parum
1390 2669 1462 2705 viri
1493 2669 1615 2714 signa,
1649 2666 1689 2700 si

216 2720 291 2761 cui
316 2713 374 2743 illa
398 2723 443 2743 ex
466 2711 680 2755 impudicilia
707 2717 812 2748 nuere
836 2717 1024 2751 videantur
1043 2721 1076 2759 5,
1097 2722 1131 2760 9,
1156 2717 1199 2751 14
1224 2712 1269 2751 Ν.
1318 2718 1399 2750 Non
1424 2721 1601 2755 nostrum,
1629 2712 1690 2746 ἰη-

218 2760 332 2798 quit,
358 2766 467 2789 onus:
496 2758 558 2790 bos
583 2760 730 2792 clitellas
755 2763 787 2801 5,
810 2764 862 2802 11,
881 2767 918 2795 21
949 2765 994 2796 N.
1040 2763 1130 2797 cum
1154 2765 1198 2796 ad
1223 2764 1340 2796 stilum
1366 2762 1580 2802 secedet,
1607 2770 1691 2792 cum

218 2802 461 2847 generabit
493 2803 568 2846 ipse
599 2805 728 2848 aliquid
759 2814 862 2849 alque
897 2814 1142 2851 componet
1178 2809 1304 2852 (antea
1332 2810 1374 2841 ale
1406 2809 1548 2852 pueritia
1575 2804 1691 2846 suerat

160 2875 162 2877 .
218 2846 344 2890 sermo)
373 2850 410 2890 1,
437 2851 496 2891 12,
524 2852 579 2882 12.
634 2852 738 2896 Quod
770 2863 851 2885 cum
883 2859 936 2887 est
964 2855 1098 2897 puerile
1122 2873 1166 2880 -—
1191 2860 1266 2888 tum
1295 2853 1402 2888 eliam
1427 2853 1515 2887 utile
1544 2861 1692 2896 parum:
