1742 2964
421 171 559 227 Index
584 169 816 234 Nominum
844 170 1133 228 Propi-iorum.
1429 169 1543 211 1007

57 285 136 332 ejus
167 279 264 332 {nter
292 290 455 322 auctet&
483 295 560 320 non
580 286 754 324 convenit
851 289 895 322 15
908 287 956 321 N.
981 287 1149 321 ,sufflatum
1173 285 1216 318 de
1238 294 1276 316 eo
1292 282 1456 326 reperitur
1482 281 1543 321 10,

61 346 97 387 3,
121 346 157 394 1,
183 345 240 386 13.
288 344 476 393 Seeundum
506 342 750 388 Aristotelem,

10 438 22 448 Χ
60 394 216 449 Gorgiae
226 399 632 448 auditor-ihtalaestrae
645 412 750 446 quam

58 466 201 505 pugnae
222 457 335 503 magis
359 457 607 492 accomodatus
632 460 690 501 10,
715 460 749 502 1,

57 513 118 549 79.
173 513 232 548 Ad
267 514 552 559 componendum
582 513 748 558 optimus,

56 569 259 605 actionibus
293 569 445 606 idoneus
480 580 561 609 non.
585 569 655 605 fuit
689 573 748 616 12,

58 629 118 672 10,
138 626 198 663 49.
242 629 285 661 In
303 627 560 673 compositione
582 628 675 662 adeo
693 628 749 663 di·-

3 691 10 701 ‘
54 675 195 730 ligens,
226 690 267 718 ut
293 695 378 721 cura
405 685 482 727 eius
509 686 748 730 reprehenda-

55 745 117 775 tm·
149 743 218 782 10,
250 744 292 786 1,
320 741 380 777 79.
425 742 468 774 In
494 742 634 785 paribus
658 753 748 776 con-

53 796 351 842 mriiscopiosus
366 797 488 842 utique
502 798 615 842 prima
630 805 745 834 aetate

54 852 126 887 fuit
151 854 194 896 9,
217 855 264 898 3,
285 853 345 890 74.
389 854 451 889 An
472 855 592 890 Attice
615 856 746 891 dixerit

55 912 115 954 12,
141 912 200 956 10,
222 913 281 946 22.
328 911 504 956 Octavum
526 919 563 947 et
586 924 746 961 nonage-

57 967 186 1002 simum
206 966 371 1012 implevit
393 981 523 1003 annum
548 972 590 1013 3,
616 975 634 1004 1
648 996 661 1014 ,
688 972 743 1006 14.

55 1022 284 1059 Clarissimus
317 1025 624 1073 ille3praeceptor
646 1032 682 1072 2,
707 1031 744 1072 8,

55 1082 116 1116 11.
159 1081 245 1124 Eius
266 1083 560 1133 praestantissimi
581 1085 746 1130 discipuli

51 1137 200 1173 fuerunt
220 1138 260 1173 in
281 1139 380 1174 omni
397 1141 595 1176 studiorum
611 1153 744 1189 genere

53 1195 96 1238 3,
133 1199 176 1238 1,
208 1193 267 1243 14.
310 1196 404 1231 Eum
429 1209 505 1232 non
526 1199 637 1245 magis
663 1200 745 1234 libri

19 1293 22 1295 ι
51 1251 148 1286 bene
169 1251 318 1296 dixisse,
340 1265 443 1298 quam
463 1255 627 1300 discipuli
651 1258 744 1292 bene

52 1307 219 1343 docuisse
241 1315 418 1345 teutanmr
438 1314 475 1354 2,
495 1313 532 1356 8,
561 1316 618 1348 11.
656 1315 741 1358 Ejus

51 1365 177 1400 schola
206 1365 386 1411 principes
425 1374 604 1403 oratorum
645 1370 743 1405 dedit

54 1424 128 1466 12,
170 1425 239 1467 10,
272 1426 332 1459 22.
374 1422 587 1461 Aristoteles
620 1428 665 1460 ab
696 1438 742 1462 eo

53 1484 155 1522 parte
174 1478 220 1513 in
239 1490 312 1513 una
334 1479 496 1515 dissentit
519 1481 557 1524 4,
582 1486 617 1524 2,
641 1485 699 1517 32.

12 1533 268 1572 Isocrates.
301 1536 379 1580 ejus
401 1543 596 1572 sectatores
630 1537 674 1582 4,
706 1542 745 1583 2,

54 1592 116 1625 31.
139 1592 185 1635 9,
206 1589 252 1635 4,
277 1592 336 1628 35.

9 1649 218 1684 Isthmos
245 1660 292 1684 an
313 1648 478 1684 intercidi
505 1650 619 1695 possit
649 1653 686 1695 3,
707 1652 746 1696 8,

57 1706 104 1740 16
118 1705 169 1739 Ν.

4 1763 186 1797 Ithaca.
231 1762 269 1804 8,
291 1763 327 1802 6,
351 1762 397 1796 37
410 1763 447 1796 S.

5 1818 143 1853 Iuba:
159 1831 220 1851 rex
242 1821 300 1862 11,
324 1820 358 1861 1,
379 1820 439 1854 80.

7 1892 54 1902 -
78 1875 156 1919 ejus
175 1874 268 1910 filius
290 1875 327 1919 6,
350 1876 386 1917 3,
407 1877 468 1910 90.

8 1933 33 1967 J
40 1930 234 1966 udaiffae
251 1930 510 1976 superstitionis
528 1938 653 1968 auctor
666 1934 743 1980 pri-

53 1995 133 2023 mus
155 1991 191 2032 3,
215 1992 250 2031 7,
273 1992 377 2024 ΜΝ.

7 2044 329 2082 Judioialibus
352 2048 396 2082 de
417 2046 531 2082 causis
549 2047 610 2093 qui
624 2047 740 2093 aliqua

55 2109 331 2147 composuerunt
355 2105 392 2147 3,
417 2106 454 2148 6,
478 2103 556 2140 104.

9 2161 32 2194 J
39 2171 64 2194 u
72 2158 285 2207 gurthina
293 2171 314 2195 e
335 2161 501 2196 conditor
511 2161 680 2201 historiae
702 2163 739 2207 8,

50 2218 87 2260 3,
107 2218 168 2253 29.
535 2247 539 2250 «

8 2272 141 2310 Julia
166 2271 313 2308 basilica
334 2276 393 2317 12,
417 2275 452 2318 5,
475 2275 512 2309 6.
609 2320 611 2322 ¹

7 2329 189 2373 Julius,
213 2328 256 2365 G.
291 2330 457 2375 (sortasse
476 2329 632 2375 Caesar)
654 2332 738 2376 Ejus

50 2389 87 2422 ἰτι
107 2389 267 2426 Helvium
292 2390 467 2422 Manciam
493 2390 614 2422 «lictum
636 2390 738 2432 6,·3,

51 2445 109 2478 38.
131 2443 298 2478 Fortasse
307 2445 464 2488 ejusdem
475 2445 590 2480 facete
605 2444 739 2480 dictum

53 2501 97 2534 εἰ..
119 2499 228 2535 69Ν.
264 2499 307 2541 cf.
333 2503 397 2544 11,
421 2502 466 2544 3,
495 2502 574 2537 129.
608 2504 664 2536 uzu·
690 2509 738 2536 est

53 2558 94 2592 G.
124 2558 237 2591 Julius
269 2559 394 2591 Caesar
423 2560 563 2601 Strabo,
595 2571 628 2592 v.
661 2561 736 2592 131-

27 2614 34 2622 ‘
50 2614 172 2647 leudi
185 2616 735 2660 Prolegg.aacic.Brutump.82.

4 2667 165 2705 su-iius
206 2669 422 2715 Africanus,
456 2679 601 2708 orator.-
641 2673 736 2718 apud

50 2725 230 2768 Heronem
260 2728 307 2764 ‹le
335 2734 452 2764 morte
482 2729 604 2771 matris
626 2730 671 2775 8,
697 2729 735 2774 5,

851 347 893 387 1,
917 344 996 378 118.
1020 341 1067 384 cs.
1094 345 1158 387 12,
1184 343 1248 383 10,
1273 342 1330 374 10.
1376 338 1549 382 Imprimis

851 403 882 434 ei
907 403 1095 433 inbuuntur
1115 398 1223 434 Vires
1251 400 1308 441 12,
1338 397 1395 436 10,
1422 397 1481 428 11.

803 457 960 492 Julius
980 456 1186 498 Secundus,
1206 462 1320 489 orator
1329 453 1430 496 10,3,
1439 453 1481 484 12
1490 450 1543 487 N.

846 528 934 560 seqq.
970 513 1129 558 aequalis
1168 509 1396 559 Quintiliani,
1432 514 1543 552 atque

847 573 891 606 ab
917 582 962 606 eo
985 569 1205 604 familiariter
1227 573 1361 602 amatus
1384 568 1428 599 ib.
1468 564 1545 598 Mi-

846 640 908 663 rae
930 627 1119 662 facundiae
1142 626 1218 668 vir,
1242 624 1398 659 infinitae
1421 628 1544 656 tamen

846 697 953 720 mlrae
983 688 1026 720 ib.
1077 686 1245 718 Jmlicium
1277 685 1319 715 «le
1347 694 1384 714 eo
1410 682 1476 723 10,
1507 681 1547 720 1,

847 746 916 777 120
937 756 987 787 sq.
1025 744 1055 775 ei
1086 743 1240 774 tribuitur
1271 737 1455 786 Elegantia
1481 739 1544 780 12,

846 802 903 841 10,
930 802 986 835 11.

799 874 845 882 -
871 857 1010 890 Florus.
1035 867 1069 889 v.
1094 855 1236 888 Florus.

799 912 992 947 Juniani
1014 913 1050 954 9,
1078 912 1114 955 4,
1140 914 1217 945 101.

799 973 818 1004 J
827 970 964 1004 unius
988 970 1132 1003 Bassus.
1161 970 1218 1002 ubi
1239 970 1328 1002 vide.

798 1030 933 1062 Juno.
965 1030 999 1071 1,
1026 1028 1062 1068 6,
1086 1027 1146 1060 25.
1169 1026 1346 1058 Junonem
1365 1026 1398 1066 1,
1421 1026 1457 1067 6,
1476 1025 1536 1058 63.

798 1086 819 1119 J
830 1097 884 1130 up
894 1085 937 1129 pi
950 1089 1029 1118 ter.
1057 1095 1078 1116 a
1095 1083 1207 1127 prima
1224 1081 1343 1130 §latim
1358 1080 1539 1126 positione

843 1147 1000 1180 mutatur
1035 1143 1075 1183 1,
1109 1140 1154 1179 6,
1186 1140 1243 1174 25.
1290 1138 1477 1183 Olympius
1499 1137 1539 1172 in

844 1199 947 1234 Elide
977 1200 1034 1240 12,
1062 1198 1118 1239 10,
1142 1199 1177 1231 9.
1223 1196 1365 1230 Laudes
1392 1195 1543 1240 Capito-
1594 1214 1595 1217 =

842 1256 909 1291 lini
938 1255 1044 1291 Jovis
1075 1259 1248 1298 perpetua
1287 1252 1380 1287 sacri
1422 1258 1543 1286 certa-

808 1350 812 1355 ,
842 1313 948 1347 minis
970 1311 1117 1346 materia
1145 1313 1191 1354 3,
1217 1311 1241 1342 7
1246 1335 1258 1353 ,
1285 1311 1320 1344 4.
1345 1329 1391 1338 -
1416 1310 1543 1344 hiber-

841 1381 906 1403 nas
931 1380 1020 1413 cana
1056 1368 1142 1403 nive
1179 1368 1343 1412 conspuit
1367 1367 1480 1412 Alpes
1503 1369 1541 1412 8,

843 1429 879 1469 6,
904 1429 948 1460 17
963 1426 1013 1458 N.
1048 1425 1189 1471 signum
1219 1425 1323 1459 Jovis
1347 1427 1536 1459 columnae

843 1482 1046 1525 impositum
1069 1483 1102 1519 5,
1119 1484 1175 1522 11,
1191 1481 1250 1514 42.
1274 1483 1405 1516 Jovem
1422 1482 1536 1526 illum,

845 1549 867 1571 a
898 1548 969 1581 quo
997 1537 1036 1570 in
1068 1538 1260 1571 concilium
1289 1538 1440 1572 deorum
1470 1540 1537 1572 ad-

844 1600 996 1630 vocatur
1028 1593 1192 1637 (Cicero)
1226 1596 1290 1637 11,
1321 1598 1367 1638 1,
1399 1595 1457 1631 24.
1487 1596 1533 1630 ab

844 1651 940 1685 Jove
962 1650 1203 1694 incipiendum
1229 1653 1295 1694 10,
1327 1653 1368 1693 1,
1398 1650 1455 1686 46.
1498 1651 1538 1685 in

843 1709 940 1742 Jove
971 1709 1030 1742 vis
1052 1709 1291 1753 regendorum
1313 1708 1473 1741 omnium
1500 1710 1536 1752 3,

844 1767 881 1808 7,
905 1766 941 1799 8.
972 1765 1065 1799 Jove
1090 1770 1302 1811 propagatus
1325 1770 1380 1799 est
1402 1767 1538 1800 Tanta-

842 1822 899 1855 lus
923 1823 959 1867 9,
979 1824 1016 1866 3,
1044 1824 1101 1859 57.

1136 1913 1190 1955 L.

806 1991 836 2025 L
844 1992 890 2025 ab
899 1991 941 2026 ie
949 2003 974 2025 n
982 2003 1005 2025 u
1013 2002 1042 2026 s·
1056 1999 1242 2026 accusator
1251 1991 1384 2026 Rabirii
1396 1994 1531 2037 deper—

807 2038 811 2041 '
843 2048 1023 2082 daemone
1045 2050 1081 2092 3,
1107 2051 1164 2092 13,
1189 2052 1247 2083 20.
1435 2083 1444 2090 .

795 2105 996 2139 Labieni
1025 2105 1129 2145 (sive
1162 2105 1318 2140 Cornelii
1343 2105 1459 2149 Galli)
1494 2106 1534 2141 in

839 2162 1046 2197 Pollionem
1069 2162 1196 2205 oratio,
1227 2166 1261 2206 1,
1288 2164 1322 2206 5,
1346 2164 1380 2197 8.
1408 2170 1534 2198 contra

838 2218 1008 2253 Urbiniae
1029 2219 1181 2253 heredes
1204 2218 1240 2263 4,
1264 2222 1298 2263 1,
1326 2223 1382 2254 11.
1416 2221 1534 2256 Pollio

840 2275 879 2309 in
898 2286 942 2310 eo
958 2277 1099 2310 damnat
1117 2279 1264 2310 Rebus
1290 2280 1530 2320 agentibus

837 2334 874 2376 9,
897 2335 932 2376 3,
957 2335 1015 2368 13.

792 2390 882 2423 Lac
894 2401 913 2424 e
925 2390 1126 2424 daemon.
1158 2390 1427 2425 Lacedaemone
1452 2397 1531 2426 stu-

839 2447 898 2480 dia
919 2446 1099 2490 literarum
1122 2447 1238 2481 minus
1260 2447 1407 2482 honoris
1423 2460 1533 2493 quam

837 2503 989 2537 Athenis
1011 2504 1240 2537 merebuntur
1263 2505 1299 2547 3,
1325 2507 1362 2547 7,
1384 2503 1443 2540 24.
1471 2544 1474 2547 ,

792 2559 1179 2602 Lacedaemonii.
1204 2573 1315 2594 eorum
1338 2561 1436 2608 leges
1459 2563 1528 2596 du-

836 2616 996 2650 rissimae
1013 2601 1075 2660 q,
1099 2618 1167 2660 10,
1191 2618 1248 2651 15.
1284 2617 1429 2652 civitate
1456 2630 1526 2653 ex-

835 2674 971 2718 pulsam
991 2672 1196 2707 rhetoricen
1217 2676 1260 2718 2,
1285 2675 1351 2718 16,
1373 2673 1455 2710 4Ν.
1478 2696 1526 2702 -

835 2729 1018 2766 exercitus
1037 2729 1183 2766 musicis
1210 2725 1384 2767 accensos
1403 2732 1520 2767 modis
