1728 3002
93 152 179 197 666
684 155 802 198 Pone
831 178 887 188 —
925 155 1043 198 Pono

141 279 296 316 persona
320 268 507 305 confirmet
528 267 564 312 8,
588 268 623 312 5,
648 270 684 305 8.
729 281 764 315 p.
789 269 1012 319 singulorum
1043 265 1280 309 examinanda
1315 275 1383 319 10,
1413 275 1458 319 3,
1491 274 1524 311 5.
1573 267 1638 310 11111

140 318 274 363 pond.
305 316 473 363 exigitur,
496 326 730 360 praeceps
755 328 798 351 ac
821 319 1062 353 resultans
1086 320 1122 362 9,
1136 319 1174 363 4,
1189 321 1248 355 83.
1277 318 1308 355 si
1332 332 1454 356 rerum
1475 323 1636 366 pondera

140 363 385 398 minutissimis
414 361 600 396 sententiis
624 373 699 396 non
727 363 895 410 fregisset
924 367 981 408 10,
1023 369 1056 408 1,
1090 366 1169 401 130.
1215 367 1296 410 plus
1331 367 1500 411 ponderis
1529 369 1636 403 habet

139 411 178 444 in
204 410 412 444 affirmando
436 407 473 452 4,
505 410 541 450 2,
581 411 660 443 125.
707 421 781 444 11011
814 411 922 445 habet
952 412 1044 446 haec
1081 423 1140 447 res
1169 422 1435 449 mensuram
1471 419 1507 448 et
1530 414 1636 459 'quasi

96 486 98 489 .
139 458 326 501 pondus
352 459 409 498 11,
427 458 471 507 ·1‚
497 456 555 490 91.
602 457 770 502 neglecto
798 468 918 492 rernm
943 459 1084 502 pond.
1109 463 1146 493 et
1169 456 1355 494 viribus
1384 460 1636 497 sententiarum

140 506 175 546 9,
199 505 233 545 3,
262 505 340 536 100.
370 502 497 536 relicto
521 512 640 535 rerum
664 505 805 548 pond.
833 515 876 538 ac
900 504 1060 539 nitore
1083 510 1266 540 contemto
1302 506 1347 549 9,
1384 506 1431 549 4,
1462 508 1543 541 113.
1586 506 1638 543 ita

138 549 341 583 servabitur
365 549 506 594 pondus
532 550 589 592 10,
615 552 650 591 7,
675 551 740 593 28;
777 550 963 584 clarissimi
989 551 1231 598 gravitate
1254 551 1523 596 sententiarum,
1551 564 1637 590 ver-

138 597 265 630 borum
289 597 533 641 pondere,
566 596 863 631 auctoritate
887 607 1119 642 personarum
1150 600 1207 641 10,
1236 600 1270 642 1,
1301 600 1359 634 97.
1393 611 1425 633 v·
1456 598 1637 633 Aucto-

137 643 282 685 ritas,
325 642 461 685 oratio,
502 653 596 686 quae
631 648 734 677 astu
769 649 887 687 caret,
931 645 1147 688 pondere
1194 645 1304 678 modo
1357 649 1394 678 et
1435 644 1637 689 impulsu

137 689 332 734 proeliatur
353 690 389 732 9,
420 691 538 738 1,.20.
589 688 649 730 (in
681 689 876 734 palaestra)
909 691 989 734 plus
1019 691 1221 735 pondere
1258 696 1295 725 et
1329 690 1567 726 firmitate
1601 696 1637 725 et

137 735 318 780 spiritu
341 735 456 782 agitur
481 737 538 779 12,
563 737 597 777 2,
627 738 684 770 12.
707 748 786 772 rem
810 736 943 781 alioqui
967 738 1125 772 levem
1149 737 1402 772 sententiarum
1426 738 1637 782 pondere

135 782 299 827 implevit
323 783 358 824 9,
387 784 422 824 3,
459 780 518 816 74.
554 787 688 827 pugnat
708 772 779 817 ille
814 782 1031 818 acumine
1065 794 1230 827 semper,
1266 783 1326 818 hic
1357 784 1570 828 frequenter
1601 788 1638 817 et
1704 783 1717 793 ’”

134 830 349 873 pondere
376 830 433 872 10,
462 830 496 870 1,
535 829 613 862 106.
655 829 940 864 subtilitate
974 829 1167 874 vincimur,
1198 831 1384 866 valeamus
1421 831 1635 875 pondere

138 879 200 918 12,
235 878 302 918 10,
335 876 393 910 36.
441 886 542 908 cum
568 875 675 918 pond.
697 876 817 920 aliquo
842 876 994 911 dicenda
1020 881 1103 910 sunt
1129 877 1164 920 6,
1186 878 1220 920 1,
1243 879 1279 911 2.
1303 876 1429 911 lenti
1462 876 1560 922 quid.
1593 886 1636 910 ac

135 921 340 965 remissi,
365 932 439 955 non
463 920 566 955 sine
590 923 725 965 pond.
750 928 871 957 tamen
895 925 953 967 12,
978 925 1034 966 10,
1061 923 1114 959 19.
1628 946 1632 952 -

85 977 219 1020 Pohe·
268 1003 325 1034 ap.
342 983 480 1031 'Virga
507 990 542 1032 8,
574 991 609 1032 3,
634 990 692 1024 25.

86 1036 221 1077 ΡΟΠΟ-
270 1047 356 1082 facit
387 1047 534 1091 posui
567 1050 600 1090 1,
633 1048 669 1092 6,
697 1047 751 1082 15.
803 1045 832 1089 1)
856 1048 889 1080 in
915 1049 1026 1093 aliquo
1052 1051 1139 1082 loco.
1185 1046 1227 1092 a)
1253 1046 1291 1081 in
1315 1040 1386 1091 iis,
1420 1057 1512 1091 qnae
1541 1045 1635 1081 didi-
1669 1048 1673 1059 ‘

130 1099 278 1138 cerunt,
313 1093 403 1127 locis
428 1099 567 1137 ponunt
595 1093 657 1138 (a.
684 1098 706 1127 l.
732 1093 882 1138 repon.)
906 1105 967 1127 res
988 1094 1093 1137 illas,
1121 1105 1282 1128 mensam
1305 1093 1343 1128 in
1367 1092 1547 1128 vestibulo
1571 1101 1634 1127 eto.

131 1140 261 1174 deinde
285 1142 487 1187 relegentes
511 1140 724 1183 inveniunt,
756 1140 818 1174 ubi
845 1139 1035 1186 posuerint
1069 1143 1188 1184 11,s2,
1212 1142 1270 1174 23.
1319 1141 1507 1183 columna,
1544 1151 1636 1184 qnae

131 1193 185 1221 est
211 1183 419 1221 Duellio
442 1187 487 1220 in
514 1187 598 1221 foro
622 1187 737 1231 posita
762 1190 795 1230 1,
821 1189 856 1230 7,
882 1190 938 1222 12.
963 1187 1209 1230 tyrannicidae
1230 1186 1352 1234 imago
1379 1186 1428 1220 in
1450 1185 1637 1232 gymnasio

133 1239 287 1277 ponatur
314 1237 348 1276 7,
377 1238 410 1275 7,
436 1236 470 1268 5.
520 1240 659 1267 scutum
686 1233 776 1280 signi
802 1233 914 1279 gratia
936 1233 1091 1278 positum
1119 1235 1153 1276 6,
1174 1235 1210 1276 3,
1233 1234 1290 1268 38.
1321 1233 1467 1268 alteram
1492 1230 1634 1276 (sellam)

130 1279 250 1323 posuit
272 1281 316 1312 ib.
341 1280 398 1314 25.
426 1291 471 1312 an
494 1279 555 1313 iis
583 1281 724 1313 demum
748 1281 915 1322 ponenda
945 1279 991 1314 sit
1016 1278 1174 1324 (statua)
1198 1281 1233 1321 3,
1259 1280 1295 1322 8,
1321 1279 1356 1314 5.
1391 1278 1437 1320 cs.
1468 1282 1504 1322 7,
1528 1280 1564 1322 9,
1588 1279 1630 1320 83

132 1325 162 1359 si
189 1325 267 1369 quis
291 1335 422 1368 corpus
450 1336 552 1358 suum
577 1325 713 1358 inculto
738 1327 819 1359 loco
845 1326 933 1369 poni
956 1326 1078 1368 jubeat
1099 1329 1134 1368 7,
1159 1326 1195 1368 9,
1219 1327 1242 1360 5
1264 1329 1309 1359 Z.
1355 1331 1405 1368 ut¹
1426 1323 1535 1369 poni
1574 1325 1632 1368 (α.

131 1376 154 1406 1.
181 1371 352 1415 deponi),
377 1382 451 1404 non
475 1371 635 1404 ferire
657 1371 823 1405 videatur
848 1371 1011 1415 (manus)
1037 1374 1093 1413 11,
1117 1374 1153 1413 3,
1186 1371 1266 1406 106.
1312 1370 1431 1413 posito
1466 1380 1561 1415 genn
1595 1371 1631 1412 9,

129 1417 165 1461 4,
195 1421 250 1451 11.
275 1427 339 1451 eos
362 1434 408 1440 —-
436 1418 481 1450 ad
504 1423 665 1451 senatum
689 1417 860 1450 adduci
886 1416 992 1460 jussi3
1029 1416 1075 1450 in
1109 1422 1236 1453 senatu
1258 1421 1341 1450 sunt
1362 1415 1519 1460 positi
1545 1418 1629 1450 Cic.

64 1461 69 1463 ’
129 1466 165 1506 9,
195 1466 229 1506 3,
269 1464 325 1499 50.
371 1462 417 1507 β)
448 1467 587 1496 1ναηεῖ..·
630 1468 750 1506 aperte
785 1462 945 1506 ponendi
975 1473 1052 1496 rem
1088 1468 1191 1496 ante
1221 1462 1348 1496 oculos
1379 1462 1414 1504 Er,
1451 1463 1486 1505 3,
1519 1462 1562 1496 81
1594 1474 1630 1497 v.
1716 1502 1718 1509 y

131 1511 320 1545 Oculus.
361 1520 442 1543 cum
472 1514 658 1543 accusator
695 1521 716 1543 a
754 1509 833 1552 jure
875 1519 962 1543 006
975 1507 1120 1552 perit,
1162 1513 1332 1552 patronus
1366 1507 1485 1545 omnia
1516 1519 1631 1552 paene
1700 1510 1717 1530 ἱ-

131 1562 239 1591 ante
267 1557 322 1600 jus
346 1555 507 1600 posuerit
533 1559 568 1597 7,
588 1559 622 1598 1,
648 1558 681 1589 2.
710 1567 800 1599 quae
820 1560 902 1589 sunt
923 1560 1047 1589 contra
1069 1553 1186 1598 posita
1199 1556 1256 1598 12,
1278 1556 1315 1598 2,
1341 1553 1362 1589 5
1385 1566 1420 1588 v.
1445 1552 1629 1589 Contra.

132 1610 235 1637 extra
259 1602 375 1647 posita
398 1604 433 1645 3,
461 1603 496 1645 6,
522 1604 569 1637 25
596 1613 634 1648 υ.
658 1601 819 1636 Extra.
849 1601 958 1644 illud,
996 1601 1093 1646 quod
1118 1605 1239 1645 potest
1265 1598 1383 1635 videri
1412 1605 1517 1635 extra
1539 1601 1631 1635 haec
1697 1599 1700 1605 '

130 1649 308 1695 positiun,
347 1650 578 1692 conjecturae
603 1657 715 1695 genus
741 1647 798 1691 (a.
824 1651 847 1681 1.
871 1645 1047 1693 propos.)
1071 1650 1108 1690 7,
1147 1649 1183 1689 2,
1212 1645 1251 1680 4.
1299 1650 1404 1681 extra
1431 1646 1641 1692 periculum.

128 1696 284 1742 positum
301 1698 337 1738 2,
357 1698 391 1738 5,
410 1697 468 1729 23.
494 1700 597 1730 extra
615 1695 802 1742 vulgarem
821 1704 926 1727 usum
941 1693 1080 1738 positae
1098 1691 1326 1736 (fig-urae)9,
1338 1694 1374 1736 3,
1394 1693 1428 1727 5.
1453 1693 1630 1740 augendo,

129 1744 227 1787 quod
254 1747 308 1777 est
330 1741 406 1776 inf
414 1753 487 1784 ra,
520 1752 671 1776 necesse
696 1746 750 1775 est
773 1741 925 1774 extollat
948 1739 1006 1784 id,
1041 1740 1137 1784 quod
1162 1749 1314 1783 supra
1334 1738 1490 1783 positum
1511 1741 1568 1774 est
1591 1740 1628 1782 8,

127 1788 164 1832 4,
188 1791 223 1825 9.
274 1800 322 1823 ex
343 1790 490 1835 longe
517 1787 696 1832 positis
722 1788 766 1821 ad
790 1786 1022 1831 propiora
1047 1791 1255 1833 argumenta
1281 1785 1460 1820 ducuntur
1491 1787 1536 1830 5,
1570 1787 1634 1830 10,

126 1837 184 1872 90.
210 1847 268 1870 res
292 1837 465 1880 procul
488 1835 531 1869 ab
561 1833 801 1869 ostentatione
824 1833 958 1878 positas
980 1834 1040 1867 Pr.
1062 1830 1098 1866 4.

220 1894 272 1935 ΙΙ)
298 1895 340 1926 de
365 1895 479 1926 ordine
503 1895 536 1925 in
560 1894 699 1926 dicendo
727 1896 780 1926 vel
803 1893 974 1925 scribendo
998 1888 1035 1933 α)
1059 1894 1099 1923 nt
1122 1886 1370 1934 potentissima
1393 1885 1628 1932 (argumenta)
1696 1907 1707 1910 —<

125 1939 240 1984 prima
265 1945 301 1973 et
329 1950 466 1972 summa
492 1944 672 1983 ponantur
704 1938 740 1981 6,
771 1936 807 1980 4,
840 1940 900 1972 22.
947 1937 1104 1971 secunda
1138 1934 1297 1979 quinque
1326 1934 1481 1979 partium
1512 1933 1628 1979 posita

127 1993 182 2020 est
205 1984 425 2030 (dispositio)
448 1989 483 2027 7,
508 1986 567 2018 Pr.
592 1987 626 2018 2.
658 1983 702 2025 of.
732 1986 765 2027 1,
791 1984 826 2028 5,
852 1985 911 2019 26.
935 1982 1190 2018 assumtionem
1213 1981 1344 2015 deinde
1375 1979 1477 2025 ponit
1509 1980 1543 2023 5,
1569 1978 1626 2024 14,

125 2035 160 2068 8.
187 2035 277 2067 haec
302 2030 529 2076 amplificatio
553 2031 713 2076 posita
742 2036 817 2065 est
851 2030 957 2074 alibi,
999 2028 1084 2062 alibi
1113 2029 1249 2063 valet
1282 2028 1317 2070 8,
1348 2025 1385 2070 4,
1417 2027 1473 2062 15.
1524 2026 1628 2061 aliter

127 2079 374 2113 tantummodo
399 2077 534 2122 positas
558 2075 815 2122 (quaestiones)
839 2079 874 2120 3,
899 2078 933 2118 5,
969 2078 1026 2110 11.
1072 2085 1201 2110 versus
1232 2073 1421 2108 commode
1456 2072 1565 2117 positi
1589 2072 1626 2116 6,

127 2127 162 2170 3,
186 2127 244 2161 96.
270 2130 473 2170 opportune
497 2123 636 2168 positae
659 2121 837 2167 (figurae)
861 2125 896 2166 9,
921 2125 955 2165 3,
981 2123 1059 2156 100.
1084 2131 1217 2155 nomen
1241 2119 1448 2172 simpliciter
1469 2118 1626 2172 positum

128 2174 162 2214 1,
190 2173 225 2215 6,
251 2174 307 2206 13.
332 2172 423 2205 haec
446 2191 491 2196 -
515 2170 720 2214 ubicunque
745 2176 850 2204 erunt
872 2169 1010 2214 posita,
1054 2178 1101 2201 an
1133 2166 1372 2209 conveniant,
1409 2175 1480 2199 ms!
1514 2166 1626 2199 multa
1689 2207 1690 2210 Ἴ

127 2219 286 2252 lectione
315 2223 387 2262 atq.
417 2216 598 2250 auditione.
625 2216 766 2261 assequi
791 2217 893 2250 nullo
917 2215 1026 2249 modo
1048 2224 1238 2257 possumus
1262 2215 1319 2256 10,
1345 2214 1379 2255 1,
1408 2213 1477 2254 10,
1517 2210 1639 2255 inve<
1688 2247 1691 2249 a

126 2264 249 2302 niunt,
279 2263 342 2298 ubi
362 2262 549 2308 posuerint
572 2265 617 2304 (i.
643 2276 672 2296 e.
699 2265 846 2305 singulas
881 2263 1057 2296 sententias
1089 2262 1123 2292 in
1155 2266 1228 2292 arte
1259 2257 1463 2298 memoriae)
1495 2259 1558 2300 11,
1585 2259 1623 2300 2,

126 2312 183 2344 23.
231 2312 269 2354 β)
294 2310 331 2344 id
357 2311 453 2354 quod
477 2315 584 2343 ante
610 2308 811 2356 ingressum
834 2307 887 2342 r'ei
921 2306 1066 2352 ponitur
1100 2303 1148 2348 4,
1183 2307 1226 2347 1,
1261 2306 1294 2339 3.
1334 2302 1378 2345 es.
1413 2302 1452 2346 4,
1482 2305 1529 2346 2,
1562 2301 1622 2343 86,

125 2356 261 2390 lumina
285 2356 334 2390 in
361 2355 530 2390 clausulis
551 2354 668 2399 posita
689 2357 724 2397 8,
750 2356 784 2400 5,
812 2357 835 2388 2
871 2367 905 2388 v.
931 2352 1165 2388 Clausula.
1205 2349 1320 2394 primo
1345 2348 1459 2402 (loco)
1482 2349 1622 2403 firmum

126 2402 262 2446 aliquid
288 2414 368 2437 esse
391 2402 610 2446 ponendum,
635 2412 773 2436 summo
803 2400 863 2445 (a.
893 2404 914 2434 1.
944 2397 1095 2441 summa)
1117 2396 1365 2440 firmissimam,
1386 2395 1623 2434 imbecilliora

125 2448 245 2482 medio
276 2448 334 2493 (a.
360 2453 383 2482 1.
408 2447 548 2491 media)
573 2451 608 2491 7,
633 2451 667 2491 1,
693 2450 748 2482 10.
779 2445 988 2490 (syllabam)
1021 2443 1126 2478 aliam
1154 2454 1221 2487 pro
1253 2443 1342 2486 alia,
1377 2447 1438 2479 aut
1468 2441 1621 2480 eandem

128 2493 221 2535 alio,
259 2507 362 2534 quam
386 2499 524 2528 rectum
548 2499 626 2536 est,
655 2495 740 2528 loco
769 2498 880 2538 ponat
906 2495 939 2535 1,
964 2492 998 2533 5,
1028 2492 1082 2524 10.
1114 2502 1148 2524 v.
1182 2490 1343 2523 Locus.
1389 2486 1619 2540 y)·A.1ttono-

126 2539 235 2572 masia
261 2546 336 2582 est,
376 2552 468 2584 quae
493 2539 627 2585 aliquid
657 2550 747 2584 pro
778 2538 925 2573 nomine
955 2536 1058 2582 ponit
1080 2538 1128 2578 8,
1153 2536 1199 2579 6,
1223 2536 1280 2571 29.
1341 2539 1378 2577 et
1405 2534 1620 2568 divisionem
1682 2578 1683 2581 Ἴ

126 2596 209 2629 pro
232 2586 406 2619 sententia
440 2586 546 2630 poni,
588 2592 624 2621 et
655 2591 901 2633 argumentum
933 2585 970 2626 8,
1007 2582 1041 2626 5,
1075 2585 1133 2618 30.
1180 2584 1359 2616 Romanae
1393 2579 1620 2623 eloquentiae

124 2630 323 2675 principem
355 2643 439 2675 pro
472 2632 650 2667 Cicerone
683 2632 846 2676 posuisse
874 2633 915 2674 8,
951 2630 987 2670 6,
1016 2631 1079 2664 30.
1123 2628 1163 2663 in
1193 2627 1307 2672 tropis
1337 2631 1519 2678 ponuntur
1549 2625 1619 2663 alin
1683 2639 1685 2643 ¹

123 2677 235 2711 verba
260 2686 348 2720 pro
373 2677 451 2711 aliis
474 2680 510 2720 9,
536 2681 571 2721 1,
595 2681 631 2714 5.
657 2678 703 2720 os.
725 2680 761 2722 8,
783 2677 819 2721 4,
843 2680 879 2711 2.
900 2678 937 2719 8,
959 2676 995 2720 6,
1019 2677 1054 2711 3.
1072 2674 1133 2718 363
1170 2673 1216 2716 qs.
1245 2672 1306 2708 hic
1330 2677 1518 2725 scientiam
1542 2682 1619 2706 non
1656 2713 1658 2715 ¹

127 2722 270 2757 virtutis
294 2723 403 2756 loco
427 2724 528 2767 ponit
552 2728 589 2769 2,
613 2725 671 2769 15,
697 2727 755 2761 20.
776 2723 828 2765 of.
862 2724 900 2767 6,
935 2725 971 2767 3,
1003 2720 1041 2758 4.
1067 2720 1127 2757 hio
1155 2730 1222 2765 per
1259 2719 1468 2755 abusionem
1500 2717 1616 2762 posita
1672 2719 1680 2742 Δ·

130 2766 362 2813 (oeconomia)
387 2770 422 2811 3,
444 2771 480 2812 3,
505 2770 539 2804 9.
928 2787 931 2790 ·
1079 2785 1082 2789 ⁴

1356 2901 1398 2914 ue,-

1535 2914 1619 2924 a‚-.
