1728 3002
579 195 812 239 Pessumdo
842 218 898 226 —
926 194 1028 237 Peto
1468 194 1550 235 655

51 314 195 362 quood.
218 324 255 358 p.
282 314 326 347 ib.
351 313 409 346 20.
455 321 522 346 sex
545 311 692 355 pedes
727 314 799 345 tres
830 309 1178 355 percussiones
1208 308 1315 344 habet
1347 306 1552 351 (trimetros)

64 363 101 406 9,
125 360 161 404 4,
195 361 240 395 75
275 362 316 392 Ζ.
363 367 480 402 neque
504 367 598 392 vero
632 363 703 391 tam
744 362 826 391 suut
859 356 1020 391 intuendi
1063 357 1208 400 pedes
1244 366 1350 399 quam
1384 355 1552 389 universa

66 387 430 450 comprehensio
456 404 664 447 ib.115.p.
694 402 762 437 sibi
785 402 1217 485 ipselumgiturib.103.
1252 400 1360 435 alium
1392 412 1459 446 pro
1483 401 1553 435 alio

67 454 196 499 pedem
222 455 415 485 metrorum
439 449 529 483 ratio
556 459 629 483 non
646 449 774 494 recipit
800 451 830 483 ib
953 459 1041 483 mox
1066 448 1103 482 in
1122 458 1167 482 eo
1192 446 1367 491 (poemate)
1391 453 1553 490 repertos

67 497 287 544 p.1·b.114;
325 506 398 529 non
422 495 516 530 enim
538 496 584 529 sd
607 496 716 540 pedes
723 461 853 530 pverba
876 495 1036 529 dimensa
1072 500 1153 528 sunt
1177 495 1220 527 ib.
1246 496 1304 528 27.
1351 504 1395 528 ea
1419 494 1554 538 duplex

70 542 300 584 observatio,
336 542 466 584 altera,
498 552 587 586 quae
611 543 654 576 ad
679 542 831 586 pedes
854 542 1029 583 refertur,
1069 542 1197 578 altera,
1232 550 1323 584 quae
1357 541 1402 574 ad
1436 550 1555 574 com-

69 567 447 642 prehensiones,
487 599 576 632 «piae
598 588 803 622 efficiuntur
826 598 873 622 ex
898 588 1047 632 pedibus
1073 589 1363 622 ὶὸ.121.οιιιιι
1388 585 1427 620 in
1454 587 1555 620 eosd-

67 637 149 683 ped.
176 635 255 680 quis
279 634 430 667 incurrit
453 634 626 676 9,1,11.
672 634 711 668 in
735 634 834 668 eosd.
867 645 1009 678 semper
1042 634 1124 678 ped.
1161 632 1215 666 ire
1244 632 1287 674 9,
1321 631 1476 674 4,142.
1521 633 1556 674 s)

67 685 208 716 Ablata
248 680 342 726 quod
366 679 504 714 duobus
526 679 675 723 pedibus
699 686 735 715 et
758 685 857 724 parte
890 678 1169 723 πενθημιμερές
1204 690 1224 712 a
1252 677 1399 712 Graecis
1429 677 1558 712 dicitur

68 730 105 772 9,
137 726 173 768 4,
204 728 260 762 78.
308 726 404 770 quod
444 730 582 759 constat
618 732 806 771 utrumque
831 725 981 770 pedibus
1006 728 1049 759 ib.
1085 725 1143 759 45.
1169 724 1303 759 omnib.
1329 725 1409 768 ped.
1442 726 1498 766 (a.
1531 728 1556 758 1.

66 755 251 818 piu-tibus)
271 771 372 806 insur
398 777 460 805 unt
487 770 635 815 (iambi)
622 770 703 815 )ib.
716 772 809 807 436.
856 783 947 816 quae
969 770 1124 806 efficitur
1142 782 1162 805 e
1185 770 1302 815 pedib.
1330 781 1442 815 aequa
1468 780 1557 803 con-

68 819 182 854 clusio
207 821 249 852 ib.
276 819 332 853 57.
374 783 472 852 {ist
461 816 570 863 igitur
591 817 629 851 in
655 818 774 862 pedib.
800 818 1015 862 (compositio
1049 815 1226 860 orationis)
1250 818 1294 850 ib.
1322 818 1379 852 52.
1405 816 1450 857 cs.
1475 817 1556 851 139.

19 863 267 906 Pessumdo·
293 886 492 920 quenquam
511 873 693 908 hominem
711 874 759 909 ita
782 876 1010 928 pessumdare
1032 875 1182 908 alterum
1199 876 1270 917 'Sp
1248 887 1282 917 p.
1302 876 1398 907 inser.
1418 871 1559 917 verbis)

67 923 184 971 velle,
218 926 259 954 ιιι
285 921 392 955 etiam
416 931 544 955 navem
572 921 754 965 perforet,
787 921 824 954 in
847 932 914 965 qua
941 920 1018 965 ipse
1042 920 1187 966 naviget
1220 922 1305 954 Cic.
1333 920 1369 961 8,
1392 919 1427 961 6,
1453 918 1513 953 47.

21 956 283 1009 PeStllesstla
306 977 416 1021 (vana
440 979 714 1011 declamationum
739 975 902 1019 materia)
927 980 963 1021 2,
981 979 1037 1020 10,
1055 979 1077 1012 5
1104 977 1152 1011 Ν.
1175 977 1278 1010 Unde
1302 975 1388 1019 quid
1413 974 1558 1009 ortum?

67 1030 108 1058 ut
128 1028 220 1068 pest.
246 1026 283 1066 7,
307 1027 342 1067 2,
367 1025 400 1058 3.
427 1023 464 1056 in
491 1030 580 1068 pest.
607 1026 642 1068 5,
666 1026 722 1067 10,
746 1023 804 1058 42.
831 1023 895 1057 ille
919 1003 1070 1079 nfssest.
1096 1022 1309 1057 comissator
1332 1023 1366 1060 3,
1390 1021 1426 1064 6,
1441 1021 1488 1056 26
1509 1022 1558 1055 Ν.

21 1069 174 1111 Pestis·
219 1085 357 1124 pestem
383 1079 586 1115 intestinam
608 1082 817 1126 propulsare
842 1092 921 1115 cum
946 1073 1268 1127 propugnatoribus
1301 1078 1435 1123 patriae
1460 1088 1560 1112 com-

67 1127 263 1172 parandum
290 1129 355 1169 12,
387 1129 429 1169 7,
461 1128 500 1160 3.

22 1172 191 1214 Potitio·
216 1185 250 1227 Ι)
271 1185 306 1216 in
334 1196 372 1217 re
387 1182 533 1225 sorensi.-
561 1181 654 1216 idem
682 1189 805 1226 status,
830 1183 891 1228 qui
914 1183 951 1218 in
978 1182 1153 1228 petitione
1178 1180 1332 1216 abdicati
1348 1183 1388 1224 3,
1414 1181 1450 1224 6,
1475 1182 1557 1215 101.

70 1228 116 1271 of.
141 1231 219 1264 103.
264 1228 476 1273 petitionum
506 1228 662 1263 invicem
694 1229 914 1264 diversarum
947 1230 991 1273 3,
1027 1231 1092 1281 10,
1123 1228 1149 1262 4
1177 1229 1224 1262 N.
1274 1228 1371 1272 quod
1401 1226 1439 1261 in
1475 1228 1558 1261 foro

68 1275 179 1310 modo
200 1274 411 1320 petitiomun
435 1274 646 1319 dijudicatur
668 1277 702 1316 7,
729 1278 762 1318 1,
786 1277 831 1309 37
856 1276 902 1309 Ν.
922 1276 1013 1309 Nam
1034 1274 1086 1309 sic
1109 1273 1274 1310 diversae
1293 1272 1560 1329 propositiones

69 1326 194 1364 eruut,
229 1321 326 1374 quod
349 1321 443 1355 idem
474 1322 519 1356 de
542 1320 771 1364 petitionibus
795 1321 929 1355 dictum
952 1321 997 1356 sit
1021 1323 1064 1355 ib.
1091 1321 1126 1356 9.
1170 1321 1216 1364 11,
1243 1318 1280 1362 α)
1306 1323 1328 1354 ι’.
1355 1333 1387 1365 q.
1413 1322 1556 1363 optio.-

260 1378 302 1401 ae
324 1366 360 1411 4,
385 1365 421 1410 4,
447 1367 483 1401 6.
526 1372 607 1400 utra
631 1366 732 1411 prior
758 1367 804 1401 sit
834 1387 882 1393 —
915 1373 994 1402 utra
1024 1366 1151 1412 justior
1180 1378 1216 1410 p.
1250 1369 1285 1408 7,
1316 1369 1352 1408 7,
1381 1368 1414 1400 3.
1447 1365 1492 1407 cfi
1522 1367 1558 1408 3,

30 1422 37 1438 ’
67 1414 125 1454 10,
149 1411 175 1447 4
196 1413 247 1448 Ν.
290 1411 335 1457 β)
362 1415 526 1447 muneris.-
561 1423 600 1447 se
634 1413 811 1448 studuisse
844 1413 1009 1458 petitioni
1041 1412 1190 1457 Sulpicii
1225 1418 1351 1446 contra
1381 1413 1556 1446 honorem

63 1458 338 1549 ἕπωεῗὸ,
280 1462 338 1503 11,
374 1463 408 1503 1,
438 1459 496 1495 69.
542 1458 670 1503 quibus
705 1459 842 1494 meritis
872 1462 985 1495 fretus
1018 1461 1062 1494 ad
1090 1458 1299 1504 petitionem
1334 1457 1560 1493 descenderit

19 1560 198 1606 'festior-
222 1574 256 1606 ἰη
281 1585 318 1606 re
338 1571 468 1614 sorensi
491 1574 515 1607 ἰ.
538 1586 573 1617 q.
599 1581 867 1607 accusaior:
903 1575 937 1616 3,
960 1573 995 1616 6,
1020 1573 1077 1608 85.
1099 1575 1157 1608 95.
1182 1573 1216 1611 5,
1244 1573 1299 1615 13,
1326 1570 1384 1607 45.
1410 1570 1559 1613 subject!

67 1618 230 1672 petitoris
261 1617 297 1662 4,
322 1621 358 1661 2,
380 1618 438 1653 96.
466 1619 628 1662 protinus
653 1631 674 1653 a
699 1619 853 1663 petitore
875 1619 992 1663 primo
1018 1620 1101 1653 loco
1124 1598 1299 1662 4‚1‚24'
1319 1619 1364 1652 N.
1391 1628 1472 1651 cum
1496 1628 1562 1661 pro

68 1669 141 1709 pet.
169 1663 293 1698 dicunt
318 1663 354 1706 4,
381 1666 416 1706 2,
438 1667 498 1698 29.
545 1664 582 1698 id
606 1676 626 1698 a
649 1671 736 1709 pet.
762 1676 904 1710 semper
937 1664 1015 1698 fieri
1054 1670 1192 1709 potest,
1237 1676 1257 1698 a
1298 1663 1559 1697 defensore

0 1747 2 1754 y
69 1720 144 1744 non
167 1708 364 1754 semper4.
390 1711 426 1751 2,
449 1711 528 1743 132.
576 1721 623 1743 an
643 1710 907 1754 petitorem
929 1710 1158 1753 calumniari,
1191 1721 1238 1743 an
1267 1720 1393 1743 reum
1431 1709 1561 1743 infitia—

71 1760 187 1789 torem
209 1765 289 1789 oese
314 1754 496 1799 (credibile
521 1753 583 1798 sit)
606 1759 643 1799 7,
665 1759 702 1798 2,
725 1757 782 1792 50.

13 1812 142 1859 feto·
189 1823 226 1864 1)
247 1835 278 1859 c,
306 1823 382 1866 obj.
410 1821 452 1864 ι)
475 1824 518 1855 de
543 1825 698 1865 personis.
724 1823 758 1861 a)
781 1826 885 1857 Acti.-
917 1825 988 1857 tela
1023 1833 1246 1867 supervacua
1270 1827 1351 1855 sunt
1375 1820 1561 1861 nescienti,

74 1867 160 1913 quid
190 1873 288 1912 petat
321 1870 462 1910 5,10,
501 1869 579 1903 109.
625 1868 720 1902 aliud
750 1868 972 1912 ostendisse,
1021 1881 1127 1913 quam
1155 1874 1277 1912 petas,
1311 1867 1395 1901 artis
1429 1873 1483 1901 est
1506 1870 1560 1910 (in

73 1915 308 1948 exercitatione
331 1911 520 1956 armorum)
543 1915 577 1955 9,
603 1917 636 1956 1,
660 1917 728 1957 20·
762 1915 846 1967 quid
886 1895 972 1948 mali
1000 1921 1139 1958 petant,
1170 1914 1256 1958 quid
1290 1913 1439 1955 milites,
1477 1913 1562 1957 quid

13 1967 20 1974 ³
71 1959 197 1994 rustici
221 1961 255 2000 5,
283 1961 340 2001 10,
366 1961 421 1994 17.
466 1960 563 2002 quod
585 1959 698 2004 magis
723 1960 875 2004 petimus
905 1963 959 2004 12,
984 1964 1040 2002 11,
1067 1963 1124 1995 31
1149 1966 1188 1993 ιιι
1216 1959 1311 1993 aliud
1335 1959 1427 2006 agi,
1455 1971 1561 2002 quam

73 2006 172 2050 quod
195 2004 420 2049 petimus,
453 2009 554 2047 putet
578 2003 731 2049 (judex)
755 2005 792 2048 4,
826 2007 860 2048 5,
895 2006 929 2040 5.
976 2007 1055 2050 plus
1092 2005 1131 2039 in
1164 2016 1230 2047 eo,
1265 2005 1362 2048 quod
1394 2005 1561 2048 petimus,

74 2051 121 2086 sit
141 2050 342 2092 commodi3
371 2061 416 2083 an
439 2060 530 2084 vero
553 2049 591 2083 in
627 2061 694 2093 eo,
725 2062 804 2095 per
836 2052 932 2095 quod
970 2052 1143 2095 petimus,
1176 2050 1423 2084 incommodi?
1457 2053 1493 2093 3,
1526 2052 1562 2093 8,

75 2096 134 2132 34.
160 2097 302 2141 quando
326 2076 364 2129 i’d
387 2095 713 2140 praestiterit,
751 2097 848 2140 quod
874 2098 1070 2131 advocatus
1094 2096 1247 2139 petiit
1271 2099 1364 2136 7,1.
1393 2096 1451 2130 61.
1483 2108 1560 2139 cur,

73 2144 173 2188 quod
196 2154 294 2176 sum
318 2141 560 2186 petiturus
582 2159 628 2165 —
653 2152 727 2175 non
750 2142 1042 2186 consequar?
1074 2141 1109 2184 4,
1137 2145 1172 2185 2,
1200 2144 1278 2176 112.
1311 2153 1402 2186 quae
1429 2153 1561 2176 accu-

76 2188 275 2222 santium
299 2199 341 2221 ac
365 2186 750 2230 defendentium,
784 2189 863 2222 ead.
886 2187 1144 2232 petentium
1174 2193 1210 2222 et
1232 2188 1558 2222 infitiantium

74 2234 165 2268 ratio
188 2239 243 2268 est
265 2237 300 2276 7,
324 2236 359 2276 2,
382 2236 445 2274 27,
475 2238 516 2267 ιιι
538 2232 700 2277 impense
723 2233 882 2286 petierit,
916 2233 979 2267 uti
1022 2233 1190 2267 subsellia
1221 2234 1258 2267 in
1295 2235 1563 2313 fon1m2trans-

73 2281 254 2314 ferrentur
277 2282 334 2320 10,
362 2281 396 2322 5,
421 2280 478 2313 18.
523 2278 594 2312 alio
618 2280 715 2313 bello
739 2279 908 2323 petierat,
942 2285 987 2313 ut
1014 2279 1141 2313 militia
1167 2285 1312 2314 vacaret
1338 2281 1438 2322 9,2
1447 2306 1458 2322 ,
1490 2281 1560 2322 853

75 2325 136 2370 qui
159 2324 446 2359 acclamationem
468 2334 542 2358 non
563 2324 706 2369 petierit
730 2327 764 2366 8,
794 2327 828 2368 5,
857 2325 911 2359 14.
936 2325 1024 2369 petit
1058 2326 1319 2360 accusationem
1346 2326 1385 2359 in
1411 2327 1562 2360 Verrem

76 2372 122 2417 Q.
145 2370 321 2405 Caecilius
336 2372 370 2412 5,
391 2373 447 2413 13,
466 2371 524 2404 18.
551 2375 719 2415 tauquam
741 2370 833 2406 filius
847 2372 990 2424 petebat
1009 2372 1103 2406 bona
1122 2375 1157 2413 7,
1176 2375 1211 2415 2,
1229 2371 1264 2406 4.
1289 2377 1394 2415 caput
1417 2372 1562 2406 alterius

75 2418 169 2461 juste
194 2422 316 2460 petere
347 2396 382 2459 6,
415 2418 449 2456 3,
481 2417 539 2450 28.
586 2417 811 2451 incommoda
843 2417 1043 2453 vitantis
1075 2398 1211 2452 melior
1238 2429 1344 2462 quam
1374 2420 1560 2453 commoda

75 2462 288 2506 petentis
312 2467 366 2496 est
388 2472 494 2495 causa
519 2461 614 2506 7‚4‚
640 2465 704 2497 10.
740 2469 778 2498 ιιι
811 2469 978 2497 conatum
1014 2463 1155 2510 longius
1187 2469 1311 2508 petant
1346 2466 1408 2507 10,
1445 2466 1491 2507 3,
1523 2466 1559 2499 6.

75 2513 200 2552 petere
223 2509 388 2542 custodes
412 2507 535 2542 salutis
559 2519 642 2542 suae
666 2509 700 2552 5,
726 2513 779 2550 11,
804 2511 839 2544 8.
886 2510 978 2552 apud
1008 2516 1210 2551 praetorem
1231 2516 1355 2552 petere
1374 2509 1561 2544 fideicom-

75 2554 224 2589 missum
247 2556 281 2596 3,
306 2554 341 2595 6,
361 2556 419 2589 70.
467 2564 537 2598 qua
560 2560 679 2589 mente
699 2555 859 2599 Pyrrhus
881 2556 1012 2589 foedus
1035 2561 1130 2596 petat
1147 2559 1183 2598 7,
1209 2559 1243 2599 2,
1267 2557 1301 2591 6.
1325 2557 1421 2601 quod
1443 2556 1558 2591 invito

56 2605 177 2642 ,patre
198 2601 355 2634 honores
380 2599 522 2641 petierit
540 2601 576 2643 7,
599 2599 634 2642 4,
662 2599 696 2634 4.
743 2600 803 2635 vir
830 2601 936 2635 fortis
968 2601 1214 2643 impunitatem
1246 2602 1334 2644 petit
1368 2606 1410 2646 7,
1442 2606 1488 2645 7,
1523 2604 1558 2637 6.

44 2679 58 2686 ’·
62 2646 436 2734 ἓέἓῗοξίἷὲἱὲῃῗ
441 2646 584 2726 ιὲ.«ιῖῗ;.
604 2645 826 2736 ..zzffegf'iz
850 2629 1451 2738 ¹3.⁶¹5223¹1„⁶33;zffimm235.2¹2331
1469 2660 1560 2728 3313

81 2737 199 2772 animo
224 2743 385 2780 petamus
418 2741 483 2779 12,
514 2740 580 2780 11,
615 2740 672 2773 30.
716 2749 836 2782 neque
866 2744 939 2773 tam
974 2741 1119 2774 stultum
1147 2751 1368 2785 quenquam,
1416 2741 1497 2784 qui,
1530 2740 1560 2774 si

79 2781 207 2818 vivere
229 2785 326 2828 vult,
356 2789 510 2819 mortem
530 2783 648 2837 potius
670 2785 786 2819 male
809 2790 925 2829 petat,
963 2797 1068 2830 quam
1103 2787 1251 2822 omnino
1287 2798 1362 2821 non
1392 2792 1489 2828 petat
1524 2789 1559 2829 9,
