1728 3002
179 226 261 266 688
661 223 886 267 Praetento
915 249 971 258 --
999 225 1210 268 Praetexo

176 325 210 369 P
212 334 416 369 raetento.
442 337 481 373 in
510 337 674 385 ingressu
699 338 839 383 parcius
862 343 898 373 et
921 338 1117 374 modestius
1139 340 1394 385 praetentanda
1421 340 1480 384 (ο.
1506 345 1531 376 1.
1556 346 1713 387 pertem-

225 386 384 428 ptanda)
409 390 463 434 est
484 385 616 430 judicis
636 384 882 419 misericordia
905 384 940 427 4,
966 388 1000 428 1,
1024 387 1070 420 28
1094 387 1140 421 Ν.
1167 399 1214 421 or.
1404 394 1408 404 ¹

174 430 440 472 Praetenuis.
487 442 548 477 ille
571 448 716 487 praet.
741 448 777 476 et
801 442 1078 476 immodicae
1105 441 1352 477 claritatis
1376 453 1486 477 sonus
1509 445 1567 487 11,
1590 445 1626 487 3,
1650 442 1710 478 41.

175 487 364 528 Praeter·
424 498 463 542 α)
486 513 514 534 c.
534 502 652 542 Prom,
674 501 710 532 in
727 501 852 532 transit.
866 513 877 534 .-
904 500 991 533 Pra
1004 505 1104 534 eter
1121 501 1208 534 hoc
1231 497 1335 534 etiam
1354 501 1455 535 color
1475 501 1552 544 ipse
1570 499 1712 535 (licendi

227 562 269 568 —
303 545 561 592 conspergitur.
608 547 754 579 Porro
788 553 850 579 etc.
889 547 924 590 8,
962 547 996 589 5,
1030 547 1086 580 28.
1137 545 1206 580 Pr.
1245 548 1365 580 haec
1401 546 1488 581 alias
1520 547 1712 592 perfectas,

226 589 312 624 alias
336 589 563 636 imperfectas
587 597 721 626 vocant
747 589 782 634 4,
805 591 841 634 4,
867 594 901 626 2.
927 590 973 633 cf.
1010 590 1046 634 4,
1073 595 1108 635 2,
1132 593 1166 626 8.
1201 590 1236 635 4,
1261 593 1295 636 5,
1319 593 1354 627 8.
1387 594 1422 635 8,
1453 594 1489 636 6,
1524 593 1581 628 57.
1617 593 1652 636 9,
1675 597 1712 638 2,

227 635 305 670 104.
332 639 387 681 10,
418 641 451 681 1,
477 639 535 675 17.
582 640 624 683 β)
651 651 716 683 seq.
742 640 877 671 Belus„-
912 649 971 681 pr.
1002 638 1106 677 hoc,
1133 639 1253 682 quod
1275 644 1329 673 est
1358 649 1560 683 commune,
1587 641 1711 684 quaed.

225 691 353 717 causae
380 685 560 728 propriam
584 683 867 718 moderationem
891 683 1094 717 desiderant
1120 687 1175 725 11,
1203 687 1235 726 1,
1261 686 1315 719 58.
1339 684 1384 726 cs.
1415 687 1468 728 12,
1495 689 1551 729 11,
1574 686 1615 728 9;
1648 697 1712 730 pr.

225 727 290 771 id,
329 731 453 774 quod
478 729 533 764 his
561 729 734 765 levissimi
758 731 929 774 cujusque
954 730 1091 764 animus
1123 730 1292 764 facillime
1330 736 1484 765 terretur
1513 733 1548 774 3,
1584 733 1620 774 8,
1653 730 1712 766 40.

226 773 271 815 cs.
303 777 336 818 5,
364 779 419 820 10,
443 775 500 811 45.
528 778 583 819 10,
610 780 643 819 1,
668 777 725 811 28.
765 778 828 819 10,
852 775 899 820 4,
923 776 957 811 6.
1005 776 1095 810 Nam
1121 788 1180 820 pr.
1207 776 1271 819 id,
1304 777 1401 821 quod
1437 777 1620 821 prudentis
1645 783 1712 820 est,

227 822 323 864 quod
358 821 396 855 in
445 833 588 866 quoque
621 822 791 866 optimum
832 827 908 865 est,
955 821 985 856 si
1020 821 1156 866 possit,
1208 834 1310 856 suum
1352 823 1494 858 facere:
1545 829 1632 857 tum
1666 840 1714 847 —-

222 885 271 892 —
294 878 405 901 unum
432 868 610 902 intuentes
635 869 702 903 vix
729 868 845 912 aliqua
869 879 949 912 pars
973 868 1132 912 sequitur
1157 870 1212 910 10,
1239 871 1273 911 2,
1300 868 1354 902 26.
1404 869 1443 914 y)
1472 882 1500 903 c.
1524 871 1685 903 Nominib.
1700 883 1712 904 .-

225 913 390 947 omnibus
420 915 497 949 sere
521 913 664 956 verbis,
696 925 748 958 pr.
774 925 887 958 pauca
916 916 972 957 10,
997 916 1029 954 1,
1054 915 1087 950 9.
1118 913 1163 955 cs.
1187 916 1223 957 7,
1246 916 1282 958 3,
1304 913 1362 949 34.
1385 926 1455 960 qua
1477 914 1622 958 virtute,
1649 927 1714 963 pr.

227 959 352 993 alias
382 960 439 1005 (a.
467 965 488 995 1.
510 960 623 1003 alios)
648 960 838 1004 plurimum
862 961 1125 994 Demosthenes
1147 960 1261 994 valuit
1283 961 1318 1003 6,
1348 963 1384 1004 2,
1416 959 1474 995 24.
1510 961 1554 999 cll
1591 964 1648 1005 11,
1678 963 1713 1005 3,

224 1003 284 1040 74.
336 1005 455 1051 [quod
486 1006 717 1041 neminem
752 1007 858 1040 alium
894 1017 958 1051 pr.
995 1008 1054 1049 (a.
1083 1010 1105 1040 1.
1141 1015 1259 1050 quam,
1294 1011 1336 1041 Z.
1370 1006 1464 1050 nisi)
1494 1008 1715 1042 Demetrium

227 1052 347 1085 decuit
377 1057 441 1096 11,
466 1055 511 1097 3,
538 1051 642 1096 179.]
675 1065 708 1086 v.
742 1052 897 1095 Ni11i13
946 1062 1011 1086 nos
1050 1062 1101 1094 pr.
1138 1052 1385 1087 auctoritatem
1420 1059 1599 1088 oratorum
1643 1060 1716 1098 atq.

225 1096 500 1140 historicorum,
540 1098 703 1145 analogia
733 1110 875 1143 quoque
902 1095 1032 1132 dictum
1055 1099 1240 1132 tuebamur
1266 1102 1299 1141 1,
1324 1099 1359 1142 6,
1393 1102 1446 1133 11.
1472 1099 1517 1142 cs.
1541 1104 1578 1143 2,
1605 1102 1639 1144 1,
1666 1100 1714 1143 4;

228 1145 322 1187 quod
351 1151 405 1179 est
431 1157 495 1190 pr.
524 1143 802 1189 opinionem
826 1144 1010 1179 hominum
1033 1144 1263 1178 constitutum
1285 1144 1323 1188 4,
1348 1147 1382 1188 1,
1404 1143 1462 1180 41.
1570 1154 1573 1158 “

178 1187 418 1232 Praeterea·
468 1200 508 1245 α)
535 1204 683 1235 contin
696 1209 792 1235 nat.-
827 1203 898 1245 Pr„
928 1213 1008 1235 cum
1047 1202 1124 1246 quis
1154 1202 1329 1236 rationem
1360 1201 1484 1237 mortis
1519 1201 1557 1236 in
1590 1207 1717 1236 senatu

226 1247 344 1280 reddit
369 1251 404 1290 7,
430 1246 466 1290 4,
490 1249 546 1283 39.
578 1247 620 1288 cs.
646 1250 681 1290 9,
706 1250 739 1289 3,
763 1249 819 1283 98.
847 1247 906 1291 (α.
933 1252 954 1281 1.
980 1250 1191 1292 propterea)
1214 1249 1250 1291 8,
1287 1250 1322 1291 3,
1355 1250 1411 1283 13.
1457 1249 1539 1291 Pr.,
1571 1254 1611 1282 ut
1644 1249 1716 1282 sint

225 1293 348 1326 fauces
373 1293 533 1339 integrae
559 1297 615 1335 11,
641 1296 675 1335 3,
700 1296 757 1326 20.
785 1306 817 1328 υ.
840 1294 866 1327 Ρ
883 1304 1005 1328 orro.
1053 1295 1091 1338 β)
1117 1295 1138 1327 ἰ.
1165 1307 1195 1339 q.
1223 1302 1436 1328 ceierum:
1468 1305 1521 1338 pr.
1549 1304 1620 1327 non
1643 1305 1715 1327 una

224 1338 365 1372 ratione
387 1339 529 1373 moveri
555 1341 646 1372 solet
671 1337 802 1379 (risus)
830 1340 865 1381 6,
895 1341 928 1380 3,
953 1342 987 1372 7.
1011 1339 1068 1372 Pr.
1095 1345 1132 1372 tu
1161 1351 1301 1383 semper
1322 1339 1359 1373 in
1383 1340 1530 1374 libertos
1555 1339 1715 1373 Caesaris

225 1384 314 1417 dicis
340 1385 374 1427 6,
399 1387 433 1426 3,
461 1386 519 1419 81.
567 1383 628 1416 Pr.
655 1390 801 1427 propter
825 1390 860 1417 te
884 1385 1067 1417 damnatus
1092 1390 1145 1418 est
1170 1388 1204 1427 7,
1232 1389 1264 1426 1,
1299 1386 1355 1419 53.
1383 1391 1560 1418 oratorem
1594 1396 1649 1429 pr.
1674 1391 1716 1420 ut

225 1429 344 1464 dicere
359 1431 492 1464 urbane
511 1429 612 1472 volo,
636 1428 684 1462 ita
702 1429 819 1464 videri
833 1429 869 1462 id
890 1429 1054 1463 affectare
1079 1431 1184 1473 plane
1201 1431 1286 1463 nolo
1305 1431 1340 1474 6,
1349 1432 1383 1474 3,
1395 1433 1451 1465 30.
1464 1430 1508 1472 οΙΖ
1520 1433 1576 1473 10,
1590 1434 1621 1474 1,
1635 1434 1728 1466 117..

174 1473 421 1518 Praetereo.
461 1485 491 1527 Ι)
517 1487 559 1519 de
581 1493 736 1528 tempore.
783 1485 824 1528 α)
858 1487 955 1530 quod
991 1493 1260 1531 superesset
1307 1499 1355 1522 ex
1398 1488 1496 1531 vita,
1538 1503 1584 1509 --
1617 1489 1716 1532 quod

229 1532 552 1576 praeterisset
592 1535 648 1574 11,
687 1535 719 1574 1,
762 1534 817 1565 10.
865 1533 904 1578 β)
935 1535 1060 1566 Panic.
1106 1535 1143 1574 a)
1176 1539 1342 1578 tanquam
1367 1534 1418 1568 -de
1449 1533 1714 1578 praeterito

225 1584 384 1622 tantum,
419 1584 454 1612 et
477 1584 610 1612 tantum
636 1579 679 1611 de
704 1579 844 1612 facto
869 1584 1098 1622 quaereretur
1122 1580 1155 1622 3,
1182 1581 1215 1620 6,
1241 1579 1287 1614 40
1310 1581 1356 1614 N.
1404 1581 1474 1614 hoc
1505 1590 1618 1625 genus
1644 1580 1715 1614 litis

225 1635 276 1658 ex
307 1625 498 1669 praeterito
522 1625 653 1667 pendet
677 1626 710 1666 7,
735 1626 769 1666 2,
794 1624 828 1660 5.
876 1635 921 1657 an
947 1623 993 1657 in
1018 1626 1329 1669 praeteritum
1352 1626 1439 1660 ferri
1463 1627 1590 1660 debeat
1620 1625 1713 1670 (lex)

225 1673 261 1714 2,
290 1671 325 1714 4,
350 1673 406 1705 37.
438 1670 482 1712 cf.
507 1671 541 1712 9,
569 1673 603 1712 2,
630 1671 686 1706 20,
714 1680 803 1713 quos
828 1669 1143 1714 (moresyquanto
1175 1670 1285 1717 magis
1319 1671 1367 1705 in
1401 1672 1713 1716 praeteritum

225 1717 450 1760 laudaverit,
484 1721 582 1749 tanto
608 1714 746 1749 facilius
771 1716 934 1760 probabit
958 1718 1084 1751 morbo
1109 1728 1188 1751 esse
1211 1723 1364 1752 mutatos
1387 1718 1421 1762 7,
1456 1721 1492 1760 4,
1516 1719 1573 1751 30.
1607 1728 1714 1761 prae-

226 1763 331 1797 terita
356 1764 538 1797 laudamus
562 1768 621 1796 aut
644 1761 885 1806 vituperamus
908 1764 943 1805 3,
967 1761 1001 1804 4,
1031 1766 1065 1797 7.
1094 1762 1138 1804 cs.
1165 1765 1199 1805 3,
1222 1764 1257 1806 6,
1281 1764 1338 1799 65.
1365 1769 1400 1798 et
1436 1774 1555 1808 quae
1589 1763 1714 1797 fiant

227 1815 263 1843 et
289 1821 411 1854 quae
436 1810 597 1842 sutura
622 1808 691 1841 sint
719 1819 767 1841 ex
792 1808 1081 1851 praeteritis
1114 1809 1330 1855 colliguntur
1361 1812 1395 1853 7,
1420 1813 1456 1854 2,
1490 1812 1529 1852 33
1554 1815 1728 1854 praeter-.-

223 1855 309 1889 itam
348 1855 518 1889 orationis
554 1854 699 1900 gratiam
722 1854 757 1896 6,
784 1858 817 1896 1,
840 1853 897 1887 40.
923 1866 976 1898 pr.
1002 1855 1161 1889 laborem
1188 1858 1243 1898 10,
1271 1859 1304 1897 7,
1338 1854 1372 1889 4.
1404 1867 1454 1899 pr.
1491 1856 1619 1890 seculis
1656 1858 1728 1901 12„

223 1901 260 1944 4,
290 1904 323 1935 2.
372 1901 414 1944 b)
444 1904 476 1934 in
499 1907 697 1943 grammat..·
732 1900 904 1943 quaedam
934 1899 1038 1934 etiam
1072 1907 1268 1944 mutantur,
1304 1907 1342 1935 ut
1370 1913 1467 1935 sero
1500 1902 1537 1936 in
1573 1906 1715 1944 praete-

225 1947 296 1981 rito
323 1950 354 1990 1,
385 1946 420 1990 4,
457 1948 513 1982 29.
563 1957 794 1990 praesens
826 1957 891 1990 pro
927 1947 1189 1990 praeterito
1225 1947 1379 1992 positum
1420 1948 1462 1990 9,
1497 1949 1537 1990 3,
1570 1950 1624 1980 11.
1659 1958 1712 1990 pr.

222 1994 422 2037 perfectum
453 1996 484 2035 1,
508 1993 543 2035 6,
567 1993 626 2028 26.
651 1991 737 2025 facit
760 2003 810 2035 pr.
836 1998 996 2036 tempore
1019 1999 1181 2035 pactus
1208 2004 1302 2027 sum
1325 1996 1367 2028 ib.
1392 1995 1449 2027 10.
1475 2005 1527 2038 pr.
1553 1999 1713 2037 tempore

224 2039 326 2074 varie
352 2038 498 2073 formari
520 2038 632 2072 verba
656 2040 699 2072 ib.
727 2039 782 2072 15.
832 2037 882 2081 11)
917 2052 947 2072 c.
979 2042 1141 2072 Accusat.
1175 2042 1197 2072 i.
1233 2053 1264 2084 q.
1302 2041 1472 2073 omitto.-
1513 2039 1542 2073 si
1574 2049 1642 2083 qua
1674 2038 1713 2072 in

223 2086 410 2129 partiendo
435 2084 720 2128 praeterierimus
744 2082 779 2126 4,
805 2086 838 2127 5,
864 2088 898 2117 2.
946 2095 1034 2128 quae
1059 2096 1104 2117 ne
1131 2085 1342 2128 praeterisse
1367 2085 1511 2119 viderer
1538 2086 1572 2128 3,
1600 2086 1635 2125 6,
1655 2085 1724 2119 28.⁴

223 2134 259 2174 6,
285 2132 319 2174 5,
347 2135 380 2164 1.
429 2142 474 2164 ne
497 2130 585 2163 illud
610 2130 752 2173 quidem
786 2129 987 2173 praeteribo
1018 2128 1052 2171 4,
1088 2134 1121 2172 2,
1155 2133 1232 2165 125.
1267 2130 1312 2172 cfi
1341 2132 1399 2164 Pr.
1431 2134 1488 2165 21.
1525 2131 1561 2173 9,
1590 2131 1624 2173 3,
1657 2131 1715 2166 99.

225 2187 300 2211 non
328 2188 384 2210 me
408 2176 578 2221 praeterit
607 2178 662 2218 10,
692 2178 724 2217 1,
751 2178 805 2210 12.
851 2182 890 2209 ut
923 2176 991 2209 alia
1022 2182 1243 2219 praeteream
1278 2180 1309 2219 1,
1344 2180 1378 2219 2,
1413 2177 1471 2211 31.
1518 2177 1586 2210 alia
1611 2185 1728 2219 prae-2

225 2228 325 2256 tereo
350 2224 406 2266 (a.
431 2226 452 2255 1.
478 2220 685 2264 praeterea)
715 2224 770 2263 11,
797 2224 830 2264 1,
857 2223 915 2256 83.
943 2222 973 2255 si
998 2232 1072 2254 non
1106 2222 1250 2255 tacitum
1285 2224 1356 2256 hoc
1394 2222 1623 2266 praeterimus
1642 2222 1728 2262 „(a.,

225 2273 248 2302 1.
276 2266 566 2312 praeteribimus)
600 2270 656 2310 10,
692 2271 724 2310 1,
761 2270 833 2302 92..
866 2273 906 2301 ut
939 2273 1056 2301 cetera
1089 2268 1252 2311 exempla
1286 2273 1506 2312 praeteream
1537 2270 1573 2310 7,
1607 2271 1641 2309 1,
1677 2269 1728 2311 2.;

225 2315 520 2358 praetereundam
549 2312 787 2346 narrationem
810 2313 850 2357 4,
872 2316 907 2357 2,
940 2314 997 2348 66.
1039 2319 1268 2357 praetereunt
1297 2319 1464 2358 tanquam
1496 2324 1574 2347 rem
1599 2313 1715 2347 mole-

226 2366 313 2394 stam
339 2366 374 2394 et
400 2360 561 2394 odiosam
590 2359 624 2402 5,
654 2361 710 2402 13,
735 2360 791 2394 36.

178 2402 452 2446 Praeterfluo-
489 2416 518 2450 si
543 2415 713 2460 quidquid
739 2416 900 2449 audimus
923 2415 1148 2460 praeterfluat
1173 2419 1209 2450 11
1218 2442 1229 2460 ‚
1250 2418 1286 2459 2,
1313 2418 1347 2451 1.

178 2458 490 2502 Praeterlabor.
539 2472 831 2517 praeterlabentia
857 2472 999 2506 flumina
1023 2474 1078 2515 10,
1108 2475 1142 2515 3,
1172 2471 1230 2508 24.

178 2513 488 2558 Praetermitto.
537 2531 662 2573 quaed.
694 2540 741 2562 ex
770 2529 894 2563 ordine
924 2529 1235 2573 praetermittenda
1258 2528 1293 2573 4,
1317 2533 1353 2573 2,
1378 2528 1437 2564 49.

177 2569 211 2610 P
214 2582 492 2628 faeterquam·
538 2587 629 2619 Nam
662 2597 715 2629 pr.
750 2587 891 2630 planam
926 2591 961 2619 et
996 2586 1143 2621 brevem
1176 2595 1248 2630 eia,
1281 2587 1361 2621 vult
1395 2593 1474 2618 esse
1509 2579 1720 2617 evidentem*

228 2637 288 2661 erc.
317 2631 591 2681 (narrationem)
617 2631 652 2673 4,
676 2635 710 2674 2,
735 2631 782 2666 64
819 2642 898 2665 cum
923 2642 1060 2675 omnes,
1086 2644 1139 2676 pr.
1167 2634 1209 2666 ab
1234 2629 1460 2679 argentariis,
1495 2634 1608 2663 totum
1634 2637 1728 2699 ωας,

227 2675 332 2717 gendi
358 2687 412 2717 Jus
438 2677 610 2711 haberent
637 2679 670 2720 5,
703 2679 757 2720 10,
785 2678 861 2711 105.
1711 2699 1715 2702 ·

179 2717 404 2760 PraeteXO-
454 2733 671 2767 difficultatis
695 2733 890 2777 patrocinia
913 2734 1153 2778 praeteximus
1178 2734 1348 2788 segnitiae
1377 2735 1409 2776 1,
1450 2733 1506 2774 12,
1540 2731 1603 2772 163
1639 2738 1728 2767 1¹0²?

228 2785 372 2857 gossigu
396 2781 513 2856 tagam
536 2790 557 2822 p
570 2790 616 2812 ra
630 2785 672 2813 et
684 2790 738 2813 ex
753 2785 796 2814 ta
806 2791 840 2814 m
865 2791 1009 2824 sperare
1019 2805 1029 2822 ‚
1066 2791 1146 2814 cum
1182 2787 1319 2815 nntium
1353 2791 1376 2825 p
1388 2778 1491 2813 ullu
1505 2788 1548 2827 ιιιχ
1572 2774 1728 2813 videam}

260 2846 273 2866 ²
359 2847 369 2865 Ι
452 2845 462 2856 ⁶
