<?xml version="1.0" encoding="UTF-8"?>
<!DOCTYPE html PUBLIC "-//W3C//DTD XHTML 1.0 Transitional//EN"
    "http://www.w3.org/TR/xhtml1/DTD/xhtml1-transitional.dtd">
<html xmlns="http://www.w3.org/1999/xhtml" xml:lang="en" lang="en">
 <head>
  <title>
</title>
<meta http-equiv="Content-Type" content="text/html;charset=utf-8" />
  <meta name='ocr-system' content='tesseract 3.04.00' />
  <meta name='ocr-capabilities' content='ocr_page ocr_carea ocr_par ocr_line ocrx_word'/>
</head>
<body>
  <div class='ocr_page' id='page_1' title='image "./lexiconquintilia06bonnuoft_0668.png"; bbox 0 0 1728 3002; ppageno 0'>
   <div class='ocr_carea' id='block_1_1' title="bbox 158 167 1207 227">
    <p class='ocr_par' dir='ltr' id='par_1_1' title="bbox 158 167 1207 227">
     <span class='ocr_line' id='line_1_1' title="bbox 158 167 1207 227; baseline 0 -12"><span class='ocrx_word' id='word_1_1' title='bbox 158 176 240 216; x_wconf 86' lang='grc'><strong>576</strong></span> <span class='ocrx_word' id='word_1_2' title='bbox 639 167 955 227; x_wconf 82' lang='lat' dir='ltr'><strong>Nonnunquam</strong></span> <span class='ocrx_word' id='word_1_3' title='bbox 982 194 1039 204; x_wconf 91' lang='lat'><strong>—-</strong></span> <span class='ocrx_word' id='word_1_4' title='bbox 1065 170 1207 219; x_wconf 85' lang='lat' dir='ltr'><strong>Nosco</strong></span> 
     </span>
    </p>
   </div>
   <div class='ocr_carea' id='block_1_2' title="bbox 202 285 1695 425">
    <p class='ocr_par' dir='ltr' id='par_1_2' title="bbox 202 285 1695 425">
     <span class='ocr_line' id='line_1_2' title="bbox 202 285 1695 338; baseline -0.002 -16"><span class='ocrx_word' id='word_1_5' title='bbox 202 299 262 323; x_wconf 85' lang='lat' dir='ltr'><strong>no</strong></span> <span class='ocrx_word' id='word_1_6' title='bbox 273 288 461 322; x_wconf 87' lang='lat' dir='ltr'><strong>nnullos</strong></span> <span class='ocrx_word' id='word_1_7' title='bbox 493 285 674 332; x_wconf 84' lang='lat' dir='ltr'><strong>reperias,</strong></span> <span class='ocrx_word' id='word_1_8' title='bbox 709 286 790 331; x_wconf 83' lang='lat' dir='ltr'><strong>qui</strong></span> <span class='ocrx_word' id='word_1_9' title='bbox 815 293 878 321; x_wconf 84' lang='lat' dir='ltr'><strong>etc.</strong></span> <span class='ocrx_word' id='word_1_10' title='bbox 913 288 957 321; x_wconf 83' lang='lat'><strong>12</strong></span> <span class='ocrx_word' id='word_1_11' title='bbox 968 311 979 330; x_wconf 87' lang='lat'><em>‚</em></span> <span class='ocrx_word' id='word_1_12' title='bbox 1005 286 1029 322; x_wconf 89' lang='lat'>6</span> <span class='ocrx_word' id='word_1_13' title='bbox 1042 312 1053 331; x_wconf 96' lang='lat'><strong>,</strong></span> <span class='ocrx_word' id='word_1_14' title='bbox 1080 287 1116 324; x_wconf 90' lang='lat'><strong>6.</strong></span> <span class='ocrx_word' id='word_1_15' title='bbox 1161 287 1339 333; x_wconf 70' lang='lat' dir='ltr'><strong>Equidem</strong></span> <span class='ocrx_word' id='word_1_16' title='bbox 1374 290 1532 335; x_wconf 68' lang='lat' dir='ltr'><strong>pleros</strong></span> <span class='ocrx_word' id='word_1_17' title='bbox 1543 303 1628 338; x_wconf 69' lang='lat' dir='ltr'><strong>que</strong></span> <span class='ocrx_word' id='word_1_18' title='bbox 1659 300 1695 328; x_wconf 59' lang='lat' dir='ltr'><strong>et</strong></span> 
     </span>
     <span class='ocr_line' id='line_1_3' title="bbox 205 333 1695 381; baseline -0.001 -12"><span class='ocrx_word' id='word_1_19' title='bbox 205 337 250 370; x_wconf 86' lang='lat' dir='ltr'><strong>ad</strong></span> <span class='ocrx_word' id='word_1_20' title='bbox 272 335 427 381; x_wconf 84' lang='lat' dir='ltr'><strong>singulas</strong></span> <span class='ocrx_word' id='word_1_21' title='bbox 446 333 699 368; x_wconf 84' lang='lat' dir='ltr'><strong>sententiarum</strong></span> <span class='ocrx_word' id='word_1_22' title='bbox 718 333 894 366; x_wconf 84' lang='lat' dir='ltr'><strong>clausulas</strong></span> <span class='ocrx_word' id='word_1_23' title='bbox 910 333 1020 368; x_wconf 85' lang='lat' dir='ltr'><strong>video</strong></span> <span class='ocrx_word' id='word_1_24' title='bbox 1039 340 1241 381; x_wconf 81' lang='lat' dir='ltr'><strong>surgentes,</strong></span> <span class='ocrx_word' id='word_1_25' title='bbox 1267 341 1304 372; x_wconf 80' lang='lat' dir='ltr'><strong>et</strong></span> <span class='ocrx_word' id='word_1_26' title='bbox 1322 339 1558 374; x_wconf 74' lang='lat' dir='ltr'><strong>nonna-110</strong></span> <span class='ocrx_word' id='word_1_27' title='bbox 1568 351 1590 374; x_wconf 60' lang='lat' dir='ltr'><strong>a</strong></span> <span class='ocrx_word' id='word_1_28' title='bbox 1609 341 1695 374; x_wconf 75' lang='lat' dir='ltr'><strong>sub-</strong></span> 
     </span>
     <span class='ocr_line' id='line_1_4' title="bbox 204 378 1566 425; baseline -0.004 -10"><span class='ocrx_word' id='word_1_29' title='bbox 204 381 289 415; x_wconf 84' lang='lat' dir='ltr'>inde</span> <span class='ocrx_word' id='word_1_30' title='bbox 313 380 446 425; x_wconf 79' lang='lat' dir='ltr'><strong>aliquid</strong></span> <span class='ocrx_word' id='word_1_31' title='bbox 469 379 574 414; x_wconf 87' lang='lat' dir='ltr'><strong>etiam</strong></span> <span class='ocrx_word' id='word_1_32' title='bbox 596 378 790 424; x_wconf 83' lang='lat' dir='ltr'><strong>spatiantes</strong></span> <span class='ocrx_word' id='word_1_33' title='bbox 817 382 874 423; x_wconf 88' lang='lat'><strong>11,</strong></span> <span class='ocrx_word' id='word_1_34' title='bbox 898 380 933 422; x_wconf 85' lang='lat'><strong>3,</strong></span> <span class='ocrx_word' id='word_1_35' title='bbox 957 379 1038 414; x_wconf 87' lang='lat'><strong>135.</strong></span> <span class='ocrx_word' id='word_1_36' title='bbox 1557 406 1566 410; x_wconf 87' lang='lat'><strong>.</strong></span> 
     </span>
    </p>
   </div>
   <div class='ocr_carea' id='block_1_3' title="bbox 158 424 1696 943">
    <p class='ocr_par' dir='ltr' id='par_1_3' title="bbox 158 424 1696 943">
     <span class='ocr_line' id='line_1_5' title="bbox 158 424 1694 486; baseline 0.005 -17"><span class='ocrx_word' id='word_1_37' title='bbox 158 424 492 481; x_wconf 83' lang='lat' dir='ltr'><strong>Nonnunquam.</strong></span> <span class='ocrx_word' id='word_1_38' title='bbox 552 434 590 479; x_wconf 77' lang='grc' dir='ltr'><strong>α)</strong></span> <span class='ocrx_word' id='word_1_39' title='bbox 624 435 851 480; x_wconf 79' lang='lat' dir='ltr'><strong>eloquentiae</strong></span> <span class='ocrx_word' id='word_1_40' title='bbox 886 441 927 470; x_wconf 86' lang='lat' dir='ltr'><strong>nt</strong></span> <span class='ocrx_word' id='word_1_41' title='bbox 954 435 1126 471; x_wconf 88' lang='lat' dir='ltr'><strong>indecora</strong></span> <span class='ocrx_word' id='word_1_42' title='bbox 1152 437 1322 482; x_wconf 81' lang='lat' dir='ltr'><strong>jactatio,</strong></span> <span class='ocrx_word' id='word_1_43' title='bbox 1361 437 1411 473; x_wconf 74' lang='lat' dir='ltr'><strong>ita</strong></span> <span class='ocrx_word' id='word_1_44' title='bbox 1441 450 1694 486; x_wconf 81' lang='lat' dir='ltr'><strong>nonnunquam</strong></span> 
     </span>
     <span class='ocr_line' id='line_1_6' title="bbox 206 481 1693 532; baseline 0.003 -13"><span class='ocrx_word' id='word_1_45' title='bbox 206 484 439 519; x_wconf 88' lang='lat' dir='ltr'><strong>concedenda</strong></span> <span class='ocrx_word' id='word_1_46' title='bbox 462 483 593 517; x_wconf 89' lang='lat' dir='ltr'><strong>fiducia</strong></span> <span class='ocrx_word' id='word_1_47' title='bbox 616 488 671 517; x_wconf 88' lang='lat' dir='ltr'><strong>est</strong></span> <span class='ocrx_word' id='word_1_48' title='bbox 693 486 752 526; x_wconf 90' lang='lat'><strong>11,</strong></span> <span class='ocrx_word' id='word_1_49' title='bbox 778 485 810 525; x_wconf 91' lang='lat'><strong>1,</strong></span> <span class='ocrx_word' id='word_1_50' title='bbox 834 483 890 517; x_wconf 87' lang='lat'><strong>25.</strong></span> <span class='ocrx_word' id='word_1_51' title='bbox 918 481 964 524; x_wconf 84' lang='lat' dir='ltr'><strong>cs.</strong></span> <span class='ocrx_word' id='word_1_52' title='bbox 990 485 1033 517; x_wconf 83' lang='lat' dir='ltr'><strong>ib.</strong></span> <span class='ocrx_word' id='word_1_53' title='bbox 1057 484 1115 518; x_wconf 88' lang='grc'><strong>83.</strong></span> <span class='ocrx_word' id='word_1_54' title='bbox 1144 487 1179 527; x_wconf 86' lang='grc'><strong>2,</strong></span> <span class='ocrx_word' id='word_1_55' title='bbox 1205 487 1262 527; x_wconf 89' lang='grc'><strong>17,</strong></span> <span class='ocrx_word' id='word_1_56' title='bbox 1287 487 1344 520; x_wconf 84' lang='grc'><strong>19.</strong></span> <span class='ocrx_word' id='word_1_57' title='bbox 1373 487 1409 529; x_wconf 88' lang='grc'><strong>8,</strong></span> <span class='ocrx_word' id='word_1_58' title='bbox 1432 487 1468 529; x_wconf 88' lang='grc'><strong>6,</strong></span> <span class='ocrx_word' id='word_1_59' title='bbox 1492 487 1550 522; x_wconf 88' lang='grc'><strong>59.</strong></span> <span class='ocrx_word' id='word_1_60' title='bbox 1578 491 1634 531; x_wconf 88' lang='grc'><strong>10,</strong></span> <span class='ocrx_word' id='word_1_61' title='bbox 1657 491 1693 532; x_wconf 88' lang='grc'><strong>3,</strong></span> 
     </span>
     <span class='ocr_line' id='line_1_7' title="bbox 206 527 1693 578; baseline 0.002 -13"><span class='ocrx_word' id='word_1_62' title='bbox 206 534 263 566; x_wconf 87' lang='grc'><strong>33.</strong></span> <span class='ocrx_word' id='word_1_63' title='bbox 287 539 614 574; x_wconf 84' lang='lat' dir='ltr'><strong>nonnunquam</strong></span> <span class='ocrx_word' id='word_1_64' title='bbox 639 529 684 570; x_wconf 82' lang='grc'><strong>(8</strong></span> <span class='ocrx_word' id='word_1_65' title='bbox 690 542 724 572; x_wconf 87' lang='lat' dir='ltr'><strong>p.</strong></span> <span class='ocrx_word' id='word_1_66' title='bbox 749 527 972 573; x_wconf 66' lang='lat' dir='ltr'><strong>quanquam)</strong></span> <span class='ocrx_word' id='word_1_67' title='bbox 993 535 1038 564; x_wconf 87' lang='lat' dir='ltr'><strong>et</strong></span> <span class='ocrx_word' id='word_1_68' title='bbox 1061 532 1320 565; x_wconf 81' lang='lat' dir='ltr'><strong>connuneliose</strong></span> <span class='ocrx_word' id='word_1_69' title='bbox 1337 550 1385 556; x_wconf 90' lang='lat'>-</span> <span class='ocrx_word' id='word_1_70' title='bbox 1403 531 1524 567; x_wconf 87' lang='lat' dir='ltr'><strong>dicere</strong></span> <span class='ocrx_word' id='word_1_71' title='bbox 1542 552 1588 560; x_wconf 91' lang='lat'><strong>—-</strong></span> <span class='ocrx_word' id='word_1_72' title='bbox 1608 545 1693 578; x_wconf 86' lang='lat' dir='ltr'><strong>per-</strong></span> 
     </span>
     <span class='ocr_line' id='line_1_8' title="bbox 204 574 1695 620; baseline 0.003 -9"><span class='ocrx_word' id='word_1_73' title='bbox 204 578 350 611; x_wconf 87' lang='lat' dir='ltr'><strong>missum</strong></span> <span class='ocrx_word' id='word_1_74' title='bbox 369 581 422 609; x_wconf 88' lang='lat' dir='ltr'><strong>est</strong></span> <span class='ocrx_word' id='word_1_75' title='bbox 440 576 476 619; x_wconf 90' lang='lat'><strong>6,</strong></span> <span class='ocrx_word' id='word_1_76' title='bbox 497 578 531 618; x_wconf 88' lang='lat'><strong>3,</strong></span> <span class='ocrx_word' id='word_1_77' title='bbox 550 576 596 609; x_wconf 85' lang='lat'><strong>28</strong></span> <span class='ocrx_word' id='word_1_78' title='bbox 607 579 647 609; x_wconf 92' lang='grc' dir='ltr'><strong>Ζ.</strong></span> <span class='ocrx_word' id='word_1_79' title='bbox 673 574 727 608; x_wconf 84' lang='lat' dir='ltr'><strong>uti</strong></span> <span class='ocrx_word' id='word_1_80' title='bbox 749 576 825 610; x_wconf 82' lang='lat' dir='ltr'><strong>vel</strong></span> <span class='ocrx_word' id='word_1_81' title='bbox 849 574 1021 609; x_wconf 87' lang='lat' dir='ltr'><strong>historico</strong></span> <span class='ocrx_word' id='word_1_82' title='bbox 1046 586 1182 610; x_wconf 84' lang='lat' dir='ltr'><strong>nonu.</strong></span> <span class='ocrx_word' id='word_1_83' title='bbox 1208 576 1327 611; x_wconf 82' lang='lat' dir='ltr'><strong>nitore</strong></span> <span class='ocrx_word' id='word_1_84' title='bbox 1346 579 1401 620; x_wconf 92' lang='lat'><strong>10,</strong></span> <span class='ocrx_word' id='word_1_85' title='bbox 1422 581 1456 620; x_wconf 93' lang='lat'><strong>1,</strong></span> <span class='ocrx_word' id='word_1_86' title='bbox 1476 580 1532 613; x_wconf 81' lang='lat'><strong>33.</strong></span> <span class='ocrx_word' id='word_1_87' title='bbox 1560 590 1695 616; x_wconf 83' lang='lat' dir='ltr'><strong>noun.</strong></span> 
     </span>
     <span class='ocr_line' id='line_1_9' title="bbox 203 620 1696 670; baseline -0.002 -13"><span class='ocrx_word' id='word_1_88' title='bbox 203 623 330 657; x_wconf 84' lang='lat' dir='ltr'><strong>tacitae</strong></span> <span class='ocrx_word' id='word_1_89' title='bbox 356 634 378 666; x_wconf 91' lang='lat' dir='ltr'><strong>q</strong></span> <span class='ocrx_word' id='word_1_90' title='bbox 388 632 539 666; x_wconf 90' lang='lat' dir='ltr'><strong>uoque</strong></span> <span class='ocrx_word' id='word_1_91' title='bbox 563 621 797 667; x_wconf 83' lang='lat' dir='ltr'><strong>cogitationes</strong></span> <span class='ocrx_word' id='word_1_92' title='bbox 818 620 855 655; x_wconf 90' lang='lat' dir='ltr'><strong>in</strong></span> <span class='ocrx_word' id='word_1_93' title='bbox 874 628 1027 655; x_wconf 79' lang='lat' dir='ltr'><strong>mentem</strong></span> <span class='ocrx_word' id='word_1_94' title='bbox 1050 628 1281 657; x_wconf 78' lang='lat' dir='ltr'><strong>revertuntur</strong></span> <span class='ocrx_word' id='word_1_95' title='bbox 1306 625 1363 666; x_wconf 92' lang='lat'><strong>11,</strong></span> <span class='ocrx_word' id='word_1_96' title='bbox 1381 626 1417 666; x_wconf 91' lang='lat'><strong>2,</strong></span> <span class='ocrx_word' id='word_1_97' title='bbox 1437 627 1496 660; x_wconf 83' lang='lat'><strong>17.</strong></span> <span class='ocrx_word' id='word_1_98' title='bbox 1544 626 1584 670; x_wconf 75' lang='grc' dir='ltr'><strong>β)</strong></span> <span class='ocrx_word' id='word_1_99' title='bbox 1613 637 1696 660; x_wconf 70' lang='lat' dir='ltr'><strong>ma-</strong></span> 
     </span>
     <span class='ocr_line' id='line_1_10' title="bbox 202 667 1694 718; baseline 0.003 -15"><span class='ocrx_word' id='word_1_100' title='bbox 202 670 353 704; x_wconf 78' lang='lat' dir='ltr'><strong>ximus</strong></span> <span class='ocrx_word' id='word_1_101' title='bbox 377 680 461 702; x_wconf 90' lang='lat' dir='ltr'><strong>usus</strong></span> <span class='ocrx_word' id='word_1_102' title='bbox 485 667 711 713; x_wconf 87' lang='lat' dir='ltr'><strong>propriorum</strong></span> <span class='ocrx_word' id='word_1_103' title='bbox 737 679 778 701; x_wconf 82' lang='lat' dir='ltr'><strong>ac</strong></span> <span class='ocrx_word' id='word_1_104' title='bbox 805 667 1044 702; x_wconf 83' lang='lat' dir='ltr'><strong>differentium</strong></span> <span class='ocrx_word' id='word_1_105' title='bbox 1065 688 1112 694; x_wconf 90' lang='lat'><strong>—</strong></span> <span class='ocrx_word' id='word_1_106' title='bbox 1136 679 1267 704; x_wconf 88' lang='lat' dir='ltr'><strong>nonn.</strong></span> <span class='ocrx_word' id='word_1_107' title='bbox 1293 669 1431 703; x_wconf 84' lang='lat' dir='ltr'><strong>etiam</strong></span> <span class='ocrx_word' id='word_1_108' title='bbox 1454 671 1694 718; x_wconf 76' lang='lat' dir='ltr'><strong>etymologiae</strong></span> 
     </span>
     <span class='ocr_line' id='line_1_11' title="bbox 203 713 1693 763; baseline 0.003 -15"><span class='ocrx_word' id='word_1_109' title='bbox 203 717 238 758; x_wconf 85' lang='lat'><strong>7,</strong></span> <span class='ocrx_word' id='word_1_110' title='bbox 256 717 289 758; x_wconf 88' lang='lat'><strong>4,</strong></span> <span class='ocrx_word' id='word_1_111' title='bbox 306 715 364 749; x_wconf 85' lang='grc'><strong>25.</strong></span> <span class='ocrx_word' id='word_1_112' title='bbox 404 725 494 759; x_wconf 86' lang='lat' dir='ltr'><strong>quos</strong></span> <span class='ocrx_word' id='word_1_113' title='bbox 518 713 668 758; x_wconf 80' lang='lat' dir='ltr'><strong>(versus)</strong></span> <span class='ocrx_word' id='word_1_114' title='bbox 691 715 824 748; x_wconf 84' lang='lat' dir='ltr'><strong>Brutus</strong></span> <span class='ocrx_word' id='word_1_115' title='bbox 847 714 1128 758; x_wconf 86' lang='lat' dir='ltr'><strong>saepissime</strong></span> <span class='ocrx_word' id='word_1_116' title='bbox 1152 715 1261 758; x_wconf 80' lang='lat' dir='ltr'><strong>facit,</strong></span> <span class='ocrx_word' id='word_1_117' title='bbox 1286 726 1379 749; x_wconf 87' lang='lat' dir='ltr'><strong>non</strong></span> <span class='ocrx_word' id='word_1_118' title='bbox 1400 727 1510 752; x_wconf 85' lang='lat' dir='ltr'><strong>raro</strong></span> <span class='ocrx_word' id='word_1_119' title='bbox 1533 717 1693 763; x_wconf 80' lang='lat' dir='ltr'><strong>Asinius,</strong></span> 
     </span>
     <span class='ocr_line' id='line_1_12' title="bbox 204 759 1691 808; baseline 0.003 -13"><span class='ocrx_word' id='word_1_120' title='bbox 204 763 267 795; x_wconf 87' lang='lat' dir='ltr'><strong>sed</strong></span> <span class='ocrx_word' id='word_1_121' title='bbox 293 761 397 796; x_wconf 86' lang='lat' dir='ltr'><strong>etiam</strong></span> <span class='ocrx_word' id='word_1_122' title='bbox 425 760 499 795; x_wconf 90' lang='lat' dir='ltr'><strong>Cic.</strong></span> <span class='ocrx_word' id='word_1_123' title='bbox 525 771 658 794; x_wconf 86' lang='lat' dir='ltr'><strong>nonn.</strong></span> <span class='ocrx_word' id='word_1_124' title='bbox 681 761 716 803; x_wconf 89' lang='lat'><strong>9,</strong></span> <span class='ocrx_word' id='word_1_125' title='bbox 739 759 775 803; x_wconf 87' lang='lat'><strong>4,</strong></span> <span class='ocrx_word' id='word_1_126' title='bbox 799 762 845 795; x_wconf 86' lang='lat'><strong>76</strong></span> <span class='ocrx_word' id='word_1_127' title='bbox 869 773 903 794; x_wconf 83' lang='lat' dir='ltr'><strong>v.</strong></span> <span class='ocrx_word' id='word_1_128' title='bbox 928 760 1076 805; x_wconf 80' lang='lat' dir='ltr'><strong>Saepe.</strong></span> <span class='ocrx_word' id='word_1_129' title='bbox 1124 761 1203 795; x_wconf 87' lang='lat' dir='ltr'><strong>Est</strong></span> <span class='ocrx_word' id='word_1_130' title='bbox 1229 767 1276 796; x_wconf 82' lang='lat' dir='ltr'><strong>et</strong></span> <span class='ocrx_word' id='word_1_131' title='bbox 1298 762 1396 796; x_wconf 85' lang='lat' dir='ltr'><strong>nuda</strong></span> <span class='ocrx_word' id='word_1_132' title='bbox 1418 763 1691 808; x_wconf 76' lang='lat' dir='ltr'><strong>propositio—.</strong></span> 
     </span>
     <span class='ocr_line' id='line_1_13' title="bbox 201 806 1691 852; baseline 0.001 -10"><span class='ocrx_word' id='word_1_133' title='bbox 201 810 396 842; x_wconf 82' lang='lat' dir='ltr'><strong>Praeter</strong></span> <span class='ocrx_word' id='word_1_134' title='bbox 426 808 540 842; x_wconf 87' lang='lat' dir='ltr'><strong>haec</strong></span> <span class='ocrx_word' id='word_1_135' title='bbox 571 806 703 840; x_wconf 90' lang='lat' dir='ltr'><strong>utimur</strong></span> <span class='ocrx_word' id='word_1_136' title='bbox 732 806 979 852; x_wconf 54' lang='lat' dir='ltr'><strong>propositime</strong></span> <span class='ocrx_word' id='word_1_137' title='bbox 1014 813 1075 841; x_wconf 86' lang='lat' dir='ltr'><strong>aut</strong></span> <span class='ocrx_word' id='word_1_138' title='bbox 1099 813 1223 842; x_wconf 81' lang='lat' dir='ltr'><strong>nostra</strong></span> <span class='ocrx_word' id='word_1_139' title='bbox 1247 827 1294 834; x_wconf 90' lang='lat'><strong>—-</strong></span> <span class='ocrx_word' id='word_1_140' title='bbox 1321 813 1380 842; x_wconf 86' lang='lat' dir='ltr'><strong>aut</strong></span> <span class='ocrx_word' id='word_1_141' title='bbox 1404 809 1600 844; x_wconf 83' lang='lat' dir='ltr'><strong>adversarii</strong></span> <span class='ocrx_word' id='word_1_142' title='bbox 1621 831 1691 845; x_wconf 90' lang='lat'><strong>—.</strong></span> 
     </span>
     <span class='ocr_line' id='line_1_14' title="bbox 202 851 1694 899; baseline 0.002 -11"><span class='ocrx_word' id='word_1_143' title='bbox 202 856 345 888; x_wconf 85' lang='lat' dir='ltr'><strong>Noun.</strong></span> <span class='ocrx_word' id='word_1_144' title='bbox 379 852 539 888; x_wconf 84' lang='lat' dir='ltr'><strong>diversas</strong></span> <span class='ocrx_word' id='word_1_145' title='bbox 563 865 652 898; x_wconf 92' lang='lat' dir='ltr'><strong>quo</strong></span> <span class='ocrx_word' id='word_1_146' title='bbox 665 864 752 898; x_wconf 88' lang='lat' dir='ltr'><strong>que</strong></span> <span class='ocrx_word' id='word_1_147' title='bbox 781 851 1028 899; x_wconf 80' lang='lat' dir='ltr'><strong>conjungimus</strong></span> <span class='ocrx_word' id='word_1_148' title='bbox 1051 852 1095 897; x_wconf 87' lang='lat'><strong>4,</strong></span> <span class='ocrx_word' id='word_1_149' title='bbox 1117 852 1165 897; x_wconf 90' lang='lat'><strong>4,</strong></span> <span class='ocrx_word' id='word_1_150' title='bbox 1187 855 1222 889; x_wconf 85' lang='lat'><strong>8.</strong></span> <span class='ocrx_word' id='word_1_151' title='bbox 1280 854 1402 889; x_wconf 78' lang='lat' dir='ltr'><strong>Metus</strong></span> <span class='ocrx_word' id='word_1_152' title='bbox 1424 855 1530 890; x_wconf 80' lang='lat' dir='ltr'><strong>etiam</strong></span> <span class='ocrx_word' id='word_1_153' title='bbox 1553 866 1694 892; x_wconf 87' lang='lat' dir='ltr'><strong>nonn.</strong></span> 
     </span>
     <span class='ocr_line' id='line_1_15' title="bbox 201 898 1184 943; baseline 0 -9"><span class='ocrx_word' id='word_1_154' title='bbox 201 907 255 935; x_wconf 89' lang='lat' dir='ltr'><strong>est</strong></span> <span class='ocrx_word' id='word_1_155' title='bbox 278 901 499 935; x_wconf 84' lang='lat' dir='ltr'><strong>amovendus</strong></span> <span class='ocrx_word' id='word_1_156' title='bbox 525 915 568 926; x_wconf 86' lang='lat'><strong>--·</strong></span> <span class='ocrx_word' id='word_1_157' title='bbox 594 910 685 934; x_wconf 89' lang='lat' dir='ltr'><strong>non</strong></span> <span class='ocrx_word' id='word_1_158' title='bbox 697 911 733 934; x_wconf 88' lang='lat' dir='ltr'><strong>n.</strong></span> <span class='ocrx_word' id='word_1_159' title='bbox 762 899 983 933; x_wconf 83' lang='lat' dir='ltr'><strong>adhibendus</strong></span> <span class='ocrx_word' id='word_1_160' title='bbox 1006 898 1043 942; x_wconf 88' lang='lat'><strong>4,</strong></span> <span class='ocrx_word' id='word_1_161' title='bbox 1068 903 1103 943; x_wconf 90' lang='lat'><strong>1,</strong></span> <span class='ocrx_word' id='word_1_162' title='bbox 1126 902 1184 934; x_wconf 84' lang='lat'><strong>20.</strong></span> 
     </span>
    </p>
   </div>
   <div class='ocr_carea' id='block_1_4' title="bbox 154 945 1694 1048">
    <p class='ocr_par' dir='ltr' id='par_1_4' title="bbox 154 945 1694 1048">
     <span class='ocr_line' id='line_1_16' title="bbox 154 945 1694 1005; baseline 0.003 -16"><span class='ocrx_word' id='word_1_163' title='bbox 154 945 321 988; x_wconf 79' lang='lat' dir='ltr'><strong>Nonus·</strong></span> <span class='ocrx_word' id='word_1_164' title='bbox 367 968 574 1002; x_wconf 86' lang='lat' dir='ltr'><strong>nonumque</strong></span> <span class='ocrx_word' id='word_1_165' title='bbox 596 961 778 1002; x_wconf 84' lang='lat' dir='ltr'><strong>prematur</strong></span> <span class='ocrx_word' id='word_1_166' title='bbox 798 955 836 990; x_wconf 91' lang='lat' dir='ltr'><strong>in</strong></span> <span class='ocrx_word' id='word_1_167' title='bbox 860 967 992 989; x_wconf 85' lang='lat' dir='ltr'><strong>annum</strong></span> <span class='ocrx_word' id='word_1_168' title='bbox 1016 959 1173 992; x_wconf 79' lang='lat' dir='ltr'><strong>Horat.</strong></span> <span class='ocrx_word' id='word_1_169' title='bbox 1197 957 1264 1003; x_wconf 82' lang='lat' dir='ltr'><strong>Ep.</strong></span> <span class='ocrx_word' id='word_1_170' title='bbox 1289 958 1335 992; x_wconf 82' lang='lat' dir='ltr'><strong>ad</strong></span> <span class='ocrx_word' id='word_1_171' title='bbox 1359 958 1499 1003; x_wconf 80' lang='lat' dir='ltr'><strong>Tryph.</strong></span> <span class='ocrx_word' id='word_1_172' title='bbox 1521 961 1565 1002; x_wconf 81' lang='lat'><strong>23</strong></span> <span class='ocrx_word' id='word_1_173' title='bbox 1598 960 1694 1005; x_wconf 86' lang='lat' dir='ltr'><strong>apud</strong></span> 
     </span>
     <span class='ocr_line' id='line_1_17' title="bbox 198 1001 1128 1048; baseline -0.001 -10"><span class='ocrx_word' id='word_1_174' title='bbox 198 1005 314 1048; x_wconf 87' lang='lat' dir='ltr'><strong>ipsum</strong></span> <span class='ocrx_word' id='word_1_175' title='bbox 339 1003 377 1037; x_wconf 90' lang='lat' dir='ltr'><strong>in</strong></span> <span class='ocrx_word' id='word_1_176' title='bbox 399 1014 497 1038; x_wconf 87' lang='lat' dir='ltr'><strong>nono</strong></span> <span class='ocrx_word' id='word_1_177' title='bbox 524 1005 584 1048; x_wconf 81' lang='lat' dir='ltr'><strong>(sc.</strong></span> <span class='ocrx_word' id='word_1_178' title='bbox 611 1001 745 1047; x_wconf 79' lang='lat' dir='ltr'><strong>libro)</strong></span> <span class='ocrx_word' id='word_1_179' title='bbox 772 1005 806 1046; x_wconf 87' lang='lat'><strong>1,</strong></span> <span class='ocrx_word' id='word_1_180' title='bbox 833 1005 868 1045; x_wconf 89' lang='grc'><strong>7,</strong></span> <span class='ocrx_word' id='word_1_181' title='bbox 896 1003 950 1038; x_wconf 80' lang='grc'><strong>19.</strong></span> <span class='ocrx_word' id='word_1_182' title='bbox 1123 1015 1128 1019; x_wconf 93' lang='grc'><strong><em>·</em></strong></span> 
     </span>
    </p>
   </div>
   <div class='ocr_carea' id='block_1_5' title="bbox 151 1059 1210 1118">
    <p class='ocr_par' dir='ltr' id='par_1_5' title="bbox 151 1059 1210 1118">
     <span class='ocr_line' id='line_1_18' title="bbox 151 1059 1210 1118; baseline 0.002 -14"><span class='ocrx_word' id='word_1_183' title='bbox 151 1059 385 1102; x_wconf 78' lang='lat' dir='ltr'><strong>NormaliS-</strong></span> <span class='ocrx_word' id='word_1_184' title='bbox 441 1072 640 1106; x_wconf 86' lang='lat' dir='ltr'><strong>normalem</strong></span> <span class='ocrx_word' id='word_1_185' title='bbox 665 1071 767 1106; x_wconf 88' lang='lat' dir='ltr'><strong>illum</strong></span> <span class='ocrx_word' id='word_1_186' title='bbox 790 1071 959 1118; x_wconf 83' lang='lat' dir='ltr'><strong>angulum</strong></span> <span class='ocrx_word' id='word_1_187' title='bbox 987 1073 1044 1115; x_wconf 85' lang='lat'><strong>11,</strong></span> <span class='ocrx_word' id='word_1_188' title='bbox 1068 1072 1103 1114; x_wconf 89' lang='grc'><strong>3,</strong></span> <span class='ocrx_word' id='word_1_189' title='bbox 1128 1069 1210 1106; x_wconf 86' lang='grc'><strong>141.</strong></span> 
     </span>
    </p>
   </div>
   <div class='ocr_carea' id='block_1_6' title="bbox 151 1128 1690 1232">
    <p class='ocr_par' dir='ltr' id='par_1_6' title="bbox 151 1128 1690 1232">
     <span class='ocr_line' id='line_1_19' title="bbox 151 1128 1690 1188; baseline 0.003 -16"><span class='ocrx_word' id='word_1_190' title='bbox 151 1128 345 1171; x_wconf 80' lang='lat' dir='ltr'><strong>Noscito·</strong></span> <span class='ocrx_word' id='word_1_191' title='bbox 394 1150 474 1173; x_wconf 89' lang='lat' dir='ltr'><strong>cum</strong></span> <span class='ocrx_word' id='word_1_192' title='bbox 502 1140 662 1174; x_wconf 85' lang='lat' dir='ltr'><strong>omnium</strong></span> <span class='ocrx_word' id='word_1_193' title='bbox 688 1150 819 1177; x_wconf 81' lang='lat' dir='ltr'><strong>vocem</strong></span> <span class='ocrx_word' id='word_1_194' title='bbox 849 1146 1053 1184; x_wconf 86' lang='lat' dir='ltr'><strong>tactumque</strong></span> <span class='ocrx_word' id='word_1_195' title='bbox 1081 1139 1275 1175; x_wconf 85' lang='lat' dir='ltr'><strong>noscitaret</strong></span> <span class='ocrx_word' id='word_1_196' title='bbox 1299 1136 1363 1184; x_wconf 83' lang='lat' dir='ltr'><strong>(a.</strong></span> <span class='ocrx_word' id='word_1_197' title='bbox 1387 1142 1413 1175; x_wconf 86' lang='lat'><strong>1.</strong></span> <span class='ocrx_word' id='word_1_198' title='bbox 1436 1138 1690 1188; x_wconf 80' lang='lat' dir='ltr'><strong>dignoscitaret</strong></span> 
     </span>
     <span class='ocr_line' id='line_1_20' title="bbox 198 1186 1283 1232; baseline 0 -12"><span class='ocrx_word' id='word_1_199' title='bbox 198 1191 243 1222; x_wconf 77' lang='lat' dir='ltr'><strong>al.</strong></span> <span class='ocrx_word' id='word_1_200' title='bbox 268 1196 363 1220; x_wconf 81' lang='lat' dir='ltr'><strong>voce</strong></span> <span class='ocrx_word' id='word_1_201' title='bbox 391 1191 559 1231; x_wconf 86' lang='lat' dir='ltr'><strong>tactuque</strong></span> <span class='ocrx_word' id='word_1_202' title='bbox 584 1186 769 1232; x_wconf 82' lang='lat' dir='ltr'><strong>oscitaret)</strong></span> <span class='ocrx_word' id='word_1_203' title='bbox 798 1188 917 1222; x_wconf 76' lang='lat' dir='ltr'><strong>Geel.</strong></span> <span class='ocrx_word' id='word_1_204' title='bbox 943 1187 978 1232; x_wconf 87' lang='grc'><strong>4,</strong></span> <span class='ocrx_word' id='word_1_205' title='bbox 1003 1192 1039 1229; x_wconf 82' lang='grc'><strong>2,</strong></span> <span class='ocrx_word' id='word_1_206' title='bbox 1065 1186 1133 1220; x_wconf 94' lang='grc'><strong>124</strong></span> <span class='ocrx_word' id='word_1_207' title='bbox 1160 1187 1208 1220; x_wconf 85' lang='grc' dir='ltr'><strong>Ν.</strong></span> <span class='ocrx_word' id='word_1_208' title='bbox 1235 1198 1283 1220; x_wconf 83' lang='lat' dir='ltr'><strong>cr.</strong></span> 
     </span>
    </p>
   </div>
   <div class='ocr_carea' id='block_1_7' title="bbox 151 1240 1728 2897">
    <p class='ocr_par' dir='ltr' id='par_1_7' title="bbox 151 1240 1728 2897">
     <span class='ocr_line' id='line_1_21' title="bbox 151 1240 1686 1300; baseline 0.003 -14"><span class='ocrx_word' id='word_1_209' title='bbox 151 1240 312 1284; x_wconf 74' lang='lat' dir='ltr'><strong>NOSGO·</strong></span> <span class='ocrx_word' id='word_1_210' title='bbox 338 1254 372 1295; x_wconf 91' lang='lat'><strong>1)</strong></span> <span class='ocrx_word' id='word_1_211' title='bbox 392 1251 433 1296; x_wconf 85' lang='grc' dir='ltr'><strong>α)</strong></span> <span class='ocrx_word' id='word_1_212' title='bbox 458 1256 638 1288; x_wconf 84' lang='lat' dir='ltr'><strong>noscenda</strong></span> <span class='ocrx_word' id='word_1_213' title='bbox 660 1260 786 1289; x_wconf 85' lang='lat' dir='ltr'><strong>natura</strong></span> <span class='ocrx_word' id='word_1_214' title='bbox 812 1260 866 1290; x_wconf 86' lang='lat' dir='ltr'><strong>est</strong></span> <span class='ocrx_word' id='word_1_215' title='bbox 886 1254 919 1297; x_wconf 89' lang='lat'><strong>4,</strong></span> <span class='ocrx_word' id='word_1_216' title='bbox 937 1258 970 1298; x_wconf 89' lang='lat'><strong>3,</strong></span> <span class='ocrx_word' id='word_1_217' title='bbox 990 1257 1047 1290; x_wconf 89' lang='lat'><strong>11.</strong></span> <span class='ocrx_word' id='word_1_218' title='bbox 1070 1253 1111 1300; x_wconf 76' lang='grc' dir='ltr'><strong>ῤ’)</strong></span> <span class='ocrx_word' id='word_1_219' title='bbox 1137 1255 1371 1288; x_wconf 71' lang='lat' dir='ltr'><strong>Praeteritum.</strong></span> <span class='ocrx_word' id='word_1_220' title='bbox 1396 1251 1476 1296; x_wconf 83' lang='lat' dir='ltr'><strong>a)de</strong></span> <span class='ocrx_word' id='word_1_221' title='bbox 1487 1255 1686 1291; x_wconf 74' lang='lat' dir='ltr'><strong>hominibus.-</strong></span> 
     </span>
     <span class='ocr_line' id='line_1_22' title="bbox 194 1299 1690 1344; baseline 0.003 -12"><span class='ocrx_word' id='word_1_222' title='bbox 194 1310 286 1344; x_wconf 89' lang='lat' dir='ltr'><strong>quos</strong></span> <span class='ocrx_word' id='word_1_223' title='bbox 309 1299 486 1333; x_wconf 75' lang='lat' dir='ltr'><strong>maximos</strong></span> <span class='ocrx_word' id='word_1_224' title='bbox 510 1300 676 1335; x_wconf 88' lang='lat' dir='ltr'><strong>novimus</strong></span> <span class='ocrx_word' id='word_1_225' title='bbox 701 1303 758 1344; x_wconf 92' lang='grc'><strong>10,</strong></span> <span class='ocrx_word' id='word_1_226' title='bbox 781 1304 814 1344; x_wconf 87' lang='grc'><strong>2,</strong></span> <span class='ocrx_word' id='word_1_227' title='bbox 839 1304 872 1336; x_wconf 96' lang='grc'><strong>9.</strong></span> <span class='ocrx_word' id='word_1_228' title='bbox 913 1301 1009 1335; x_wconf 89' lang='lat' dir='ltr'><strong>norit</strong></span> <span class='ocrx_word' id='word_1_229' title='bbox 1032 1312 1071 1334; x_wconf 90' lang='lat' dir='ltr'><strong>se</strong></span> <span class='ocrx_word' id='word_1_230' title='bbox 1093 1300 1243 1344; x_wconf 88' lang='lat' dir='ltr'><strong>quisque</strong></span> <span class='ocrx_word' id='word_1_231' title='bbox 1267 1302 1325 1343; x_wconf 85' lang='lat'><strong>11,</strong></span> <span class='ocrx_word' id='word_1_232' title='bbox 1345 1302 1380 1344; x_wconf 90' lang='grc'><strong>3,</strong></span> <span class='ocrx_word' id='word_1_233' title='bbox 1401 1301 1479 1335; x_wconf 91' lang='grc'><strong>180.</strong></span> <span class='ocrx_word' id='word_1_234' title='bbox 1515 1311 1690 1337; x_wconf 75' lang='lat' dir='ltr'><strong>noveram</strong></span> 
     </span>
     <span class='ocr_line' id='line_1_23' title="bbox 195 1345 1690 1391; baseline 0.003 -13"><span class='ocrx_word' id='word_1_235' title='bbox 195 1346 323 1391; x_wconf 86' lang='lat' dir='ltr'><strong>quosd.</strong></span> <span class='ocrx_word' id='word_1_236' title='bbox 353 1348 410 1388; x_wconf 92' lang='grc'><strong>10,</strong></span> <span class='ocrx_word' id='word_1_237' title='bbox 435 1348 469 1387; x_wconf 88' lang='grc'><strong>2,</strong></span> <span class='ocrx_word' id='word_1_238' title='bbox 496 1347 550 1380; x_wconf 84' lang='grc'><strong>18.</strong></span> <span class='ocrx_word' id='word_1_239' title='bbox 588 1357 633 1379; x_wconf 85' lang='lat' dir='ltr'><strong>an</strong></span> <span class='ocrx_word' id='word_1_240' title='bbox 656 1346 898 1390; x_wconf 86' lang='lat' dir='ltr'><strong>Amphionem</strong></span> <span class='ocrx_word' id='word_1_241' title='bbox 921 1352 1045 1380; x_wconf 89' lang='lat' dir='ltr'><strong>nosset</strong></span> <span class='ocrx_word' id='word_1_242' title='bbox 1065 1365 1112 1371; x_wconf 89' lang='lat'>—</span> <span class='ocrx_word' id='word_1_243' title='bbox 1135 1352 1171 1380; x_wconf 86' lang='lat' dir='ltr'><strong>et</strong></span> <span class='ocrx_word' id='word_1_244' title='bbox 1194 1346 1256 1380; x_wconf 89' lang='lat' dir='ltr'><strong>ille</strong></span> <span class='ocrx_word' id='word_1_245' title='bbox 1285 1357 1366 1380; x_wconf 88' lang='lat' dir='ltr'><strong>eum</strong></span> <span class='ocrx_word' id='word_1_246' title='bbox 1388 1345 1441 1381; x_wconf 87' lang='lat' dir='ltr'><strong>sic</strong></span> <span class='ocrx_word' id='word_1_247' title='bbox 1464 1348 1598 1391; x_wconf 81' lang='lat' dir='ltr'><strong>optime</strong></span> <span class='ocrx_word' id='word_1_248' title='bbox 1620 1359 1690 1383; x_wconf 82' lang='lat' dir='ltr'><strong>no-</strong></span> 
     </span>
     <span class='ocr_line' id='line_1_24' title="bbox 195 1391 1688 1439; baseline 0.002 -13"><span class='ocrx_word' id='word_1_249' title='bbox 195 1397 252 1426; x_wconf 89' lang='lat' dir='ltr'><strong>rat</strong></span> <span class='ocrx_word' id='word_1_250' title='bbox 282 1394 336 1434; x_wconf 87' lang='lat'><strong>12,</strong></span> <span class='ocrx_word' id='word_1_251' title='bbox 352 1391 408 1433; x_wconf 89' lang='lat'><strong>10,</strong></span> <span class='ocrx_word' id='word_1_252' title='bbox 430 1392 484 1426; x_wconf 91' lang='lat'><strong>57.</strong></span> <span class='ocrx_word' id='word_1_253' title='bbox 508 1402 616 1426; x_wconf 89' lang='lat' dir='ltr'><strong>nosse</strong></span> <span class='ocrx_word' id='word_1_254' title='bbox 639 1397 782 1426; x_wconf 24' lang='lat' dir='ltr'><strong>testem.</strong></span> <span class='ocrx_word' id='word_1_255' title='bbox 797 1395 832 1436; x_wconf 89' lang='lat'><strong>5,</strong></span> <span class='ocrx_word' id='word_1_256' title='bbox 856 1396 892 1435; x_wconf 93' lang='lat'><strong>7,</strong></span> <span class='ocrx_word' id='word_1_257' title='bbox 914 1393 972 1427; x_wconf 96' lang='lat'><strong>26.</strong></span> <span class='ocrx_word' id='word_1_258' title='bbox 987 1392 1042 1434; x_wconf 45' lang='lat' dir='ltr'><strong>,b)</strong></span> <span class='ocrx_word' id='word_1_259' title='bbox 1061 1393 1103 1425; x_wconf 83' lang='lat' dir='ltr'><strong>de</strong></span> <span class='ocrx_word' id='word_1_260' title='bbox 1123 1394 1238 1425; x_wconf 83' lang='lat' dir='ltr'><strong>rebus.-</strong></span> <span class='ocrx_word' id='word_1_261' title='bbox 1267 1392 1331 1424; x_wconf 86' lang='lat' dir='ltr'><strong>sed</strong></span> <span class='ocrx_word' id='word_1_262' title='bbox 1347 1392 1435 1436; x_wconf 89' lang='lat' dir='ltr'><strong>quid</strong></span> <span class='ocrx_word' id='word_1_263' title='bbox 1450 1402 1518 1438; x_wconf 87' lang='lat' dir='ltr'><strong>ego</strong></span> <span class='ocrx_word' id='word_1_264' title='bbox 1541 1393 1688 1439; x_wconf 86' lang='lat' dir='ltr'><strong>diutius,</strong></span> 
     </span>
     <span class='ocr_line' id='line_1_25' title="bbox 195 1437 1689 1482; baseline 0.001 -10"><span class='ocrx_word' id='word_1_265' title='bbox 195 1450 276 1472; x_wconf 89' lang='lat' dir='ltr'><strong>cum</strong></span> <span class='ocrx_word' id='word_1_266' title='bbox 299 1443 338 1470; x_wconf 93' lang='lat' dir='ltr'><strong>tu</strong></span> <span class='ocrx_word' id='word_1_267' title='bbox 365 1437 496 1480; x_wconf 86' lang='lat' dir='ltr'><strong>optime</strong></span> <span class='ocrx_word' id='word_1_268' title='bbox 520 1437 619 1472; x_wconf 84' lang='lat' dir='ltr'><strong>noris</strong></span> <span class='ocrx_word' id='word_1_269' title='bbox 642 1437 677 1480; x_wconf 95' lang='lat'><strong>4,</strong></span> <span class='ocrx_word' id='word_1_270' title='bbox 703 1441 738 1481; x_wconf 87' lang='lat'><strong>2,</strong></span> <span class='ocrx_word' id='word_1_271' title='bbox 762 1440 820 1472; x_wconf 88' lang='grc'><strong>22.</strong></span> <span class='ocrx_word' id='word_1_272' title='bbox 850 1439 941 1472; x_wconf 89' lang='lat' dir='ltr'><strong>haec</strong></span> <span class='ocrx_word' id='word_1_273' title='bbox 963 1442 1004 1471; x_wconf 91' lang='lat' dir='ltr'><strong>ut</strong></span> <span class='ocrx_word' id='word_1_274' title='bbox 1027 1437 1222 1470; x_wconf 79' lang='lat' dir='ltr'><strong>sciamus</strong></span> <span class='ocrx_word' id='word_1_275' title='bbox 1250 1442 1356 1481; x_wconf 75' lang='lat' dir='ltr'><strong>atque</strong></span> <span class='ocrx_word' id='word_1_276' title='bbox 1378 1439 1603 1482; x_wconf 83' lang='lat' dir='ltr'><strong>norimus,</strong></span> <span class='ocrx_word' id='word_1_277' title='bbox 1629 1451 1689 1474; x_wconf 85' lang='lat' dir='ltr'><strong>as-</strong></span> 
     </span>
     <span class='ocr_line' id='line_1_26' title="bbox 195 1481 1686 1531; baseline 0.001 -12"><span class='ocrx_word' id='word_1_278' title='bbox 195 1482 297 1528; x_wconf 85' lang='lat' dir='ltr'><strong>sequi</strong></span> <span class='ocrx_word' id='word_1_279' title='bbox 324 1485 425 1517; x_wconf 85' lang='lat' dir='ltr'><strong>nullo</strong></span> <span class='ocrx_word' id='word_1_280' title='bbox 450 1485 559 1517; x_wconf 90' lang='lat' dir='ltr'><strong>modo</strong></span> <span class='ocrx_word' id='word_1_281' title='bbox 588 1494 776 1528; x_wconf 87' lang='lat' dir='ltr'><strong>possumus</strong></span> <span class='ocrx_word' id='word_1_282' title='bbox 802 1486 861 1526; x_wconf 90' lang='lat'><strong>10,</strong></span> <span class='ocrx_word' id='word_1_283' title='bbox 882 1487 914 1526; x_wconf 87' lang='lat'><strong>1,</strong></span> <span class='ocrx_word' id='word_1_284' title='bbox 940 1486 994 1518; x_wconf 93' lang='grc'><strong>10.</strong></span> <span class='ocrx_word' id='word_1_285' title='bbox 1032 1482 1163 1517; x_wconf 88' lang='lat' dir='ltr'><strong>morari</strong></span> <span class='ocrx_word' id='word_1_286' title='bbox 1186 1481 1225 1516; x_wconf 90' lang='lat' dir='ltr'><strong>in</strong></span> <span class='ocrx_word' id='word_1_287' title='bbox 1249 1492 1313 1524; x_wconf 86' lang='lat' dir='ltr'><strong>eo,</strong></span> <span class='ocrx_word' id='word_1_288' title='bbox 1337 1483 1435 1527; x_wconf 86' lang='lat' dir='ltr'><strong>quod</strong></span> <span class='ocrx_word' id='word_1_289' title='bbox 1457 1484 1686 1531; x_wconf 78' lang='lat' dir='ltr'><strong>novimus,</strong></span> 
     </span>
     <span class='ocr_line' id='line_1_27' title="bbox 196 1527 1688 1575; baseline 0.002 -12"><span class='ocrx_word' id='word_1_290' title='bbox 196 1541 303 1575; x_wconf 86' lang='lat' dir='ltr'><strong>quam</strong></span> <span class='ocrx_word' id='word_1_291' title='bbox 335 1529 545 1571; x_wconf 86' lang='lat' dir='ltr'><strong>discere,</strong></span> <span class='ocrx_word' id='word_1_292' title='bbox 581 1541 673 1574; x_wconf 91' lang='lat' dir='ltr'><strong>quae</strong></span> <span class='ocrx_word' id='word_1_293' title='bbox 695 1531 855 1564; x_wconf 88' lang='lat' dir='ltr'><strong>nondum</strong></span> <span class='ocrx_word' id='word_1_294' title='bbox 878 1529 1052 1563; x_wconf 87' lang='lat' dir='ltr'><strong>scimus</strong></span> <span class='ocrx_word' id='word_1_295' title='bbox 1082 1531 1149 1571; x_wconf 91' lang='grc'><strong>12,</strong></span> <span class='ocrx_word' id='word_1_296' title='bbox 1174 1531 1241 1570; x_wconf 87' lang='grc'><strong>11,</strong></span> <span class='ocrx_word' id='word_1_297' title='bbox 1267 1527 1324 1562; x_wconf 89' lang='grc'><strong>14.</strong></span> <span class='ocrx_word' id='word_1_298' title='bbox 1365 1540 1458 1573; x_wconf 87' lang='lat' dir='ltr'><strong>qnae</strong></span> <span class='ocrx_word' id='word_1_299' title='bbox 1481 1536 1564 1564; x_wconf 87' lang='lat' dir='ltr'><strong>sunt</strong></span> <span class='ocrx_word' id='word_1_300' title='bbox 1593 1533 1688 1566; x_wconf 83' lang='lat' dir='ltr'><strong>anti-</strong></span> 
     </span>
     <span class='ocr_line' id='line_1_28' title="bbox 196 1574 1686 1623; baseline 0.002 -14"><span class='ocrx_word' id='word_1_301' title='bbox 196 1576 314 1621; x_wconf 83' lang='lat' dir='ltr'><strong>quitus</strong></span> <span class='ocrx_word' id='word_1_302' title='bbox 340 1575 435 1609; x_wconf 83' lang='lat' dir='ltr'><strong>dicta</strong></span> <span class='ocrx_word' id='word_1_303' title='bbox 462 1587 503 1609; x_wconf 90' lang='lat' dir='ltr'><strong>ac</strong></span> <span class='ocrx_word' id='word_1_304' title='bbox 527 1578 623 1610; x_wconf 81' lang='lat' dir='ltr'><strong>facta</strong></span> <span class='ocrx_word' id='word_1_305' title='bbox 646 1578 852 1620; x_wconf 85' lang='lat' dir='ltr'><strong>praeclare,</strong></span> <span class='ocrx_word' id='word_1_306' title='bbox 883 1582 919 1610; x_wconf 86' lang='lat' dir='ltr'><strong>et</strong></span> <span class='ocrx_word' id='word_1_307' title='bbox 941 1585 1083 1610; x_wconf 90' lang='lat' dir='ltr'><strong>nosse</strong></span> <span class='ocrx_word' id='word_1_308' title='bbox 1107 1581 1143 1609; x_wconf 86' lang='lat' dir='ltr'><strong>et</strong></span> <span class='ocrx_word' id='word_1_309' title='bbox 1169 1574 1315 1608; x_wconf 89' lang='lat' dir='ltr'><strong>animo</strong></span> <span class='ocrx_word' id='word_1_310' title='bbox 1341 1585 1482 1619; x_wconf 83' lang='lat' dir='ltr'><strong>semper</strong></span> <span class='ocrx_word' id='word_1_311' title='bbox 1503 1576 1686 1623; x_wconf 82' lang='lat' dir='ltr'><strong>agitare</strong></span> 
     </span>
     <span class='ocr_line' id='line_1_29' title="bbox 198 1621 1690 1665; baseline 0.001 -9"><span class='ocrx_word' id='word_1_312' title='bbox 198 1626 255 1665; x_wconf 91' lang='lat'><strong>12,</strong></span> <span class='ocrx_word' id='word_1_313' title='bbox 278 1627 314 1664; x_wconf 86' lang='grc'><strong>2,</strong></span> <span class='ocrx_word' id='word_1_314' title='bbox 339 1623 396 1657; x_wconf 87' lang='grc'><strong>29.</strong></span> <span class='ocrx_word' id='word_1_315' title='bbox 433 1632 581 1665; x_wconf 87' lang='lat' dir='ltr'><strong>operum</strong></span> <span class='ocrx_word' id='word_1_316' title='bbox 604 1633 750 1656; x_wconf 84' lang='lat' dir='ltr'><strong>suorum</strong></span> <span class='ocrx_word' id='word_1_317' title='bbox 773 1633 883 1657; x_wconf 85' lang='lat' dir='ltr'><strong>onera</strong></span> <span class='ocrx_word' id='word_1_318' title='bbox 907 1628 942 1656; x_wconf 90' lang='lat' dir='ltr'><strong>et</strong></span> <span class='ocrx_word' id='word_1_319' title='bbox 965 1622 1111 1656; x_wconf 89' lang='lat' dir='ltr'><strong>modum</strong></span> <span class='ocrx_word' id='word_1_320' title='bbox 1134 1625 1266 1655; x_wconf 87' lang='lat' dir='ltr'><strong>norunt</strong></span> <span class='ocrx_word' id='word_1_321' title='bbox 1289 1622 1322 1664; x_wconf 88' lang='lat'><strong>1,</strong></span> <span class='ocrx_word' id='word_1_322' title='bbox 1345 1621 1387 1662; x_wconf 88' lang='grc'><strong>9,</strong></span> <span class='ocrx_word' id='word_1_323' title='bbox 1409 1623 1444 1656; x_wconf 83' lang='grc'><strong>6.</strong></span> <span class='ocrx_word' id='word_1_324' title='bbox 1479 1628 1519 1655; x_wconf 89' lang='lat' dir='ltr'><strong>ut</strong></span> <span class='ocrx_word' id='word_1_325' title='bbox 1545 1634 1690 1659; x_wconf 64' lang='lat' dir='ltr'><strong>causam&gt;</strong></span> 
     </span>
     <span class='ocr_line' id='line_1_30' title="bbox 195 1665 1686 1711; baseline 0.001 -8"><span class='ocrx_word' id='word_1_326' title='bbox 195 1671 288 1703; x_wconf 87' lang='lat' dir='ltr'><strong>bene</strong></span> <span class='ocrx_word' id='word_1_327' title='bbox 314 1667 523 1702; x_wconf 76' lang='lat' dir='ltr'><strong>noverimus</strong></span> <span class='ocrx_word' id='word_1_328' title='bbox 548 1671 604 1711; x_wconf 88' lang='grc'><strong>12,</strong></span> <span class='ocrx_word' id='word_1_329' title='bbox 631 1670 666 1711; x_wconf 95' lang='grc'><strong>9,</strong></span> <span class='ocrx_word' id='word_1_330' title='bbox 695 1670 749 1703; x_wconf 87' lang='grc'><strong>19.</strong></span> <span class='ocrx_word' id='word_1_331' title='bbox 774 1668 819 1709; x_wconf 84' lang='lat' dir='ltr'><strong>cs.</strong></span> <span class='ocrx_word' id='word_1_332' title='bbox 841 1667 877 1711; x_wconf 89' lang='grc'><strong>4,</strong></span> <span class='ocrx_word' id='word_1_333' title='bbox 903 1671 936 1711; x_wconf 91' lang='grc'><strong>1,</strong></span> <span class='ocrx_word' id='word_1_334' title='bbox 960 1670 994 1702; x_wconf 89' lang='lat'><strong>3.</strong></span> <span class='ocrx_word' id='word_1_335' title='bbox 1034 1668 1124 1701; x_wconf 83' lang='lat' dir='ltr'><strong>fines</strong></span> <span class='ocrx_word' id='word_1_336' title='bbox 1147 1677 1232 1700; x_wconf 87' lang='lat' dir='ltr'><strong>suos</strong></span> <span class='ocrx_word' id='word_1_337' title='bbox 1256 1665 1351 1702; x_wconf 86' lang='lat' dir='ltr'><strong>norit</strong></span> <span class='ocrx_word' id='word_1_338' title='bbox 1369 1669 1405 1710; x_wconf 87' lang='lat'><strong>2,</strong></span> <span class='ocrx_word' id='word_1_339' title='bbox 1434 1669 1468 1710; x_wconf 89' lang='lat'><strong>1,</strong></span> <span class='ocrx_word' id='word_1_340' title='bbox 1490 1666 1527 1702; x_wconf 86' lang='lat'><strong>4.</strong></span> <span class='ocrx_word' id='word_1_341' title='bbox 1569 1670 1686 1706; x_wconf 82' lang='lat' dir='ltr'><strong>donec</strong></span> 
     </span>
     <span class='ocr_line' id='line_1_31' title="bbox 193 1712 1688 1757; baseline 0.002 -8"><span class='ocrx_word' id='word_1_342' title='bbox 193 1715 315 1749; x_wconf 81' lang='lat' dir='ltr'><strong>literas</strong></span> <span class='ocrx_word' id='word_1_343' title='bbox 339 1715 460 1748; x_wconf 86' lang='lat' dir='ltr'><strong>norint</strong></span> <span class='ocrx_word' id='word_1_344' title='bbox 481 1715 576 1749; x_wconf 76' lang='lat' dir='ltr'><strong>facie</strong></span> <span class='ocrx_word' id='word_1_345' title='bbox 603 1724 679 1748; x_wconf 83' lang='lat' dir='ltr'><strong>non</strong></span> <span class='ocrx_word' id='word_1_346' title='bbox 705 1714 832 1748; x_wconf 87' lang='lat' dir='ltr'><strong>ordine</strong></span> <span class='ocrx_word' id='word_1_347' title='bbox 866 1717 908 1756; x_wconf 90' lang='lat'><strong>1,</strong></span> <span class='ocrx_word' id='word_1_348' title='bbox 938 1717 981 1756; x_wconf 84' lang='lat'><strong>1,</strong></span> <span class='ocrx_word' id='word_1_349' title='bbox 1011 1714 1068 1748; x_wconf 90' lang='grc'><strong>25.</strong></span> <span class='ocrx_word' id='word_1_350' title='bbox 1112 1712 1174 1757; x_wconf 84' lang='lat' dir='ltr'><strong>qui</strong></span> <span class='ocrx_word' id='word_1_351' title='bbox 1206 1712 1325 1747; x_wconf 86' lang='lat' dir='ltr'><strong>omnia</strong></span> <span class='ocrx_word' id='word_1_352' title='bbox 1362 1713 1535 1748; x_wconf 85' lang='lat' dir='ltr'><strong>sacrificia</strong></span> <span class='ocrx_word' id='word_1_353' title='bbox 1563 1723 1688 1752; x_wconf 81' lang='lat' dir='ltr'><strong>nosset</strong></span> 
     </span>
     <span class='ocr_line' id='line_1_32' title="bbox 198 1758 1686 1804; baseline 0.001 -8"><span class='ocrx_word' id='word_1_354' title='bbox 198 1764 284 1796; x_wconf 83' lang='lat' dir='ltr'><strong>Cic.</strong></span> <span class='ocrx_word' id='word_1_355' title='bbox 309 1761 353 1804; x_wconf 90' lang='lat'><strong>9,</strong></span> <span class='ocrx_word' id='word_1_356' title='bbox 376 1763 419 1803; x_wconf 83' lang='grc'><strong>2,</strong></span> <span class='ocrx_word' id='word_1_357' title='bbox 444 1761 502 1795; x_wconf 87' lang='grc'><strong>96.</strong></span> <span class='ocrx_word' id='word_1_358' title='bbox 550 1771 657 1795; x_wconf 89' lang='lat' dir='ltr'><strong>nosse</strong></span> <span class='ocrx_word' id='word_1_359' title='bbox 683 1761 802 1794; x_wconf 86' lang='lat' dir='ltr'><strong>omnia</strong></span> <span class='ocrx_word' id='word_1_360' title='bbox 823 1763 863 1803; x_wconf 95' lang='lat'><strong>7,</strong></span> <span class='ocrx_word' id='word_1_361' title='bbox 892 1764 935 1803; x_wconf 89' lang='lat'><strong>1,</strong></span> <span class='ocrx_word' id='word_1_362' title='bbox 960 1760 994 1794; x_wconf 87' lang='grc'><strong>4.</strong></span> <span class='ocrx_word' id='word_1_363' title='bbox 1039 1761 1142 1804; x_wconf 80' lang='lat' dir='ltr'><strong>plur&#39;a</strong></span> <span class='ocrx_word' id='word_1_364' title='bbox 1174 1769 1314 1792; x_wconf 83' lang='lat' dir='ltr'><strong>nosse</strong></span> <span class='ocrx_word' id='word_1_365' title='bbox 1335 1764 1372 1792; x_wconf 80' lang='lat' dir='ltr'><strong>et</strong></span> <span class='ocrx_word' id='word_1_366' title='bbox 1397 1758 1583 1795; x_wconf 75' lang='lat' dir='ltr'><strong>vidisse</strong></span> <span class='ocrx_word' id='word_1_367' title='bbox 1607 1768 1686 1798; x_wconf 79' lang='lat' dir='ltr'><strong>cre-</strong></span> 
     </span>
     <span class='ocr_line' id='line_1_33' title="bbox 195 1804 1689 1853; baseline 0.003 -13"><span class='ocrx_word' id='word_1_368' title='bbox 195 1809 326 1840; x_wconf 86' lang='lat' dir='ltr'><strong>duntur</strong></span> <span class='ocrx_word' id='word_1_369' title='bbox 353 1817 458 1840; x_wconf 89' lang='lat' dir='ltr'><strong>senes</strong></span> <span class='ocrx_word' id='word_1_370' title='bbox 485 1809 540 1850; x_wconf 87' lang='lat'><strong>12,</strong></span> <span class='ocrx_word' id='word_1_371' title='bbox 564 1806 600 1849; x_wconf 88' lang='grc'><strong>4,</strong></span> <span class='ocrx_word' id='word_1_372' title='bbox 624 1810 661 1840; x_wconf 89' lang='grc'><strong>2.</strong></span> <span class='ocrx_word' id='word_1_373' title='bbox 688 1812 781 1841; x_wconf 85' lang='lat' dir='ltr'><strong>totas</strong></span> <span class='ocrx_word' id='word_1_374' title='bbox 807 1817 883 1840; x_wconf 91' lang='lat' dir='ltr'><strong>non</strong></span> <span class='ocrx_word' id='word_1_375' title='bbox 907 1806 1096 1853; x_wconf 85' lang='lat' dir='ltr'><strong>diligenter</strong></span> <span class='ocrx_word' id='word_1_376' title='bbox 1116 1805 1226 1839; x_wconf 89' lang='lat' dir='ltr'><strong>modo</strong></span> <span class='ocrx_word' id='word_1_377' title='bbox 1249 1805 1313 1838; x_wconf 87' lang='lat' dir='ltr'><strong>sed</strong></span> <span class='ocrx_word' id='word_1_378' title='bbox 1339 1804 1445 1840; x_wconf 81' lang='lat' dir='ltr'><strong>etiam</strong></span> <span class='ocrx_word' id='word_1_379' title='bbox 1466 1805 1689 1844; x_wconf 71' lang='lat' dir='ltr'><strong>familiariter</strong></span> 
     </span>
     <span class='ocr_line' id='line_1_34' title="bbox 193 1851 1688 1896; baseline 0.001 -9"><span class='ocrx_word' id='word_1_380' title='bbox 193 1864 301 1887; x_wconf 90' lang='lat' dir='ltr'><strong>nosse</strong></span> <span class='ocrx_word' id='word_1_381' title='bbox 325 1863 450 1886; x_wconf 84' lang='lat' dir='ltr'><strong>causas</strong></span> <span class='ocrx_word' id='word_1_382' title='bbox 477 1853 511 1895; x_wconf 87' lang='lat'><strong>6,</strong></span> <span class='ocrx_word' id='word_1_383' title='bbox 535 1851 571 1896; x_wconf 88' lang='grc'><strong>4,</strong></span> <span class='ocrx_word' id='word_1_384' title='bbox 594 1854 626 1887; x_wconf 91' lang='grc'><strong>8.</strong></span> <span class='ocrx_word' id='word_1_385' title='bbox 657 1851 701 1894; x_wconf 82' lang='lat' dir='ltr'><strong>cf.</strong></span> <span class='ocrx_word' id='word_1_386' title='bbox 726 1855 759 1896; x_wconf 89' lang='lat'><strong>5,</strong></span> <span class='ocrx_word' id='word_1_387' title='bbox 783 1856 819 1895; x_wconf 94' lang='lat'><strong>7,</strong></span> <span class='ocrx_word' id='word_1_388' title='bbox 841 1856 864 1887; x_wconf 93' lang='lat'><strong>7</strong></span> <span class='ocrx_word' id='word_1_389' title='bbox 889 1854 935 1886; x_wconf 90' lang='lat' dir='ltr'><strong>N.</strong></span> <span class='ocrx_word' id='word_1_390' title='bbox 967 1855 1024 1896; x_wconf 91' lang='lat'><strong>10,</strong></span> <span class='ocrx_word' id='word_1_391' title='bbox 1050 1855 1083 1895; x_wconf 91' lang='lat'><strong>1,</strong></span> <span class='ocrx_word' id='word_1_392' title='bbox 1106 1854 1164 1885; x_wconf 86' lang='lat'><strong>22.</strong></span> <span class='ocrx_word' id='word_1_393' title='bbox 1197 1851 1363 1886; x_wconf 80' lang='lat' dir='ltr'><strong>exhausti</strong></span> <span class='ocrx_word' id='word_1_394' title='bbox 1384 1852 1518 1885; x_wconf 87' lang='lat' dir='ltr'><strong>laboris</strong></span> <span class='ocrx_word' id='word_1_395' title='bbox 1541 1864 1688 1888; x_wconf 85' lang='lat' dir='ltr'><strong>mensu-</strong></span> 
     </span>
     <span class='ocr_line' id='line_1_35' title="bbox 192 1896 1684 1943; baseline 0 -9"><span class='ocrx_word' id='word_1_396' title='bbox 192 1911 269 1934; x_wconf 83' lang='lat' dir='ltr'><strong>ram</strong></span> <span class='ocrx_word' id='word_1_397' title='bbox 294 1909 402 1932; x_wconf 85' lang='lat' dir='ltr'><strong>nosse</strong></span> <span class='ocrx_word' id='word_1_398' title='bbox 425 1898 471 1941; x_wconf 87' lang='grc'><strong>4,</strong></span> <span class='ocrx_word' id='word_1_399' title='bbox 498 1899 542 1942; x_wconf 85' lang='grc'><strong>5,</strong></span> <span class='ocrx_word' id='word_1_400' title='bbox 567 1901 625 1933; x_wconf 89' lang='grc'><strong>23.</strong></span> <span class='ocrx_word' id='word_1_401' title='bbox 660 1899 781 1932; x_wconf 83' lang='lat' dir='ltr'><strong>m&#39;ores</strong></span> <span class='ocrx_word' id='word_1_402' title='bbox 807 1898 934 1943; x_wconf 86' lang='lat' dir='ltr'><strong>judicis</strong></span> <span class='ocrx_word' id='word_1_403' title='bbox 958 1909 1066 1932; x_wconf 89' lang='lat' dir='ltr'><strong>nosse</strong></span> <span class='ocrx_word' id='word_1_404' title='bbox 1089 1896 1125 1940; x_wconf 86' lang='lat'><strong>4,</strong></span> <span class='ocrx_word' id='word_1_405' title='bbox 1149 1899 1184 1940; x_wconf 90' lang='lat'><strong>1,</strong></span> <span class='ocrx_word' id='word_1_406' title='bbox 1211 1899 1267 1932; x_wconf 90' lang='grc'><strong>17.</strong></span> <span class='ocrx_word' id='word_1_407' title='bbox 1303 1902 1411 1930; x_wconf 81' lang='lat' dir='ltr'><strong>status</strong></span> <span class='ocrx_word' id='word_1_408' title='bbox 1433 1908 1544 1932; x_wconf 82' lang='lat' dir='ltr'><strong>nosse</strong></span> <span class='ocrx_word' id='word_1_409' title='bbox 1569 1901 1602 1942; x_wconf 89' lang='lat'><strong>5,</strong></span> <span class='ocrx_word' id='word_1_410' title='bbox 1625 1901 1684 1936; x_wconf 83' lang='lat' dir='ltr'><strong>Pr.</strong></span> 
     </span>
     <span class='ocr_line' id='line_1_36' title="bbox 192 1943 1683 1988; baseline 0.001 -10"><span class='ocrx_word' id='word_1_411' title='bbox 192 1946 233 1988; x_wconf 79' lang='lat'><strong>43</strong></span> <span class='ocrx_word' id='word_1_412' title='bbox 260 1946 406 1979; x_wconf 84' lang='lat' dir='ltr'><strong>alteram</strong></span> <span class='ocrx_word' id='word_1_413' title='bbox 429 1950 565 1988; x_wconf 86' lang='lat' dir='ltr'><strong>partem</strong></span> <span class='ocrx_word' id='word_1_414' title='bbox 589 1944 674 1978; x_wconf 78' lang='lat' dir='ltr'><strong>salis</strong></span> <span class='ocrx_word' id='word_1_415' title='bbox 697 1955 806 1979; x_wconf 90' lang='lat' dir='ltr'><strong>nosse</strong></span> <span class='ocrx_word' id='word_1_416' title='bbox 831 1955 885 1978; x_wconf 81' lang='lat' dir='ltr'><strong>ex</strong></span> <span class='ocrx_word' id='word_1_417' title='bbox 909 1946 987 1978; x_wconf 87' lang='lat' dir='ltr'><strong>sola</strong></span> <span class='ocrx_word' id='word_1_418' title='bbox 1010 1943 1222 1978; x_wconf 86' lang='lat' dir='ltr'><strong>defensione</strong></span> <span class='ocrx_word' id='word_1_419' title='bbox 1248 1945 1304 1986; x_wconf 87' lang='grc'><strong>10,</strong></span> <span class='ocrx_word' id='word_1_420' title='bbox 1325 1943 1359 1986; x_wconf 93' lang='grc'><strong>5,</strong></span> <span class='ocrx_word' id='word_1_421' title='bbox 1378 1946 1436 1979; x_wconf 89' lang='lat'><strong>20.</strong></span> <span class='ocrx_word' id='word_1_422' title='bbox 1481 1943 1534 1987; x_wconf 88' lang='lat'><strong>11)</strong></span> <span class='ocrx_word' id='word_1_423' title='bbox 1556 1948 1683 1984; x_wconf 74' lang='lat' dir='ltr'><strong>Par-tic.</strong></span> 
     </span>
     <span class='ocr_line' id='line_1_37' title="bbox 191 1988 1682 2041; baseline 0.001 -15"><span class='ocrx_word' id='word_1_424' title='bbox 191 1991 234 2035; x_wconf 86' lang='grc' dir='ltr'><strong>α)</strong></span> <span class='ocrx_word' id='word_1_425' title='bbox 257 1994 360 2024; x_wconf 80' lang='lat' dir='ltr'><strong>Posit.</strong></span> <span class='ocrx_word' id='word_1_426' title='bbox 401 1988 434 2041; x_wconf 72' lang='lat' dir='ltr'><strong>a)</strong></span> <span class='ocrx_word' id='word_1_427' title='bbox 458 1991 716 2024; x_wconf 87' lang='lat' dir='ltr'><strong>communia</strong></span> <span class='ocrx_word' id='word_1_428' title='bbox 741 2003 783 2025; x_wconf 87' lang='lat' dir='ltr'><strong>ac</strong></span> <span class='ocrx_word' id='word_1_429' title='bbox 807 1997 917 2025; x_wconf 90' lang='lat' dir='ltr'><strong>nota</strong></span> <span class='ocrx_word' id='word_1_430' title='bbox 939 1994 982 2034; x_wconf 87' lang='lat'><strong>2,</strong></span> <span class='ocrx_word' id='word_1_431' title='bbox 1009 1994 1074 2034; x_wconf 88' lang='lat'><strong>11,</strong></span> <span class='ocrx_word' id='word_1_432' title='bbox 1098 1991 1134 2024; x_wconf 92' lang='grc'><strong>5.</strong></span> <span class='ocrx_word' id='word_1_433' title='bbox 1174 1999 1250 2024; x_wconf 89' lang='lat' dir='ltr'><strong>non</strong></span> <span class='ocrx_word' id='word_1_434' title='bbox 1272 1990 1389 2023; x_wconf 84' lang='lat' dir='ltr'><strong>solum</strong></span> <span class='ocrx_word' id='word_1_435' title='bbox 1413 1990 1529 2024; x_wconf 73' lang='lat' dir='ltr'><strong>nota·</strong></span> <span class='ocrx_word' id='word_1_436' title='bbox 1550 1992 1682 2036; x_wconf 86' lang='lat' dir='ltr'><strong>omnia,</strong></span> 
     </span>
     <span class='ocr_line' id='line_1_38' title="bbox 191 2036 1684 2081; baseline 0.001 -10"><span class='ocrx_word' id='word_1_437' title='bbox 191 2037 326 2072; x_wconf 86' lang='lat' dir='ltr'><strong>sedin</strong></span> <span class='ocrx_word' id='word_1_438' title='bbox 350 2042 536 2081; x_wconf 88' lang='lat' dir='ltr'><strong>promtu</strong></span> <span class='ocrx_word' id='word_1_439' title='bbox 566 2043 694 2081; x_wconf 82' lang='lat' dir='ltr'><strong>atque,</strong></span> <span class='ocrx_word' id='word_1_440' title='bbox 722 2042 761 2070; x_wconf 92' lang='lat' dir='ltr'><strong>ut</strong></span> <span class='ocrx_word' id='word_1_441' title='bbox 781 2036 831 2071; x_wconf 82' lang='lat' dir='ltr'><strong>ita</strong></span> <span class='ocrx_word' id='word_1_442' title='bbox 855 2037 990 2078; x_wconf 88' lang='lat' dir='ltr'><strong>dicam,</strong></span> <span class='ocrx_word' id='word_1_443' title='bbox 1022 2036 1068 2070; x_wconf 89' lang='lat' dir='ltr'><strong>in</strong></span> <span class='ocrx_word' id='word_1_444' title='bbox 1095 2040 1363 2079; x_wconf 84' lang='lat' dir='ltr'><strong>conspectu</strong></span> <span class='ocrx_word' id='word_1_445' title='bbox 1391 2037 1449 2079; x_wconf 91' lang='grc'><strong>10,</strong></span> <span class='ocrx_word' id='word_1_446' title='bbox 1477 2038 1512 2079; x_wconf 83' lang='grc'><strong>1,</strong></span> <span class='ocrx_word' id='word_1_447' title='bbox 1535 2036 1568 2071; x_wconf 87' lang='grc'><strong>6.</strong></span> <span class='ocrx_word' id='word_1_448' title='bbox 1609 2049 1684 2073; x_wconf 87' lang='lat' dir='ltr'><strong>non</strong></span> 
     </span>
     <span class='ocr_line' id='line_1_39' title="bbox 191 2081 1684 2129; baseline -0.001 -12"><span class='ocrx_word' id='word_1_449' title='bbox 191 2084 344 2118; x_wconf 82' lang='lat' dir='ltr'><strong>vocibus</strong></span> <span class='ocrx_word' id='word_1_450' title='bbox 367 2089 503 2116; x_wconf 86' lang='lat' dir='ltr'><strong>tantum</strong></span> <span class='ocrx_word' id='word_1_451' title='bbox 529 2083 597 2116; x_wconf 89' lang='lat' dir='ltr'><strong>sibi</strong></span> <span class='ocrx_word' id='word_1_452' title='bbox 623 2088 710 2117; x_wconf 86' lang='lat' dir='ltr'><strong>nota</strong></span> <span class='ocrx_word' id='word_1_453' title='bbox 732 2088 804 2127; x_wconf 85' lang='lat' dir='ltr'><strong>atq,</strong></span> <span class='ocrx_word' id='word_1_454' title='bbox 828 2082 1032 2119; x_wconf 83' lang='lat' dir='ltr'><strong>nominibus</strong></span> <span class='ocrx_word' id='word_1_455' title='bbox 1058 2083 1122 2124; x_wconf 90' lang='grc'><strong>12,</strong></span> <span class='ocrx_word' id='word_1_456' title='bbox 1145 2084 1187 2124; x_wconf 90' lang='grc'><strong>2,</strong></span> <span class='ocrx_word' id='word_1_457' title='bbox 1213 2084 1269 2116; x_wconf 92' lang='grc'><strong>17.</strong></span> <span class='ocrx_word' id='word_1_458' title='bbox 1314 2092 1351 2114; x_wconf 88' lang='lat' dir='ltr'><strong>n.</strong></span> <span class='ocrx_word' id='word_1_459' title='bbox 1375 2081 1625 2126; x_wconf 80' lang='lat' dir='ltr'><strong>epigrammate</strong></span> <span class='ocrx_word' id='word_1_460' title='bbox 1646 2086 1684 2129; x_wconf 83' lang='lat'><strong>8,</strong></span> 
     </span>
     <span class='ocr_line' id='line_1_40' title="bbox 193 2125 1681 2174; baseline -0.001 -11"><span class='ocrx_word' id='word_1_461' title='bbox 193 2132 226 2171; x_wconf 86' lang='grc'><strong>3,</strong></span> <span class='ocrx_word' id='word_1_462' title='bbox 252 2131 309 2165; x_wconf 83' lang='grc'><strong>29.</strong></span> <span class='ocrx_word' id='word_1_463' title='bbox 345 2135 433 2162; x_wconf 83' lang='lat' dir='ltr'><strong>noto</strong></span> <span class='ocrx_word' id='word_1_464' title='bbox 456 2128 551 2162; x_wconf 89' lang='lat' dir='ltr'><strong>enim</strong></span> <span class='ocrx_word' id='word_1_465' title='bbox 575 2128 734 2163; x_wconf 83' lang='lat' dir='ltr'><strong>maxime</strong></span> <span class='ocrx_word' id='word_1_466' title='bbox 756 2135 836 2163; x_wconf 90' lang='lat' dir='ltr'><strong>utar</strong></span> <span class='ocrx_word' id='word_1_467' title='bbox 859 2130 1027 2173; x_wconf 82' lang='lat' dir='ltr'><strong>exemplo</strong></span> <span class='ocrx_word' id='word_1_468' title='bbox 1050 2131 1087 2171; x_wconf 91' lang='lat'><strong>7,</strong></span> <span class='ocrx_word' id='word_1_469' title='bbox 1111 2129 1147 2170; x_wconf 90' lang='lat'><strong>3,</strong></span> <span class='ocrx_word' id='word_1_470' title='bbox 1174 2129 1209 2161; x_wconf 87' lang='lat'><strong>3.</strong></span> <span class='ocrx_word' id='word_1_471' title='bbox 1247 2138 1283 2160; x_wconf 86' lang='lat' dir='ltr'><strong>n.</strong></span> <span class='ocrx_word' id='word_1_472' title='bbox 1308 2125 1395 2160; x_wconf 87' lang='lat' dir='ltr'><strong>illa</strong></span> <span class='ocrx_word' id='word_1_473' title='bbox 1415 2127 1537 2161; x_wconf 84' lang='lat' dir='ltr'><strong>fabula</strong></span> <span class='ocrx_word' id='word_1_474' title='bbox 1560 2129 1596 2171; x_wconf 89' lang='grc'><strong>5,</strong></span> <span class='ocrx_word' id='word_1_475' title='bbox 1623 2132 1681 2174; x_wconf 81' lang='lat'><strong>11,</strong></span> 
     </span>
     <span class='ocr_line' id='line_1_41' title="bbox 190 2171 1684 2219; baseline -0.001 -10"><span class='ocrx_word' id='word_1_476' title='bbox 190 2179 246 2211; x_wconf 84' lang='lat'><strong>19.</strong></span> <span class='ocrx_word' id='word_1_477' title='bbox 284 2187 320 2209; x_wconf 91' lang='lat' dir='ltr'><strong>n.</strong></span> <span class='ocrx_word' id='word_1_478' title='bbox 346 2175 430 2208; x_wconf 92' lang='lat' dir='ltr'><strong>illo</strong></span> <span class='ocrx_word' id='word_1_479' title='bbox 456 2186 568 2210; x_wconf 86' lang='lat' dir='ltr'><strong>versu</strong></span> <span class='ocrx_word' id='word_1_480' title='bbox 591 2178 637 2218; x_wconf 88' lang='lat'><strong>3,</strong></span> <span class='ocrx_word' id='word_1_481' title='bbox 664 2178 706 2218; x_wconf 89' lang='lat'><strong>1,</strong></span> <span class='ocrx_word' id='word_1_482' title='bbox 731 2174 788 2209; x_wconf 88' lang='lat'><strong>14.</strong></span> <span class='ocrx_word' id='word_1_483' title='bbox 838 2180 1068 2219; x_wconf 88' lang='lat' dir='ltr'><strong>receptae</strong></span> <span class='ocrx_word' id='word_1_484' title='bbox 1096 2171 1314 2207; x_wconf 79' lang='lat' dir='ltr'><strong>auctoritatis</strong></span> <span class='ocrx_word' id='word_1_485' title='bbox 1337 2182 1380 2205; x_wconf 90' lang='lat' dir='ltr'><strong>ac</strong></span> <span class='ocrx_word' id='word_1_486' title='bbox 1409 2178 1552 2208; x_wconf 85' lang='lat' dir='ltr'><strong>notae</strong></span> <span class='ocrx_word' id='word_1_487' title='bbox 1573 2185 1684 2211; x_wconf 83' lang='lat' dir='ltr'><strong>vere-</strong></span> 
     </span>
     <span class='ocr_line' id='line_1_42' title="bbox 190 2219 1683 2266; baseline -0.001 -11"><span class='ocrx_word' id='word_1_488' title='bbox 190 2221 340 2255; x_wconf 88' lang='lat' dir='ltr'><strong>cundiae</strong></span> <span class='ocrx_word' id='word_1_489' title='bbox 364 2222 399 2264; x_wconf 85' lang='lat'><strong>6,</strong></span> <span class='ocrx_word' id='word_1_490' title='bbox 423 2223 458 2264; x_wconf 89' lang='lat'><strong>3,</strong></span> <span class='ocrx_word' id='word_1_491' title='bbox 482 2222 539 2255; x_wconf 82' lang='lat'><strong>33.</strong></span> <span class='ocrx_word' id='word_1_492' title='bbox 595 2220 637 2264; x_wconf 86' lang='lat' dir='ltr'><strong>b)</strong></span> <span class='ocrx_word' id='word_1_493' title='bbox 665 2234 695 2254; x_wconf 84' lang='lat' dir='ltr'><strong>c.</strong></span> <span class='ocrx_word' id='word_1_494' title='bbox 725 2223 838 2255; x_wconf 82' lang='lat' dir='ltr'><strong>Verbo</strong></span> <span class='ocrx_word' id='word_1_495' title='bbox 862 2233 976 2255; x_wconf 84' lang='lat' dir='ltr'><strong>esse.-</strong></span> <span class='ocrx_word' id='word_1_496' title='bbox 1014 2220 1054 2253; x_wconf 93' lang='lat' dir='ltr'><strong>id</strong></span> <span class='ocrx_word' id='word_1_497' title='bbox 1077 2219 1172 2263; x_wconf 85' lang='lat' dir='ltr'><strong>quod</strong></span> <span class='ocrx_word' id='word_1_498' title='bbox 1195 2224 1250 2252; x_wconf 84' lang='lat' dir='ltr'><strong>est</strong></span> <span class='ocrx_word' id='word_1_499' title='bbox 1274 2223 1398 2252; x_wconf 83' lang='lat' dir='ltr'><strong>notum</strong></span> <span class='ocrx_word' id='word_1_500' title='bbox 1424 2221 1459 2262; x_wconf 90' lang='lat'><strong>1,</strong></span> <span class='ocrx_word' id='word_1_501' title='bbox 1488 2221 1522 2266; x_wconf 80' lang='lat'><strong>1,</strong></span> <span class='ocrx_word' id='word_1_502' title='bbox 1545 2221 1605 2255; x_wconf 88' lang='grc'><strong>26.</strong></span> <span class='ocrx_word' id='word_1_503' title='bbox 1642 2228 1683 2256; x_wconf 88' lang='lat' dir='ltr'><strong>ut</strong></span> 
     </span>
     <span class='ocr_line' id='line_1_43' title="bbox 191 2263 1728 2311; baseline 0.001 -11"><span class='ocrx_word' id='word_1_504' title='bbox 191 2273 245 2301; x_wconf 85' lang='lat' dir='ltr'><strong>est</strong></span> <span class='ocrx_word' id='word_1_505' title='bbox 267 2278 303 2301; x_wconf 90' lang='lat' dir='ltr'><strong>n.</strong></span> <span class='ocrx_word' id='word_1_506' title='bbox 331 2268 366 2308; x_wconf 84' lang='lat'><strong>3,</strong></span> <span class='ocrx_word' id='word_1_507' title='bbox 393 2269 433 2309; x_wconf 94' lang='lat'><strong>1,</strong></span> <span class='ocrx_word' id='word_1_508' title='bbox 458 2265 494 2302; x_wconf 81' lang='grc'><strong>4.</strong></span> <span class='ocrx_word' id='word_1_509' title='bbox 533 2269 596 2308; x_wconf 92' lang='grc'><strong>10,</strong></span> <span class='ocrx_word' id='word_1_510' title='bbox 621 2269 665 2309; x_wconf 90' lang='grc'><strong>3,</strong></span> <span class='ocrx_word' id='word_1_511' title='bbox 691 2268 747 2301; x_wconf 91' lang='grc'><strong>12.</strong></span> <span class='ocrx_word' id='word_1_512' title='bbox 790 2272 916 2301; x_wconf 89' lang='lat' dir='ltr'><strong>notum</strong></span> <span class='ocrx_word' id='word_1_513' title='bbox 944 2266 992 2300; x_wconf 92' lang='lat' dir='ltr'><strong>sit</strong></span> <span class='ocrx_word' id='word_1_514' title='bbox 1013 2270 1095 2299; x_wconf 82' lang='lat' dir='ltr'><strong>ante</strong></span> <span class='ocrx_word' id='word_1_515' title='bbox 1120 2263 1259 2306; x_wconf 86' lang='lat' dir='ltr'><strong>omnia,</strong></span> <span class='ocrx_word' id='word_1_516' title='bbox 1291 2263 1375 2308; x_wconf 84' lang='lat' dir='ltr'><strong>quid</strong></span> <span class='ocrx_word' id='word_1_517' title='bbox 1400 2272 1460 2299; x_wconf 81' lang='lat' dir='ltr'><strong>etc.</strong></span> <span class='ocrx_word' id='word_1_518' title='bbox 1486 2267 1551 2308; x_wconf 74' lang='grc'><strong>11,</strong></span> <span class='ocrx_word' id='word_1_519' title='bbox 1577 2269 1622 2311; x_wconf 90' lang='grc'><strong>1,</strong></span> <span class='ocrx_word' id='word_1_520' title='bbox 1646 2269 1681 2302; x_wconf 74' lang='grc'><strong>6.</strong></span> <span class='ocrx_word' id='word_1_521' title='bbox 1719 2289 1728 2310; x_wconf 55' lang='lat' dir='ltr'><strong>f,</strong></span> 
     </span>
     <span class='ocr_line' id='line_1_44' title="bbox 190 2309 1728 2356; baseline 0.002 -11"><span class='ocrx_word' id='word_1_522' title='bbox 190 2314 287 2356; x_wconf 88' lang='lat' dir='ltr'><strong>quod</strong></span> <span class='ocrx_word' id='word_1_523' title='bbox 309 2324 329 2346; x_wconf 84' lang='lat' dir='ltr'><strong>a</strong></span> <span class='ocrx_word' id='word_1_524' title='bbox 353 2312 529 2346; x_wconf 80' lang='lat' dir='ltr'><strong>Cicerone</strong></span> <span class='ocrx_word' id='word_1_525' title='bbox 551 2311 766 2356; x_wconf 87' lang='lat' dir='ltr'><strong>reprehendi</strong></span> <span class='ocrx_word' id='word_1_526' title='bbox 790 2318 914 2347; x_wconf 84' lang='lat' dir='ltr'><strong>notum</strong></span> <span class='ocrx_word' id='word_1_527' title='bbox 939 2317 994 2346; x_wconf 87' lang='lat' dir='ltr'><strong>est</strong></span> <span class='ocrx_word' id='word_1_528' title='bbox 1015 2313 1059 2354; x_wconf 87' lang='grc'><strong>9,</strong></span> <span class='ocrx_word' id='word_1_529' title='bbox 1088 2312 1134 2353; x_wconf 92' lang='grc'><strong>3,</strong></span> <span class='ocrx_word' id='word_1_530' title='bbox 1161 2312 1226 2351; x_wconf 90' lang='grc'><strong>13;</strong></span> <span class='ocrx_word' id='word_1_531' title='bbox 1263 2316 1349 2343; x_wconf 85' lang='lat' dir='ltr'><strong>nota</strong></span> <span class='ocrx_word' id='word_1_532' title='bbox 1378 2309 1424 2344; x_wconf 88' lang='lat' dir='ltr'><strong>sit</strong></span> <span class='ocrx_word' id='word_1_533' title='bbox 1449 2310 1601 2354; x_wconf 85' lang='lat' dir='ltr'><strong>primum</strong></span> <span class='ocrx_word' id='word_1_534' title='bbox 1624 2313 1681 2348; x_wconf 88' lang='lat' dir='ltr'><strong>di-</strong></span> <span class='ocrx_word' id='word_1_535' title='bbox 1716 2319 1728 2354; x_wconf 48' lang='lat'><strong>2·</strong></span> 
     </span>
     <span class='ocr_line' id='line_1_45' title="bbox 191 2355 1679 2412; baseline -0.003 -20"><span class='ocrx_word' id='word_1_536' title='bbox 191 2358 296 2392; x_wconf 89' lang='lat' dir='ltr'><strong>cendi</strong></span> <span class='ocrx_word' id='word_1_537' title='bbox 319 2358 380 2393; x_wconf 78' lang='lat' dir='ltr'><strong>via</strong></span> <span class='ocrx_word' id='word_1_538' title='bbox 405 2361 461 2401; x_wconf 89' lang='lat'><strong>10,</strong></span> <span class='ocrx_word' id='word_1_539' title='bbox 486 2362 520 2400; x_wconf 91' lang='lat'><strong>7,</strong></span> <span class='ocrx_word' id='word_1_540' title='bbox 546 2361 579 2394; x_wconf 84' lang='lat'><strong>5.</strong></span> <span class='ocrx_word' id='word_1_541' title='bbox 614 2370 651 2396; x_wconf 82' lang='lat' dir='ltr'><strong>n.</strong></span> <span class='ocrx_word' id='word_1_542' title='bbox 675 2358 772 2393; x_wconf 89' lang='lat' dir='ltr'><strong>enim</strong></span> <span class='ocrx_word' id='word_1_543' title='bbox 793 2359 915 2392; x_wconf 80' lang='lat' dir='ltr'><strong>sabula</strong></span> <span class='ocrx_word' id='word_1_544' title='bbox 938 2363 993 2392; x_wconf 87' lang='lat' dir='ltr'><strong>est</strong></span> <span class='ocrx_word' id='word_1_545' title='bbox 1015 2359 1052 2400; x_wconf 87' lang='lat'><strong>9,</strong></span> <span class='ocrx_word' id='word_1_546' title='bbox 1070 2358 1105 2399; x_wconf 84' lang='lat'><strong>2,</strong></span> <span class='ocrx_word' id='word_1_547' title='bbox 1126 2356 1183 2391; x_wconf 88' lang='grc'><strong>95.</strong></span> <span class='ocrx_word' id='word_1_548' title='bbox 1217 2355 1391 2403; x_wconf 87' lang='lat' dir='ltr'><strong>imagines</strong></span> <span class='ocrx_word' id='word_1_549' title='bbox 1415 2361 1454 2392; x_wconf 69' lang='lat' dir='ltr'><strong>n.</strong></span> <span class='ocrx_word' id='word_1_550' title='bbox 1477 2363 1571 2402; x_wconf 82' lang='lat' dir='ltr'><strong>sunt,</strong></span> <span class='ocrx_word' id='word_1_551' title='bbox 1598 2359 1679 2412; x_wconf 64' lang='lat' dir='ltr'><strong>qui-</strong></span> 
     </span>
     <span class='ocr_line' id='line_1_46' title="bbox 190 2399 1678 2447; baseline 0.002 -11"><span class='ocrx_word' id='word_1_552' title='bbox 190 2405 257 2437; x_wconf 87' lang='lat' dir='ltr'><strong>bus</strong></span> <span class='ocrx_word' id='word_1_553' title='bbox 282 2411 342 2437; x_wconf 73' lang='lat' dir='ltr'><strong>etc.</strong></span> <span class='ocrx_word' id='word_1_554' title='bbox 370 2407 425 2446; x_wconf 88' lang='lat'><strong>11,</strong></span> <span class='ocrx_word' id='word_1_555' title='bbox 453 2407 487 2447; x_wconf 89' lang='grc'><strong>2,</strong></span> <span class='ocrx_word' id='word_1_556' title='bbox 510 2407 568 2438; x_wconf 89' lang='grc'><strong>21.</strong></span> <span class='ocrx_word' id='word_1_557' title='bbox 605 2415 688 2438; x_wconf 86' lang='lat' dir='ltr'><strong>nam</strong></span> <span class='ocrx_word' id='word_1_558' title='bbox 711 2409 766 2438; x_wconf 90' lang='lat' dir='ltr'><strong>est</strong></span> <span class='ocrx_word' id='word_1_559' title='bbox 788 2415 824 2438; x_wconf 88' lang='lat' dir='ltr'><strong>n.</strong></span> <span class='ocrx_word' id='word_1_560' title='bbox 848 2405 951 2438; x_wconf 88' lang='lat' dir='ltr'><strong>locus</strong></span> <span class='ocrx_word' id='word_1_561' title='bbox 980 2404 1013 2445; x_wconf 90' lang='lat'><strong>6,</strong></span> <span class='ocrx_word' id='word_1_562' title='bbox 1037 2404 1073 2445; x_wconf 88' lang='grc'><strong>3,</strong></span> <span class='ocrx_word' id='word_1_563' title='bbox 1096 2399 1155 2436; x_wconf 87' lang='grc'><strong>40.</strong></span> <span class='ocrx_word' id='word_1_564' title='bbox 1202 2401 1235 2443; x_wconf 83' lang='lat' dir='ltr'><strong>c)</strong></span> <span class='ocrx_word' id='word_1_565' title='bbox 1257 2414 1284 2435; x_wconf 86' lang='lat' dir='ltr'><strong>c.</strong></span> <span class='ocrx_word' id='word_1_566' title='bbox 1309 2405 1394 2436; x_wconf 74' lang='lat' dir='ltr'><strong>Dat.</strong></span> <span class='ocrx_word' id='word_1_567' title='bbox 1411 2417 1422 2436; x_wconf 92' lang='lat'><strong>.·</strong></span> <span class='ocrx_word' id='word_1_568' title='bbox 1447 2405 1544 2447; x_wconf 87' lang='lat' dir='ltr'><strong>quod</strong></span> <span class='ocrx_word' id='word_1_569' title='bbox 1569 2409 1678 2439; x_wconf 77' lang='lat' dir='ltr'><strong>eliam</strong></span> 
     </span>
     <span class='ocr_line' id='line_1_47' title="bbox 189 2446 1710 2493; baseline 0.003 -12"><span class='ocrx_word' id='word_1_570' title='bbox 189 2449 330 2482; x_wconf 77' lang='lat' dir='ltr'><strong>rusticis</strong></span> <span class='ocrx_word' id='word_1_571' title='bbox 357 2455 483 2483; x_wconf 88' lang='lat' dir='ltr'><strong>notum</strong></span> <span class='ocrx_word' id='word_1_572' title='bbox 505 2456 560 2484; x_wconf 87' lang='lat' dir='ltr'><strong>est</strong></span> <span class='ocrx_word' id='word_1_573' title='bbox 586 2453 621 2493; x_wconf 86' lang='lat'><strong>2,</strong></span> <span class='ocrx_word' id='word_1_574' title='bbox 645 2449 680 2493; x_wconf 90' lang='lat'><strong>4,</strong></span> <span class='ocrx_word' id='word_1_575' title='bbox 701 2453 758 2484; x_wconf 89' lang='lat'><strong>11.</strong></span> <span class='ocrx_word' id='word_1_576' title='bbox 794 2450 926 2484; x_wconf 88' lang='lat' dir='ltr'><strong>debent</strong></span> <span class='ocrx_word' id='word_1_577' title='bbox 952 2446 1086 2483; x_wconf 79' lang='lat' dir='ltr'><strong>oratori</strong></span> <span class='ocrx_word' id='word_1_578' title='bbox 1111 2448 1163 2481; x_wconf 89' lang='lat' dir='ltr'><strong>sic</strong></span> <span class='ocrx_word' id='word_1_579' title='bbox 1183 2458 1263 2482; x_wconf 85' lang='lat' dir='ltr'><strong>esse</strong></span> <span class='ocrx_word' id='word_1_580' title='bbox 1287 2448 1678 2491; x_wconf 76' lang='lat' dir='ltr'><strong>adversariorum.nota</strong></span> <span class='ocrx_word' id='word_1_581' title='bbox 1705 2473 1710 2478; x_wconf 72' lang='lat'><strong>,</strong></span> 
     </span>
     <span class='ocr_line' id='line_1_48' title="bbox 190 2491 1679 2540; baseline 0.001 -12"><span class='ocrx_word' id='word_1_582' title='bbox 190 2495 357 2538; x_wconf 85' lang='lat' dir='ltr'><strong>consilia,</strong></span> <span class='ocrx_word' id='word_1_583' title='bbox 383 2501 422 2528; x_wconf 89' lang='lat' dir='ltr'><strong>ut</strong></span> <span class='ocrx_word' id='word_1_584' title='bbox 445 2496 600 2529; x_wconf 86' lang='lat' dir='ltr'><strong>hostium</strong></span> <span class='ocrx_word' id='word_1_585' title='bbox 626 2495 830 2540; x_wconf 89' lang='lat' dir='ltr'><strong>imperatori</strong></span> <span class='ocrx_word' id='word_1_586' title='bbox 855 2498 911 2538; x_wconf 87' lang='lat'><strong>12,</strong></span> <span class='ocrx_word' id='word_1_587' title='bbox 937 2497 970 2538; x_wconf 93' lang='lat'><strong>1,</strong></span> <span class='ocrx_word' id='word_1_588' title='bbox 994 2494 1049 2529; x_wconf 90' lang='lat'><strong>35.</strong></span> <span class='ocrx_word' id='word_1_589' title='bbox 1074 2491 1118 2534; x_wconf 85' lang='lat' dir='ltr'><strong>cs.</strong></span> <span class='ocrx_word' id='word_1_590' title='bbox 1145 2496 1202 2536; x_wconf 88' lang='lat'><strong>11,</strong></span> <span class='ocrx_word' id='word_1_591' title='bbox 1229 2496 1263 2536; x_wconf 93' lang='lat'><strong>1,</strong></span> <span class='ocrx_word' id='word_1_592' title='bbox 1290 2494 1325 2528; x_wconf 92' lang='grc'><strong>5.</strong></span> <span class='ocrx_word' id='word_1_593' title='bbox 1373 2494 1431 2527; x_wconf 88' lang='lat' dir='ltr'><strong>cui</strong></span> <span class='ocrx_word' id='word_1_594' title='bbox 1454 2501 1560 2539; x_wconf 86' lang='lat' dir='ltr'><strong>nota,</strong></span> <span class='ocrx_word' id='word_1_595' title='bbox 1585 2507 1679 2540; x_wconf 79' lang='lat' dir='ltr'><strong>qnae</strong></span> 
     </span>
     <span class='ocr_line' id='line_1_49' title="bbox 189 2538 1678 2586; baseline 0.002 -13"><span class='ocrx_word' id='word_1_596' title='bbox 189 2546 340 2583; x_wconf 85' lang='lat' dir='ltr'><strong>nocent,</strong></span> <span class='ocrx_word' id='word_1_597' title='bbox 376 2541 510 2574; x_wconf 83' lang='lat' dir='ltr'><strong>fuerint</strong></span> <span class='ocrx_word' id='word_1_598' title='bbox 536 2545 598 2584; x_wconf 88' lang='grc'><strong>12,</strong></span> <span class='ocrx_word' id='word_1_599' title='bbox 625 2545 664 2585; x_wconf 94' lang='grc'><strong>1,</strong></span> <span class='ocrx_word' id='word_1_600' title='bbox 689 2541 748 2576; x_wconf 89' lang='grc'><strong>34.</strong></span> <span class='ocrx_word' id='word_1_601' title='bbox 789 2541 847 2576; x_wconf 87' lang='lat' dir='ltr'><strong>cui</strong></span> <span class='ocrx_word' id='word_1_602' title='bbox 870 2542 958 2575; x_wconf 86' lang='lat' dir='ltr'><strong>duas</strong></span> <span class='ocrx_word' id='word_1_603' title='bbox 987 2546 1024 2574; x_wconf 89' lang='lat' dir='ltr'><strong>et</strong></span> <span class='ocrx_word' id='word_1_604' title='bbox 1044 2538 1173 2585; x_wconf 79' lang='lat' dir='ltr'><strong>viginti</strong></span> <span class='ocrx_word' id='word_1_605' title='bbox 1195 2539 1333 2585; x_wconf 84' lang='lat' dir='ltr'><strong>linguas</strong></span> <span class='ocrx_word' id='word_1_606' title='bbox 1355 2545 1459 2574; x_wconf 86' lang='lat' dir='ltr'><strong>notas</strong></span> <span class='ocrx_word' id='word_1_607' title='bbox 1481 2540 1594 2576; x_wconf 86' lang='lat' dir='ltr'><strong>fuisse</strong></span> <span class='ocrx_word' id='word_1_608' title='bbox 1620 2546 1678 2586; x_wconf 86' lang='grc'><strong>11,</strong></span> 
     </span>
     <span class='ocr_line' id='line_1_50' title="bbox 190 2585 1678 2632; baseline 0.003 -14"><span class='ocrx_word' id='word_1_609' title='bbox 190 2588 233 2628; x_wconf 83' lang='grc'><strong>2,</strong></span> <span class='ocrx_word' id='word_1_610' title='bbox 258 2587 315 2619; x_wconf 88' lang='lat'><strong>50.</strong></span> <span class='ocrx_word' id='word_1_611' title='bbox 373 2588 414 2626; x_wconf 84' lang='grc' dir='ltr'><strong>β)</strong></span> <span class='ocrx_word' id='word_1_612' title='bbox 453 2590 664 2630; x_wconf 81' lang='lat' dir='ltr'><strong>Comparat.:</strong></span> <span class='ocrx_word' id='word_1_613' title='bbox 705 2589 832 2632; x_wconf 85' lang='lat' dir='ltr'><strong>quosd.</strong></span> <span class='ocrx_word' id='word_1_614' title='bbox 865 2585 1061 2621; x_wconf 87' lang='lat' dir='ltr'><strong>claritas</strong></span> <span class='ocrx_word' id='word_1_615' title='bbox 1094 2585 1171 2629; x_wconf 86' lang='lat' dir='ltr'><strong>ipsa</strong></span> <span class='ocrx_word' id='word_1_616' title='bbox 1203 2585 1416 2620; x_wconf 86' lang='lat' dir='ltr'><strong>notiores</strong></span> <span class='ocrx_word' id='word_1_617' title='bbox 1443 2586 1567 2620; x_wconf 84' lang='lat' dir='ltr'><strong>circa</strong></span> <span class='ocrx_word' id='word_1_618' title='bbox 1588 2587 1678 2623; x_wconf 78' lang='lat' dir='ltr'><strong>vitia</strong></span> 
     </span>
     <span class='ocr_line' id='line_1_51' title="bbox 189 2630 1676 2676; baseline 0.002 -11"><span class='ocrx_word' id='word_1_619' title='bbox 189 2630 278 2665; x_wconf 84' lang='lat' dir='ltr'><strong>fecit</strong></span> <span class='ocrx_word' id='word_1_620' title='bbox 304 2632 339 2672; x_wconf 88' lang='lat'><strong>3,</strong></span> <span class='ocrx_word' id='word_1_621' title='bbox 363 2634 396 2670; x_wconf 90' lang='grc'><strong>7,</strong></span> <span class='ocrx_word' id='word_1_622' title='bbox 422 2633 475 2666; x_wconf 89' lang='grc'><strong>19.</strong></span> <span class='ocrx_word' id='word_1_623' title='bbox 516 2633 658 2666; x_wconf 81' lang='lat' dir='ltr'><strong>notiora</strong></span> <span class='ocrx_word' id='word_1_624' title='bbox 683 2639 785 2668; x_wconf 87' lang='lat' dir='ltr'><strong>erant</strong></span> <span class='ocrx_word' id='word_1_625' title='bbox 804 2635 846 2676; x_wconf 92' lang='lat'><strong>8,</strong></span> <span class='ocrx_word' id='word_1_626' title='bbox 866 2635 910 2676; x_wconf 83' lang='lat'><strong>6,</strong></span> <span class='ocrx_word' id='word_1_627' title='bbox 934 2634 991 2667; x_wconf 88' lang='lat'><strong>53.</strong></span> <span class='ocrx_word' id='word_1_628' title='bbox 1029 2631 1067 2665; x_wconf 90' lang='lat' dir='ltr'><strong>in</strong></span> <span class='ocrx_word' id='word_1_629' title='bbox 1088 2630 1365 2667; x_wconf 85' lang='lat' dir='ltr'><strong>notioribus</strong></span> <span class='ocrx_word' id='word_1_630' title='bbox 1390 2632 1676 2676; x_wconf 80' lang='lat' dir='ltr'><strong>frequentissime</strong></span> 
     </span>
     <span class='ocr_line' id='line_1_52' title="bbox 190 2676 1698 2723; baseline 0.003 -13"><span class='ocrx_word' id='word_1_631' title='bbox 190 2676 504 2720; x_wconf 82' lang='lat' dir='ltr'><strong>deprehenduntur</strong></span> <span class='ocrx_word' id='word_1_632' title='bbox 535 2689 556 2711; x_wconf 83' lang='lat' dir='ltr'><strong>a</strong></span> <span class='ocrx_word' id='word_1_633' title='bbox 593 2678 742 2713; x_wconf 87' lang='lat' dir='ltr'><strong>curiosis</strong></span> <span class='ocrx_word' id='word_1_634' title='bbox 783 2691 860 2723; x_wconf 87' lang='lat' dir='ltr'><strong>opp.</strong></span> <span class='ocrx_word' id='word_1_635' title='bbox 893 2677 1134 2712; x_wconf 73' lang='lat' dir='ltr'><strong>fabulosis</strong></span> <span class='ocrx_word' id='word_1_636' title='bbox 1166 2679 1207 2721; x_wconf 89' lang='lat'><strong>1,</strong></span> <span class='ocrx_word' id='word_1_637' title='bbox 1233 2678 1275 2720; x_wconf 90' lang='grc'><strong>8,</strong></span> <span class='ocrx_word' id='word_1_638' title='bbox 1301 2679 1358 2711; x_wconf 87' lang='grc'><strong>21.</strong></span> <span class='ocrx_word' id='word_1_639' title='bbox 1411 2678 1450 2722; x_wconf 83' lang='lat' dir='ltr'><strong>y)</strong></span> <span class='ocrx_word' id='word_1_640' title='bbox 1482 2679 1698 2722; x_wconf 17' lang='lat' dir='ltr'><strong>superlata.</strong></span> 
     </span>
     <span class='ocr_line' id='line_1_53' title="bbox 189 2720 1674 2768; baseline 0.002 -12"><span class='ocrx_word' id='word_1_641' title='bbox 189 2720 347 2766; x_wconf 85' lang='lat' dir='ltr'><strong>aequitas</strong></span> <span class='ocrx_word' id='word_1_642' title='bbox 370 2721 503 2764; x_wconf 87' lang='lat' dir='ltr'><strong>optimo</strong></span> <span class='ocrx_word' id='word_1_643' title='bbox 527 2723 655 2768; x_wconf 87' lang='lat' dir='ltr'><strong>cuique</strong></span> <span class='ocrx_word' id='word_1_644' title='bbox 680 2723 864 2759; x_wconf 85' lang='lat' dir='ltr'><strong>notissima</strong></span> <span class='ocrx_word' id='word_1_645' title='bbox 891 2727 932 2758; x_wconf 88' lang='lat'><strong>11</strong></span> <span class='ocrx_word' id='word_1_646' title='bbox 946 2749 957 2767; x_wconf 94' lang='lat'><strong>‚</strong></span> <span class='ocrx_word' id='word_1_647' title='bbox 982 2725 1025 2767; x_wconf 84' lang='lat'><strong>3,</strong></span> <span class='ocrx_word' id='word_1_648' title='bbox 1046 2726 1084 2758; x_wconf 89' lang='lat'><strong>7.</strong></span> <span class='ocrx_word' id='word_1_649' title='bbox 1123 2728 1163 2757; x_wconf 86' lang='lat' dir='ltr'><strong>ut</strong></span> <span class='ocrx_word' id='word_1_650' title='bbox 1186 2733 1207 2757; x_wconf 89' lang='lat' dir='ltr'><strong>a</strong></span> <span class='ocrx_word' id='word_1_651' title='bbox 1228 2722 1354 2761; x_wconf 80' lang='lat' dir='ltr'><strong>notiss.</strong></span> <span class='ocrx_word' id='word_1_652' title='bbox 1378 2725 1547 2768; x_wconf 85' lang='lat' dir='ltr'><strong>exemplo</strong></span> <span class='ocrx_word' id='word_1_653' title='bbox 1569 2724 1674 2760; x_wconf 79' lang='lat' dir='ltr'><strong>rece-</strong></span> 
     </span>
     <span class='ocr_line' id='line_1_54' title="bbox 190 2730 1728 2897; baseline 0.003 -95"><span class='ocrx_word' id='word_1_654' title='bbox 190 2769 314 2802; x_wconf 84' lang='lat' dir='ltr'><strong>damus</strong></span> <span class='ocrx_word' id='word_1_655' title='bbox 328 2768 365 2811; x_wconf 84' lang='lat'><strong>7,</strong></span> <span class='ocrx_word' id='word_1_656' title='bbox 384 2770 420 2812; x_wconf 90' lang='grc'><strong>3,</strong></span> <span class='ocrx_word' id='word_1_657' title='bbox 434 2770 492 2802; x_wconf 90' lang='grc'><strong>21.</strong></span> <span class='ocrx_word' id='word_1_658' title='bbox 516 2769 593 2812; x_wconf 85' lang='lat' dir='ltr'><strong>ejus</strong></span> <span class='ocrx_word' id='word_1_659' title='bbox 613 2772 819 2817; x_wconf 81' lang='lat' dir='ltr'><strong>exemplum</strong></span> <span class='ocrx_word' id='word_1_660' title='bbox 828 2781 879 2807; x_wconf 82' lang='lat' dir='ltr'><strong>ex</strong></span> <span class='ocrx_word' id='word_1_661' title='bbox 900 2770 1039 2806; x_wconf 82' lang='lat' dir='ltr'><strong>Graeco</strong></span> <span class='ocrx_word' id='word_1_662' title='bbox 1061 2767 1249 2806; x_wconf 79' lang='lat' dir='ltr'><strong>notissimo</strong></span> <span class='ocrx_word' id='word_1_663' title='bbox 1266 2769 1499 2807; x_wconf 69' lang='lat' dir='ltr'><strong>transferatur</strong></span> <span class='ocrx_word' id='word_1_664' title='bbox 1514 2770 1549 2814; x_wconf 83' lang='lat'><strong>9,</strong></span> <span class='ocrx_word' id='word_1_665' title='bbox 1562 2771 1599 2814; x_wconf 83' lang='lat'><strong>3.</strong></span> <span class='ocrx_word' id='word_1_666' title='bbox 1614 2770 1672 2814; x_wconf 73' lang='lat'><strong>55.</strong></span> <span class='ocrx_word' id='word_1_667' title='bbox 1691 2730 1728 2897; x_wconf 58' lang='lat' dir='ltr'>l</span> 
     </span>
    </p>
   </div>
  </div>
 </body>
</html>
