1728 3002
161 239 241 279 128
711 234 907 280 Civilitas
936 261 990 268 -—
1023 235 1150 281 Clare

204 350 334 388 cium.
364 349 436 387 civ.
460 349 689 397 quaestiones
709 353 745 396 2,
773 354 830 397 15,
854 352 912 389 36.
948 363 1008 387 res
1033 352 1104 389 civ.
1130 356 1176 388 ib.
1201 353 1258 390 15.
1286 353 1449 394 ,scientia
1469 355 1542 392 civ.
1567 359 1613 392 ib.
1641 359 1702 394 33.

202 401 264 436 vir
287 409 376 434 vere
404 397 475 434 civ.
512 404 548 433 et
581 397 802 443 publicarum
835 398 1126 444 privatarumque
1155 411 1277 435 rerum
1309 400 1603 439 administrationi
1639 416 1702 439 ac-

204 445 450 480 commodatus
474 445 531 478 Pr.
552 447 606 479 10.
638 444 681 486 ej:
711 448 766 488 12,
791 447 826 488 2,
851 448 886 480 7.
911 444 970 480 vir
993 445 1080 482 civ.
1106 457 1266 491 vereque
1289 447 1558 494 δαμίου-911,
1583 453 1616 494 1,
1641 453 1701 487 35.

206 491 249 533 cf.
279 494 313 534 1,
342 493 397 534 10,
424 493 478 525 15.
511 494 566 534 12,
592 494 626 534 2,
652 494 709 525 21.
1055 507 1067 514 κ

156 535 367 578 CivilitaS·
419 547 691 582 rhetoricen
726 547 870 592 quidam
896 548 1000 583 eand.
1026 559 1106 584 esse
1137 547 1423 584 civilitatem
1450 546 1701 595 judicaverunt

200 598 235 638 2,
261 597 317 637 15,
344 596 400 674 32.
437 594 617 630 civilitatis
641 594 837 639 particulae
860 594 1088 637 simulacrum
1114 594 1199 640 (esse
1215 596 1414 642 rhetoricen)
1441 601 1477 642 2,
1505 599 1562 643 15,
1585 600 1630 635 25
1649 602 1699 635 Ν.

199 644 233 683 2,
260 643 316 684 17,
344 644 361 674 1
391 667 402 678 .
1675 664 1678 667 r

153 685 287 728 Civis.
326 703 367 731 ut
389 696 435 731 sit
459 695 571 739 civis,
607 702 666 730 aut
691 702 794 731 natus
819 697 864 732 sit
889 702 1052 743 oportet,
1083 699 1153 733 'aut
1174 699 1291 736 sactus
1315 699 1357 744 5,
1394 703 1459 746 10,
1493 700 1551 737 65.
1597 703 1698 738 cives

200 745 322 778 decori
355 743 455 787 (suni
481 743 663 787 condriori)
688 746 732 787 3,
757 747 800 786 7,
826 746 882 779 26.
930 757 951 778 a
975 745 1087 780 cive
1115 757 1154 780 se
1182 745 1329 790 spoliari
1351 748 1479 791 malle,
1523 760 1629 794 quam
1652 750 1697 784 ab

195 791 343 824 hoste
368 789 495 825 venire
522 792 577 832 12,
604 793 636 832 1,
663 789 730 832 433
766 791 855 824 boni
882 790 973 826 civis
999 794 1054 834 12,
1081 794 1138 835 11,
1163 794 1196 825 1.
1233 791 1324 838 civis
1347 793 1472 837 optimi
1498 797 1554 838 12,
1578 797 1612 839 1,
1639 797 1697 831 16.

197 837 398 880 cuicunque
431 835 676 869 innocentium
709 836 844 871 civium
876 840 941 880 10,
972 840 1015 881 7,
1047 840 1081 872 2.
1126 848 1202 872 non
1231 838 1460 874 innocentem
1493 843 1602 876 modo
1633 843 1698 876 sed

198 883 305 918 etiam
329 882 543 916 laudabilem
569 882 641 916 civ.
668 885 724 925 12,
751 885 784 926 1,
807 882 866 917 41.
904 885 1017 918 malus
1041 883 1112 919 civ.
1138 885 1178 926 5,
1207 887 1275 928 11,
1302 885 1360 919 34.
1388 888 1454 929 12,
1479 890 1521 930 1,
1546 887 1605 922 43.
1637 891 1695 931 12,

195 933 230 972 7,
257 932 289 964 3.
328 927 571 973 perniciosum
585 928 684 973 reip.
711 929 782 964 civ.
809 932 872 974 10,
898 932 942 974 5,
967 932 1024 965 13.
1060 930 1226 965 cruciatis
1249 931 1358 967 civit».
1382 933 1485 967 Rom.
1510 934 1554 978 6,
1581 937 1622 978 1,
1649 934 1697 970 54

194 977 240 1009 Ν.
268 989 313 1009 cr.

147 1019 326 1063 Civitas.
380 1032 414 1074 I)
457 1031 498 1070 α)
526 1041 668 1073 rerum,
709 1031 838 1076 quibus
870 1031 1065 1077 praecipue
1092 1033 1220 1069 civitas
1253 1033 1458 1074 continetur
1484 1038 1552 1080 12,
1581 1025 1628 1080 3,
1658 1039 1692 1072 1.

193 1077 354 1123 (legibus)
378 1077 502 1112 solutis
527 1083 622 1111 stare
645 1077 723 1121 ipsa
747 1078 845 1122 (civ.)
871 1090 944 1113 non
969 1079 1082 1123 possit
1105 1082 1162 1122 11,
1188 1083 1220 1123 1,
1245 1081 1313 1123 85ς
1346 1083 1479 1116 Genit..·
1506 1075 1588 1129 lege
1605 1082 1696 1118 civi-

191 1126 274 1160 tatis
302 1128 361 1167 12,
390 1126 455 1166 10,
481 1124 537 1158 26.
569 1134 647 1158 mos
673 1123 744 1158 civ.
771 1127 828 1167 10,
855 1129 887 1167 1,
916 1128 991 1160 107.
1020 1129 1075 1168 12,
1101 1128 1135 1168 3,
1160 1128 1195 1162 7.
1231 1125 1330 1161 vires
1357 1133 1395 1162 et
1415 1139 1536 1163 mores
1560 1129 1632 1164 civ.
1656 1131 1694 1173 3,

189 1174 225 1216 8,
251 1170 306 1205 14.
338 1171 376 1205 in
400 1175 544 1204 nostrae
570 1170 642 1205 civ.
668 1171 908 1205 monumentis
934 1175 998 1214 12,
1023 1175 1068 1214 2,
1094 1175 1151 1208 29.
1192 1177 1304 1207 status
1329 1172 1399 1209 civ.
1425 1175 1461 1218 6,
1488 1177 1528 1219 1,
1553 1176 1611 1211 16.
1636 1178 1694 1219 11,

193 1222 226 1262 1,
252 1219 310 1253 85.
340 1215 521 1261 principes
547 1215 618 1251 civ.
643 1215 713 1251 viri
739 1218 777 1260 5,
805 1220 860 1260 11,
885 1218 929 1261 9;
969 1217 1215 1252 civitatum
1241 1229 1362 1254 mores
1388 1223 1421 1262 1,
1446 1223 1482 1264 2,
1504 1224 1538 1255 2.
1570 1238 1611 1247 --
1637 1224 1694 1257 le-

190 1276 274 1314 ges,
302 1263 472 1305 instituta,
497 1262 685 1307 opiniones
709 1263 743 1305 5,
771 1265 826 1306 10,
851 1264 908 1298 25.
945 1265 1168 1299 consuetudo
1193 1270 1229 1299 et
1255 1266 1311 1309 jus
1336 1265 1579 1301 civitatum
1603 1267 1690 1311 (Sp.

186 1310 314 1353 ..tium)
339 1313 373 1352 2,
386 1308 421 1352 4,
436 1311 493 1343 33.
530 1308 729 1343 civitatium
754 1307 807 1352 (a.
834 1313 855 1343 l.
883 1313 995 1352 -tum)
1021 1315 1136 1344 status
1153 1313 1188 1354 2,
1206 1311 1262 1354 16,
1277 1310 1302 1345 4
1317 1313 1363 1346 N.
1380 1325 1452 1356 cr.,·
1481 1313 1691 1348 utilissimus

187 1356 324 1395 civitati
350 1360 383 1399 7,
410 1358 443 1398 1,
468 1356 525 1390 38.
559 1354 697 1389 inutilia
722 1355 860 1390 civitati
885 1358 941 1400 12,
966 1359 999 1399 1,
1026 1357 1094 1399 413
1124 1363 1364 1403 expugnatam
1389 1370 1468 1393 esse
1492 1360 1565 1395 civ.
1593 1361 1630 1403 8,
1653 1362 1707 1404 3,,

212 1411 246 1442 7.
289 1403 490 1439 servandae
515 1400 586 1436 civ.
614 1412 720 1435 causa
744 1405 787 1444 7,
809 1402 852 1445 6,
880 1405 915 1437 7.
950 1402 1115 1437 civitates
1140 1403 1247 1436 etiam
1274 1404 1438 1448 personis
1467 1406 1692 1450 applicantur

184 1453 221 1497 4,
248 1455 280 1495 1,
305 1454 369 1493 30;
397 1449 608 1496 fugiendum
631 1449 676 1482 de
703 1448 850 1483 civitate
874 1449 915 1492 6,
939 1452 983 1492 1,
1009 1450 1063 1484 19.
1121 1451 1163 1493 β)
1191 1462 1220 1483 c.
1243 1452 1390 1485 Ant-iba
1418 1450 1456 1484 iu
1475 1451 1544 1487 civ.
1570 1453 1689 1488 aliena

183 1512 228 1535 an
252 1505 312 1533 tua
340 1500 396 1540 11,
422 1500 455 1540 1,
478 1494 537 1530 47.
565 1498 600 1537 7,
626 1496 660 1538 1,
685 1493 738 1528 24.
776 1494 814 1528 in
841 1494 911 1530 civ.
935 1494 1098 1540 tyrannis
1123 1501 1263 1529 assueta
1286 1507 1331 1530 an
1355 1496 1470 1541 libera
1489 1509 1630 1543 semper
1651 1503 1688 1543 7,

184 1546 221 1590 4,
247 1549 305 1583 22,
341 1544 411 1578 civ.
438 1541 610 1588 praecisis
638 1540 830 1586 impositae
855 1541 1025 1586 rupibus,
1060 1547 1118 1575 aut
1143 1552 1292 1586 operum
1314 1543 1410 1578 mole
1438 1543 1603 1580 difficiles
1630 1548 1688 1591 12,

181 1595 218 1636 9,
241 1595 273 1626 2.
304 1596 450 1624 nostrae
475 1589 545 1623 civ.
571 1589 615 1632 6,
639 1590 673 1631 3,
700 1590 776 1623 103.
812 1587 1000 1631 proximas
1025 1587 1134 1622 Asiae
1158 1587 1230 1623 civ.
1256 1590 1322 1632 12,
1346 1591 1410 1632 10,
1435 1590 1489 1625 16.
1530 1593 1688 1636 pruden-

182 1638 318 1674 tissima
345 1634 621 1670 Atheniensium
645 1634 716 1670 civ.
743 1634 776 1677 5,
803 1635 863 1677 11,
887 1635 944 1670 38.
1004 1633 1052 1678 11)
1077 1639 1117 1668 ut
1141 1634 1258 1669 oratio
1283 1635 1446 1671 Romana
1470 1637 1592 1683 plane,
1611 1649 1687 1674 non

182 1684 329 1720 civitate
354 1684 486 1717 donata
507 1682 676 1718 videatur
702 1682 737 1724 8,
761 1683 797 1724 1,
825 1682 864 1716 3.

138 1740 308 1783 Clades·
347 1751 458 1786 cladis
485 1762 542 1796 ap.
572 1749 818 1785 Chaeroneam
848 1754 1016 1793 acceptae
1040 1749 1076 1793 9,
1101 1751 1136 1792 2,
1163 1747 1222 1801 62.

137 1798 275 1840 Clam.
316 1808 388 1843 isse
415 1809 506 1842 clam
537 1807 583 1851 (a.
612 1811 634 1840 l.
662 1801 792 1850 claret)
815 1809 854 1848 7,
878 1808 912 1849 1,
938 1807 994 1840 30.

137 1855 302 1898 Clamo.
345 1868 519 1900 clamante
544 1865 695 1899 multum
722 1864 903 1899 advocato
930 1863 975 1907 9,
999 1864 1042 1906 2,
1067 1863 1126 1898 85.
1163 1859 1598 1913 οοοειείοῃεωρῖειιῃαυάἰ
1619 1867 1682 1910 μ12,

181 1915 225 1956 8,
250 1915 285 1946 2.

132 1958 320 2000 Clamor·
368 1970 539 2002 clamos
569 1971 610 2010 1,
635 1966 682 2010 4,
710 1968 775 2008 13;
812 1966 1016 2006 clamor,
1049 1974 1210 2007 sonus,
1249 1961 1456 2012 gemitus
1478 1969 1524 2010 7,
1551 1970 1593 2011 2,
1619 1967 1682 2004 46.

178 2016 240 2050 ille
267 2015 485 2048 laudantium
510 2016 553 2049 cl.
583 2016 649 2057 10,
675 2016 709 2055 1,
735 2015 777 2047 17
802 2013 850 2046 N.
882 2013 926 2046 ad
951 2012 1143 2045 clamorem
1167 2011 1360 2055 dispositae
1387 2012 1621 2049 multitudinis
1644 2013 1680 2058 4,

177 2066 220 2104 2,
250 2064 293 2096 37
323 2063 358 2095 S.
406 2062 451 2095 cl.
480 2061 638 2095 sublatus
669 2065 724 2093 est
752 2059 798 2102 5,
829 2060 894 2101 10,
927 2056 986 2092 46.
1032 2063 1214 2091 mereatur
1241 2059 1449 2098 clamorem,
1464 2062 1529 2103 12,
1562 2061 1609 2104 9,
1642 2062 1679 2096 8.

177 2108 338 2142 ediscere
363 2119 467 2151 quam
490 2107 647 2140 maxime
671 2104 792 2147 varia,
833 2115 923 2149 quae
949 2109 985 2138 et
1009 2104 1294 2148 clamorem,
1323 2110 1359 2139 et
1388 2103 1680 2149 disputatio-

177 2165 297 2196 nem,
338 2159 373 2187 et
395 2163 672 2194 sermonem,
710 2157 747 2185 et
769 2151 933 2184 flexus
957 2150 1112 2184 habeant
1137 2153 1202 2193 11,
1227 2152 1271 2193 3,
1296 2151 1352 2186 25.
1399 2149 1581 2195 (orator),
1612 2152 1679 2198 qni

178 2211 250 2234 non
276 2200 321 2232 cl.
346 2200 454 2233 modo
478 2210 581 2233 suum
607 2197 745 2240 causis,
776 2198 839 2231 sed
864 2196 1000 2240 onmia,
1029 2208 1121 2241 quae
1147 2197 1335 2241 profutura
1359 2203 1462 2237 sunt,
1488 2198 1596 2232 debet
1620 2201 1677 2241 12,

178 2248 213 2287 3,
238 2245 283 2288 4,
322 2245 528 2288 obstrepant
554 2243 693 2292 ingenti
721 2244 879 2278 clamore
907 2245 951 2283 6,
975 2242 1011 2286 4,
1041 2246 1095 2277 11.
1135 2254 1227 2287 quae
1252 2254 1334 2276 cum
1356 2242 1502 2277 summis
1530 2244 1678 2278 audien—

178 2292 266 2324 tium
302 2292 346 2323 cl.
377 2291 508 2324 dixerit
546 2295 611 2333 12,
644 2292 688 2333 6,
720 2290 755 2324 4.
799 2289 944 2323 summis
970 2290 1013 2323 cl.
1046 2290 1330 2323 decantaverunt
1356 2291 1418 2331 12,
1446 2290 1490 2331 8,
1516 2290 1552 2323 3.
1595 2300 1676 2324 cum

178 2337 298 2370 omnia
322 2337 503 2370 clamor-ib.
530 2338 728 2371 fremerent
754 2339 818 2376 12,
845 2336 891 2379 5,
917 2336 952 2370 6.
998 2335 1147 2378 pulchre
1176 2333 1285 2368 fuerit
1317 2345 1399 2367 cum
1427 2333 1575 2373 materia
1607 2341 1676 2370 tu-

176 2383 325 2416 multu
352 2387 387 2415 et
417 2383 622 2416 clamore
649 2388 868 2417 transactum
894 2384 929 2423 7,
955 2383 990 2423 1,
1013 2379 1060 2414 44
1086 2381 1130 2413 Ν.
1168 2390 1216 2413 ex
1240 2379 1393 2414 diversis
1423 2381 1496 2414 cla
1509 2381 1672 2416 morib.

177 2428 230 2471 (a.
260 2431 280 2460 1.
306 2426 500 2472 fragorib.)
524 2440 615 2462 unus
641 2428 783 2472 quidam
809 2437 964 2462 sonus
986 2427 1030 2468 8,
1064 2428 1105 2468 3,
1134 2425 1180 2460 68
1203 2426 1250 2459 Ν.
1288 2430 1341 2459 tot
1365 2425 1676 2462 circumstantibus
1727 2472 1728 2476 ,

162 2472 390 2518 ¹judiciis,
420 2474 621 2519 jurgiis,
650 2473 806 2508 fortuitis
834 2473 941 2507 etiam
971 2471 1212 2527 clamorib.
1241 2473 1296 2515 10,
1320 2474 1356 2514 3,
1384 2474 1443 2507 30.
1710 2488 1728 2535 3

132 2527 346 2570 Clamose·
381 2551 427 2591 ne
447 2539 603 2574 dicamus
631 2540 751 2575 omnia
779 2542 994 2582 clamose,
1024 2540 1122 2584 quod
1145 2538 1312 2573 insanum
1336 2545 1411 2584 est;
1443 2546 1504 2574 aut
1531 2539 1672 2575 intra
1726 2572 1728 2602 Ι

175 2586 394 2630 loquendi
418 2587 594 2619 modum
620 2590 674 2627 11,
701 2589 734 2628 3,
763 2588 819 2621 45.
1725 2605 1728 2624 i

130 2630 371 2672 Clamosus·
415 2641 628 2676 turbidus
661 2649 695 2677 et
726 2645 854 2678 clam.
888 2644 1080 2677 altercator
1102 2642 1144 2685 6,
1169 2640 1214 2687 4,
1242 2642 1298 2678 15.
1342 2647 1441 2677 recta
1470 2647 1598 2687 atque,
1631 2648 1671 2678 ut

176 2689 227 2722 sic
251 2687 421 2730 dixerim,
451 2688 608 2721 clamosa
631 2689 725 2723 actio
750 2693 783 2733 5,
813 2692 868 2732 13,
891 2692 914 2723 2
938 2689 984 2722 Ν.

130 2733 271 2777 Clare.
318 2742 356 2786 α)
380 2761 426 2767 -
445 2743 564 2778 dicere
594 2746 610 2777 1
625 2770 635 2786 ,
663 2748 725 2787 11,
755 2745 808 2780 14.
842 2766 889 2772 —
914 2750 1020 2790 atque
1044 2750 1084 2778 ut
1107 2744 1207 2779 cerni
1229 2744 1440 2787 videantur,
1480 2745 1668 2780 enuntiare

158 2787 209 2837 ’,8,
234 2792 268 2833 3,
297 2791 353 2825 62.
389 2806 435 2812 —-
458 2801 630 2823 excreare
660 2793 722 2832 11,
755 2794 797 2834 3,
830 2794 909 2827 160.
950 2792 1010 2825 diu
1033 2803 1156 2826 secum
1185 2792 1352 2835 clareque
1375 2789 1536 2824 meditati
1571 2793 1666 2835 (Sp.

159 2835 362 2882 modulati)
386 2837 429 2880 2,
456 2838 522 2879 11,
548 2837 569 2871 5
595 2839 638 2871 Ζ.
674 2835 760 2870 satis
786 2837 830 2872 cl.
856 2838 1048 2874 ostendunt
1072 2839 1112 2882 4,
1139 2840 1180 2882 1,
1207 2840 1241 2872 1.
1285 2838 1421 2872 ctare
1443 2842 1550 2882 atque
1573 2837 1667 2875 evi-
