1728 3002
669 174 819 232 Neque
1432 177 1510 217 561

29 296 176 344 Quare
206 304 232 328 n
245 304 266 328 e
279 287 315 340 q.
338 290 503 338 probatio
523 291 598 326 una
618 294 692 325 tam
716 289 818 323 firma
841 294 907 333 est,
933 292 972 322 ut
989 298 1063 322 non
1090 290 1218 333 perdat
1238 289 1336 325 vires
1357 300 1438 324 suas
1458 292 1515 332 11,

29 344 68 386 3,
89 344 126 376 2.
177 338 272 377 sed
304 350 409 384 neq.
433 338 490 373 his
510 337 624 372 tribus
646 336 746 381 quasi
771 335 899 370 formis
919 333 1058 369 inclusa
1081 336 1283 379 eloquentia
1306 341 1360 370 est
1384 340 1439 380 12,
1458 339 1516 379 10,

29 387 88 424 66.
130 397 228 431 nam
255 397 360 431 neq.
390 382 527 430 exponi
549 382 629 418 sina
650 384 721 418 hoc
744 393 803 417 res
831 387 972 416 atrocae
994 381 1127 415 debent
1147 383 1193 426 6,
1218 385 1261 426 1,
1284 384 1330 418 53
1352 383 1397 416 N.
1424 389 1456 416 et
1481 384 1516 418 S.

31 433 77 477 ej:
99 433 194 520 911³,
211 435 317 512 ἐξα.
341 476 385 520 α)
402 475 592 520 simpliciter
611 474 764 518 positum.
793 471 878 516 a)1‘n
899 474 1061 507 trarm'n:
1086 473 1162 507 Nec
1185 474 1390 509 mehercule
1414 474 1518 519 quid-

34 523 303 570 quamproficio
318 522 356 565 6,
373 524 407 565 3,
424 523 483 557 81.
507 531 593 555 nec
617 531 656 554 se
678 520 816 566 fingunt
838 525 883 554 et
907 518 1120 553 confitentur
1138 522 1172 562 9,
1192 523 1226 563 2,
1242 522 1276 554 5.
1302 521 1378 554 Nec
1401 521 1517 556 minus

32 571 73 605 in
98 572 170 605 hoc
196 580 305 604 curae
326 569 433 602 debet
453 566 620 601 adhibere
643 566 677 608 5,
704 567 759 608 10,
785 566 862 600 109.
907 565 983 599 Nec
1007 564 1085 599 sine
1110 576 1218 600 causa
1243 566 1371 601 Graeci
1395 567 1520 611 prodi-

37 618 166 654 derunt
190 618 248 659 11,
273 617 307 658 1,
329 616 376 649 30
398 625 432 648 v.
458 612 619 648 Causa.
640 612 716 646 Nec
742 612 812 645 hoc
836 610 919 645 dico
943 627 989 634 —
1010 621 1075 655 pro
1097 618 1199 656 patre
1219 619 1281 646 eac.
1313 612 1519 657 periclitan-

35 662 131 698 tibus
144 664 202 703 12,
221 659 310 704 1,40
326 661 375 694 N.
398 672 468 702 cr.,·
492 671 559 703 seq.
587 657 821 701 Coniunciivo:
847 658 923 691 Nec
947 656 1007 690 diu
1029 666 1098 691 nos
1120 663 1280 692 moretur
1303 660 1463 703 quaestio
1481 662 1517 704 3,

35 712 81 752 2,
109 711 143 742 1.
188 707 234 741 N.
258 711 359 751 putet
381 705 566 750 quisquam
587 705 635 747 8,
656 702 699 746 4,
725 706 780 738 12.
806 701 851 744 τί.
876 705 931 746 10,
955 703 990 744 7,
1015 703 1070 737 18.
1104 705 1162 747 11,
1186 707 1221 747 1,
1245 707 1306 740 59.
1340 708 1396 748 12,
1419 707 1454 748 8,
1481 708 1518 742 8.

37 753 79 801 b)
96 755 352 787 aziaParricula
375 754 560 794 excipitur.-
588 750 677 783 Nec
701 759 768 796 ego
791 750 910 796 legem
934 748 1028 790 dedi,
1051 749 1130 783 sed
1148 750 1341 785 -ostendi
1353 751 1519 795 9,4,109.

37 799 237 834 v.Modo.
262 799 357 832 Nec
377 797 417 830 in
438 795 602 841 personis
627 801 824 838 tantum,
852 795 930 829 sed
953 800 999 829 et
1022 793 1075 838 (α.
1100 798 1124 829 1.
1150 793 1232 839 om.)
1258 795 1295 829 in
1318 797 1424 830 rebus
1437 799 1471 842 9,
1484 801 1519 841 2,

37 847 175 880 50.nec
196 843 363 888 ntique
386 854 430 877 ea
453 843 623 884 refutare,
648 841 726 876 sed
752 843 960 885 opportunis
984 839 1074 874 locis
1096 850 1232 884 ponere
1252 846 1308 885 11,
1323 845 1358 886 2,
1374 847 1408 877 2.
1436 855 1522 879 neo
1566 877 1579 881 ,

35 890 194 939 imagine
221 895 265 924 et
289 889 419 923 ambitu
443 899 575 930 τοι-ωτι,
598 887 679 921 sed
702 888 809 920 rebu-
832 886 990 921 incendit
1015 888 1071 928 10,
1100 889 1134 929 1,
1159 887 1214 922 16.
1241 898 1329 922 nec
1353 890 1395 922 ad
1415 890 1522 925 unius

37 937 94 972 rei
116 946 308 978 summam,
339 934 433 968 nisi
457 933 748 978 praecedentibus
770 932 881 966 initiis
900 931 1080 976 perveniri
1105 933 1163 967 Pr.
1187 935 1221 968 5.
1259 945 1343 968 nec
1368 935 1522 980 aliter,

42 993 176 1028 quam
206 981 244 1015 si
267 980 356 1015 mihi
378 980 535 1014 tradatur
557 979 762 1013 educandus
785 983 906 1012 orator
929 980 974 1012 ib.
999 990 1031 1011 v.
1057 979 1089 1011 N
1100 977 1177 1012 isi.
1231 978 1268 1022 c)
1303 993 1332 1014 c.
1358 984 1393 1014 vi
1423 984 1523 1026 quaa.

42 1031 211 1063 adversat.
226 1042 237 1060 .-
264 1026 452 1071 [amatores
477 1037 546 1059 nec
569 1024 766 1058 imitatores
793 1025 895 1058 Codd.
919 1035 990 1058 nea
1014 1023 1192 1058 immerito
1213 1027 1275 1068 10,
1300 1029 1333 1066 1,
1362 1026 1457 1072 104.]
1487 1039 1524 1063 n.

41 1085 199 1118 unquam
222 1071 442 1107 dissimuiavi
458 1072 493 1113 7,
512 1074 555 1114 1,
583 1073 617 1105 3.
639 1082 675 1104 n.
699 1081 759 1104 res
772 1071 845 1104 ulla
859 1071 919 1104 dat
942 1070 1042 1104 alteri
1052 1071 1225 1114 colorem,
1243 1083 1348 1116 quem
1366 1083 1440 1108 non
1449 1074 1526 1118 ipsa

41 1121 173 1155 lrabeat
185 1120 220 1161 6,
232 1122 268 1162 2,
293 1119 351 1153 28.
375 1116 516 1151 mentiri
539 1114 775 1161 hyperboten,
794 1127 831 1150 n.
855 1115 904 1150 ita
922 1121 962 1149 ut
982 1115 1170 1151 mendacio
1190 1118 1317 1152 fallere
1335 1119 1423 1153 velit
1437 1121 1472 1162 8,
1488 1120 1525 1164 6,

43 1166 103 1202 74.
115 1177 157 1202 n.
172 1166 244 1200 hoc
259 1163 382 1208 paucis
396 1164 506 1198 modo
524 1162 645 1198 verbis
662 1165 719 1205 11,
738 1164 773 1204 1,
789 1162 844 1197 58.
862 1162 1052 1206 aliquando
1067 1167 1185 1196 tamen
1196 1162 1261 1206 uti,
1285 1175 1309 1198 n
1321 1174 1340 1198 e
1350 1175 1370 1198 c
1386 1165 1417 1199 si
1433 1165 1528 1201 veli·

42 1222 137 1255 mus,
159 1220 205 1244 eo
228 1209 312 1244 licet
330 1208 368 1253 4,
387 1212 420 1252 1,
437 1212 503 1251 723
521 1210 544 1242 i.
564 1221 596 1254 q.
621 1220 670 1241 ne
687 1225 735 1234 -·
749 1209 856 1252 quid
868 1221 946 1241 em.-
970 1209 1167 1243 vehemens
1186 1214 1220 1243 et
1228 1209 1407 1253 poeticum
1422 1211 1528 1259 inge-

42 1254 142 1291 niu'm
154 1256 237 1300 fuit,
261 1266 329 1290 nec
351 1255 466 1299 ipsum
487 1259 671 1288 senectute
691 1259 867 1287 maturum
879 1255 979 1296 10‚1‚
999 1255 1056 1290 90.
1070 1253 1204 1298 ‹ts-QG,
1214 1257 1272 1290 73.
1299 1258 1354 1298 10,
1366 1256 1402 1300 4,
1411 1258 1445 1293 5.
1468 1261 1529 1303 11,

46 1303 152 1347 1,16.
181 1303 285 1346 11,2,
307 1301 366 1337 39.
390 1300 512 1346 madi.
533 1303 606 1334 alia
631 1299 822 1343 Continet..-
847 1309 931 1338 nec
953 1300 1026 1334 hoc
1050 1299 1167 1334 enim
1195 1307 1261 1344 est,
1285 1302 1346 1346 qui
1370 1309 1479 1349 neget
1490 1303 1527 1346 4,

45 1351 82 1392 2,
103 1349 151 1385 93
165 1347 216 1386 N.
230 1357 300 1382 nec
323 1345 371 1390 (S
378 1356 414 1391 p.
438 1344 574 1390 neque)
597 1344 693 1380 enim
717 1346 752 1387 5,
776 1345 812 1386 9,
835 1345 859 1380 6
878 1348 922 1380 Z.
942 1355 1010 1379 nec
1035 1351 1196 1380 tamen
1229 1347 1307 1391 ipse
1333 1349 1528 1384 dissimulet

45 1397 91 1439 0,
111 1393 156 1438 4,
177 1393 236 1431 m.
281 1393 375 1427 Nec
396 1402 528 1434 vero,
559 1392 656 1437 quod
688 1391 727 1424 in
751 1401 896 1437 quoque
919 1391 1090 1436 optimum
1113 1393 1203 1436 fuit,
1236 1401 1451 1430 consecutus
1475 1401 1531 1430 est

42 1444 180 1476 natm
201 1440 259 1481 10,
279 1440 313 1482 1,
337 1438 416 1474 109.
439 1437 486 1479 qs.
508 1440 544 1480 2,
567 1441 624 1481 17,
647 1436 765 1479 2ο.’9,
787 1435 831 1483 4,
854 1439 911 1473 91.
938 1439 1002 1480 12,
1026 1441 1089 1481 11,
1111 1441 1169 1472 20.
1194 1451 1228 1472 v.
1252 1440 1392 1476 Vero.
1441 1442 1531 1476 Neo

43 1494 159 1523 vero
182 1485 351 1519 saltem
371 1483 418 1518 iis
439 1481 593 1518 sufficiat
616 1485 684 1526 10,
707 1485 750 1526 2,
775 1483 832 1518 15.
868 1493 956 1517 nec
980 1483 1106 1528 scripsi
1130 1484 1337 1530 quidem,
1366 1487 1431 1522 sed
1454 1498 1531 1523 non

6 1531 123 1566 “obii
146 1531 379 1579 legationem;
411 1540 498 1564 nec
521 1528 833 1574 obiitquislem,
858 1530 922 1563 sed
945 1539 1019 1563 non
1040 1531 1200 1574 persuasi
1223 1533 1404 1577 Thebanis
1426 1534 1472 1577 9,
1495 1535 1531 1576 3,

10 1580 23 1618 g
46 1577 106 1614 55.
156 1580 196 1620 7)
227 1577 263 1611 ο.
286 1580 395 1610 auem
416 1577 564 1618 Negm..·
595 1575 687 1609 Nec
709 1580 829 1619 potest
852 1586 910 1608 ars
931 1586 1033 1610 non·
1046 1587 1146 1619 esse,
1173 1578 1205 1611 si
1229 1586 1291 1614 etc.
1315 1582 1362 1621 2,
1385 1583 1447 1622 17,
1471 1578 1531 1614 42.

44 1623 119 1658 Sed
151 1620 184 1657 B
219 1633 360 1667 quoque
390 1621 430 1656 in
459 1623 579 1656 locum
613 1620 761 1654 aliarum
795 1621 955 1655 dedimus
989 1621 1180 1666 aliquando
1199 1639 1267 1658 ——.
1323 1626 1420 1659 Nec
1443 1636 1535 1659 non

48 1669 176 1704 eadem
198 1667 287 1703 fecit
302 1679 351 1702 ex
374 1669 525 1701 duello
549 1669 704 1700 bellum
729 1665 872 1708 1‚4,15.
891 1672 930 1700 ut
954 1666 985 1702 si
1009 1678 1119 1701 unum
1141 1668 1221 1712 quis
1245 1670 1291 1703 ad
1314 1682 1355 1704 se
1382 1681 1533 1715 vocans,

49 1714 155 1749 dicat--
176 1715 298 1748 venit
309 1726 348 1747 e.-
383 1719 444 1746 aut
471 1712 502 1746 si
535 1713 656 1756 plures
687 1723 707 1744 a
739 1722 780 1744 se
805 1711 984 1745 dimittens
1007 1713 1055 1746 ita
1077 1715 1254 1757 loquatur.
1315 1716 1406 1749 Nec
1430 1726 1534 1759 non,

50 1770 135 1794 cnm
157 1769 369 1802 responsum
393 1759 436 1791 ab
459 1756 737 1803 interrogatione
761 1756 923 1791 dissentit
950 1760 989 1800 1,
1017 1760 1054 1798 5,
1080 1760 1137 1793 36.
1164 1759 1209 1800 cs.
1235 1760 1277 1802 6,
1303 1764 1342 1804 1,
1366 1763 1422 1795 20.
1467 1761 1538 1796 Af-

51 1805 173 1839 ferunt
202 1805 344 1838 laudem
373 1802 479 1837 liberi
509 1802 736 1846 parentibus,
779 1803 885 1837 urbes
914 1803 1184 1848 conditoribus,
1223 1805 1321 1851 leges
1350 1806 1536 1851 latoribus,

53 1856 148 1885 artes
169 1849 438 1894 inventoribus,
466 1859 551 1882 nec
574 1858 669 1882 non
696 1847 856 1882 instituta
877 1858 1063 1893 quoque
1088 1850 1290 1884 auctoribus
1316 1854 1352 1894 3,
1375 1855 1412 1896 7,
1431 1854 1477 1887 18
1490 1854 1536 1888 N.

53 1897 87 1932 N
93 1907 142 1931 ec
163 1905 256 1928 non
277 1896 322 1929 e't
344 1893 435 1927 innd
455 1893 587 1928 nimiae
607 1893 867 1937 superstitionis
890 1896 925 1936 9,
948 1893 983 1935 4,
1005 1896 1072 1937 25;
1107 1897 1202 1930 Nec
1225 1896 1350 1931 nihil
1373 1899 1539 1941 profecto

53 1942 245 1982 viderunt,
268 1938 335 1985 qui
358 1947 421 1973 etc.
446 1941 512 1982 10,
536 1941 556 1973 1
570 1964 582 1982 ,
603 1941 665 1975 70.
721 1935 759 1980 ὃ)
791 1941 942 1975 anteced.
966 1953 1067 1974 non:
1107 1952 1198 1975 non
1222 1943 1396 1977 detrectet
1418 1938 1547 1979 officia*

57 1999 145 2031 sua,
174 1997 260 2020 nec
281 1986 434 2032 gaudeat
459 1987 499 2027 2,
525 1987 565 2027 1,
591 1986 626 2019 5.
653 1983 698 2025 cs.
726 1987 770 2027 1,
793 1987 837 2027 2,
861 1986 918 2019 18.
946 1987 1010 2029 11,
1035 1989 1069 2028 1,
1093 1988 1151 2021 87.
1189 1987 1272 2032 quia
1295 1988 1427 2032 aliquid
1451 1999 1541 2024 non

59 2039 135 2076 est,
157 2043 243 2067 nec
266 2031 362 2065 aliud
385 2030 450 2064 sit:
478 2031 578 2064 Non
600 2034 654 2064 est
676 2028 885 2073 rationalis,
909 2041 993 2064 nec
1013 2033 1123 2066 homo
1147 2038 1201 2066 est
1229 2033 1263 2076 5,
1290 2035 1325 2076 8,
1348 2037 1385 2069 7.
1431 2033 1467 2078 ε)
1488 2049 1542 2069 re.

56 2082 195 2125 petitur,
212 2081 267 2111 vet
292 2079 456 2120 excipitur·
470 2078 527 2109 ino
550 2087 714 2121 neque:
738 2086 823 2109 nec
845 2076 974 2109 habeat
994 2076 1084 2111 vitia
1105 2088 1192 2112 nec
1216 2078 1310 2113 ferat
1331 2081 1368 2122 2,
1386 2081 1423 2124 2,
1443 2081 1476 2116 5.
1493 2080 1542 2123 cs.

59 2127 127 2168 11,
149 2126 193 2168 3,
217 2123 296 2158 140.
320 2122 408 2167 (Sp.
432 2131 551 2165 neque
572 2140 620 2147 —
642 2119 776 2166 neque)
798 2121 841 2163 6,
866 2122 900 2161 3,
927 2122 996 2157 109
1011 2126 1055 2157 Ζ.
1073 2134 1107 2156 v.
1125 2124 1275 2158 Nemo.
1310 2135 1381 2159 nec
1404 2141 1450 2151 —
1472 2137 1542 2162 nec

61 2170 217 2214 denique
234 2171 270 2212 3,
288 2170 324 2211 9,
345 2170 380 2203 9.
401 2180 434 2201 v.
453 2166 683 2211 Denique.
722 2166 775 2201 At
797 2176 887 2200 non
909 2166 1059 2203 historia
1081 2169 1251 2203 cesserim
1275 2170 1433 2215 Graecis,
1458 2183 1543 2208 nec

43 2212 891 2302 ‡zzssfiffssssssssssffgissffiiaffixam?²1
915 2223 1065 2293 ’ἱῧὶῐῖῗ
1090 2213 1546 2298 (θ”.ἑπῖΐξὲἒέἓὲἷέἓῗω

60 2318 214 2352 neque
239 2306 278 2340 in
300 2303 544 2340 testationibus
568 2303 742 2337 faciendis
767 2282 848 2338 esse,
868 2283 1072 2347 imperitum
1099 2308 1163 2348 12,
1187 2308 1222 2350 3,
1247 2308 1289 2349 53
1321 2309 1412 2343 Nec
1439 2321 1548 2358 argu-

63 2353 215 2396 mentis,
247 2362 332 2386 nec
355 2349 550 2384 narrationi
572 2348 695 2383 similis
716 2349 754 2383 in
777 2349 964 2393 prooemio
988 2361 1068 2384 esse
1092 2352 1198 2386 debet
1220 2352 1357 2397 oratio,
1390 2365 1547 2400 neque

65 2404 215 2434 tumen
239 2398 388 2432 deducta
411 2405 553 2439 semper
574 2401 710 2439 atque
742 2394 946 2430 circumlata
968 2394 1009 2438 4,
1035 2399 1077 2438 1,
1102 2398 1160 2431 60.
1187 2409 1220 2431 υ.
1247 2400 1357 2435 Non.
1409 2399 1442 2444 ζ)
1477 2415 1548 2448 seq.

67 2452 130 2480 et.-
154 2455 237 2479 nec
259 2445 403 2478 modum
425 2442 667 2485 reperiemus,
691 2446 737 2475 et
759 2441 891 2475 frustra
911 2442 1148 2477 laborabimus
1171 2445 1207 2486 6,
1233 2445 1268 2487 3,
1292 2445 1349 2479 35.
1380 2456 1463 2482 neo
1483 2458 1550 2482 an-

55 2491 290 2526 'secedentem
317 2488 487 2532 consequi
510 2497 714 2530 possumus,
739 2492 784 2520 et
807 2486 948 2533 longius
974 2489 1129 2523 eundum
1152 2494 1207 2522 est
1230 2492 1288 2532 12,
1310 2492 1368 2526 Pr.
1385 2490 1420 2527 4.
1447 2492 1495 2536 tf.
1515 2496 1549 2537 1,

39 2538 104 2579 ⁷²3,
127 2538 186 2571 15.
211 2539 247 2578 2,
269 2537 306 2578 8,
331 2535 365 2569 5.
393 2537 429 2576 7,
452 2535 487 2576 3,
512 2534 556 2567 16
575 2534 622 2567 N.
643 2533 680 2575 8,
702 2534 738 2576 3,
762 2531 818 2567 39.
855 2534 891 2575 s,
918 2533 952 2576 5,
977 2534 1036 2568 29.
1069 2534 1105 2577 9,
1128 2532 1165 2577 4,
1188 2538 1223 2570 7.
1255 2537 1311 2578 10,
1335 2539 1370 2579 5,
1395 2540 1454 2573 22.
1491 2543 1550 2584 11,

66 2583 106 2624 ’3,
128 2582 186 2616 60.
216 2584 272 2625 12,
295 2582 354 2614 Pr.
379 2582 402 2613 2
418 2579 466 2613 Ν.
496 2581 552 2621 12,
580 2580 614 2619 1,
638 2579 697 2612 20.
755 2579 797 2620 η)
834 2580 1012 2612 sententiae
1038 2581 1195 2613 inser-tum
1218 2582 1243 2614 ἰ.
1267 2595 1297 2625 q.
1321 2595 1370 2616 ne
1391 2602 1438 2614 *—
1462 2588 1553 2630 qui..

70 2629 164 2661 clem
191 2626 318 2670 (auch
341 2625 496 2666 nicho:
526 2624 620 2668 quod
642 2622 682 2657 in
702 2623 786 2657 foro
808 2633 897 2657 non
925 2625 1090 2668 expedit,
1121 2625 1196 2660 illic
1222 2637 1307 2661 nec
1329 2628 1435 2664 liceat
1457 2631 1493 2674 9,
1516 2634 1554 2674 2,

63 2695 69 2709 „
93 2674 131 2708 7.
166 2683 234 2707 nec
255 2671 287 2706 si
313 2671 398 2716 quid
420 2670 557 2704 discere
580 2668 664 2703 satis
688 2679 776 2702 non
800 2674 875 2712 est,
906 2669 991 2704 ideo
1013 2681 1099 2705 nec
1125 2682 1273 2706 necesse
1298 2679 1351 2711 est
1378 2678 1412 2717 1,
1438 2678 1471 2718 1,
1494 2679 1554 2710 21.

54 2711 119 2760 (Ε
140 2719 177 2760 2,
202 2721 259 2760 17,
281 2719 339 2752 35.
399 2715 516 2761 Quid?
555 2713 807 2758 extemporalis
829 2715 980 2749 facultas
1003 2727 1090 2751 nec
1116 2717 1175 2757 (α.
1203 2722 1222 2751 1.
1250 2719 1345 2762 non)
1371 2721 1442 2755 alio
1469 2721 1555 2756 mihi

99 2762 216 2797 'datur
239 2762 368 2798 mentis
391 2763 519 2809 vigore
542 2766 707 2796 constare
729 2762 787 2802 11,
811 2762 846 2804 2,
872 2763 895 2796 3
915 2762 961 2796 Ν.
996 2773 1078 2797 cum
1100 2763 1188 2803 hoc,
1212 2766 1307 2808 quod
1326 2771 1380 2802 est
1400 2767 1558 2803 maxime

116 2822 202 2855 Lex.
228 2821 342 2863 Quint.
1130 2820 1176 2854 36
