1728 3002
580 203 790 258 Pol-amen
830 240 886 246 —
927 213 1080 255 Forma
1515 214 1599 252 449

112 337 165 381 Π)
187 337 232 372 de
252 333 398 380 origine:
421 333 507 369 fons
528 330 673 378 quidem
695 341 787 366 unns
811 330 850 375 9,
873 332 908 374 3,
931 328 992 372 54.
1018 339 1167 375 qnorum
1193 324 1491 374 (philosophorum)
1514 326 1598 359 fons

109 385 190 430 ipse
212 383 378 418 Socrates
402 385 435 424 1,
461 383 518 424 10,
543 382 600 414 13.
627 386 742 424 paene
769 378 864 412 idem
889 380 970 412 sons
987 382 1039 410 est
1064 376 1171 419 iltius,
1196 386 1303 420 quam
1328 374 1598 419 permissionum

109 435 268 473 vocant,
291 428 353 474 qui
377 425 703 462 communicationis
730 425 840 467 9,·2,
865 426 923 459 25.
959 434 1007 458 ex
1030 422 1085 456 his
1109 422 1269 457 fontibus
1293 421 1455 465 derivata
1479 424 1512 454 2.
1544 422 1598 462 17,

109 476 168 511 40.
193 475 313 510 omnia
334 473 517 509 credibilia
541 483 591 506 ex
615 470 818 514 hujusmodi
843 470 1001 503 sontibus
1026 469 1138 502 fluunt
1165 468 1217 512 (a.
1235 472 1257 501 1.
1281 467 1382 509 fiunt)
1407 468 1515 510 5,10‚
1540 468 1598 498 19.

112 521 255 556 dicendi
277 519 480 555 facultatem
503 529 552 553 ex
578 518 711 552 intimis
738 517 932 561 sapientiae
955 516 1114 551 sontibus
1137 515 1248 550 fluere
1274 517 1340 557 12,
1366 517 1406 556 2,
1428 514 1464 547 6.
1503 518 1598 546 totos

111 566 337 612 eloquentiae
360 565 503 611 aperire
528 566 647 599 fontes
669 565 704 608 6,
724 566 759 607 1,
784 565 849 608 5¹3
875 562 991 597 tenuis
1015 574 1039 596 a
1060 563 1161 596 sonte
1189 556 1437 604 (grammatice)
1461 562 1495 601 2,
1513 562 1546 600 1,
1560 557 1599 591 4.

65 613 290 656 Foratnen.
333 622 549 668 praeclusis,
577 621 704 666 quibus
732 621 931 655 clarescunt
958 618 1114 664 (tibiae),
1142 618 1377 653 foraminibus
1406 612 1448 655 1,
1474 618 1515 649 11
1531 640 1541 655 ,
1565 617 1600 648 7.

115 671 234 706 tibiae*
245 670 352 704 alium
371 669 511 712 clausis,
536 667 643 702 atium
667 666 796 712 apertis
822 667 1057 701 foraminibus
1079 674 1206 701 sonum
1229 666 1383 699 reddunt
1408 666 1464 704 11,
1488 664 1523 704 3,
1542 662 1601 693 20.

63 715 290 758 fordeum·
330 726 413 771 (pro
437 724 625 769 hordeo)
654 727 689 768 1,
712 722 748 763 4,
774 722 830 762 14.

60 773 282 814 Forensis.
320 772 375 809 '—
400 783 559 817 actiones
584 785 628 825 2,
655 781 699 825 4,
723 783 780 816 27.
815 780 851 823 4,
880 782 918 823 2,
946 779 1004 815 29.
1028 797 1075 803 —
1104 778 1274 824 asperitas
1299 781 1333 820 1,
1358 779 1394 821 8,
1423 779 1477 811 11.
1510 773 1602 809 00:³-

112 830 220 865 diano
240 834 325 864 actu
347 830 419 863 for.
453 831 518 871 10,
551 831 590 871 1,
623 831 680 863 27.
731 847 778 853 ——
801 838 930 861 causae
958 830 992 869 2,
1019 828 1074 868 10,
1098 829 1132 860 7.
1169 828 1226 867 12,
1250 828 1285 867 2,
1310 825 1366 858 25.
1412 841 1456 849 -—
1482 827 1601 855 certa-

110 876 208 911 mina
230 875 269 919 5,
293 878 351 919 12,
375 878 433 910 22.
474 877 529 916 10,
556 876 592 917 5,
618 877 675 909 17.
696 883 788 907 .non
817 875 1068 907 forensem
1098 871 1363 906 contentionem
1394 870 1460 903 sed
1493 875 1601 901 stu-

114 922 292 960 diosam
315 921 589 966 disputationem
614 922 676 962 11,
701 921 742 962 1,
766 921 823 954 70.
860 938 907 944 -
935 929 1047 965 genus
1072 917 1214 952 dicendi
1238 920 1273 961 2,
1301 920 1356 958 10,
1383 919 1436 951 19.
1476 934 1521 939 -
1547 914 1601 954 jus

66 1012 69 1013 ⁷
112 971 151 1011 7,
171 970 208 1010 2,
230 969 288 1002 20.
330 985 374 993 -—
398 966 551 1013 negotiis
577 969 611 1009 1,
638 969 694 1008 12,
719 968 754 1000 7.
791 985 840 991 —
862 975 1007 1009 operam
1032 967 1088 1006 12,
1115 968 1147 1006 1,
1173 965 1233 998 25.
1273 979 1318 987 -
1341 972 1460 1008 pugna
1485 961 1519 999 5,
1543 962 1603 1002 12,

114 1016 172 1048 17.
203 1012 241 1056 6,
261 1014 298 1055 3,
324 1013 383 1046 28.
406 1031 454 1038 ——
487 1013 674 1057 pulverem
697 1012 754 1053 10,
779 1012 812 1053 1,
837 1012 895 1045 33.
938 1030 985 1036 —-
1007 1010 1099 1043 ratio
1123 1011 1168 1053 3,
1190 1009 1234 1052 4,
1261 1010 1318 1042 10.
1352 1019 1412 1042 res
1438 1008 1602 1041 forenses

111 1058 149 1103 4,
171 1061 208 1100 2,
222 1059 308 1100 128,
333 1060 465 1092 διανεί..-
489 1058 655 1100 rusticus,
679 1057 847 1099 forensis,
871 1055 1075 1103 negotiator
1097 1063 1160 1089 etc.
1188 1057 1222 1098 5,
1242 1057 1297 1097 10,
1311 1057 1369 1088 27.
1573 1095 1575 1097 ¹

65 1102 235 1148 Fonn'a.
284 1115 320 1160 1)
347 1117 493 1163 proprie.
539 1114 583 1158 a)
608 1112 747 1148 formae
770 1106 940 1148 circuitus
951 1111 1002 1156 fl,
1030 1115 1088 1155 10,
1114 1106 1172 1147 40.
1209 1114 1348 1146 formae
1374 1107 1601 1154 pulchritudo

113 1165 151 1205 2.
174 1162 231 1205 15,
254 1162 290 1197 6.
322 1163 402 1195 cum
430 1160 475 1195 sit
500 1160 693 1208 geometria
713 1159 834 1201 ,divisa
854 1159 892 1193 in
919 1169 1133 1196 numeros
1156 1163 1263 1203 atque
1286 1159 1461 1191 forma·
1485 1156 1600 1191 ib.35.

112 1209 238 1245 eadem
263 1218 345 1242 cera
367 1206 459 1240 aliae
474 1214 582 1251 atque
600 1206 691 1240 aliae
714 1205 852 1239 formae
876 1205 959 1239 duci
982 1205 1100 1239 solent
1125 1207 1182 1248 10,
1205 1206 1240 1247 5,
1257 1206 1291 1240 9.
1318 1214 1387 1236 nec
1411 1201 1601 1246 pauciores
1645 1222 1650 1228 ,

106 1254 311 1290 mmmm
334 1263 451 1297 paene
474 1263 582 1297 quam
605 1261 798 1295 corporum
824 1252 962 1285 formae
988 1253 1024 1293 2,
1051 1252 1088 1294 8,
1113 1253 1146 1284 1.
1179 1249 1224 1291 ej:
1254 1253 1310 1293 12,
1335 1252 1393 1292 10,
1419 1250 1474 1282 10.
1514 1258 1603 1291 qua-

110 1300 159 1339 lis
179 1299 227 1334 sit
247 1300 421 1343 uniusque
445 1298 501 1333 rei
524 1303 693 1333 natura
716 1303 753 1331 et
774 1308 866 1342 quae
887 1297 1054 1338 forma,
1082 1295 1284 1341 quaeritur:
1303 1316 1349 1322 --
1372 1294 1433 1329 An
1448 1296 1603 1329 humana

113 1340 274 1392 specie
301 1344 418 1380 deus?
443 1348 480 1387 7,
503 1344 538 1387 4,
559 1347 591 1378 1.
612 1344 759 1381 formae
780 1343 966 1377 literarum
989 1345 1023 1386 1,
1048 1346 1082 1386 1,
1107 1345 1164 1376 21.
1181 1341 1238 1376 24.
1270 1346 1302 1383 1,
1326 1345 1361 1384 7,
1387 1344 1442 1375 11.
1473 1340 1499 1373 f.
1519 1341 1602 1374 lite-

110 1403 233 1427 rarum
257 1392 432 1427 eburneas
456 1393 491 1432 1,
515 1394 550 1433 1,
574 1390 631 1424 26.
663 1389 839 1424 Aeolicae
862 1389 987 1423 literae
1014 1390 1059 1423 fo
1070 1401 1161 1423 rma
1185 1402 1264 1432 opp.
1289 1388 1369 1422 vis
1394 1390 1449 1428 12,
1467 1389 1523 1428 10,
1543 1387 1601 1420 29.

56 1438 63 1448 ’
109 1448 274 1482 numem,
300 1437 359 1472 cui
380 1436 523 1482 publica
544 1437 572 1470 f.
597 1442 653 1471 est
677 1439 710 1478 1,
733 1437 768 1479 6,
792 1438 827 1470 3.
857 1435 1032 1479 Epicurus
1055 1436 1245 1469 humanam
1269 1434 1303 1468 ei
1320 1434 1426 1478 (Deo)
1447 1434 1603 1466 formum

111 1484 210 1519 dedit
236 1488 284 1528 7,
311 1485 356 1526 3,
381 1484 414 1518 5.
458 1484 633 1516 humanae
656 1483 794 1516 formae
816 1482 983 1515 decorem
1008 1481 1183 1515 addiderit
1205 1492 1313 1525 supra
1334 1490 1462 1515 venun
1486 1478 1604 1522 (Poly-

112 1533 231 1572 delus)
255 1533 313 1573 12,
339 1532 396 1573 10,
419 1530 454 1564 8.
482 1534 523 1562 ut
549 1539 711 1573 quaeque
735 1529 761 1562 f.
786 1528 1057 1571 perfectissima,
1083 1528 1131 1562 ita
1155 1527 1384 1572 capacissima
1404 1530 1458 1560 est
1488 1530 1520 1567 1,
1547 1526 1603 1566 10,

110 1575 169 1611 40.
202 1577 348 1620 orben,
374 1587 467 1621 quae
487 1576 514 1609 f.
540 1580 594 1609 est
615 1574 654 1608 iu
677 1573 790 1618 planis
813 1575 972 1608 maxime
996 1575 1156 1618 perfecta
1179 1577 1223 1607 ib.
1243 1573 1301 1608 41.
1334 1572 1393 1606 cui
1416 1568 1603 1615 (Homero)

98 1622 328 1658 >validissima
350 1632 512 1666 quaeque
536 1621 566 1655 f.
592 1620 697 1655 etiam
719 1620 757 1654 in
780 1620 924 1654 feminis
948 1621 1066 1664 placet
1101 1623 1155 1663 12,
1181 1622 1236 1663 ¹0,
1262 1621 1307 1661 5;
1350 1619 1485 1652 formas
1510 1627 1603 1661 quo-

113 1679 184 1713 que
208 1669 373 1715 fingimus
402 1678 529 1711 saepe,
562 1673 603 1700 ut
630 1667 773 1700 Famam
796 1666 970 1713 Virgilius
998 1667 1043 1709 9,
1072 1669 1117 1709 2,
1144 1667 1201 1700 36.
1239 1665 1270 1699 si
1293 1671 1442 1709 propter
1463 1662 1603 1709 singula

78 1719 87 1723 “
113 1715 227 1755 verba
247 1716 292 1749 ad
314 1713 471 1758 singutas
493 1714 628 1746 formas
658 1716 709 1755 (i.
736 1725 767 1748 e.
793 1712 940 1756 signa)
975 1712 1239 1756 respiciendum
1264 1711 1332 1745 erit
1364 1714 1402 1744 11
1421 1735 1432 1752 ,
1468 1711 1510 1751 2,
1544 1708 1601 1742 26.

114 1759 160 1804 β)
181 1762 206 1794 ἰ.
228 1773 262 1804 q.
283 1760 606 1803 pnzchrituclo:
636 1756 733 1800 8‚x4,
756 1760 813 1792 21.
839 1764 1000 1793 amantes
1024 1760 1069 1793 de
1096 1759 1215 1792 forma
1238 1756 1397 1801 judicare
1420 1766 1493 1789 nou
1516 1765 1603 1798 pos-

114 1810 198 1837 mut
218 1805 255 1846 6,
275 1808 312 1847 2,
334 1805 371 1839 6.
394 1816 512 1849 neque
533 1824 582 1830 —
603 1810 643 1838 ut
666 1804 855 1847 laudanda,
888 1815 980 1849 quae
1003 1805 1192 1849 pecuniam
1219 1809 1319 1838 suam
1342 1802 1501 1848 pluribus
1528 1801 1604 1834 lar-

115 1849 221 1895 gitus,
235 1849 292 1883 ‘ita
314 1861 406 1893 quae
426 1851 579 1883 formam
605 1852 640 1892 5,
665 1853 723 1893 11,
745 1851 792 1884 26
817 1852 861 1884 .·V.
893 1849 1008 1885 vulsis
1031 1850 1232 1894 levatisque
1254 1850 1334 1894 plus
1359 1859 1440 1882 esse
1465 1849 1602 1881 formae

113 1898 238 1939 putant
258 1896 295 1936 2,
317 1895 353 1936 5,
380 1897 435 1928 12.
464 1905 536 1938 quo
558 1895 667 1936 (οὶιίο)
689 1895 947 1939 mancipiorum
971 1896 1215 1943 negotiatores
1236 1897 1376 1929 formae
1394 1904 1604 1938 puerorum,

113 1939 283 1975 virilitate
305 1939 441 1981 excisa,
462 1940 713 1973 lenocinantur
733 1942 770 1982 5,
795 1944 851 1984 12,
879 1942 932 1976 17.
979 1943 1030 1985 11)
1061 1953 1199 1988 genus
1226 1947 1262 1975 et
1285 1940 1470 1984 species
1495 1949 1603 1982 quam

116 1986 265 2020 eandem
291 1985 311 2018 f
317 1995 486 2018 ormam
516 1984 646 2018 Cicero
668 1991 777 2019 vocat
803 1989 838 2027 5,
867 1990 923 2029 10,
947 1987 1004 2021 62.
1053 1989 1095 2030 α)
1120 1988 1217 2032 quod
1242 1986 1332 2020 haec
1357 1983 1531 2029 (partitio)
1557 1983 1603 2017 sit

116 2031 226 2066 totius
247 2031 286 2064 in
302 2035 435 2074 partes,
455 2029 519 2063 itta
545 2029 698 2073 (divisio)
722 2031 908 2076 generis
930 2031 968 2065 in
990 2033 1160 2066 formas
1184 2035 1227 2065 ib.
1246 2034 1303 2066 63.
1329 2032 1447 2065 varias
1470 2030 1603 2062 habent

114 2079 248 2121 formas
272 2074 393 2119 (leges)
417 2077 451 2117 3,
475 2075 511 2117 6,
537 2076 595 2109 87.
628 2074 672 2116 cs.
700 2077 736 2117 9,
761 2074 796 2117 4,
819 2079 877 2110 22.
914 2077 1064 2111 mediam
1092 2078 1191 2111 illam
1213 2078 1364 2111 formam
1391 2081 1534 2109 teneant
1559 2075 1601 2109 L.

116 2123 287 2164 Crassus,
312 2122 355 2166 Q.
381 2120 594 2154 Hortensius
623 2123 691 2163 12,
722 2123 787 2162 10,
816 2123 872 2154 10.
907 2122 1000 2156 lenis
1027 2123 1164 2156 den'sus
1195 2134 1242 2156 ex
1267 2123 1335 2155 hac
1360 2123 1473 2155 forma
1500 2121 1603 2153 venit

67 2166 79 2174 '
114 2171 151 2212 6,
178 2171 212 2210 2,
236 2169 290 2202 15.
316 2177 432 2210 neque
454 2166 512 2200 his
534 2166 645 2199 tribus
665 2165 764 2209 quasi
788 2166 914 2200 formis
937 2167 1074 2201 inclusa
1099 2167 1303 2211 eloquentia
1328 2173 1381 2200 est
1406 2170 1462 2209 12,
1477 2167 1603 2208 10,o‘6.

115 2217 206 2250 haec
233 2223 305 2247 non
331 2218 413 2246 sunt
434 2211 474 2245 iu
501 2223 543 2245 ea
567 2213 703 2254 forma,
738 2213 782 2244 de
806 2223 875 2255 qua
900 2223 995 2246 nunc
1018 2213 1197 2257 loquimur
1218 2214 1254 2254 9,
1276 2215 1311 2256 2,
1337 2215 1393 2246 27.
1434 2222 1507 2246 non
1531 2223 1602 2245 una

116 2260 282 2295 omnibus
304 2259 329 2291 f.
355 2257 485 2302 placuit
510 2260 565 2300 12,
585 2259 641 2299 10,
658 2260 693 2291 2.
722 2257 760 2290 in
782 2258 895 2290 tribus
918 2258 1075 2301 partibus
1100 2270 1172 2292 uon
1193 2265 1247 2292 est
1263 2259 1293 2295 f.
1318 2269 1459 2302 semper
1476 2261 1600 2291 eadem

117 2308 161 2348 5,
190 2305 258 2347 14,
294 2307 350 2339 10.
389 2303 427 2337 in
450 2297 556 2337 ulnam
579 2314 692 2347 prope
720 2304 872 2337 formam
898 2304 1105 2338 cadentibus
1131 2306 1174 2337 ib.
1200 2306 1257 2338 30.
1296 2315 1400 2338 unam
1426 2305 1601 2348 quandam

116 2351 202 2385 hnic
222 2349 315 2394 parti
337 2350 488 2384 sormam
511 2349 607 2383 dedit
630 2350 667 2392 9,
680 2348 724 2392 4,
750 2351 829 2383 132.
889 2349 935 2394 β)
958 2363 987 2383 c.
1014 2351 1123 2384 Genii.
1169 2349 1207 2393 a)
1235 2351 1432 2384 Nominum.-
1457 2350 1603 2384 abdica-

115 2397 252 2431 tionum
278 2397 414 2429 t'ormae
441 2401 523 2428 sunt
549 2396 641 2429 duae
671 2398 713 2437 7,
739 2394 786 2437 4,
814 2397 871 2429 27.
918 2396 1057 2430 formae
1091 2395 1241 2430 actionis
1268 2398 1311 2439 3,
1334 2396 1378 2438 6,
1405 2396 1461 2431 86.
1500 2397 1601 2436 cujus

115 2443 312 2486 (bre-visuris}
344 2441 481 2485 duplex*
501 2442 527 2474 f.
552 2446 607 2474 est
633 2442 678 2483 6,
703 2443 744 2483 3,
768 2441 826 2475 45.
859 2440 1017 2488 singulas
1040 2448 1287 2486 corruptorum
1308 2453 1502 2486 persequar
1526 2446 1602 2476 tor-

115 2499 191 2522 mas
216 2487 252 2529 8,
275 2487 310 2530 5,
334 2487 389 2521 25.
424 2492 461 2520 et
486 2486 532 2520 sit
556 2486 635 2520 talis
658 2487 735 2529 ejus
762 2486 1053 2530 (comparationis)
1080 2489 1106 2522 f.
1131 2489 1166 2530 9,
1190 2490 1227 2530 2,
1255 2491 1334 2522 100.
1369 2489 1517 2522 totidem
1540 2487 1601 2521 in-

114 2534 320 2581 geniorum,
342 2537 441 2577 ‘quot
464 2542 674 2576 corporum,
698 2534 832 2566 formas
861 2536 916 2575 12,
947 2535 1001 2575 10,
1027 2536 1080 2567 10.
1113 2536 1170 2568 20.
1204 2533 1361 2567 infinitae
1384 2534 1498 2567 litium
1519 2535 1601 2567 sor-

113 2590 192 2615 mue
213 2582 249 2622 7,
275 2580 334 2612 Pr.
358 2579 394 2612 4.
423 2579 540 2611 forma
564 2578 818 2612 deliberativae
845 2578 958 2625 magis
981 2578 1171 2622 materiae,
1193 2591 1299 2625 quam
1319 2580 1495 2624 judicialis
1517 2586 1600 2614 ute-

112 2636 193 2660 mur
215 2627 249 2667 5,
274 2627 332 2666 13,
354 2625 388 2659 6.
415 2625 505 2657 duae
530 2625 668 2659 formae
689 2624 995 2659 matrimoniorum
1021 2626 1056 2668 5,
1082 2628 1138 2669 10,
1159 2626 1215 2660 62.
1245 2638 1326 2660 cum
1352 2627 1421 2669 jam
1443 2628 1600 2660 sormam

114 2676 236 2705 rectae
259 2676 365 2715 atque
388 2671 595 2709 emendatae
623 2670 793 2704 orationis
819 2670 994 2714 accipient
1019 2674 1064 2714 2,
1087 2670 1135 2714 4,
1160 2671 1215 2706 15.
1248 2673 1403 2706 formum
1424 2672 1597 2705 orationis

114 2716 212 2750 illam
238 2717 438 2760 expriment
465 2719 500 2758 2,
523 2718 559 2757 7,
583 2717 617 2750 3.
641 2716 687 2758 cJL
715 2719 769 2758 12,
794 2718 850 2757 10,
878 2719 909 2750 1.
944 2717 1006 2750 illa
1027 2722 1102 2751 tota
1122 2728 1226 2761 pars,
1252 2718 1352 2762 cujus
1379 2720 1468 2751 haec
1492 2719 1518 2752 f.
1543 2723 1598 2750 est

114 2760 157 2804 4,
181 2765 222 2804 1,
247 2764 305 2797 67.
349 2762 376 2795 f.
408 2761 586 2806 qualitatis
613 2763 657 2804 3,
685 2762 729 2805 6,
754 2763 812 2798 79.
846 2762 1029 2806 proposita
1052 2765 1224 2807 quaedam
1251 2765 1278 2797 f.
1304 2775 1423 2798 rerum
1455 2763 1504 2796 ita
1530 2774 1600 2796 ex-

113 2819 234 2852 pressa
256 2809 292 2852 9,
308 2809 343 2851 2,
366 2807 424 2842 40.
452 2806 707 2852 qualiscunque
736 2808 763 2843 f.
786 2809 985 2844 sententiae
1007 2810 1043 2853 9,
1067 2813 1101 2852 1,
1128 2811 1183 2844 10.
1208 2809 1352 2845 diversa
1367 2808 1544 2844 sermonis
1566 2809 1596 2843 f.
