1728 3002
141 309 196 348 98
712 298 879 340 Aurora
916 321 972 329 -
1011 295 1100 338 Aut

191 421 214 454 8
259 419 303 460 3,
323 416 382 451 62.
430 414 522 459 apud
547 423 679 448 vacuas
703 389 778 446 aui.
810 413 874 454 10,
899 412 917 444 1
932 435 943 452 ,
968 411 1028 445 32.
1074 408 1111 454 e)
1134 412 1276 445 Amat„-
1306 418 1454 444 sennum
1476 419 1520 444 ιο
1545 418 1679 445 vocem
1704 397 1709 406 ’

193 445 335 499 miribus
378 461 540 505 accipere
572 459 788 497 ,miserorum
821 458 870 500 6,
909 459 955 500 1,
989 457 1049 491 26.
1088 468 1123 490 v.
1153 455 1365 500 Accipio.
1409 453 1526 500 (vox)
1565 453 1680 489 atu-ih.

148 532 155 538 -
193 508 412 558 dignoscitur
448 510 512 549 11,
540 509 584 548 3,
610 506 666 539 18.
712 515 790 539 vox
819 501 932 536 aux-ib.
970 503 1099 538 sedens
1135 505 1178 537 ib.
1211 501 1273 537 40.
1315 501 1464 536 brachio
1497 501 1680 536 abnue

192 562 362 635 ιποὲωιεο
386 556 430 587 ib.
457 554 534 589 119.
571 552 666 596 quod
691 549 730 584 in
753 560 860 583 aure
885 550 990 584 velut
1017 549 1172 594 quodam
1192 547 1373 584 vestibulo
1389 547 1508 582 statim
1531 545 1681 582 offendit
1725 569 1728 571 -

192 606 227 646 9,
280 628 291 645 ²
320 602 364 634 10
1182 624 1185 628 ,

149 660 331 702 Aurora.
374 667 458 701 Sole
485 671 520 700 et
546 664 686 699 Aurora
711 663 842 696 rubent
863 662 1015 707 plurima
1038 666 1088 698 M
1094 676 1115 697 a
1127 676 1239 700 econ.
1256 662 1294 707 9,
1315 661 1352 708 4,
1376 663 1434 698 28.

149 716 327 760 Aurum.
369 723 444 758 auri
461 724 582 769 fulgor
606 721 758 756 imbellis
786 722 840 762 10,
866 722 900 763 1,
927 721 985 755 30.
1023 722 1219 764 caelatura,
1243 732 1336 766 quae
1363 729 1452 754 auro
1477 726 1540 755 etc.
1572 717 1683 770 opera

195 773 305 808 efficit
326 773 368 812 2,
392 773 454 812 21,
482 772 515 804 9.
558 768 710 802 alienum
733 778 857 800 aurum
882 767 918 808 5,
946 766 1020 806 11,x
1030 769 1088 802 28.
1134 773 1189 802 est
1214 768 1371 812 jucunda
1398 778 1440 800 ac
1471 763 1683 801 favoratmhs

195 818 448 863 qualiscunque
476 814 677 859 eloquentia
705 813 783 847 auri
810 816 867 856 12,
896 814 953 855 10,
980 811 1039 848 74.

150 864 414 919 Auspicatus·
463 870 778 916 auspicatissimum
799 868 940 903 initium
967 872 1025 914 10,
1051 873 1084 914 1,
1112 871 1173 906 85.

147 920 405 975 Auspicium·
451 935 574 964 contra
598 927 754 972 auspicia
780 926 858 972 (lex
885 929 979 971 laia)
1005 931 1040 970 2,
1065 927 1102 973 4,
1127 928 1185 964 35.

148 979 400 1022 Austeritas.
427 1004 471 1012 —-
516 997 591 1020 non
615 985 661 1019 sit
683 984 790 1019 tristis
819 987 854 1028 2,
877 986 914 1028 2,
943 986 978 1020 5.

150 1036 369 1079 Austerus.
408 1055 474 1078 nec
499 1048 614 1076 musta
636 1042 674 1076 in
698 1043 779 1075 lacu
803 1040 919 1075 statim
938 1046 1080 1076 austera
1098 1040 1172 1076 sint
1195 1043 1231 1086 2,
1246 1039 1283 1084 4,
1302 1041 1337 1083 9.
1376 1021 1483 1075 senes
1506 1035 1685 1078 annexi

197 1105 239 1127 ac
261 1091 391 1125 mites
422 1093 476 1132 11,
503 1092 545 1132 3,
568 1087 626 1123 74.
670 1087 830 1132 poscitur
862 1093 938 1126 tum
971 1094 1160 1123 austera
1190 1085 1420 1132 (periodus),
1463 1084 1496 1120 si
1522 1087 1685 1128 accuses,

152 1160 154 1162 ·
196 1145 271 1173 uun
293 1139 412 1179 susa,
441 1136 471 1170 si
503 1136 624 1170 laudes
650 1135 684 1177 9,
708 1134 743 1177 4,
775 1135 840 1168 128
866 1130 913 1168 N.

151 1185 251 1228 Aut.
297 1193 331 1238 1)
365 1195 552 1237 simpliciter
590 1195 742 1236 positum.
790 1189 832 1234 a)
857 1197 917 1225 aut
942 1202 1068 1224 rursus
1108 1190 1153 1234 9,
1191 1188 1238 1233 4,
1268 1192 1326 1224 72.
1373 1187 1450 1223 Aut
1481 1186 1699 1231 (118811ἲίεῇῑ

197 1239 302 1281 mihi,
341 1251 429 1284 quae
467 1239 511 1273 sit
545 1238 612 1272 alia
647 1240 739 1272 ratio
772 1236 933 1271 discendi
975 1239 1015 1279 1,
1043 1240 1112 1279 12,
1138 1238 1174 1271 6.
1224 1236 1298 1270 Sed
1324 1247 1382 1269 res
1406 1234 1576 1280 propriae
1602 1239 1687 1268 sunt
1713 1271 1715 1273 ¹

199 1288 367 1330 cujusque
403 1296 549 1327 causae,
587 1290 646 1318 aut
680 1284 725 1328 (i.
756 1297 787 1328 q.
827 1291 905 1316 aut
939 1281 1083 1325 certe)
1114 1282 1236 1327 paucis
1264 1292 1471 1316 communes
1498 1283 1564 1324 10,
1589 1283 1624 1322 1,
1647 1280 1702 1315 6-

199 1334 251 1368 Sit
280 1343 389 1379 ergo,
429 1332 524 1376 qnod
555 1332 714 1374 placeat,
754 1335 830 1363 aut
865 1334 997 1363 certe
1031 1329 1187 1363 sufficiat
1221 1329 1287 1371 10,
1318 1326 1355 1371 4,
1389 1326 1426 1362 4.
1473 1326 1616 1361 interim
1643 1344 1708 1362 —a

198 1378 353 1420 faciunt,
400 1384 457 1411 aut
492 1383 587 1411 certe
619 1395 663 1400 —
696 1376 997 1410 confundant
1029 1377 1098 1417 (Z.
1124 1377 1167 1409 de
1193 1374 1281 1418 conj.
1305 1373 1602 1418 confunduntur)
1628 1375 1699 1416 10,,

198 1428 234 1467 3,
259 1427 304 1458 32
328 1425 373 1457 N.
409 1423 452 1465 cf.
481 1425 514 1461 8,
532 1425 567 1466 3,
586 1424 643 1457 85.
672 1424 707 1465 9,
726 1426 761 1463 2,
780 1421 838 1457 94.
868 1423 904 1466 9,
918 1423 954 1464 3,
973 1422 1030 1456 60.
1068 1432 1150 1456 cum
1171 1421 1217 1456 de
1239 1420 1404 1455 libertate
1438 1425 1516 1454 ant
1548 1420 1704 1455 etiam'

199 1472 245 1504 de
271 1469 463 1503 hereditate
490 1469 709 1503 contendunt
731 1472 766 1511 7,
790 1472 825 1509 9,
850 1470 884 1502 3.
917 1473 994 1502 aut
1029 1466 1125 1512 (Sp.
1153 1466 1227 1511 eo)
1253 1466 1390 1501 etiam
1417 1465 1579 1510 proemia
1604 1471 1687 1501 sunt
1710 1490 1717 1503 .

198 1517 237 1551 in
259 1515 314 1549 his
340 1516 451 1549 causis
477 1526 698 1558 supervacua
721 1513 756 1553 4,
781 1517 816 1557 2,
838 1516 895 1549 80.
935 1512 980 1555 cf.
1000 1512 1036 1554 4,
1060 1514 1095 1558 5,
1121 1516 1178 1548 22.
1213 1516 1270 1556 12,
1296 1515 1329 1555 1,
1351 1511 1410 1548 34.
1456 1511 1501 1558 β)
1524 1515 1688 1550 interdum

188 1561 340 1595 vvmollitur
373 1565 422 1594 vis
449 1564 629 1595 aremiiva:
665 1562 786 1595 Genus
817 1561 971 1595 fortasse
1001 1559 1074 1594 sint
1097 1558 1212 1596 secuti
1237 1558 1450 1603 nunidem,
1489 1559 1588 1604 quod
1609 1559 1714 1602 De«⁵>

199 1609 401 1641 mosthenes
437 1614 496 1641 aut
537 1608 635 1640 Plato
670 1608 714 1650 9,
741 1605 786 1649 4,
819 1609 874 1641 17.
920 1612 961 1639 ut
995 1605 1072 1641 Cic.
1104 1616 1174 1650 pro
1204 1604 1372 1641 Cluentio
1400 1611 1523 1651 narrat
1546 1614 1594 1632 -··-
1628 1610 1691 1641 aut

203 1654 307 1697 (Reg.
333 1655 416 1694 conj.
443 1653 508 1696 ac)
536 1654 588 1687 M.
615 1652 760 1687 Coelius
787 1653 822 1696 6,
851 1655 886 1696 3,
913 1653 969 1687 39.
1014 1663 1062 1686 ne
1085 1653 1268 1697 dactylum
1294 1651 1439 1696 quidem
1463 1657 1538 1686 aut
1561 1651 1706 1692 forte*

200 1701 394 1743 spondeum
428 1701 574 1733 alterum
609 1711 675 1742 pro
703 1701 816 1733 attero
844 1699 952 1742 (ratio
981 1700 1125 1742 recipit)
1155 1699 1190 1739 9.
1211 1696 1248 1740 4,
1274 1696 1333 1733 49.
1381 1699 1497 1742 quod,
1529 1696 1710 1742 quid-stt.

204 1751 263 1778 aut
288 1745 379 1788 (Sp.
405 1745 460 1789 et)
487 1747 589 1790 quale
614 1745 675 1788 sit,
706 1756 780 1779 non
807 1750 927 1789 potest
951 1744 1132 1778 aestimari
1159 1746 1202 1785 3,
1227 1744 1358 1790 6,,80.
1403 1739 1689 1786 &rumpamus-39

200 1797 258 1824 aut
281 1788 512 1826 ἐνιιὸεικτικόν
534 1791 625 1835 (Sp.
653 1797 690 1825 et
712 1808 756 1816 —
782 1793 840 1833 et)
866 1791 989 1824 dicunt
1009 1792 1044 1833 3,
1062 1789 1100 1832 4,
1124 1792 1179 1823 12.
1213 1788 1477 1831 utinamTiro,
1505 1793 1566 1822 aut
1585 1789 1646 1831 (ᾱ.
1662 1792 1688 1822 1.
1703 1807 1711 1834 ³,

201 1835 257 1879 et)
283 1836 391 1879 alius,
430 1837 585 1880 quisquis
605 1837 696 1878 suit,
723 1855 766 1863 —
790 1836 933 1881 parcius
955 1836 1186 1870 indulsissent
1209 1835 1294 1878 6,·,3,
1313 1835 1396 1869 5Ν.
1413 1838 1460 1868 cr.
1492 1835 1600 1869 stulte
1623 1841 1687 1868 etc.

201 1882 294 1915 dicta
320 1888 378 1914 aut
405 1882 460 1925 (a.
481 1887 502 1916 l.
531 1883 593 1926 ac)
620 1884 716 1917 facta
741 1882 904 1916 ridentur
927 1885 972 1915 ib.
987 1885 1022 1916 7.
1060 1883 1150 1915 haec
1165 1882 1376 1925 plerumque
1393 1879 1433 1914 in
1453 1880 1706 1916 altercatione

199 1934 259 1961 aut
290 1929 454 1973 rogandis
490 1930 637 1963 testibus
667 1929 897 1973 requiruntur
932 1930 976 1961 ib.
1002 1927 1061 1962 46.
1099 1926 1272 1971 quidquid
1305 1925 1491 1961 sententiis
1525 1932 1587 1961 aut
1611 1927 1709 1966 elo-z

201 1973 366 2017 quentiae
393 1982 465 2007 non
492 1975 636 2009 nocebit
657 1976 692 2018 9,
712 1977 746 2017 4,
764 1975 820 2010 59.
853 1973 898 2015 cf.
917 1976 975 2017 11,
995 1976 1029 2016 1,
1051 1974 1117 2016 6ος
1169 1974 1232 2013 hoc,-
1245 1986 1341 2006 sensu
1358 1975 1518 2018 repetitur
1537 1985 1688 2019 quoque.-

200 2018 269 2052 nisi
295 2020 388 2053 sorte
412 2039 476 2063 -—,
504 2033 594 2064 quae
621 2021 659 2055 in
686 2025 933 2055 ornamentum
962 2019 1083 2064 operis
1107 2019 1184 2063 ejus
1212 2020 1406 2062 accedunt,
1442 2018 1533 2053 alius
1560 2017 1691 2054 melius

201 2065 435 2108 elaborasset;
479 2073 552 2100 aut
584 2073 706 2101 orator
728 2066 828 2110 loqui
854 2065 1009 2108 nesciet;
1055 2071 1131 2099 aut
1153 2065 1313 2100 leviores
1337 2066 1485 2099 morbos
1508 2071 1584 2099 non
1603 2070 1690 2110 pot-

202 2110 269 2144 erit
297 2122 420 2144 curare
443 2112 600 2146 medicus
624 2112 947 2156 praestantissimus
972 2114 1008 2154 2,
1033 2113 1068 2151 3,
1091 2112 1127 2146 6.
1171 2111 1259 2158 Quis
1285 2111 1382 2146 enim
1405 2112 1501 2146 feret
1525 2121 1688 2155 puerum,

202 2162 281 2189 aut
313 2157 632 2201 adolescentulum,
672 2164 746 2192 aut
770 2157 908 2192 etiam
940 2157 1158 2205 ignobilem,
1198 2158 1229 2191 si
1252 2158 1386 2201 judicet
1409 2157 1448 2191 in
1475 2156 1628 2191 dicendo
1652 2158 1689 2199 8,

202 2204 235 2243 5,
253 2204 287 2236 8.
319 2203 394 2235 Nisi
412 2204 505 2237 forte
527 2205 626 2247 prior
645 2204 706 2238 ille
722 2204 915 2238 Africanus
939 2221 985 2228 -
1007 2203 1180 2237 inutiliter
1199 2203 1269 2238 sibi
1284 2203 1430 2238 videtur
1443 2201 1690 2237 consuluisse:

203 2252 280 2279 aut
304 2249 342 2280 P.
368 2249 536 2291 Rutilius,
572 2251 649 2284 vel
683 2262 764 2284 cum
787 2251 852 2284 illo
877 2261 1009 2296 genere
1033 2249 1254 2284 defensionis
1281 2254 1336 2284 est
1358 2250 1463 2288 usus,
1494 2249 1575 2282 vel
1608 2259 1692 2282 cnm

203 2303 343 2325 manere
368 2293 406 2326 in
429 2294 538 2328 exilio
565 2296 687 2328 maluit
713 2314 755 2322 --
784 2296 967 2330 nesciebat
991 2299 1048 2338 11,
1074 2298 1106 2333 1,
1130 2298 1187 2329 12.
1210 2306 1244 2328 υ.
1269 2294 1368 2328 Vel.
1425 2292 1465 2337 y)
1491 2295 1525 2325 in
1548 2295 1701 2337 interr-0⁴3

203 2340 407 2377 gationibus:
446 2345 481 2372 et
512 2352 563 2373 an
598 2348 633 2375 et
667 2347 744 2374 aut
777 2341 1049 2386 conjunctiones
1076 2346 1178 2374 sunt:
1211 2341 1304 2373 male
1330 2345 1450 2373 tamen
1474 2338 1702 2393 interrege&

204 2381 278 2414 hic
313 2389 385 2416 aut
417 2383 500 2418 ille
528 2385 616 2420 sit?
647 2389 680 2429 1,
706 2390 741 2430 5,
766 2387 812 2423 49
841 2389 889 2425 Ν.
933 2397 1035 2420 num
1058 2391 1179 2420 tamen
1200 2385 1263 2419 ille
1289 2390 1404 2419 totum
1427 2384 1467 2419 in
1492 2395 1567 2420 uno
1594 2386 1691 2428 diem

205 2433 449 2462 consumtums
484 2432 560 2464 est?
599 2439 675 2466 aut
699 2439 818 2477 potest
843 2443 922 2467 esse
949 2432 1022 2464 ulla
1047 2437 1120 2464 tam
1142 2436 1315 2475 perpetua
1339 2431 1500 2466 discendi
1523 2430 1694 2472 intentio,

206 2482 295 2515 quae
325 2473 411 2523 eta?
448 2477 489 2517 1,
521 2479 542 2509 2
557 2501 567 2518 ,
602 2480 657 2511 11.
703 2480 815 2512 Num
846 2478 956 2525 igitur
977 2476 1166 2523 negabitur
1189 2477 1389 2512 deformem
1414 2477 1545 2522 Pyrrhi
1563 2487 1697 2522 pacem,

207 2527 335 2550 caecus
350 2519 409 2570 ilie
427 2518 563 2563 Appius
579 2523 719 2557 dicendi
734 2525 871 2559 viribus
895 2522 1109 2557 diremisse?
1150 2528 1225 2556 aut
1250 2534 1338 2558 non
1364 2522 1487 2558 divina
1508 2523 1562 2558 M.
1576 2521 1693 2558 'ruffi

208 2563 410 2605 eloquentia
430 2583 470 2590 —
496 2567 588 2599 suit?
614 2585 655 2592 -
678 2571 837 2604 Nonne
862 2568 1072 2614 perterritos
1096 2567 1248 2602 militum
1275 2569 1413 2603 animos
1436 2570 1645 2615 frequenter
1667 2578 1697 2603 ι’

208 2612 470 2659 metu-revocat
495 2612 633 2646 oratio?
667 2618 700 2653 2,
729 2616 783 2657 16,
809 2619 844 2650 7.
889 2614 957 2648 An
978 2625 1070 2649 vero
1096 2625 1153 2647 me
1181 2626 1255 2649 non
1281 2615 1463 2659 adjuvabit
1485 2615 1559 2648 -Ἰ
1595 2614 1694 2650 Aut-

208 2668 251 2676 —
277 2653 365 2703 nihil
390 2655 546 2705 proderit
570 2658 660 2693 erm?
690 2661 724 2702 5,
751 2665 806 2703 11,
831 2661 888 2695 38.
912 2658 1038 2706 ‘Age,
1074 2659 1104 2693 si
1129 2661 1172 2694 de
1196 2667 1313 2695 morte
1335 2661 1400 2695 filii
1422 2660 1478 2695 sui
1500 2660 1693 2695 dicendum

206 2703 298 2740 patri
321 2699 448 2742 fuerit,
486 2707 562 2734 aut
586 2705 634 2744 (S
641 2717 674 2745 p.
700 2707 786 2749 conj.
813 2708 885 2748 an)
912 2705 951 2739 in
971 2706 1148 2739 narrando
1169 2707 1318 2753 gratiam
1337 2707 1434 2741 illam
1452 2705 1695 2751 expositionis,

208 2749 374 2786 quaeret,
408 2765 454 2770 ——
493 2752 566 2779 aut
597 2758 799 2794 argumenta
837 2751 981 2785 diducet
1015 2750 1055 2784 in
1091 2750 1220 2798 digitos
1253 2753 1346 2787 eim?
1390 2755 1455 2795 11,
1484 2755 1527 2795 1,
1562 2751 1608 2787 53
1638 2751 1688 2786 Ν.

206 2788 384 2831 uuum,
413 2801 494 2842 ⁰¹¹⁰}
515 2791 653 2826 Cottam
678 2797 888 2840 appetisset,
921 2802 998 2831 aut
1020 2798 1088 2840 (Ζ.
1114 2810 1156 2830 ex
1181 2799 1278 2833 Goth.
1307 2798 1377 2839 an)
1402 2809 1484 2832 cum
1506 2797 1585 2842 ipse
1607 2806 1695 2832 seso

205 2840 398 2888 conaretur
415 2837 602 2880 occidere,
628 2840 738 2873 telum
760 2842 793 2875 ei
814 2854 835 2877 e
856 2842 1020 2877 manibus
1031 2848 1192 2886 ereptum
1205 2849 1261 2877 est
1283 2846 1364 2878 Cic.
1384 2844 1420 2888 5,
1437 2846 1495 2886 10,
1510 2844 1557 2880 69
1573 2843 1622 2877 Ν.
1639 2855 1689 2876 σν.

203 2876 251 2922 11)
286 2882 348 2913 sthi
373 2885 427 2914 vel
462 2884 536 2916 aliis
572 2884 859 2928 Conjunctionibus
887 2891 1166 2933 contrapositum.-
1204 2891 1261 2934 10,
1287 2893 1322 2934 1,
1347 2888 1383 2925 6.
1430 2900 1527 2925 cum
1563 2893 1619 2924 est
1649 2887 1694 2926 in
