1728 3002
594 129 824 173 Seston-tius
857 154 908 162 --
939 128 988 171 Si
1473 131 1555 170 829

22 237 268 284 Sestertius.
307 246 405 284 bona
429 244 472 282 C.
492 243 626 280 Rabirii
649 254 723 280 uno
744 243 825 290 (ap.
850 245 942 280 cte.
967 254 1005 288 p.
1034 243 1126 278 Rat.
1155 242 1214 278 17.
1240 250 1387 279 nummo
1408 241 1472 284 Ζ.)
1495 251 1556 278 se-

11 296 15 298 ’
67 295 193 331 stertio
216 294 349 329 addicit
365 296 422 336 11,
444 295 480 336 3,
505 296 584 328 172.
607 292 669 337 qui
696 290 898 326 sestertium
921 288 1023 335 (optt-
1048 291 1153 324 Codd.
1172 290 1353 334 sestertia)
1372 301 1558 324 nummum

66 342 224 388 quinque
250 340 359 374 millia
375 341 578 385 legaverat,
604 349 684 372 cum
710 338 914 377 emendaret
937 335 1084 370 sublatis
1108 336 1280 371 sestertiis
1302 336 1475 380 nummis,
1499 347 1557 369 ar-

67 388 308 435 gentipondo
331 386 470 431 posuit,
493 385 649 429 quinque
672 383 768 418 milia
790 389 997 425 manserunt
1017 385 1061 422 7,
1085 382 1126 423 6,
1152 385 1207 416 11.
1237 393 1328 427 quae
1350 382 1444 417 dicta
1473 387 1558 416 sunt

66 437 112 469 de
142 433 387 474 sestertiorum
417 430 528 476 (opu.
564 433 666 466 Codd.
696 428 892 475 sestertiis)
924 427 1159 475 septingentis
1196 428 1353 464 millibus
1374 429 1420 472 9,
1441 431 1487 472 2,
1509 427 1556 462 47

66 482 116 515 N·
143 492 191 514 cr·

21 525 122 567 Seu.
169 532 415 570 ratiocinativa
437 544 510 579 seu-
524 530 611 577 (Sp.
632 530 755 578 atque)
779 531 968 568 collectiva
991 531 1153 576 quaestio
1177 533 1211 570 7,
1236 534 1270 574 1,
1290 532 1338 567 60
1356 534 1399 566 Ζ.
1424 530 1556 579 figuras

67 593 132 618 seu
157 581 407 616 translationes
431 586 630 614 mutuamur
653 582 700 625 8,
722 580 780 615 Pr.
808 581 868 614 25.
904 579 1079 624 quantitas
1102 596 1150 604 -
1172 589 1237 613 seu
1259 577 1358 612 modi
1382 583 1458 622 est,
1491 588 1557 611 seu

63 625 339 670 numeri-md,
365 627 425 661 41.

19 673 194 716 Severe·
240 685 367 718 laete
403 693 449 717 an
478 693 645 718 severe
680 683 801 717 dicere
829 682 873 724 8,
898 682 940 724 3,
962 680 1021 716 40.
1060 686 1132 715 tam
1162 680 1289 715 salse
1325 690 1431 726 quam
1455 690 1556 716 sev.

66 730 207 766 dicendi
232 731 267 771 6,
291 732 327 772 3,
352 731 430 763 101.
455 741 489 764 υ.
510 728 714 762 Acriter.
740 741 771 764 s.
795 729 975 763 institutae
998 728 1144 762 scholae
1167 729 1204 770 2,
1228 729 1263 769 2,
1290 728 1345 761 10.
1370 725 1555 770 judiciuin,

27 786 34 789 “
64 787 138 822 quo
163 777 213 810 ita
237 786 365 810 severe
389 781 470 808 sunt
497 775 552 808 usi
577 781 720 809 veteres
747 774 967 823 grammatici
995 777 1027 816 1,
1051 773 1086 816 4,
1110 775 1144 806 3.
1169 772 1381 820 graviter
1405 777 1441 806 et
1464 783 1556 807 sev.

62 823 180 858 vetuit
204 825 265 864 11,
289 824 332 864 3,
356 821 443 863 1483
487 821 581 866 Quid
603 820 749 855 ironia?
774 831 894 855 nonne
920 820 1026 854 etiam
1050 830 1142 864 quae
1170 818 1491 854 severissime
1516 818 1557 852 fit

65 869 166 914 (opu.
201 869 305 902 Codd.
331 866 377 901 sit
398 865 602 910 verissime)
634 866 725 911 joci
749 877 860 912 prope
887 877 999 914 genus
1022 873 1077 900 est
1102 867 1139 910 6,
1163 867 1199 910 3,
1222 866 1280 900 68.

19 925 253 968 severitas·
289 946 319 970 s.
344 934 551 980 disciplinae
579 937 614 977 2,
635 937 673 976 2,
697 933 731 967 4.
756 933 865 968 nimia
888 933 1145 968 emendationis
1169 945 1197 968 s.
1216 935 1252 975 2,
1266 931 1301 976 4,
1322 934 1378 967 10.
1402 931 1557 966 licen-

67 982 162 1016 tius
192 991 297 1026 qnam
329 977 382 1015 uti
412 981 484 1016 fori
516 991 609 1015 sev.
633 981 725 1013 ferat
749 981 792 1023 8,
818 981 863 1020 6,
889 979 946 1014 24.
968 979 1150 1024 gratiae
1180 977 1370 1023 plurimum
1403 978 1556 1012 dicentis

66 1030 166 1072 (Sp.
190 1026 319 1071 dictis)
343 1038 437 1063 sev.
464 1027 564 1061 affert
589 1026 630 1068 6,
661 1027 704 1069 3,
728 1026 786 1061 26.
817 1025 926 1060 animi
953 1031 1078 1060 natura
1109 1041 1155 1050 —-
1187 1024 1556 1066 misericordia,

68 1074 354 1116 crudelitas,
387 1084 506 1116 sev.,
542 1072 680 1116 aliaque
712 1071 769 1107 his
797 1071 925 1105 similia
957 1072 1108 1105 afferunt
1129 1071 1339 1114 frequenter
1362 1070 1468 1104 fidem
1493 1076 1556 1105 aut

18 1123 21 1126 “
68 1120 255 1154 detrahunt
279 1120 318 1161 5,
344 1122 411 1162 10,
433 1122 491 1152 27.
527 1118 751 1152 affectatione
777 1117 853 1162 ipsa
880 1116 1080 1151 severitatis
1105 1119 1168 1156 11,
1200 1120 1241 1159 1,
1263 1118 1320 1150 32.
1351 1122 1391 1149 ut
1419 1118 1557 1163 allege-

65 1176 143 1200 mus
171 1163 409 1246 (1'11‘11'01‘)6P¹·0
433 1164 637 1210 infelicibus
656 1163 1063 1207 misericordiam,
1094 1173 1160 1209 pro
1183 1161 1290 1196 laesis
1317 1162 1557 1199 severita-

62 1218 152 1246 tem
174 1212 217 1256 4,
245 1214 278 1255 1,
302 1212 321 1244 1
348 1234 361 1245 .

20 1269 222 1311 severus-
264 1277 312 1322 α)
336 1280 379 1312 cle
402 1278 511 1311 animo
537 1283 597 1310 uui
620 1284 764 1312 natum.-
788 1277 940 1320 juveneo
963 1275 1131 1312 severi
1157 1287 1199 1311 ac
1222 1273 1471 1311 luxuriosi
1497 1278 1558 1320 11,

67 1328 116 1370 3,
137 1325 195 1361 74.
226 1335 318 1359 sev.
343 1335 389 1358 an
411 1323 561 1357 mitem
584 1323 739 1357 animum
762 1325 807 1366 3,
830 1325 872 1367 9,
896 1327 932 1359 7.
960 1325 1080 1359 vultus
1103 1334 1220 1366 sem,
1243 1333 1318 1357 non
1343 1328 1558 1357 moestus

44 1375 136 1407 ‘nec
163 1378 381 1416 stupetis,
405 1381 473 1404 nec
498 1369 750 1416 languidus
780 1373 835 1413 11,
861 1372 902 1414 3,
929 1371 986 1406 59.
1016 1375 1285 1414 praeceptorem
1308 1369 1557 1403 sanctissi-

65 1429 182 1454 mum
205 1427 380 1462 quemque
403 1421 440 1450 et
465 1415 705 1460 disciplinam,
735 1427 827 1460 quae
850 1415 1046 1450 maxime
1078 1427 1247 1451 severa
1270 1414 1381 1450 suerit
1403 1418 1436 1457 1,
1457 1419 1494 1458 2,
1518 1417 1558 1450 5.

64 1463 300 1509 vituperatio,
324 1473 416 1506 quae
438 1462 469 1496 si
492 1462 636 1508 gravius
659 1461 776 1504 posita
804 1461 872 1505 sit,
900 1473 1082 1498 severa
1112 1467 1187 1504 est,
1214 1461 1247 1495 si
1268 1461 1405 1504 levius,
1436 1461 1555 1494 ridi-

66 1512 172 1544 cula
193 1510 228 1550 6,
256 1511 292 1551 3,
314 1510 371 1543 37.
396 1510 579 1543 severiora
602 1508 734 1548 iudicia
754 1507 791 1549 4,
818 1511 853 1550 2,
879 1511 957 1542 122.
989 1507 1192 1542 severiores
1214 1509 1314 1553 leges
1339 1510 1397 1549 12,
1425 1508 1460 1549 1,
1482 1507 1529 1541 40
1544 1519 1559 1550 ;

65 1554 291 1590 severissima
315 1558 412 1586 secta
433 1556 468 1595 1,
492 1557 549 1595 10,
573 1555 630 1587 15.
654 1565 689 1586 v.
713 1553 873 1596 Asper.
919 1553 964 1597 β)
987 1555 1030 1586 de
1056 1555 1187 1586 dicendi
1208 1551 1346 1594 genere.-
1377 1551 1462 1596 quid
1486 1561 1556 1587 se-

66 1611 242 1642 verum,
272 1598 356 1642 quid
387 1599 632 1641 jucundum
667 1597 712 1631 sit
733 1599 774 1636 9,
796 1597 840 1639 4,
863 1601 943 1631 120.
977 1610 1008 1631 v.
1033 1598 1342 1632 Luxuriosus.
1383 1609 1555 1633 severa

66 1658 142 1682 non
163 1643 324 1679 tristia
347 1646 404 1686 12,
431 1646 488 1685 10,
510 1646 568 1679 80.
592 1644 776 1678 Audeat
797 1644 888 1677 haec
912 1648 1008 1677 aetas
1034 1645 1148 1687 plura,
1173 1649 1209 1677 et
1232 1641 1406 1686 inveniat,
1432 1650 1470 1677 et
1493 1644 1555 1678 in·-

66 1692 186 1730 ventis
219 1691 386 1738 gaudeat,
426 1689 498 1723 sint
527 1690 614 1723 licet
639 1689 701 1722 illa
738 1699 813 1723 non
843 1688 929 1723 satis
962 1689 1095 1724 sicca
1121 1689 1263 1723 interim
1292 1701 1335 1724 ac
1369 1700 1553 1725 severa.

66 1738 188 1774 Facile
220 1735 416 1770 remedium
447 1741 502 1768 est
533 1734 791 1769 ubertatis:
824 1734 1022 1768 sterilia
1056 1737 1157 1769 nullo
1188 1735 1311 1769 labore
1346 1735 1554 1770 vincuntur.

67 1788 113 1828 2,
135 1783 180 1824 4,
202 1783 238 1817 6.
271 1782 335 1814 sed
356 1780 476 1829 priora
502 1786 583 1814 sunt
608 1780 788 1815 severiora
810 1781 856 1823 9,
878 1779 922 1823 4,
947 1779 994 1815 64
1019 1782 1068 1815 Ν.
1095 1794 1142 1815 cr.
1177 1791 1258 1815 cum
1292 1781 1553 1816 Demosthenis

67 1840 197 1866 severa
223 1828 388 1862 videatur
410 1827 622 1871 compositio
646 1842 692 1851 —
717 1825 929 1860 Ciceronem
958 1832 1103 1871 carpant
1132 1828 1180 1870 9,
1202 1826 1246 1869 4,
1270 1827 1333 1869 633
1364 1827 1553 1862 severiore

67 1886 200 1923 genere
226 1872 310 1906 satis
333 1871 475 1906 firmatis
504 1875 567 1915 10,
591 1876 608 1906 1
622 1897 634 1915 ,
662 1874 740 1906 131.
765 1873 931 1906 cantandi
949 1874 1170 1907 severiorem
1196 1872 1302 1916 paulo
1326 1873 1470 1914 modum
1493 1876 1554 1917 11,

68 1925 112 1964 3,
135 1923 190 1958 59,
215 1918 400 1962 (ornatus)
422 1917 646 1962 pressior
668 1924 705 1952 et
729 1918 955 1954 severior
974 1919 1019 1963 8,
1040 1921 1083 1964 3,
1107 1921 1171 1963 133
1195 1917 1444 1955 severissimae
1466 1929 1554 1954 ora-

63 1967 155 2003 tioni
172 1967 207 2009 6,
234 1967 271 2008 3,
301 1966 367 1997 102
395 1975 431 1998 v.
455 1964 717 1999 Ridiculus.

21 2026 124 2068 Sex.
157 2052 202 2060 -
224 2034 287 2068 vel
309 2017 655 2088 quinque'partes
685 2034 729 2077 9,
754 2031 801 2077 4,
828 2031 908 2070 115.

20 2089 351 2184 szngegl‘arius·
396 2099 682 2146 objurgantibus,
711 2101 808 2145 quod
830 2110 954 2147 sexag.
978 2098 1168 2134 Publiliam
1188 2096 1366 2146 virginem
1389 2098 1551 2135 duxisset

210 2159 244 2182 o.

18 2174 250 2248 Seiageni.
294 2201 474 2246 quomodo
505 2202 734 2237 Metrodorus
767 2202 808 2237 in
827 2203 903 2237 XII
935 2201 1046 2249 signis
1078 2207 1245 2237 trecenos
1277 2206 1314 2236 et
1346 2212 1552 2250 sexagenos

63 2249 244 2286 invenerit
263 2249 365 2282 locos
390 2251 453 2291 11,
475 2250 523 2291 2,
549 2251 606 2282 22.

19 2307 193 2350 Sextus.
237 2321 360 2350 sextus
391 2315 528 2349 annalis
558 2315 603 2358 6,
635 2316 680 2360 3,
700 2315 760 2351 86.
792 2326 825 2351 s.
856 2327 960 2352 casus
986 2318 1033 2359 1,
1056 2314 1100 2359 4,
1122 2315 1182 2350 26.
1204 2326 1296 2359 quae
1320 2314 1472 2362 (litera)
1494 2321 1550 2352 est

63 2370 166 2398 sexta
189 2367 388 2396 nostrarum
414 2364 470 2405 12,
496 2363 556 2404 10,
576 2362 634 2396 29.

17 2420 172 2462 Sexus.
210 2428 287 2474 (esi,
311 2429 400 2462 mule
421 2435 647 2471 argumentum
672 2429 758 2462 sunu·
778 2426 897 2472 possit)
920 2428 955 2472 5,
980 2429 1035 2470 10,
1061 2428 1106 2462 25
1125 2428 1173 2461 N.
1190 2426 1236 2470 211⁸.
1260 2425 1297 2471 4,
1322 2429 1357 2472 1,
1381 2428 1436 2463 13.
1462 2427 1550 2463 effe-

60 2474 569 2557 ssixnlastigegusfigiendacium
595 2475 631 2520 5,
656 2476 714 2518 12,
738 2475 795 2509 19.
819 2474 906 2518 (fig.
925 2472 1224 2519 συνεζευγμένον)
1247 2473 1360 2520 jungit
1383 2474 1551 2510 diversos

17 2566 79 2615 Si.
126 2577 170 2622 1)
204 2547 246 2611 ‹l'e
273 2545 412 2620 ἑίηιρϊὶοί
437 2577 536 2621 hujus
563 2577 754 2621 particulae
782 2587 858 2611 usu.
902 2574 951 2619 a)
978 2588 1010 2610 c.
1033 2577 1198 2611 Iudicat..-
1234 2576 1416 2623 Quaedam
1438 2594 1485 2602 —
1507 2577 1547 2612 in

61 2624 289 2670 peroratione
317 2623 499 2667 implenda
534 2629 617 2657 sunt
647 2621 778 2669 magis,
810 2621 848 2656 si
878 2628 1002 2656 contra
1031 2622 1263 2666 impotentem
1290 2628 1546 2668 etc-„suscepta

61 2681 170 2706 causa
199 2674 271 2713 θεῖς
304 2669 344 2705 si
371 2669 547 2714 judicibus
572 2668 659 2716 ipsis
683 2686 731 2696 —·
755 2666 973 2704 deformitati
998 2668 1160 2703 futura
1186 2668 1362 2704 absolutio
1387 2669 1484 2714 (rei)
1509 2671 1544 2713 6,
