1728 3002
515 197 675 239 Parcus
703 220 759 228 —
788 193 1075 238 Parmularius
1476 196 1559 236 623

25 312 206 356 Paruum
233 333 302 369 pro
328 321 522 359 sordido
547 331 734 367 parcum
759 320 881 356 dicere
904 320 939 365 5,
966 323 1024 366 13,
1048 321 1107 357 26.

23 362 358 417 Parenchiresis.
405 381 452 415 de
474 379 652 415 divisione
677 384 713 413 et
741 378 983 423 parenchiresi
1004 382 1040 423 2,
1066 378 1153 423 Cap.
1175 377 1211 414 6.

14 424 202 468 Ῥδῐθῐὶδο
249 438 284 481 1)
307 441 454 482 proprie.
486 436 525 479 α)
549 438 677 479 singul.
706 434 744 479 a)
768 437 811 469 de
834 443 952 479 patre.-
982 435 1018 478 6,
1040 437 1098 469 Pr.
1130 439 1162 470 1.
1189 437 1246 469 13.
1272 437 1308 479 3,
1334 437 1370 477 7,
1393 433 1451 468 26.
1474 444 1562 478 pro-

70 484 167 518 tinus
192 490 231 518 ut
255 484 323 519 erit
349 494 477 529 parens
499 483 615 517 factus
641 486 674 525 1,
700 484 734 524 1,
759 483 792 516 3.
839 493 1011 526 parens
1036 482 1228 517 liberorum
1260 493 1306 516 an
1341 480 1479 515 orbus
1514 480 1562 514 sit

72 530 108 573 5,
127 530 190 572 ’10,
218 531 275 566 26.
323 536 437 564 sumat
463 529 618 573 parentis
642 539 728 576 erga
763 526 956 571 discipulos
988 538 1071 562 suos
1105 528 1260 562 animum
1295 531 1331 567 2,
1363 530 1398 569 2,
1435 525 1471 560 4.
1519 525 1561 570 b)

72 578 172 609 etiam
196 578 238 610 de
264 584 388 610 matre.-
426 577 523 621 quod
547 576 591 609 de
613 580 761 608 matre
786 574 876 616 dixi,
906 575 949 609 de
972 581 1172 619 utroque
1204 580 1402 618 parente
1429 571 1561 617 accipi-

73 623 203 655 endum
227 625 284 665 11,
312 625 345 665 1,
369 622 427 657 65.
475 619 644 666 (Cicero)
667 619 755 654 fecit
785 630 915 654 nomen
947 621 1165 664 parentis
1202 631 1276 654 non
1312 619 1429 653 tilio
1461 617 1562 652 invi-

72 666 233 711 diosum,
262 669 325 703 sed
348 668 435 713 ipsi,
460 667 498 702 in
525 678 630 712 quam
654 667 840 700 dicebatur
861 669 904 700 ib.
933 668 995 708 633
1020 672 1060 700 ut
1083 668 1217 708 majora
1242 666 1405 700 animalia
1429 665 1562 699 diutius

70 713 270 748 visceribus
294 714 451 759 parentis
472 713 534 755 (α.
561 717 584 747 ι.
609 711 814 757 parentum)
842 712 1112 746 continerentur
1134 715 1189 755 10,
1219 715 1254 754 3,
1286 712 1322 746 4.
1396 711 1417 754 )
1442 714 1558 745 Phar..-

70 761 107 801 2,
131 760 167 803 5,
190 762 223 795 1.
269 772 303 804 p.
325 759 607 805 indulgentiores
629 758 665 802 4,
689 761 723 800 2,
747 757 804 793 74.
830 759 1030 802 parentium
1053 760 1107 801 (S
1114 770 1146 802 p.
1178 765 1361 802 parentum
1414 756 1563 800 imperi-

70 809 190 840 torum
219 806 326 840 inane
348 806 514 853 gaudium
537 808 573 848 2,
597 803 633 848 4,
660 806 704 838 16
727 808 771 838 Ζ.
796 803 840 845 qs.
865 805 900 848 6,
929 807 961 847 1,
989 806 1043 839 18.
1072 815 1179 838 caeca
1213 815 1255 838 ac
1286 804 1400 848 sopita
1430 814 1564 848 paren-

69 854 147 884 tum
168 851 334 886 socordia
359 855 393 895 1,
421 854 456 892 2,
483 852 517 886 5.
564 856 650 885 vota
675 855 862 894 parentum
899 853 942 885 ib.
978 852 1037 886 25.
1072 861 1120 884 ne
1152 849 1426 885 oblivisceretur
1453 860 1563 884 reve-

70 896 230 941 rentiae,
266 909 357 942 quae
390 897 596 942 parentibus
624 897 775 930 debetur
805 899 859 938 11,
884 900 918 939 1,
941 897 998 931 62.
1046 896 1106 940 qui
1130 902 1296 940 parentes
1325 907 1397 931 non
1421 895 1560 935 aluerit,

0 941 31 961 Ὗ
70 942 249 977 vinciatur
270 945 305 986 5,
331 945 387 985 10,
417 945 474 978 97.
522 943 823 976 exheredatorum
857 953 877 974 a
907 942 1114 985 parentibus
1144 946 1185 985 ¹7,
1220 941 1255 984 4,
1294 945 1349 975 11.
1397 941 1562 975 homines

72 987 233 1022 honestis
254 989 460 1032 parentibus
482 994 583 1022 natos
607 991 664 1029 11,
690 990 723 1028 1,
747 988 804 1021 85.
830 999 863 1020 v.
891 988 1068 1022 Liberi.
1096 986 1378 1032 (declamatores)
1403 988 1563 1031 plerum-

72 1044 142 1078 que
169 1033 288 1076 filii,
313 1040 544 1078 parentes
569 1033 658 1076 (Sp.
697 1031 835 1076 patres)
873 1053 916 1060 —
946 1034 1034 1067 fiunt
1059 1037 1094 1077 3,
1122 1035 1158 1077 8,
1186 1036 1224 1068 51
1256 1038 1298 1067 Z.
1346 1033 1397 1077 n)
1420 1037 1560 1067 transl..-

72 1080 160 1113 deus
182 1079 243 1114 ille
267 1090 396 1124 parens
418 1091 536 1114 rerum
563 1083 607 1121 2,
642 1079 704 1120 16,
735 1081 779 1112 12
819 1082 861 1112 Ζ.
901 1091 1022 1114 rerum
1059 1081 1135 1124 ipsa
1169 1086 1294 1113 natura
1331 1079 1369 1113 in
1404 1089 1448 1113 eo
1483 1089 1560 1113 non

71 1135 240 1171 parens
272 1126 335 1159 sed
366 1135 566 1160 noverca
596 1124 703 1159 fuerit
727 1127 782 1167 12,
821 1127 854 1166 1,
881 1127 915 1164 2,
961 1126 1024 1160 ille
1047 1126 1159 1170 (vetus
1195 1124 1332 1170 orator)
1356 1125 1455 1170 quasi
1483 1126 1561 1159 elo-

72 1171 238 1216 quentiae
272 1182 400 1216 parens
427 1174 481 1214 12,
508 1174 564 1214 11,
589 1172 622 1206 5.
649 1177 900 1215 praeceptores
927 1188 974 1195 —
995 1178 1160 1217 parentes
1184 1183 1284 1215 esse,
1317 1182 1390 1206 non
1415 1171 1563 1215 quidem

69 1227 282 1261 corporum,
314 1218 379 1251 sed
404 1217 574 1252 mentium
600 1219 637 1259 2,
668 1217 703 1258 9,
730 1219 761 1250 1.

24 1260 176 1303 Pareo·
210 1273 251 1316 ιι)
276 1282 465 1317 praesto
490 1287 598 1307 sum.-
632 1282 724 1318 quae
753 1273 782 1306 si
806 1274 918 1316 velut,
949 1274 1014 1307 sub
1038 1284 1111 1308 uno
1140 1279 1294 1316 conatu,
1322 1279 1390 1308 tam
1416 1274 1560 1309 diversa

69 1324 195 1365 parent
221 1319 326 1353 simul
352 1322 385 1363 1,
408 1321 465 1362 12,
488 1319 522 1354 4.
567 1321 610 1364 β)
635 1332 663 1352 c.
689 1321 772 1353 Dar.
797 1321 818 1353 ι’.
844 1334 875 1364 q.
912 1322 1191 1364 obtempero.-
1233 1320 1343 1362 filius,
1387 1321 1447 1364 qui
1484 1332 1559 1354 non

67 1370 189 1411 pareat
213 1364 304 1409 patri
327 1367 362 1408 7,
387 1364 423 1408 4,
446 1369 504 1400 27.
552 1365 732 1409 responsis
755 1377 881 1409 parere
921 1368 954 1409 3,
993 1369 1048 1408 11,
1082 1367 1115 1401 6.
1148 1366 1352 1410 quicunque
1382 1366 1560 1401 voluntati

68 1416 151 1446 tuae
174 1420 248 1445 non
270 1412 428 1455 paruerit
450 1415 486 1454 7,
513 1414 544 1454 1,
572 1414 629 1445 21.
653 1412 698 1445 de
722 1418 841 1458 gestu,
880 1411 940 1456 qui
968 1418 1002 1446 et
1026 1412 1104 1457 ipse
1130 1412 1217 1448 voci
1239 1413 1492 1456 consentit,
1522 1418 1559 1447 et

0 1464 7 1471 ‘
70 1457 187 1491 animo
209 1468 291 1490 cmn
313 1468 357 1491 ea
381 1458 484 1492 simul
510 1463 641 1501 paret
667 1460 724 1500 11,
750 1459 786 1500 3,
809 1457 867 1493 65.

22 1501 597 1595 Ρδῐὶῧῐῐόῧῑὲδοὸοργπωοὶιὶω,
629 1525 736 1559 quem
761 1514 820 1548 alii
844 1515 1062 1559 pariambum
1092 1513 1154 1569 (⁰5
1180 1519 1203 1548 1.
1219 1514 1463 1559 periambum)
1487 1525 1560 1551 vo·-

68 1564 150 1594 oent
194 1585 206 1603 ,
252 1585 264 1603 ‚
337 1585 347 1594 .

22 1611 181 1661 parles·
224 1625 319 1660 intra
340 1627 499 1670 privatos
521 1627 674 1672 parietes
702 1631 737 1672 1,
760 1632 795 1672 2,
820 1631 853 1663 1.
902 1628 932 1662 si
957 1629 1063 1672 janua
1086 1628 1265 1663 tenebitur
1288 1627 1470 1671 incendio,
1494 1639 1559 1672 per

66 1673 239 1718 parietem
267 1672 443 1706 exibimus
465 1677 500 1716 2,
526 1676 582 1717 13,
629 1676 663 1709 6.
688 1681 728 1708 ut
756 1675 872 1709 omnis
900 1676 976 1719 ejus
1000 1675 1204 1719 eloquentia
1230 1674 1407 1709 contineri
1428 1681 1559 1709 tecto

67 1729 110 1752 ac
131 1717 397 1762 parietibus
417 1718 556 1753 videret
627 1723 684 1764 10,
708 1723 742 1764 5,
767 1723 823 1756 18.

22 1773 166 1817 Pario·
212 1784 242 1826 l)
267 1788 421 1828 propn’e:
454 1786 539 1830 (per
564 1787 782 1831 abusionem)
809 1788 900 1832 apud
924 1787 1122 1834 Tragicos:
1169 1788 1220 1820 Et
1250 1787 1341 1830 jam
1374 1788 1447 1821 leo
1478 1799 1559 1832 pa-

68 1830 188 1872 riet3
219 1835 255 1864 at
280 1836 380 1881 pater
404 1836 456 1864 est
479 1833 514 1874 8,
538 1833 572 1871 6,
595 1833 652 1867 34.
700 1833 752 1876 ΙΙ)
779 1838 919 1867 ιναηεῑ..·
953 1844 1102 1880 magnos
1134 1833 1274 1867 modica
1310 1844 1455 1877 quoque
1479 1835 1558 1867 elo-

69 1875 214 1922 quentia
235 1881 327 1919 pant
348 1876 484 1910 fructus
514 1880 569 1919 12,
595 1882 652 1920 11,
675 1880 733 1914 29.
781 1881 1003 1913 consuetudo
1032 1885 1067 1914 et
1102 1879 1313 1913 exercitatio
1350 1879 1556 1913 facilitatem

66 1921 221 1957 maxime
244 1920 334 1964 parit
362 1923 417 1963 10,
441 1923 474 1960 7,
498 1923 532 1956 8.
558 1923 702 1957 fortuna
725 1943 769 1950 —
793 1936 865 1968 quo
890 1925 1046 1958 minores
1076 1936 1162 1968 opes
1186 1926 1351 1967 fuerunt,
1385 1925 1557 1967 majorem

4 1983 11 1985 ·
67 1969 161 2003 bene
183 1966 287 2000 factis
313 1966 460 2013 gloriam
483 1967 574 2010 parit
598 1971 632 2010 3,
665 1972 700 2010 7,
727 1972 781 2003 13.
815 1981 888 2004 ¹res
927 1971 1037 2004 altera
1066 1971 1222 2004 taedium
1254 1970 1408 2012 laboris,
1447 1972 1558 2006 altera

69 2013 295 2049 securitatem
319 2011 410 2055 parit
432 2014 468 2055 2,
492 2016 527 2054 2,
549 2014 583 2047 6.
607 2013 653 2054 cs.
678 2015 714 2054 9.
738 2015 773 2058 4,
799 2014 859 2050 43.
883 2026 930 2049 an
952 2016 1099 2052 divitiae
1134 2016 1336 2060 superbiam
1359 2015 1498 2060 pariant
1519 2019 1556 2061 3,

0 2090 8 2096 .
65 2060 103 2104 6,
130 2061 196 2101 57:¹
232 2059 326 2092 bello
352 2063 484 2101 parta
509 2060 545 2102 5,
571 2061 627 2102 10,
655 2059 734 2094 115.

0 2114 200 2159 *Pariten
244 2127 284 2165 ι)
308 2128 330 2160 ἰ.
357 2139 388 2170 q.
415 2129 703 2170 aequaliter.-
740 2125 874 2170 pariter
902 2127 1108 2162 cadentibus
1130 2129 1166 2171 9,
1191 2130 1226 2170 3,
1255 2131 1335 2162 102.
1381 2126 1427 2173 β)
1459 2130 1483 2161 ι’.
1520 2142 1553 2173 q.

67 2176 223 2207 simul.-
257 2172 327 2205 duo
352 2171 596 2215 surripuerunt
619 2184 654 2216 p.
682 2173 805 2206 decem
828 2172 938 2206 millia
962 2175 997 2216 7,
1020 2174 1056 2216 6,
1079 2176 1114 2211 2,
1161 2174 1345 2218 utriusque
1370 2185 1405 2217 p.
1428 2185 1556 2208 exem-

0 2216 6 2227 *
65 2219 164 2264 plum
189 2219 224 2260 8,
248 2216 284 2259 4,
311 2219 343 2250 1.
391 2219 520 2251 multos
544 2230 579 2262 p.
611 2218 784 2252 invadere
815 2220 849 2260 5,
886 2222 922 2261 7,
955 2219 988 2253 5.
1036 2220 1138 2262 plura
1167 2220 1307 2253 simul
1340 2219 1554 2263 invadimus,

0 2292 5 2296 ,
69 2263 100 2298 si
128 2269 188 2297 aut
214 2269 284 2296 tam
308 2262 444 2296 infirma
466 2270 568 2306 sunt,
600 2270 641 2297 ut
664 2263 848 2308 pariter
873 2264 1008 2308 impelli
1035 2265 1195 2308 possint,
1227 2271 1286 2299 aut
1308 2272 1380 2299 tam
1403 2264 1553 2309 infirma,

6 2334 11 2339 .
67 2316 109 2344 ut
128 2310 255 2353 pedem
279 2309 442 2342 conferre
466 2320 563 2342 cum
587 2309 801 2357 singulis
829 2320 902 2344 non
930 2311 1096 2354 expediat
1121 2313 1154 2351 5,
1182 2313 1237 2354 13,
1265 2315 1318 2345 11.
1345 2317 1380 2345 et
1405 2313 1495 2346 haec
1519 2324 1553 2355 p.

0 2360 6 2370 '
68 2355 187 2390 omnia
213 2358 246 2397 1,
271 2356 327 2396 12,
351 2355 384 2388 3.
411 2354 457 2396 qs.
485 2357 541 2398 10,
570 2358 603 2397 1,
626 2359 691 2398 17;
727 2355 852 2389 Latina
887 2356 1055 2400 subsequi
1091 2356 1222 2390 debent
1255 2363 1290 2391 et
1326 2357 1396 2391 cito
1431 2370 1469 2402 p.
1499 2355 1554 2391 ire

0 2423 7 2430 .
69 2403 103 2443 1,
126 2404 160 2442 1,
185 2399 242 2434 14.
288 2410 368 2433 cum
394 2411 428 2443 p.
453 2401 502 2441 (α.
527 2405 549 2434 1.
585 2404 683 2435 inser.
718 2402 935 2446 utrumque)
968 2407 1120 2449 negatur
1149 2416 1227 2446 opp.
1262 2415 1343 2444 cum
1374 2405 1418 2437 de
1452 2403 1551 2437 facto

68 2451 106 2481 et
132 2447 176 2480 de
200 2451 344 2479 auctore
376 2452 513 2480 constat
546 2449 581 2488 7,
614 2450 649 2489 2,
683 2450 737 2481 11.
776 2449 852 2481 sola
887 2454 940 2482 est
969 2448 1006 2481 in
1037 2459 1081 2482 eo
1112 2449 1204 2482 libro
1239 2449 1355 2492 posita
1386 2459 1423 2492 p.
1456 2447 1551 2482 inter

66 2491 197 2539 figuras
219 2492 411 2527 verborum
440 2492 655 2526 exclamatio
678 2494 714 2536 9,
744 2494 779 2535 3,
802 2495 848 2528 97
862 2504 871 2536 ;
909 2505 990 2528 cum
1015 2505 1049 2537 p.
1075 2494 1236 2528 inventio
1259 2505 1389 2536 rerum,
1418 2495 1548 2529 electio

0 2572 20 2584 γ,
64 2539 257 2572 verborum
281 2545 342 2571 etc.
366 2537 612 2572 desiderentur
635 2542 667 2580 1,
702 2541 758 2581 12,
790 2537 824 2572 4.
871 2539 973 2573 seriis
1007 2539 1181 2583 jocisque
1212 2552 1246 2584 p.
1279 2541 1548 2583 accommodato

64 2584 101 2627 6,
132 2586 168 2627 3,
192 2585 271 2618 110.
317 2583 562 2617 inventionem
587 2589 632 2618 et
657 2584 924 2628 dispositionem
946 2598 980 2629 p.
1019 2591 1191 2619 exercent
1222 2588 1278 2628 10,
1311 2587 1345 2628 5,
1384 2584 1439 2620 14.
1471 2597 1549 2621 rem

37 2635 251 2674 gun-amque
276 2628 416 2673 subjicit
439 2630 553 2663 oculis
577 2635 621 2664 et
645 2641 680 2674 p.
707 2630 862 2664 ostendit
884 2632 918 2671 8,
934 2633 968 2674 3,
992 2632 1050 2664 79.
1077 2631 1203 2675 quibus
1223 2642 1325 2666 mens
1348 2642 1383 2675 p.
1404 2637 1546 2677 atque

20 2705 24 2709 ,
68 2675 183 2709 oratio
205 2675 360 2730 insurgat
386 2678 443 2718 12,
465 2677 500 2718 2,
524 2675 582 2710 28.
606 2686 642 2720 p.
667 2681 715 2710 et
738 2675 877 2710 habitus
901 2681 946 2710 et
968 2675 1114 2710 nomina
1127 2678 1372 2712 edocebantur
1389 2680 1421 2720 1,
1437 2681 1471 2720 1,
1486 2680 1546 2712 25.

3 2708 321 2774 ’ᾨὶῐωιιΙωἹιιῶ
375 2732 479 2766 Alius
502 2731 746 2776 percontanti,
782 2733 1020 2767 Theodoreus
1044 2744 1091 2769 an
1123 2731 1390 2779 Apollodoreus
1423 2734 1545 2769 esset?

39 2830 46 2837 λ
66 2774 156 2824 Ego,
177 2777 304 2823 inquit,
325 2777 559 2823 parmularius
582 2789 660 2813 sum
682 2781 720 2824 2,
747 2780 848 2823 11,”2
873 2780 922 2815 N.
945 2786 979 2814 et
1004 2780 1042 2815 S.
