1728 3002
206 136 292 177 416
404 128 409 131 i
559 103 564 105 -
772 131 962 176 Incultus
991 157 1046 166 —-
1076 133 1181 178 Inde

207 246 412 292 Incultus-
445 255 604 294 consitus
627 267 673 292 an
697 255 768 293 ino.
790 255 810 302 (
824 257 940 300 locus)
971 260 1012 303 5,
1039 262 1107 304 10,
1131 261 1187 297 37.
1225 259 1255 295 si
1280 259 1359 307 quis
1384 273 1515 308 corpus
1539 275 1643 299 sumn
1663 264 1728 300 ⁴in

255 309 393 341 culto
428 305 485 352 (S
491 320 523 350 p.
550 303 760 348 inocculto)
791 306 874 340 loco
896 306 983 351 poni
1005 307 1138 352 jubeat,
1162 326 1207 334 —
1231 307 1277 343 sit
1298 308 1371 344 litis
1395 310 1542 346 occasio
1566 313 1728 347 cultun

254 355 351 397 (Sp.
375 353 516 394 inocc.)
539 355 575 395 7,
601 353 636 395 9,
664 352 686 386 5
711 352 748 384 S.

207 397 428 441 Incumbo.
462 408 733 442 incumbere
756 407 836 442 illi
862 419 936 443 non
960 407 1014 454 (ui
1028 408 1296 454 omnesveleres)
1318 409 1362 446 in
1385 410 1529 447 illum
1552 414 1587 456 9,
1602 416 1638 459 3,
1655 417 1672 448 1
1694 417 1728 450 Ν

254 455 290 498 Ι)
319 459 341 490 i.
367 469 397 501 q.
427 458 611 488 incubo:
646 465 712 488 nos
738 455 970 499 sedemus,
998 455 1329 491 incumbimus
1349 459 1489 502 9,1,11
1506 460 1718 503 N.;1ransl.

252 513 440 537 cursum
471 502 648 534 habent
677 503 850 545 quaedam
876 501 1005 545 (signa)
1037 507 1072 536 et
1102 501 1346 547 impetum,
1386 504 1558 540 sedent
1590 507 1659 540 alia
1682 519 1728 542 ve

251 549 528 582 incumbunt
562 550 607 590 2,
637 549 706 590 13,
735 550 792 582 10.
866 547 920 590 11)
944 551 968 582 ἰ..
995 562 1024 592 q.
1052 551 1248 592 inclino,
1281 553 1469 584 innitor.
1516 550 1560 594 α)
1583 555 1718 597 proprie

249 595 455 628 incumbere
489 594 664 627 advocato
692 593 852 628 adversis
875 594 1055 628 subselliis
1079 595 1217 629 sedenti
1242 598 1305 639 11,
1335 598 1375 639 3,
1404 598 1472 630 132
1496 598 1567 640 N.;
1604 598 1728 633 incum-

251 640 367 675 bentis
391 640 436 674 in
463 639 708 673 mulierculam
730 642 774 673 ib.
790 641 848 676 90.
875 640 923 674 111
947 642 1112 674 dextrum
1141 641 1293 686 (pedem)
1318 642 1526 677 incumbere
1548 644 1600 685 (a.
1614 649 1636 679 1.
1656 656 1728 689 pro-

250 688 366 721 cumb.
391 686 435 720 al.
453 684 633 728 recumb.)
651 688 694 721 ib.
719 686 803 728 1253
843 698 971 733 magna
994 687 1051 722 vis
1073 687 1175 723 venti
1197 688 1235 721 in
1258 699 1356 722 mare
1382 688 1545 723 incubuit
1567 692 1602 734 5,
1627 692 1670 733 9,
1696 693 1716 726 5

249 735 421 775 luctator,
454 732 514 777 qui
539 731 648 766 totius
673 732 834 776 corporis
861 733 941 767 nisu
968 733 1004 766 in
1029 733 1089 776 id,
1126 735 1223 778 quod
1249 736 1359 768 semel
1387 734 1542 779 invasit,
1570 736 1726 771 incumbi

250 783 296 823 2,
322 782 384 822 12,
407 782 443 812 2.
490 777 705 823 β)1ναηεῖ..·
743 780 843 813 Huc
876 779 1120 813 incumbat
1144 785 1288 824 orator,
1319 781 1391 815 hoc
1415 791 1529 826 opus
1557 782 1652 826 ejus,
1682 783 1728 816 hi«

248 826 387 859 labor
410 830 465 859 est
487 826 523 866 6,
541 827 576 867 2,
594 827 630 859 7.
657 824 703 858 in
728 824 774 858 id
797 825 954 860 maxime
977 825 1157 861 incumbet
1180 829 1216 871 2,
1239 828 1274 871 8,
1298 829 1353 861 13.
1391 833 1562 872 patronus
1587 829 1633 862 in
1656 830 1728 864 1101

249 872 485 906 vehementer
510 871 694 904 incumbet
718 875 752 914 7,
778 874 814 916 2,
838 873 896 906 33.

202 915 482 959 Incunabula·
517 927 678 962 discendi
705 927 795 972 (Sp.
819 928 985 970 dicendi)
1008 905 1114 965 *velut
1134 926 1359 964 incunabulis
1382 931 1442 964 Pr.
1467 930 1492 966 6
1513 933 1558 965 Ζ.

203 974 395 1016 Incurro.
443 983 489 1029 1)
514 987 668 1029 proprie.-
703 985 742 1019 in
767 987 879 1020 latera
910 992 1015 1031 atque
1040 985 1078 1020 in
1099 992 1200 1034 terga
1220 985 1406 1022 incurrere
1457 999 1491 1022 α.
1517 991 1541 1022 ἲ.
1563 986 1728 1022 incutere

246 1033 282 1074 9,
312 1034 346 1074 1,
369 1033 428 1070 20.
477 1033 540 1072 11)
567 1036 710 1068 1ransl..·
746 1043 837 1077 quae
869 1032 917 1066 in
945 1033 1071 1067 oculos
1100 1033 1287 1067 incurrunt
1316 1036 1352 1077 7,
1379 1036 1413 1077 1,
1464 1036 1498 1068 1.
1540 1035 1598 1076 10,
1622 1036 1658 1077 3,
1683 1034 1727 1068 16

245 1083 287 1112 ut
311 1078 359 1111 in
383 1077 539 1111 animum
565 1078 642 1122 ejus
666 1077 802 1121 oratio,
824 1083 864 1112 ut
891 1079 948 1113 sol
970 1078 1014 1113 in
1037 1080 1174 1122 oculos,
1197 1077 1353 1114 incurrat
1380 1081 1416 1123 8,
1439 1083 1476 1124 2,
1496 1081 1560 1122 23;
1589 1091 1671 1114 cum
1692 1080 1728 1113 i1

247 1125 395 1158 eosdem
424 1135 546 1167 casus,
575 1130 635 1158 aut
656 1129 841 1168 tempora,
868 1131 928 1158 aut
951 1135 1140 1168 numeros,
1168 1131 1229 1159 aut
1252 1125 1357 1159 etiam
1379 1127 1490 1170 pedes
1514 1124 1595 1171 quis
1616 1125 1728 1160 incur-

248 1170 297 1204 rit
319 1171 355 1211 9,
375 1173 408 1212 1,
434 1174 490 1204 11.
527 1172 618 1204 haec
643 1170 712 1204 tria
735 1181 867 1217 genera
890 1170 991 1213 locis,
1017 1176 1055 1204 ut
1078 1170 1125 1204 in
1147 1170 1232 1213 (0.1.
1254 1170 1333 1214 om.)
1359 1182 1522 1217 quosque
1543 1171 1728 1206 incurrent

246 1215 469 1258 subjicienda
493 1222 575 1249 sunt
599 1217 632 1258 5,
664 1219 719 1259 10,
744 1219 788 1251 53
817 1218 865 1250 Ν.
892 1230 937 1251 cr.
975 1227 1022 1251 ne
1045 1216 1095 1251 in
1120 1222 1214 1251 totos
1233 1217 1403 1262 ordines,
1425 1223 1486 1252 aut
1508 1223 1655 1265 gentes,
1680 1229 1726 1252 au

246 1263 401 1306 populos
426 1261 620 1304 petulantia
642 1261 842 1296 incurreret
870 1265 927 1304 11,
952 1265 985 1305 1,
1009 1263 1068 1297 86.

199 1307 409 1350 Incursio.
456 1327 711 1359 nonnunquam
735 1318 828 1350 solet
850 1318 921 1350 hoc
949 1328 1093 1360 quoque
1117 1327 1197 1351 esse
1222 1317 1315 1351 artis
1334 1329 1469 1365 genus,
1499 1324 1541 1352 ut
1566 1321 1728 1364 quaedau

244 1365 284 1399 in
311 1362 453 1397 actione
480 1362 698 1396 dissimulata
728 1362 846 1396 subito
879 1362 918 1396 in
945 1363 1152 1396 altercando
1185 1364 1439 1406 proferantur,
1487 1369 1524 1397 et
1548 1364 1728 1409 inopinati:

246 1408 581 1454 eruptionibus
606 1413 642 1441 et
660 1407 857 1442 incursioni
873 1418 921 1441 ex
941 1407 1078 1441 insidiis
1100 1407 1218 1441 factae
1241 1407 1458 1442 simillimum
1482 1407 1548 1453 (sic
1565 1423 1608 1444 ex
1620 1413 1728 1448 codd..

244 1459 389 1490 maxime
414 1468 456 1488 ex
476 1456 590 1488 Amb.
603 1456 636 1487 1.
651 1456 823 1496 legendum
840 1455 992 1496 videtum·
1023 1455 1089 1497 Sp.
1115 1458 1228 1497 erupt.
1250 1459 1287 1487 et
1301 1464 1350 1488 ex
1365 1453 1433 1489 ins.
1453 1455 1625 1490 citissimo
1638 1457 1728 1490 facte

246 1503 343 1544 sim.;
369 1505 412 1535 Z.
437 1505 552 1544 erupt.
580 1506 641 1534 aut
664 1511 712 1534 ex
735 1500 805 1534 ins.
831 1498 1029 1534 incursioni
1051 1499 1113 1533 fiat
1134 1498 1234 1542 sinn,
1260 1506 1399 1545 uterque
1420 1504 1546 1546 partim
1568 1503 1612 1537 de
1634 1501 1728 1546 conj-J

246 1549 282 1592 6,
306 1546 343 1590 4,
372 1546 418 1581 14
442 1548 491 1580 N·
515 1559 561 1580 Ur·
585 1553 617 1580 21
641 1547 697 1579 S?

200 1594 396 1636 Incurso.
444 1613 534 1648 quae
560 1602 673 1638 oculis
700 1602 763 1639 vel
785 1601 929 1636 auribus
954 1600 1138 1635 incursant
1164 1601 1222 1645 10,
1247 1602 1283 1645 3,
1308 1602 1369 1637 28.

197 1651 415 1693 Incursus·
463 1660 507 1693 ad
530 1659 695 1694 incursus
718 1664 967 1704 tempestatum
992 1660 1056 1703 10,
1083 1659 1125 1702 7,
1148 1658 1184 1692 3.

196 1706 599 1750 Incurvicervicum.
642 1733 689 1744 -
710 1728 822 1762 pecus
847 1719 907 1750 Pa
918 1728 1008 1750 cuv.
1035 1714 1192 1759 1,5,67.
1207 1716 1266 1750 70.

198 1765 421 1807 Incurvus·
470 1779 564 1808 stare
585 1774 777 1810 incurvum
805 1775 863 1818 11,
890 1775 926 1817 3,
954 1773 1036 1808 160.

196 1823 367 1865 Incuso.
412 1830 565 1866 alienam
588 1833 727 1876 culpam
752 1831 970 1866 incusare
994 1829 1080 1873 (0.1.
1104 1826 1253 1872 accus.),
1275 1825 1340 1863 ubi
1361 1826 1485 1863 fateris
1506 1832 1602 1863 tuam
1629 1831 1728 1875 1¹‚1,

243 1880 300 1914 81.
335 1878 497 1912 incusem
521 1879 608 1911 deos
632 1879 667 1921 6,
694 1878 758 1912 Pr.
782 1876 815 1911 4.
851 1877 1019 1910 incusans
1043 1874 1308 1922 congiariormu
1331 1874 1563 1922 exiguitatem
1585 1876 1621 1919 6,
1632 1879 1667 1920 3,
1681 1877 1726 1911 52

242 1926 315 1959 1110.
345 1925 422 1969 ejus
445 1920 572 1958 sordes
598 1926 642 1957 ib.
667 1922 725 1958 74.
760 1922 941 1958 actionum
963 1922 1162 1956 incusanda
1186 1921 1405 1968 negligentia
1428 1923 1472 1964 5,
1502 1924 1546 1964 2,
1579 1923 1616 1957 3.
1660 1933 1728 1956 non

245 1970 361 2006 oratio
384 1971 507 2012 modo,
532 1970 596 2004 sed
605 1970 682 2004 vita
706 1968 814 2004 etiam
835 1967 993 2003 incusari
1015 1969 1110 2002 solet
1124 1968 1231 2012 5,13,
1244 1968 1313 2010 39;
1335 1966 1465 2002 iisdem
1485 1967 1728 2012 laudamus,

245 2017 518 2051 incusamus
542 2016 577 2059 5,
602 2018 638 2059 8,
661 2018 697 2050 2.

198 2063 379 2107 IncutiO·
415 2077 534 2107 terrae
559 2074 687 2117 pedem
709 2071 873 2107 incutere
895 2073 931 2114 2,
955 2073 1012 2114 12,
1037 2071 1095 2105 10.

197 2120 318 2164 Inde·
365 2128 408 2173 1)
435 2131 478 2164 de
503 2134 599 2164 loco.-
635 2136 756 2177 togam
780 2128 864 2162 inde
888 2138 1078 2163 removere
1113 2127 1181 2170 11,
1212 2126 1260 2169 3,
1293 2122 1372 2159 124.
1418 2122 1476 2166 ῙῙ)
1508 2125 1552 2178 εἷς
1573 2131 1728 2170 tempore.

244 2175 282 2219 a)
308 2176 332 2210 i.
358 2177 461 2209 durat
484 2177 528 2209 ad
551 2186 618 2210 nos
647 2187 761 2220 usque
785 2178 830 2218 1,
856 2174 901 2216 5,
925 2177 984 2208 21.
1036 2171 1084 2217 β)
1117 2175 1141 2207 ἰ.
1168 2184 1202 2216 (1.
1232 2173 1406 2224 deinde.-
1441 2181 1543 2224 quasi
1565 2173 1728 2215 perfectis

242 2222 342 2257 omni
365 2222 436 2256 alio
461 2232 594 2268 genere
620 2222 806 2256 doctrinae
839 2231 1012 2254 summam
1035 2219 1061 2253 i.
1083 2219 1309 2263 eloquenuae
1334 2227 1479 2250 manum
1508 2223 1728 2261 imponerent

242 2269 303 2302 Pr.
331 2266 365 2302 4.
413 2269 458 2302 ad
493 2268 561 2302 alia
595 2268 838 2311 deinceps,
893 2273 1000 2311 atque
1038 2265 1146 2299 inde
1180 2263 1250 2297 alia
1283 2263 1476 2297 devertunt
1511 2265 1558 2305 2,
1592 2266 1661 2307 11,
1696 2265 1728 2300 5.

243 2314 267 2347 i.
289 2308 523 2357 τετρᾶσημοι,
542 2311 783 2357 πεντοίσημοι,
808 2311 1032 2355 deinceps
1054 2309 1235 2356 longiores
1257 2308 1346 2361 fiunt
1368 2307 1620 2360 percussiones
1638 2311 1676 2353 9,
1695 2310 1728 2354 4,

244 2360 302 2394 51.
358 2359 544 2394 Ultima
581 2359 776 2404 species
818 2363 918 2402 est,
956 2358 1016 2391 An
1053 2361 1177 2399 optare
1210 2360 1324 2398 possit
1358 2355 1510 2389 ahenam
1547 2357 1728 2392 uxorem?

246 2406 476 2439 Generale
500 2411 590 2448 est,
615 2405 688 2448 An,
717 2403 888 2449 quidquid
915 2401 1112 2447 optaverit,
1138 2399 1302 2445 accipere
1326 2401 1481 2435 debeat?
1527 2401 1647 2444 Inde,
1668 2401 1728 2436 An

245 2461 292 2484 ex
317 2451 459 2493 privato
483 2459 544 2485 etc.
568 2454 602 2491 7,
628 2454 662 2494 1,
687 2450 743 2484 24.
777 2455 817 2483 111
841 2449 886 2483 sit
909 2448 1088 2493 quaestio,
1115 2452 1160 2481 et
1184 2446 1209 2479 i.
1236 2452 1347 2480 status
1370 2448 1405 2489 3,
1427 2446 1464 2488 6,
1487 2446 1544 2482 73.
1592 2446 1664 2490 111)
1687 2450 1728 2482 de

248 2508 373 2529 causa.-
411 2496 647 2541 appellatique
670 2495 696 2530 i.
718 2498 754 2539 3,
770 2498 801 2539 1,
816 2497 871 2530 18.
899 2494 990 2528 risus
1014 2493 1038 2528 i.
1061 2497 1224 2537 captatur
1245 2493 1280 2535 8,
1294 2494 1329 2535 3,
1353 2491 1412 2527 48.
1442 2503 1571 2526 curam*
1589 2492 1728 2529 dicendi

246 2541 350 2574 inde
375 2542 550 2586 coepisse,
577 2543 697 2587 quod
722 2559 768 2566 -
790 2540 987 2576 accuratius
1008 2539 1107 2584 loqui
1122 2537 1339 2572 instituerint
1351 2539 1386 2581 3,
1397 2541 1434 2581 2,
1445 2540 1480 2572 2.
1506 2548 1597 2583 quae
1619 2537 1728 2575 inde

244 2589 488 2630 contraxerit,
527 2590 649 2633 quod
679 2598 753 2622 non
774 2586 887 2621 intelli
938 2593 1021 2620 ntur
1044 2587 1079 2629 8,
1104 2587 1139 2628 2,
1165 2587 1222 2618 12.
1255 2589 1361 2628 atque
1383 2583 1468 2617 inde
1490 2599 1534 2608 -
1560 2589 1614 2618 est
1636 2584 1728 2620 dicta

244 2633 280 2673 6,
305 2635 340 2673 2,
362 2633 397 2666 8.
423 2632 446 2666 i.
466 2634 612 2668 materia
634 2635 726 2668 bene
749 2643 880 2677 respon
908 2633 991 2667 endi
1015 2633 1119 2666 datur
1140 2630 1176 2672 6,
1200 2632 1235 2673 3,
1259 2631 1317 2664 81.
1349 2629 1373 2663 i.
1399 2629 1442 2662 ad
1459 2628 1497 2662 id
1519 2644 1566 2652 —-
1588 2629 1728 2666 ducitur

245 2678 281 2718 8,
308 2675 343 2718 4,
370 2678 424 2710 15.
466 2677 491 2710 1.
516 2680 605 2712 fiunt
627 2679 777 2713 humiles
801 2679 918 2713 statim
945 2681 986 2721 2,
1013 2677 1058 2721 4,
1081 2679 1116 2713 9.
1153 2675 1179 2710 1.
1198 2675 1339 2709 innatus
1362 2678 1417 2708 est
1439 2683 1542 2727 error
1573 2676 1609 2719 3,
1632 2676 1668 2719 6,
1690 2679 1728 2712 7.

246 2723 272 2757 1.
296 2721 458 2757 invident
481 2726 537 2767 11,
562 2728 596 2767 1,
624 2729 679 2760 17.
711 2725 736 2759 i.
758 2725 967 2760 immodeste
989 2726 1193 2769 proponunt
1215 2723 1274 2765 12,
1297 2725 1333 2765 1,
1357 2721 1413 2754 12.
1438 2730 1465 2754 1.
1486 2719 1726 2757 Castorem
