1728 3002
583 277 830 320 Reformido
860 302 916 311 -
945 274 1111 333 Regero
1531 278 1609 319 771

123 393 322 430 ciuntur
344 393 395 436 9,
415 389 460 436 4,
484 391 541 427 62.
573 401 636 426 seu
660 390 939 426 reficienda
966 390 1069 426 brevi
1092 389 1306 435 repetitione
1330 396 1449 424 rerum
1474 399 1611 424 memo-

122 440 176 475 ria
215 439 362 484 judicis,
402 437 482 474 sive
522 437 667 472 affectus
704 437 1044 474 commovendi
1070 435 1113 478 4,
1139 437 1200 473 Pr.
1228 437 1262 472 6.
1298 442 1332 470 υ.
1359 435 1606 471 Memoria.

120 485 295 521 sententia
325 485 427 522 velut
460 483 711 530 fatigatum
742 484 941 519 intentione
975 485 1197 519 stomachum
1229 481 1356 527 judicis
1391 481 1610 518 reficere

119 530 157 575 4,
179 535 216 577 2,
240 534 320 569 121.
354 543 386 568 υ.
408 532 597 565 Recreo.
670 534 678 538 ‘

74 573 336 620 Reformido·
382 594 507 623 onmes
529 585 681 622 arbitros
704 586 914 622 reformidet
941 588 998 625 10.
1021 589 1057 629 7,
1088 586 1142 621 16.
1167 586 1238 630 jam
1262 596 1283 619 a
1303 590 1429 620 tenero
1452 595 1528 619 non
1550 596 1611 620 re-

118 634 312 670 formidare
337 633 501 669 homines
526 635 566 676 1,
591 636 632 674 2,
656 634 710 668 18.
749 632 788 667 in
819 645 891 679 quo
924 632 1017 669 vitio
1040 632 1262 667 cavendo
1285 641 1360 666 non
1383 631 1612 667 mediocriter
1644 647 1650 652 ,

101 691 240 716 *errare
263 680 405 726 quidam
426 681 556 723 solent,
583 678 644 724 qui
667 679 799 723 omnia,
824 690 916 725 quae
940 678 1077 714 suntin
1093 689 1175 722 usu,
1201 677 1436 712 reformident
1458 678 1494 722 8,
1514 680 1554 721 2,
1574 681 1609 713 2.

118 732 288 763 conatum
317 737 462 762 omnem
486 725 556 760 ref.
579 726 622 768 8,
656 725 715 759 Pr.
737 729 772 760 2.
805 726 866 772 qui
896 725 1084 760 frondibus
1107 724 1241 760 teneris
1266 734 1339 768 non
1359 729 1484 769 putant
1511 723 1611 758 adhi-

118 773 274 808 bendam
297 783 376 807 esse
399 773 552 812 falcem.
577 769 661 816 qnia
681 771 1008 807 reformidare
1031 771 1166 805 ferrum
1194 770 1381 814 videntur,
1410 775 1447 805 et
1472 769 1611 804 cicatri-

118 829 199 854 cem
225 819 428 854 nondum
456 817 551 863 pati
577 827 683 862 posse
706 820 742 860 2,
764 817 799 859 4,
827 822 882 853 11.
909 829 1010 852 musa
1033 817 1094 852 illa
1116 817 1305 862 pastoralis
1326 822 1363 851 et
1385 816 1519 850 rustica
1538 826 1612 850 non

120 860 242 899 furtim
266 865 376 900 modo
398 875 527 900 verum
555 862 685 907 ipsane
697 863 802 898 etiam
831 865 957 899 urbem
979 863 1189 898 reformidat
1213 865 1278 907 10,
1305 865 1342 901 1,
1369 863 1424 898 55.
1453 873 1612 896 commn-

115 921 199 945 nem
230 909 401 956 loquendi
428 919 567 952 morem
597 908 833 943 reformidant
854 911 897 954 8,
921 912 968 953 2,
994 913 1049 945 17.
1080 921 1127 943 ne
1158 920 1248 946 vera
1277 907 1481 943 discrimina
1511 909 1613 944 velut

119 957 250 1000 quend.
277 957 390 991 solem
412 953 647 990 reformident
669 957 726 998 10,
752 957 785 999 5,
812 957 867 991 17.
897 955 959 999 qni
981 954 1174 1002 fugiunt
1205 967 1246 989 ac
1268 955 1351 988 ref.
1377 964 1519 989 omnem
1544 965 1613 989 vo-

119 1003 291 1046 luptatem
312 1002 348 1046 8,
372 1003 408 1044 5,
431 1002 488 1036 32.
518 999 759 1045 veriloquium
783 1001 860 1046 ipse
883 999 987 1046 Cic-5
1007 1002 1068 1046 qui
1091 1000 1218 1044 finxit,
1246 1001 1315 1034 ref.
1345 1003 1379 1044 1,
1403 1001 1438 1044 6,
1463 1002 1520 1034 28.

74 1045 298 1104 Reffflgoro
339 1057 446 1095 tacita
475 1057 602 1103 quaed.
635 1057 803 1103 cogitatio
833 1058 1033 1106 refragatur
1063 1057 1121 1092 hia
1149 1057 1313 1093 omnibus
1345 1059 1389 1101 5,
1416 1060 1458 1101 7,
1482 1059 1519 1091 2.
1556 1055 1614 1091 cui

118 1115 193 1139 non
215 1105 416 1152 refragetur
438 1103 621 1150 ingenim
644 1105 702 1145 10,
727 1104 761 1147 6,
789 1102 823 1137 4.

72 1147 276 1192 Refieno.
321 1172 464 1209 cursum
491 1157 635 1196 dicendi
656 1159 816 1194 refrenat
841 1161 878 1204 8,
903 1161 962 1195 Pr.
988 1161 1046 1195 27.

73 1216 312 1274 Refrigero.
370 1230 472 1264 calor
495 1227 729 1275 refrigeretur
751 1230 794 1268 9,
821 1227 869 1271 4,
901 1230 979 1263 113.
1017 1227 1136 1273 aliquo
1171 1227 1307 1261 urbane
1336 1225 1434 1260 dicto
1461 1225 1614 1273 refrige-

117 1277 252 1310 randus
267 1275 318 1318 ⁷⁵,
345 1278 392 1320 7,
414 1275 524 1310 26N.
559 1274 772 1322 refrigerato
799 1274 1020 1311 inventionis
1044 1285 1166 1322 amore
1190 1274 1256 1318 Ep.
1283 1273 1327 1307 ad
1351 1273 1518 1317 Tryph'?
1646 1284 1647 1287 ¹

72 1321 336 1388 Restigdsco·
391 1353 439 1377 ne
463 1341 578 1378 oratio
606 1342 816 1390 refrigescat
839 1341 881 1385 4,
903 1343 948 1386 3,
970 1345 994 1376 2
1014 1343 1061 1378 Ν.
1083 1341 1379 1389 imagines-mora
1405 1340 1477 1374 stili
1506 1339 1613 1394 refri-

116 1393 266 1436 gemunt
289 1391 347 1430 10,
364 1387 486 1433 7,“14.
508 1389 607 1423 calor
628 1388 691 1424 ille
714 1388 962 1437 cogitationis,
986 1387 1047 1434 qui
1071 1387 1251 1423 scribendi
1274 1398 1374 1422 mora
1397 1388 1614 1429 refrixit,

116 1433 288 1479 recipit
316 1445 367 1470 ex
388 1435 530 1482 integro
553 1434 685 1471 vires
710 1438 775 1480 10,
798 1438 841 1479 3,
864 1437 898 1472 6.

74 1488 317 1591 [ξΘῘῖ-ἒΰξῠ·
361 1503 423 1548 qui
455 1503 572 1549 pudor
601 1501 839 1551 refringit
861 1501 932 1546 (Ζ.
955 1500 1106 1548 frangit)
1131 1501 1287 1553 animum
1312 1506 1347 1534 et
1371 1499 1556 1544 abjicit
1583 1503 1614 1543 l,

139 1573 152 1590 ,
225 1572 234 1581 .

74 1591 269 1646 Refugio-
314 1608 356 1637 ut
374 1604 427 1647 ab
455 1603 519 1644 iis,
544 1616 636 1649 quae
658 1605 822 1647 laedunt,
851 1605 902 1637 ad
927 1614 989 1644 ea,
1015 1615 1106 1647 quae
1129 1608 1291 1647 prosunt,
1317 1600 1555 1647 refugiamus,
1577 1600 1615 1645 4,

120 1651 154 1690 1,
177 1647 234 1698 4-4.
259 1659 341 1682 cum
363 1654 460 1683 metu
481 1647 626 1696 refugit'
641 1649 820 1693 (sanguis),
849 1649 921 1682 abit
948 1650 1063 1683 omnis
1087 1654 1123 1682 et
1149 1650 1286 1692 pallore
1309 1647 1469 1694 frigescit
1497 1650 1554 1690 11,
1580 1650 1615 1691 3,

119 1695 177 1735 78.
215 1699 365 1728 aetatem
397 1695 604 1740 graviorem
628 1695 757 1730 dicitur
779 1695 956 1742 refugisse
980 1694 1224 1738 (Polycletus),
1257 1693 1347 1727 nihil
1381 1704 1488 1727 ausus
1522 1695 1617 1727 ultra

117 1741 220 1775 leves
246 1751 357 1786 genas
383 1743 448 1784 12,
475 1743 543 1786 10,
574 1742 608 1777 8.
649 1747 732 1775 sunt
766 1742 858 1774 haec
892 1740 981 1775 vitia
1013 1740 1224 1786 refugienda
1246 1738 1292 1782 4,
1319 1743 1364 1782 2,
1389 1738 1446 1773 43.
1482 1739 1615 1785 refugit

118 1790 278 1820 teneram
302 1785 560 1832 delicatamque
581 1787 786 1821 modulandi
809 1787 1031 1830 voluptatem
1049 1787 1084 1828 9,
1106 1785 1142 1828 4,
1158 1788 1214 1820 31.
1239 1784 1381 1819 interim
1404 1785 1614 1831 refugienda

118 1841 194 1864 non
217 1831 327 1865 modo
351 1827 531 1867 distinctio
558 1833 820 1877 quaestionum,
843 1834 909 1867 sed
934 1831 1081 1866 omnino
1108 1830 1270 1866 tractatio
1293 1830 1329 1874 4,
1354 1832 1388 1874 5,
1412 1831 1448 1865 6.

74 1883 305 1928 Refutfifio·
346 1900 391 1940 3,
414 1899 458 1942 9,
483 1901 516 1933 1.
549 1899 591 1943 5,
620 1901 684 1943 13,
713 1899 768 1934 55.
808 1901 867 1934 De
890 1898 1108 1934 refutatione
1133 1899 1154 1934 5
1179 1898 1263 1943 Cap.
1291 1900 1345 1932 13.
1370 1899 1439 1933 ref.
1466 1910 1547 1934 cum
1571 1899 1617 1933 sit

0 1943 4 1957 ¹
119 1942 160 1978 in
182 1944 369 1990 negando,
396 1946 669 1991 redarguendo,
700 1946 940 1989 defendendo,
966 1945 1144 1980 elevando
1170 1947 1203 1988 6,
1228 1947 1264 1988 3,
1287 1947 1345 1980 72.
1370 1945 1438 1978 ref.
1467 1945 1619 1990 duplici-

121 1994 176 2024 ter
202 1989 316 2034 accipi
343 1996 461 2034 potest
488 1991 522 2034 5,
548 1994 604 2035 13,
629 1995 663 2025 1.
690 1992 959 2026 maledictorum
983 1991 1052 2026 ref.
1077 1990 1247 2036 (egressio
1273 1987 1410 2035 quaed.)
1435 1991 1477 2034 4,
1503 1994 1546 2033 3,
1571 1993 1617 2026 15

121 2036 170 2071 Ν.
195 2047 263 2070 nec
287 2035 332 2070 iis
356 2036 544 2080 assentior,
569 2037 630 2081 qui
655 2038 844 2072 detrahunt
867 2037 1235 2080 refutationem,
1258 2042 1425 2080 tanquam
1451 2037 1616 2082 proba.-

120 2080 242 2116 tioni
267 2082 481 2126 subjectam,
510 2088 551 2116 ut
575 2083 807 2126 Aristoteles;
832 2084 923 2118 haec
947 2083 1043 2117 enim
1065 2089 1142 2127 est,
1178 2093 1269 2128 quae
1294 2082 1507 2125 constituat;
1541 2081 1616 2125 illa,

122 2138 214 2173 quae
239 2129 396 2162 destruat
423 2130 467 2172 3,
492 2130 535 2171 9,
559 2130 592 2168 5.
619 2142 653 2163 υ.
676 2129 922 2168 Probatio.
957 2129 1106 2175 singulis
1130 2140 1175 2163 an
1198 2128 1378 2163 universis
1402 2130 1616 2173 opponenda

91 2205 94 2210 ,
119 2173 188 2207 ref.
217 2177 253 2216 7,
279 2176 335 2217 10,
361 2177 415 2208 12.
452 2173 620 2218 [causam
643 2192 687 2199 —
711 2174 862 2210 dissolvi
887 2175 1105 2211 refutatione
1128 2174 1204 2219 (sic
1227 2178 1364 2208 multum
1390 2176 1617 2218 discrepantes

122 2231 145 2252 α
170 2221 273 2271 Cogld.
307 2221 382 2254 edd.
418 2222 460 2254 de
489 2221 576 2264 conj.
612 2223 744 2265 Reg.‚·
778 2233 811 2256 υ.
834 2218 1025 2266 Refhto)
1053 2223 1096 2265 8,
1119 2223 1177 2256 Pr.
1201 2223 1242 2256 11
1270 2221 1317 2254 N.
1342 2218 1414 2263 cn]
1447 2234 1481 2255 v.
1506 2222 1615 2255 Pro-

111 2294 113 2296 .
151 2265 323 2299 esitio.

54 2275 246 2355 ‘Rgfllffl-
292 2321 337 2363 Ι)
358 2323 381 2355 ἰ.
403 2335 435 2367 q.
464 2320 653 2374 refello.-
684 2324 782 2367 quod
808 2323 957 2366 indocti,
984 2329 1021 2358 et
1047 2322 1210 2365 barbari,
1235 2327 1271 2356 et
1295 2321 1391 2357 servi
1416 2341 1462 2347 —
1485 2322 1618 2367 aliquid

18 2447 22 2460 Ξ
120 2422 153 2445 υ.
179 2412 205 2444 Ρ
215 2422 235 2444 r
245 2422 267 2445 ο
277 2413 300 2445 b
311 2423 346 2446 o.
381 2425 462 2458 sua.⁴
484 2425 503 2447 c
515 2424 538 2447 o
550 2413 620 2447 nfi
631 2425 650 2447 r
660 2425 727 2457 ma
736 2426 755 2447 r
765 2427 785 2448 e
818 2421 874 2457 et,
919 2426 1009 2459 quae
1045 2425 1092 2448 ex
1128 2415 1282 2448 adverso
1319 2419 1619 2458 proponerentur,

0 2461 25 2490 ε’
55 2487 57 2490 ,
121 2454 335 2501 refutare
360 2458 394 2501 5,
419 2459 476 2493 Pr.
500 2462 533 2493 2.
557 2465 616 2502 ut,
641 2471 733 2504 quae
758 2459 911 2495 dicendo
939 2462 1047 2494 refu
1060 2465 1073 2493 t
1084 2471 1103 2492 a
1114 2471 1161 2493 re
1190 2470 1263 2493 non
1285 2471 1494 2503 possumus,
1520 2460 1619 2504 quasi

63 2507 66 2510 ’
107 2501 339 2541 'fastidiendo
364 2515 384 2537 c
394 2505 435 2537 al
448 2515 468 2538 c
479 2515 499 2538 e
509 2517 544 2538 m
555 2516 579 2538 u
590 2517 608 2539 s
635 2507 670 2548 5,
698 2508 762 2549 13,
780 2509 838 2540 22.
865 2506 895 2540 si
919 2505 1168 2548 refutavimus,
1192 2505 1282 2549 quae
1304 2511 1430 2540 contra
1453 2506 1618 2540 dicuntur

23 2581 35 2586 ,,
123 2549 158 2589 1,
171 2549 217 2594 2,
241 2551 296 2587 17.
327 2561 360 2583 v.
392 2548 420 2583 C
431 2560 453 2583 o
466 2562 489 2583 n
499 2555 513 2583 t
524 2562 586 2584 em
596 2563 620 2584 n
632 2561 666 2585 o.
700 2551 816 2585 aliena
838 2552 939 2587 varie
964 2552 1166 2585 refutantur
1190 2553 1226 2594 7,
1254 2554 1290 2594 2,
1318 2554 1374 2587 50.
1408 2564 1438 2585 υ.
1465 2553 1615 2588 Elevo.

6 2595 12 2604 '
63 2628 65 2632 ,
124 2590 352 2637 [narratione
376 2595 559 2640 proposita
585 2608 605 2631 c
615 2607 637 2631 o
650 2608 674 2630 n
683 2596 720 2630 fi
730 2609 749 2630 r
758 2608 793 2630 m
804 2597 871 2631 ari
898 2603 958 2631 aut
980 2609 999 2631 r
1008 2597 1084 2631 efu
1095 2603 1108 2630 t
1119 2609 1139 2630 a
1151 2598 1188 2630 ri
1215 2596 1290 2640 (sic
1315 2611 1357 2631 ex
1388 2599 1492 2632 Codd.
1522 2601 1619 2632 resti-

0 2661 26 2676 ,..
55 2640 57 2646 ⁴
125 2641 279 2674 tuendum
296 2640 445 2686 videtur)
471 2642 507 2684 8,
531 2643 589 2676 Pr.
616 2646 656 2676 11
682 2645 732 2678 N.
750 2642 814 2688 cn]
839 2656 873 2677 v.
902 2642 997 2678 Con
1010 2643 1165 2677 firmo.
1198 2644 1312 2677 tradat
1340 2655 1382 2678 ea
1409 2645 1549 2678 demum
1580 2644 1617 2677 in

123 2685 343 2730 praesentia,
370 2698 461 2732 quae
489 2689 705 2732 placent,
739 2695 879 2724 remota
901 2689 1147 2723 refutandi
1175 2695 1292 2724 cetera
1315 2699 1415 2724 mora
1437 2691 1482 2732 8,
1509 2692 1564 2723 Pr.
1593 2692 1614 2721 3

124 2729 172 2762 N·
217 2729 273 2774 Π)
297 2733 321 2767 ι’.
346 2746 376 2778 q.
396 2736 564 2777 repudio.-
596 2736 756 2769 refutare
779 2735 950 2780 temporis
974 2746 1122 2769 munera
1146 2737 1210 2778 10,
1236 2736 1277 2777 6,
1300 2736 1325 2769 6
1350 2737 1398 2771 Ν.

0 2824 39 2854 1.,
78 2782 267 2840 Regalis·
308 2799 441 2847 regalia
464 2801 634 2838 convivia
659 2805 693 2845 1,
719 2805 774 2838 10.
803 2805 858 2837 10.

0 2859 2 2863 ’
33 2862 39 2871 ”
69 2849 262 2908 ‘Regel'ffi
318 2867 417 2901 velut
445 2875 606 2915 regestae
630 2869 668 2903 in
695 2871 761 2905 hos
786 2870 1075 2913 commentarios,
1106 2881 1196 2921 quos
1225 2870 1434 2904 adolescens
1459 2870 1619 2902 deduxe-

1227 2937 1272 2971 49
1296 2936 1315 2954 *

120 2365 242 2399 dicant
269 2367 384 2402 simile
407 2367 606 2412 principio,
639 2374 804 2412 narrent,
836 2369 1060 2413 probent,
1093 2369 1313 2402 refutent
1337 2376 1398 2402 εἰσ.
1426 2370 1469 2411 2,
1495 2372 1557 2411 17,
1582 2369 1617 2401 6.
1682 2372 1689 2375 s
