1728 3002
612 251 699 295 Aut
726 276 783 284 --
809 249 965 294 Autem
1513 251 1569 292 99

76 373 158 420 lege
186 370 305 416 aliqua
328 367 554 414 obscuritas,
596 372 634 404 et
658 366 699 403 ln
732 377 778 403 ea
812 370 892 403 aut
923 370 1077 410 uterque
1108 366 1218 399 snam·
1237 362 1569 409 interpretationem

79 416 303 461 confirmat,
324 413 523 452 adversarii
553 412 744 449 subvertit:
778 430 846 448 -.
894 411 987 447 Aut
1017 421 1119 446 cum
1152 411 1214 456 de,
1230 411 1344 446 altero
1380 410 1568 446 intellectu.

78 469 215 500 certum
237 468 312 507 est,
344 462 390 498 de
413 463 527 497 altero
550 460 697 495 dubium
719 463 755 502 7,
777 458 815 502 6,
839 461 863 493 2
890 459 938 495 Ν.
976 467 1076 492 cnm
1109 462 1184 490 aut
1210 459 1312 501 ipsos
1338 457 1568 492 adversarios

79 509 297 546 consulimus
315 526 360 536 —
372 531 385 542 .
419 507 508 542 Aut
528 517 610 541 cnm
625 505 801 550 judicibus
824 504 927 550 quasi
941 503 1180 538 deliberamus
1193 503 1230 545 9,
1253 505 1290 547 2,
1308 505 1365 538 20.
1384 506 1427 537 21
1451 503 1498 538 Ν.
1518 516 1568 539 cr.

81 555 120 591 si
150 561 225 590 aut
252 555 342 589 falsa
363 559 440 596 est,
475 559 554 588 aut
581 564 706 597 parum
732 553 839 596 plena
867 549 1025 595 (finitio)
1063 553 1107 592 7,
1134 551 1178 587 3,
1201 550 1259 584 23.
1294 548 1338 590 cs:
1363 549 1405 592 6,
1435 551 1477 591 1,
1508 552 1565 583 12.

78 599 253 637 Elevandi
286 599 380 635 ratio
418 605 474 634 est
507 599 700 644 duplex,
744 604 791 631 ut
832 602 904 631 aut
939 595 1085 631 veniam
1107 594 1210 639 quis,
1250 601 1327 629 aut
1362 595 1568 638 jactantiam

78 647 215 683 minuat
233 665 281 673 —
300 651 373 681 aut
397 644 535 681 crimen
555 645 736 689 objectum
762 643 798 687 6,
811 644 848 686 3,
863 645 910 679 75
926 643 975 677 N.
1015 648 1089 676 aut
1113 642 1234 676 enim
1257 647 1377 686 partes
1393 641 1570 676 orationis

78 697 210 736 mutat,
238 697 318 727 'aut
338 702 442 727 casus
463 693 499 734 9,
522 693 558 734 3,
584 694 639 725 10.
674 692 730 733 11,
757 692 791 732 1,
819 690 878 731 18;
924 687 955 723 si
979 699 1123 733 neque
1147 699 1254 732 supra
1272 688 1418 722 modum
1435 689 1568 722 multae

78 737 264 784 (figurae)
287 738 444 781 fuerint,
473 748 558 772 nec
587 737 748 781 ejusdem
771 734 915 782 generis
946 740 1020 768 aut
1052 735 1216 778 junctae,
1254 739 1331 768 aut
1357 733 1569 779 frequentes

78 785 114 828 9,
132 787 168 829 3,
185 787 243 821 27.
282 785 348 819 Ne
371 783 430 818 cui
452 790 613 819 vestrum
635 794 737 817 meus
763 787 839 816 aut
861 782 982 815 vultus
1004 780 1211 822 molestior,
1242 785 1318 813 aut
1343 790 1421 815 vox
1439 779 1572 814 immo-

78 830 238 866 deratior
262 830 396 874 aliqua,
432 835 509 864 aut
540 829 741 873 denique
772 826 963 872 jactantior
985 832 1106 873 gestus
1127 825 1241 860 fuisse
1263 825 1430 860 videatur
1456 828 1571 860 Coel.

79 879 136 920 11,
166 879 200 920 1,
224 875 267 912 51
293 875 342 911 N.
366 890 414 910 cr.
439 888 473 910 v.
498 876 572 910 Ne.
604 874 832 919 Denique.
877 872 957 907 vix
992 878 1064 906 aut
1089 877 1217 905 natura
1239 877 1316 906 aut
1343 872 1435 906 ratio
1463 877 1572 916 queat

78 924 134 965 10,
157 925 193 965 7,
219 923 254 958 9.
302 922 341 956 in
361 932 456 957 voce
483 927 560 955 aut
582 921 729 954 omnino
756 930 948 964 suppressa
971 924 1047 952 aut
1071 917 1206 951 etiam
1232 917 1371 952 abscisa
1393 919 1429 961 8,
1453 920 1488 959 3,
1511 919 1568 953 85.

77 973 155 1002 aut
187 967 471 1003 testimoniorum
508 972 586 1000 aut
619 966 755 1001 etiam
785 965 1021 1010 judicatorum
1053 964 1216 998 obtinent
1242 964 1362 997 locum
1391 967 1446 1006 12,
1472 963 1508 1005 4,
1533 967 1568 998 2.

41 1027 43 1031 ⁷
79 1012 124 1055 ff,
152 1013 246 1056 6‚*1,
270 1015 324 1047 15.
351 1014 386 1055 8,
409 1013 444 1054 6,
468 1011 515 1046 44
542 1013 588 1047 Ν.
611 1025 661 1047 cr.
688 1019 720 1046 et
746 1013 783 1045 S.
820 1014 875 1053 11,
902 1013 934 1053 1,
960 1009 1018 1044 54.
1042 1010 1098 1044 67.
1130 1012 1185 1051 11,
1207 1011 1242 1051 2,
1260 1008 1317 1044 48.
1336 1012 1403 1062 ι11,
1422 1012 1457 1052 3,
1479 1011 1568 1051 1203

80 1070 161 1095 cum
186 1057 225 1092 in
249 1059 348 1093 eosd.
376 1069 495 1100 casus,
539 1063 611 1092 aut
643 1064 825 1101 tempora,
862 1062 938 1089 aut
961 1065 1152 1098 numeros,
1185 1061 1260 1088 aut
1286 1061 1423 1089 etiam
1458 1057 1569 1099 pedes

32 1102 34 1104 ’
80 1104 251 1139 continuo
283 1104 383 1149 quis,
421 1110 495 1138 aut
528 1109 653 1138 certe
689 1103 835 1137 nimium
864 1103 1072 1146 frequenter
1100 1101 1250 1135 incurrit
1278 1102 1320 1143 9,
1349 1104 1390 1143 1,
1419 1105 1472 1136 11.
1522 1112 1572 1135 ex

79 1150 198 1194 aliqua
219 1149 370 1184 utilitate
394 1156 467 1184 aut
488 1149 600 1194 reip.,
634 1155 711 1183 aut
735 1148 920 1182 hominum
946 1149 1155 1189 multorum,
1192 1152 1266 1181 aut
1297 1147 1431 1181 etiam
1457 1147 1571 1191 ipsius

79 1195 293 1238 adversarii,
331 1206 655 1240 nonnunquam
691 1200 735 1229 et
769 1200 891 1228 nostra
923 1196 964 1236 7,
996 1194 1036 1235 4,
1070 1195 1103 1228 9.
1157 1192 1192 1226 id
1232 1199 1311 1227 aut
1346 1194 1448 1236 satis,
1492 1199 1572 1227 aut

56 1246 208 1276 'certe
237 1240 290 1275 uti
313 1241 515 1285 potuimus,
549 1241 682 1275 dictum
705 1246 759 1275 est
785 1243 840 1283 10,
867 1243 899 1282 1,
927 1238 961 1273 4.
997 1239 1044 1280 cf.
1072 1243 1126 1281 12,
1155 1242 1211 1281 11,
1234 1242 1290 1273 21.
1328 1250 1410 1273 cum
1431 1245 1510 1272 aut
1532 1239 1572 1273 in
1594 1280 1598 1282 -

77 1297 201 1322 aurem
226 1286 375 1329 alicuius
396 1288 610 1331 loquuntur,
640 1292 714 1320 aut
737 1298 818 1320 cum
842 1285 1021 1320 sodalibus
1044 1286 1226 1329 jocantur,
1263 1291 1336 1318 aut
1360 1296 1573 1327 nonnun-

3 1341 16 1357 θ
78 1343 204 1378 quam
230 1334 276 1366 ad
304 1333 468 1367 librarios
493 1343 578 1368 suos
599 1331 797 1377 respiciunt
830 1335 886 1374 11,
913 1334 948 1374 3,
975 1334 1053 1366 131.
1095 1331 1308 1366 Dementiae
1333 1331 1464 1373 judicia
1498 1335 1574 1364 aut
1638 1352 1640 1354 -

77 1383 225 1424 propter
245 1377 309 1422 id,
340 1380 436 1423 quod
457 1379 591 1413 factum
618 1384 691 1422 est,
726 1384 806 1413 aut
834 1384 983 1423 propter
1012 1378 1066 1421 id,
1106 1378 1202 1422 quod
1230 1378 1346 1411 adhuc
1368 1377 1465 1419 fieri',
1497 1378 1574 1412 vel

77 1435 154 1460 non
175 1424 254 1459 fleri
278 1430 413 1478 potest,
442 1424 672 1459 instituuntur
694 1427 729 1467 7,
752 1423 788 1467 4,
811 1426 868 1459 29.
911 1430 952 1458 ut
974 1431 1047 1458 aut
1072 1425 1117 1457 de
1140 1424 1306 1465 nomine,
1336 1430 1410 1457 aut
1437 1423 1572 1467 scripto

78 1475 117 1509 at
137 1474 331 1514 sententia,
359 1466 442 1506 vel
465 1470 740 1505 ratiocinatione
764 1475 954 1515 quaeratur
971 1472 1006 1513 3,
1026 1471 1062 1512 6,
1090 1473 1147 1506 72.
1188 1476 1264 1504 aut
1295 1481 1353 1503 res
1383 1481 1449 1513 per
1474 1469 1573 1503 simi-

76 1514 264 1551 litudinem
296 1516 508 1560 attollimus,
546 1522 622 1551 aut
658 1516 977 1562 comparationem,
1017 1522 1091 1550 aut
1126 1516 1244 1563 signis
1266 1515 1367 1559 quasi
1392 1515 1572 1560 quibusd.‚

77 1562 154 1598 vel
187 1562 417 1598 translatione
447 1563 487 1606 8,
512 1563 558 1606 6,
582 1563 638 1598 68.
665 1563 722 1599 69.
765 1568 841 1596 aut
870 1561 1087 1597 valetudinis
1110 1562 1168 1604 vi,
1207 1566 1277 1595 aut
1301 1561 1574 1605 intemperantia

79 1605 198 1656 aegri,
227 1607 358 1644 aliove
381 1619 453 1655 quo
477 1619 562 1643 casu
585 1611 621 1651 2,
648 1612 703 1651 17,
726 1609 785 1642 25.
825 1608 910 1642 Aut
936 1608 1097 1652 phu-ibus
1117 1607 1421 1652 propositionibus
1442 1607 1573 1648 iunctis

77 1672 144 1734 ἶ.
187 1654 380 1690 Interim
414 1666 480 1700 per
510 1660 630 1700 partes
662 1654 871 1690 dissolvitur
893 1656 936 1698 5,
963 1656 1028 1698 13,
1051 1655 1099 1689 28
1119 1655 1168 1689 Ν.
1202 1666 1235 1688 υ.
1263 1654 1325 1688 Ne
1343 1653 1574 1699 -quidem.

69 1731 79 1738 ,
121 1709 252 1745 eque.

33 1777 206 1824 Antem·
243 1789 314 1834 -Et
330 1789 501 1824 assumtio
530 1788 675 1824 interim
712 1790 879 1824 confessa
910 1794 984 1833 est,
1023 1795 1080 1832 ut,
1123 1789 1258 1824 Omnes
1294 1795 1412 1823 autem
1445 1789 1576 1824 volunt

39 1857 42 1859 Α
82 1834 222 1869 beatam
242 1834 355 1870 vitam
378 1837 506 1871 vivere
530 1838 565 1879 5,
594 1834 650 1878 14,
675 1838 730 1870 13.
769 1835 814 1877 cs.
838 1838 881 1870 ib.
906 1836 963 1870 26.
1004 1836 1192 1870 Oratorem
1219 1841 1338 1869 autem
1358 1834 1576 1869 instituimus

18 1884 21 1887 “
80 1879 184 1914 illum
207 1881 407 1924 perfectum
427 1883 485 1916 Pr.
510 1882 544 1916 9.
588 1882 793 1917 Verborum
816 1887 934 1916 autem
958 1881 1136 1915 concinna
1166 1882 1402 1928 transgressio
1426 1892 1447 1914 a
1469 1880 1575 1914 nobis

84 1930 140 1959 est
168 1925 263 1958 inter
290 1931 413 1970 tropos
434 1926 550 1970 posita
575 1928 619 1970 9,
656 1929 696 1969 3,
727 1929 784 1963 91.
830 1938 909 1961 vox
937 1933 1055 1961 autem
1078 1929 1240 1974 urgenda
1265 1929 1356 1961 ultra
1379 1926 1476 1961 vires
1500 1937 1576 1959 non

85 1975 141 2004 est
162 1972 227 2012 11,
254 1972 289 2012 3,
314 1972 369 2005 51.
405 1972 514 2005 Valet
537 1978 654 2006 autem
675 1972 715 2006 in
733 1973 965 2006 altercatione
988 1973 1178 2017 plurimum
1206 1984 1355 2006 acumen
1383 1974 1422 2014 6,
1447 1972 1489 2014 4,
1517 1974 1574 2005 12.

85 2012 132 2054 cf.
155 2016 191 2056 2,
215 2017 273 2056 17,
295 2014 354 2048 40.
386 2017 550 2050 Facimus
575 2023 693 2051 autem
715 2035 762 2043 -—
787 2018 973 2051 materiam
997 2018 1139 2052 dicendi
1163 2019 1266 2052 nobis
1291 2027 1353 2051 esc.
1384 2020 1418 2059 5,
1439 2020 1496 2059 13,
1514 2017 1574 2051 42.

83 2059 332 2093 potentissima
357 2065 551 2095 est‘autem
575 2061 646 2104 (Z.
673 2068 743 2095 aut.
769 2062 849 2106 est)
874 2063 911 2096 in
936 2074 979 2096 ea
1005 2064 1155 2107 qualitas
1178 2066 1212 2104 7,
1237 2066 1270 2104 3,
1295 2065 1351 2097 28.
1388 2063 1434 2096 sit
1453 2063 1574 2104 modo,

84 2105 182 2140 unde
208 2105 328 2139 excidi
354 2106 466 2149 possit
491 2117 553 2139 -ε
586 2106 654 2140 erit
676 2113 812 2148 autem,
845 2107 877 2140 si
901 2115 961 2141 etc.
989 2111 1024 2150 2,
1038 2108 1131 2151 4,7;
1180 2109 1271 2142 Sunt
1298 2108 1358 2151 qui
1380 2107 1576 2141 narrationi

83 2150 367 2196 propositionem
401 2152 614 2198 subjungant
640 2169 704 2186 ——.
750 2151 866 2186 Mihi
899 2158 974 2185 aut
987 2164 1052 2186 em
1077 2153 1273 2197 propositio
1295 2153 1440 2188 videtur
1459 2153 1575 2187 omnis

85 2196 361 2231 confirmationis
384 2196 524 2231 initium
547 2196 589 2239 4,
612 2195 659 2238 4,
689 2199 720 2231 1.
762 2197 805 2238 cs.
831 2201 866 2238 7,
897 2200 938 2238 1,
963 2198 1020 2232 52.
1059 2199 1149 2232 Lex‘
1167 2205 1240 2241 est,
1274 2210 1364 2242 quae
1388 2199 1486 2242 jubet
1510 2210 1576 2233 ex-

83 2240 256 2276 heredem
282 2253 363 2278 esse
386 2252 488 2284 eum,
523 2242 584 2287 qui
607 2242 699 2286 patri
724 2242 935 2286 proditionis
960 2253 1025 2277 reo
1048 2254 1122 2277 non
1152 2244 1309 2277 affuerit:
1347 2250 1394 2278 tu
1422 2251 1575 2279 autem
1635 2247 1638 2250 “

85 2293 161 2322 non
182 2288 311 2322 affuisti
336 2291 372 2331 7,
398 2291 431 2332 1,
454 2288 513 2323 47.
552 2299 607 2322 no
620 2288 692 2322 bis
715 2294 858 2322 autem
882 2288 986 2332 copia
1009 2300 1090 2322 cum
1113 2288 1247 2332 judicio
1268 2291 1426 2334 paranda
1439 2297 1573 2325 est—-

64 2342 71 2347 ·
86 2333 137 2367 m
175 2339 330 2367 autem
371 2345 634 2379 consequemur
672 2335 805 2378 optima
837 2335 991 2381 legendo
1026 2341 1131 2379 atque
1164 2335 1340 2370 audiendo
1373 2339 1436 2378 10,
1469 2340 1511 2379 1,
1535 2338 1571 2371 8.

88 2377 208 2412 Idem
238 2384 384 2427 autem
411 2381 455 2414 de
482 2381 586 2415 vultu
604 2381 738 2414 dictum
761 2380 806 2414 sit
829 2380 863 2422 6,
888 2382 922 2422 3,
949 2381 1005 2415 26.
1054 2380 1133 2425 qni
1156 2387 1298 2415 autem
1324 2382 1464 2424 scierit,
1500 2393 1574 2426 quo

137 2434 247 2468 ‚eque
271 2424 341 2459 sint
363 2427 469 2460 modo
493 2426 667 2469 dicenda,
701 2425 770 2460 nisi
799 2431 951 2460 tamen
984 2425 1035 2469 (a.
1062 2431 1084 2460 1.
1110 2429 1292 2471 tanquam)
1316 2427 1354 2461 in
1384 2428 1573 2472 procinctu

84 2469 249 2512 habuerit
276 2471 532 2515 eloquentiam,
570 2473 672 2507 velut
699 2472 828 2506 clausis
857 2472 1032 2505 thesauris
1065 2470 1244 2506 incubabit
1277 2476 1338 2516 10,
1368 2478 1401 2516 1,
1427 2477 1467 2516 23
1515 2475 1575 2507 Ut

31 2555 33 2558 Α
87 2519 188 2550 recte
218 2521 365 2550 autem
392 2516 557 2551 finiamus
586 2521 622 2561 7,
647 2519 682 2559 3,
708 2520 766 2552 21.
804 2516 849 2558 cs.
877 2519 933 2559 10,
957 2519 992 2560 3,
1017 2518 1079 2560 15;
1126 2519 1223 2553 Non
1250 2518 1318 2552 alia
1347 2525 1400 2553 est
1424 2524 1575 2553 autem

86 2560 179 2596 ratio
201 2562 499 2606 pronuntiationis
523 2566 586 2605 11,
610 2565 651 2606 3,
679 2564 735 2597 30.
781 2563 882 2596 Haec
914 2563 959 2596 de
983 2564 1187 2608 prooemio,
1230 2564 1370 2608 quoties
1398 2565 1466 2599 erit
1494 2566 1574 2608 ejus

52 2630 54 2634 ψ
84 2615 197 2643 ωωι,
230 2618 323 2642 non
354 2619 495 2653 semper
523 2614 673 2643 autem
702 2614 757 2642 est
785 2607 829 2651 4,
856 2611 897 2650 1,
924 2610 980 2643 72.
1026 2611 1117 2644 Nec
1144 2615 1386 2644 accusatorem
1426 2616 1574 2644 autem

86 2651 200 2686 atroci
221 2653 260 2686 in
283 2665 412 2697 causa,
444 2665 513 2688 nec
540 2661 602 2688 etc.
624 2655 719 2689 feret
742 2653 928 2698 quisquam
950 2655 986 2697 6,
1007 2657 1041 2697 3,
1066 2656 1138 2691 31.
1161 2657 1320 2699 Neque
1345 2656 1575 2702 gravissimus

87 2703 235 2732 nutem
269 2697 308 2732 in
338 2698 474 2734 musica
501 2709 630 2742 sonus,
671 2710 740 2734 nec
776 2707 837 2733 etc.
872 2700 1091 2735 orationibus
1123 2701 1295 2736 convenit
1329 2705 1395 2743 11,
1429 2704 1471 2744 3,
1497 2700 1572 2743 41;

89 2743 306 2790 Quamvis
338 2756 392 2779 au
403 2751 490 2779 tem
521 2755 597 2779 non
625 2751 698 2779 tam
726 2756 785 2779 me
810 2745 975 2781 vinceret
998 2745 1200 2791 praestandi
1222 2747 1351 2780 fiducia
1373 2749 1430 2781 Pr.
1456 2750 1490 2781 2.
1531 2752 1573 2780 ut

0 2817 2 2826 ,
88 2789 163 2831 ad,
188 2800 292 2831 ,cnm
328 2796 423 2825 esset
445 2789 674 2835 praepositio,
709 2793 733 2824 d
767 2790 927 2834 literam3
975 2803 1069 2826 cum
1104 2798 1255 2827 autem
1287 2793 1515 2837 conjunctio,
1559 2798 1574 2824 t

20 2869 33 2875 ,,
87 2834 268 2880 acciperet
289 2837 331 2880 1,
355 2839 401 2881 7,
424 2835 468 2880 ⁵5
515 2836 654 2883 Quam
685 2835 786 2872 molli
815 2843 959 2872 autem
989 2837 1140 2874 articulo
1172 2838 1339 2874 tractavit
1371 2837 1573 2874 Catonem?

1136 2903 1206 2942 ⁷8
