1728 3002
1264 66 1281 77 t

166 151 250 193 636
642 151 930 207 pauperculus
960 177 1015 185 --
1053 153 1240 210 Pecunia
1290 210 1296 213 ,

162 263 467 321 pauperculus.
528 279 585 320 11,
610 278 644 318 3,
671 277 738 312 175
771 289 803 311 v.
830 277 1069 314 Misenus.

120 353 121 356 =
155 322 412 378 Paupertas·
458 334 489 370 Ι)
516 340 556 367 ut
579 333 683 367 alicui
712 333 757 369 sit
781 335 924 369 furandi
953 348 1059 370 causa
1074 342 1295 381 ‘pauper-tas,
1335 347 1410 372 non
1442 339 1512 376 erit
1545 339 1639 374 idem
1664 339 1703 374 in

210 379 319 414 Curio
344 379 578 424 Fabricioque
603 387 833 414 momentmu-
847 385 882 425 7,
911 385 946 424 2,
971 384 1026 417 38.
1054 397 1086 416 v.
1110 377 1265 428 '[0ps].
1314 383 1363 422 11)
1399 390 1536 420 transh:
1581 386 1619 420 in
1647 385 1704 427 iis.

207 437 297 470 quae
323 426 550 460 denominata
575 433 675 469 sunt,
708 438 844 461 summa
866 439 904 472 p.
929 429 967 462 in
996 431 1121 464 eadem
1149 439 1213 463 nos
1239 429 1524 474 frequentissime
1546 432 1703 466 revolvit

209 476 266 516 12,
293 474 350 513 10,
385 470 440 506 34.
488 473 714 520 grammatice
745 479 880 507 tantum
918 476 962 508 ab
995 476 1063 509 hac
1103 475 1348 519 appe'zlationis
1380 487 1466 511 suae
1496 483 1703 522 paupertate

206 525 380 562 provecta
403 522 438 561 2,
465 522 497 560 1,
520 520 554 553 4.
602 526 810 563 paupertate
834 521 1007 555 sermonis
1039 523 1241 556 laboramus
1265 523 1300 565 8,
1326 523 1361 565 3,
1390 524 1448 557 33.

159 563 362 605 pavesco·
409 577 510 610 velut
534 588 555 620 p
570 588 653 611 ave
667 588 777 612 scen
790 583 861 612 tes
885 584 922 612 et
948 579 1261 624 deprecantes
1290 582 1345 623 11,
1371 581 1407 624 3,
1433 582 1512 615 103.

157 619 333 662 Pavido·
380 633 497 666 minus
521 645 556 677 p.
584 622 734 668 dicimus
761 637 815 678 11,
845 637 880 679 3,
902 634 960 671 49.

156 676 312 720 PRVOI'·
358 691 613 744 temporarium
638 692 745 725 animi
770 698 924 735 motum,
956 692 1048 726 sicut
1071 702 1242 734 pavorem
1266 693 1299 736 5,
1325 695 1381 736 10,
1405 695 1464 728 28.

157 733 264 777 Pax.
284 767 326 772 -
345 750 519 782 malorum
544 749 746 784 emendatio
764 752 798 792 5,
825 752 879 793 10,
906 752 965 785 73.
991 751 1187 788 deformem
1212 750 1339 796 Pyrrhi
1367 760 1490 792 pacem
1518 748 1703 784 diremisse

202 798 238 836 2,
275 794 329 836 16,
359 797 394 829 7.
443 796 538 839 quod
571 796 718 830 bellis
754 796 866 842 magis
909 808 1014 841 quam
1054 797 1157 838 paci
1192 797 1416 832 assueverint
1454 799 1519 839 11,
1562 799 1606 838 1,
1640 796 1700 830 88.

203 841 412 922 gelssloian
434 844 610 886 pace'7,
649 841 684 886 lt,
720 845 778 876 22.
827 849 1019 885 portum
1056 852 1122 884 pro
1155 852 1272 885 pace
1305 849 1411 886 atque
1445 841 1703 878 concordia

203 906 211 919 ¹
233 913 244 928 9
307 913 316 930 2
398 912 407 921 ·
1673 910 1679 914 “

156 936 305 974 ΡθΟΟΟ·
332 943 370 987 α)
394 947 603 989 simpliciter.-
637 945 815 980 neminem
833 956 906 980 non
917 945 1107 990 aliquando
1127 945 1446 988 coepissepeccare
1458 948 1536 990 7,2‚
1548 947 1593 980 33
1607 945 1653 979 N.
1665 956 1701 979 υ.

206 989 316 1024 Com
329 991 476 1025 mitto.
527 992 786 1026 consuetudine
810 993 982 1034 peccandi
1018 994 1166 1026 allectus
1199 994 1241 1026 ib.
1270 991 1327 1026 44.
1375 994 1470 1026 malo
1493 998 1611 1026 tamen
1639 991 1702 1026 ille

203 1043 330 1078 peccet
354 1037 413 1081 (de
435 1038 582 1080 ingrato)
598 1042 653 1079 12,
677 1042 712 1080 7,
739 1042 791 1072 11.
818 1039 855 1083 β)
869 1041 1024 1073 ο.Α(Ιυ..·
1051 1050 1154 1083 quam
1173 1049 1220 1072 ex
1236 1039 1372 1072 duabus
1392 1038 1538 1084 syllabis
1548 1038 1584 1071 in
1595 1049 1702 1070 unam

202 1090 386 1130 cogentes,
415 1090 450 1118 et
478 1085 607 1118 deinde
626 1085 822 1128 flectentes,
850 1085 1038 1127 dupliciter
1063 1092 1210 1126 peccant
1239 1087 1270 1128 1,
1293 1087 1326 1128 5,
1342 1087 1398 1119 23.
1423 1085 1514 1119 nihil
1537 1094 1701 1126 peccare,

205 1131 265 1174 qui
300 1130 412 1163 utitur
447 1130 490 1164 iis
521 1130 643 1165 verbis
680 1135 722 1173 1,
757 1132 798 1175 6,
830 1131 888 1175 42.
936 1131 1053 1164 minus
1086 1131 1267 1174 peccabit,
1318 1130 1380 1176 qui
1415 1130 1535 1178 longis
1563 1130 1702 1167 “breves

205 1177 368 1218 subjiciet
398 1178 439 1218 9,
475 1176 519 1219 4,
554 1177 623 1218 343
681 1189 786 1221 quam
817 1178 999 1211 minimum
1035 1187 1185 1219 peccare
1218 1179 1258 1220 3,
1294 1178 1336 1220 8,
1369 1176 1428 1213 47.
1476 1189 1523 1211 an
1553 1175 1700 1210 omnino

200 1222 406 1262 peccaverit
431 1225 486 1265 (a.
513 1227 534 1256 l.
561 1224 740 1266 peccarit)
764 1228 798 1266 7,
827 1227 861 1267 3,
886 1225 920 1258 6.
950 1226 1060 1257 semel
1084 1234 1275 1267 peccasse,
1312 1229 1347 1258 et
1381 1233 1446 1265 per
1468 1233 1642 1265 errorem,
1665 1226 1703 1255 et

202 1268 338 1311 levius,
373 1280 477 1312 quam
503 1269 690 1310 objiciatur
715 1273 748 1311 7,
772 1269 807 1312 4,
832 1273 889 1304 31.
934 1276 1034 1303 utros
1060 1280 1210 1311 peccare
1233 1269 1474 1312 validiusito,
1499 1270 1535 1311 3,
1562 1272 1618 1302 12.
1657 1265 1700 1311 r)

205 1328 233 1347 c.
257 1318 397 1348 Ablan:
433 1314 693 1356 compositione
722 1321 891 1358 peccatur
924 1319 958 1358 1,
990 1317 1026 1358 5,
1055 1318 1112 1350 35.
1148 1311 1329 1348 >Albutius
1355 1335 1396 1341 ——-
1426 1312 1699 1358 exceptionibus

203 1368 330 1405 peccat
353 1364 386 1403 2,
416 1362 470 1402 15,
496 1362 541 1394 36
601 1371 814 1403 quocunque
843 1361 912 1393 alio
937 1362 1138 1396 cacozeliae
1164 1371 1297 1406 genere
1329 1367 1518 1404 peccantes
1542 1363 1576 1398 2.
1601 1361 1637 1401 3,
1662 1361 1696 1394 9.

202 1409 305 1442 frons
329 1407 490 1451 pluribus
511 1406 701 1452 generibus
725 1412 850 1449 peccat
875 1410 908 1448 1,
936 1410 967 1448 1,
999 1409 1052 1440 10.
1103 1418 1193 1449 quae
1227 1405 1407 1442 vitiose
1435 1405 1573 1439 dixeris
1604 1404 1696 1448 (Sp.

205 1453 275 1498 qui
293 1454 423 1488 vitiose
447 1452 614 1493 dixerit),
640 1463 714 1485 non
737 1452 860 1496 utique
888 1458 923 1486 et
955 1452 1088 1494 scripto
1118 1457 1314 1494 peccant
1348 1452 1442 1496 (Sp.
1478 1452 1628 1495 peccat)
1650 1454 1699 1494 ⁴1,

204 1502 346 1543 5,6Ζ.;
378 1500 416 1532 in
440 1498 626 1542 participio
656 1509 737 1542 per
761 1509 872 1544 genus
896 1504 932 1531 et
949 1510 1070 1531 casum
1091 1505 1152 1532 etc.
1175 1502 1343 1542 peccatur
1365 1499 1409 1531 ib.
1425 1495 1483 1532 47.
1503 1493 1702 1541 κακόζηλον

202 1559 285 1592 per
309 1557 413 1580 omne
439 1545 580 1578 dicendi
608 1555 719 1591 genus
745 1550 868 1588 peccat
893 1545 928 1590 8,
952 1545 987 1588 3,
1012 1545 1067 1579 56.
1115 1580 1117 1582 ,

157 1605 326 1647 Pectus.
373 1616 403 1656 I,
428 1613 470 1657 α)
495 1614 724 1660 dignitatem,
767 1623 858 1656 quae
890 1618 944 1646 est
975 1612 1014 1646 in
1043 1611 1227 1645 latitudine
1257 1609 1414 1655 pectoris
1447 1613 1511 1654 11,
1542 1612 1588 1653 3,
1617 1610 1697 1645 141.

201 1673 347 1696 manum
389 1659 524 1704 pectori
570 1661 765 1692 admovere
797 1661 840 1692 ib.
878 1658 956 1693 104.
1006 1658 1153 1691 affixum
1186 1657 1324 1701 pectori
1359 1662 1519 1698 mentum
1553 1659 1595 1691 ib.
1633 1658 1693 1691 82.

203 1708 348 1742 summis
378 1707 496 1754 digitis
520 1712 642 1749 pec-tus
667 1711 834 1749 appetere
860 1707 904 1738 ib.
931 1704 1009 1742 124.
1035 1710 1127 1748 pect.
1166 1704 1318 1737 caedere
1356 1702 1539 1737 scenicum
1568 1708 1624 1741 est
1653 1705 1696 1736 ib.

203 1757 284 1789 123.
311 1753 353 1795 cs.
383 1756 417 1796 2,
447 1756 502 1795 12,
533 1755 584 1786 10.
613 1763 646 1795 p.
681 1763 722 1785 ac
753 1756 882 1785 venter
913 1761 960 1784 ne
993 1750 1228 1795 projiciantur
1263 1752 1327 1792 11,
1359 1751 1411 1794 3„
1437 1751 1515 1786 122.
1563 1747 1700 1783 demitti

203 1802 298 1835 infra
321 1813 355 1844 p.
383 1810 525 1834 manum
556 1801 598 1832 ib.
636 1800 723 1839 11²3
760 1809 835 1832 non
865 1798 992 1841 procul
1023 1798 1065 1830 ab
1089 1796 1162 1830 ‘ore
1199 1801 1259 1830 aut
1290 1801 1438 1839 pectore
1467 1796 1624 1830 refertur
1652 1795 1697 1828 ad

204 1859 272 1882 nos
300 1858 425 1880 manus
451 1848 493 1878 ib.
521 1845 577 1879 96.
624 1845 765 1879 laevam
797 1856 817 1876 a
849 1854 987 1877 summo
1013 1855 1047 1886 p.
1073 1844 1250 1876 abducere
1283 1844 1328 1876 ib.
1364 1841 1445 1876 145.
1472 1853 1508 1884 p.
1545 1842 1700 1876 adverso

201 1898 236 1935 2,
263 1896 319 1935 15,
347 1897 382 1928 7.
431 1901 546 1935 aequo
574 1902 609 1934 p.
646 1891 696 1930 (i.
725 1903 752 1923 e.
777 1903 862 1922 non
893 1889 1124 1933 projecto)
1160 1892 1226 1930 11,
1257 1889 1300 1931 3,
1341 1888 1418 1931 125.
1466 1889 1510 1931 β)
1543 1889 1700 1920 indicium

207 1942 351 1974 roboris:
377 1949 481 1972 nares
506 1949 546 1971 ac
571 1943 696 1979 pectus
720 1942 858 1969 tument
889 1936 944 1978 (in
972 1935 1217 1974 adolescentia)
1254 1937 1311 1976 11,
1342 1935 1377 1976 3,
1411 1934 1469 1968 29.
1525 1934 1587 1966 lat
1600 1933 1699 1968 eris

202 1992 338 2032 pecto
351 1986 481 2019 risve
493 1983 640 2016 firmitas
660 1985 715 2025 11,
740 1985 773 2026 3,
803 1984 856 2015 16.
894 1981 945 2025 ΙΙ)
969 1986 1107 2014 transm
1140 1986 1308 2022 pectus
1332 1985 1398 2022 est,
1428 1979 1524 2025 quod
1548 1978 1701 2014 disertos

202 2033 303 2075 facit,
329 2038 364 2066 et
387 2032 459 2066 vis
492 2029 663 2063 mentis
699 2031 754 2071 10,
788 2032 821 2070 7,
849 2028 903 2062 15.
955 2028 992 2061 in
1031 2028 1110 2064 eod.
1146 2039 1179 2070 p.
1215 2027 1350 2059 nullum
1385 2030 1440 2059 est
1468 2025 1701 2060 honestorum

204 2080 429 2122 turpiumque
459 2076 679 2110 consortium
705 2078 760 2117 12,
787 2077 820 2116 1,
849 2073 884 2108 4.
910 2078 950 2107 ut
975 2073 1012 2107 in
1036 2078 1183 2117 pectora
1205 2071 1378 2116 irrumpat
1401 2070 1548 2115 (orator)
1565 2074 1600 2114 2,
1611 2072 1646 2116 5,
1661 2074 1698 2108 8.

157 2124 400 2167 Peculatus.
448 2132 628 2167 manisesti
655 2133 839 2176 peculatus
862 2142 964 2165 reum
990 2134 1044 2171 12,
1073 2134 1104 2172 1,
1131 2129 1187 2163 43.
1214 2129 1257 2171 οΙΖ
1284 2129 1320 2172 5,
1345 2131 1401 2172 13,
1426 2129 1484 2163 35.

155 2181 404 2223 peculiaris.
453 2182 636 2235 paululum
660 2189 848 2234 peculiaris
878 2199 1008 2232 operae
1034 2187 1068 2229 6,
1095 2186 1129 2229 4,
1156 2188 1191 2221 3.

158 2237 451 2282 Ρθοιιῖἱεπίῑθΐ.
478 2259 559 2282 eum
577 2264 624 2269 —-
645 2247 680 2279 iu
708 2258 804 2280 suam
833 2235 975 2290 qnoque
999 2243 1143 2290 gloriam
1170 2255 1205 2287 p.
1229 2241 1370 2277 fovebit
1394 2244 1426 2283 1,
1455 2239 1491 2284 2,
1520 2243 1576 2276 16.
1600 2243 1700 2287 quasi

206 2296 353 2342 singulis
377 2307 411 2338 p.
436 2294 619 2327 inculcare
645 2297 699 2335 11,
724 2295 759 2335 3,
786 2294 863 2326 130.
914 2292 1012 2336 quod
1038 2300 1278 2324 commune
1303 2293 1358 2323 est
1381 2293 1417 2322 et
1442 2288 1521 2323 aliis
1550 2290 1696 2333 nomen,

207 2342 312 2376 alicui
336 2341 389 2375 rei
415 2352 507 2384 pec.
533 2339 699 2373 tribuitur
722 2341 757 2382 8,
783 2342 818 2381 2,
844 2339 878 2373 8.

157 2397 439 2488 ΡΘουΙὶοΙιὲιιι.
475 2404 688 2454 magnum
711 2418 793 2453 pec
805 2405 1010 2440 uliolnm
1035 2409 1161 2446 eruut,
1209 2401 1270 2448 qui
1305 2400 1556 2437 soloecismum
1577 2406 1702 2450 putent

211 2459 249 2498 1,
285 2458 326 2497 5,
392 2457 424 2489 6.

154 2511 364 2553 Pecunia·
413 2522 569 2556 creditae
597 2531 631 2563 p.
658 2524 692 2563 7,
718 2523 754 2563 2,
779 2519 835 2555 50.
863 2529 899 2561 p.
925 2518 1064 2560 privata
1087 2516 1123 2560 4,
1155 2520 1190 2556 2.
1224 2517 1260 2551 8.
1306 2515 1477 2562 signatam
1511 2523 1545 2555 p.
1577 2515 1611 2558 5,
1644 2518 1701 2559 11,
1727 2561 1728 2564 ¹

210 2571 255 2601 33
280 2581 311 2600 v.
340 2568 620 2610 Argenti-1113
650 2578 721 2601 non
747 2572 801 2600 est
827 2566 957 2600 bonum
987 2574 1063 2605 pec.
1091 2564 1125 2606 5,
1158 2561 1213 2604 14,
1237 2564 1294 2597 25.
1321 2571 1418 2604 pec„
1443 2571 1534 2612 (μυ-αθ
1555 2561 1728 2597 nimiuml

211 2619 379 2657 quantum
406 2612 438 2646 in
466 2614 591 2647 animis
620 2613 805 2647 hominum
841 2617 958 2653 potest
991 2609 1025 2651 4,
1066 2613 1100 2652 2,
1133 2611 1179 2643 70
1211 2611 1294 2650 Ζ.;’
1317 2616 1413 2658 ρεα,
1445 2617 1544 2648 cujus
1577 2613 1703 2642 auctor

213 2670 286 2692 non
312 2665 410 2692 extat
441 2663 483 2701 7,
515 2663 554 2700 2,
590 2661 646 2694 52.
695 2658 889 2704 Sphingem
923 2668 1070 2690 aeneam
1105 2663 1256 2700 magnae
1288 2662 1465 2704 pecuniae
1493 2654 1536 2695 6,
1567 2655 1612 2697 3,
1644 2655 1703 2690 98.

213 2716 330 2748 neque
355 2705 499 2739 videtur
523 2705 558 2737 in
583 2706 735 2738 eundem
760 2710 796 2737 et
829 2708 1028 2737 contemtus
1053 2701 1228 2743 pecuniae
1251 2703 1287 2733 et
1313 2698 1486 2738 cupiditas
1511 2699 1638 2734 cadere
1666 2703 1728 2745 7„

213 2755 249 2794 2,
275 2753 332 2785 30.
358 2750 588 2792 pecuniarum
615 2751 890 2792 repetundarum
914 2748 1045 2794 judicia
1070 2750 1191 2782 Galv.
1218 2745 1255 2789 9,
1278 2745 1313 2791 3,
1335 2743 1400 2786 56;
1440 2745 1486 2778 ob
1511 2756 1588 2780 rem
1611 2745 1705 2789 judi-
1721 2748 1728 2784 2¹.
