1728 3002
137 204 168 237 L
747 199 1054 257 prolegomena

145 325 384 377 ceptam,
420 313 573 360 tueri.
617 313 823 378 ·Qualis
846 315 910 363 sit
927 315 1086 383 hujus
1110 314 1395 381 Temporis
1414 330 1541 363 usus
1560 330 1684 381 post
1703 352 1725 391 ,⁷

146 392 572 460 Conjunctiones
601 397 698 443 sub
720 395 796 442 his
818 395 939 461 ipsis
959 413 1160 462 quaere
1181 396 1239 444 in
1260 395 1484 445 Lexico.

571 546 612 583 2.
670 541 758 584 DE
794 541 1256 586 IMPERFECTO.

281 635 520 685 Ratione
561 638 949 687 sententiarum
989 638 1448 689 condicionalium
1481 643 1688 706 Imper-

145 718 349 764 fectum
389 718 679 773 Indicativi
715 738 817 785 pro
861 723 1400 789 plusquamperfecto
1443 721 1687 788 Conjun-

149 796 279 846 ctivi
301 800 459 846 semel
484 799 750 864 reperitur
779 802 836 849 in
871 803 1161 860 sententia,
1199 803 1288 852 cui
1316 804 1499 851 tamen
1525 800 1617 852 vis²
1635 818 1690 851 et

147 891 346 925 natura
367 879 755 929 condicionalis
777 897 879 931 est:
917 880 946 931 5
961 920 974 944 7
998 901 1023 945 7
1038 920 1051 945 ,
1070 883 1108 932 ⁴6
1141 885 1321 934 Totum
1343 885 1511 951 figitur
1538 902 1690 933 excu-

108 1005 112 1009 ,
151 959 339 1007 tiamus
377 960 564 1021 locum,
609 964 809 1027 quando
853 965 1147 1014 universam
1188 967 1560 1015 institutionem
1600 984 1690 1029 ag-

147 1041 316 1103 gressi
346 1058 533 1090 sumus,
593 1068 597 1072 ,
626 1045 1090 1109 ›Suffict'ebant
1125 1048 1324 1113 alioqui
1356 1047 1481 1095 libri
1516 1047 1618 1095 duo
1658 1065 1692 1094 a

151 1122 377 1170 Domitio
408 1124 545 1189 Afro
578 1125 633 1172 in
667 1125 798 1174 Ιιαπο
827 1144 936 1174 rem
963 1130 1258 1193 compositi;
1302 1146 1428 1176 nam
1460 1128 1694 1194 priorem

152 1203 471 1252 sententiam
502 1221 822 1255 convertere
851 1207 1002 1256 licet:
1046 1209 1152 1256 m'si
1174 1209 1466 1257 ‘lucit-ersam
1487 1200 1692 1257 institae-

152 1283 338 1333 te’onem
370 1289 605 1350 aggressi
633 1305 860 1337 essemus.
943 1291 1074 1338 Duo
1116 1289 1224 1338 alia
1262 1291 1587 1356 Imperfecta
1624 1307 1692 1338 ex

151 1365 341 1413 habitu
373 1383 425 1415 et
458 1368 643 1416 indole
672 1369 910 1425 universi
951 1373 1264 1436 complexus
1302 1369 1693 1419 sententiarum

152 1446 479 1510 explicanda
507 1465 658 1512 sunt3
690 1451 938 1500 nimirum
968 1455 1013 1513 6,
1044 1470 1059 1498 1
1071 1489 1084 1513 ,
1119 1469 1137 1498 1
1175 1452 1444 1501 Peroratio
1476 1440 1706 1517 seque-¹*

152 1525 344 1575 hatur
370 1546 578 1595 spectat
611 1535 680 1579 ad
712 1532 1076 1600 interruptum
1107 1547 1282 1580 morte
1308 1532 1404 1580 filii
1436 1549 1597 1598 opus3
1637 1546 1691 1579 et

160 1622 241 1668 10,
279 1626 295 1653 1
317 1645 330 1669 ,
367 1627 458 1657 120
487 1615 555 1659 de
584 1613 730 1667 Julio
764 1615 1038 1662 Secundo:
1079 1614 1352 1679 adjecisset
1375 1613 1508 1661 eadm
1542 1621 1693 1678 atque

152 1689 515 1753 adjiciebat
543 1695 723 1743 ceteris
755 1695 1031 1743 virtutibus
1061 1696 1189 1755 smis,
1245 1695 1379 1760 quod
1408 1693 1699 1742 desiderari

142 1778 332 1831 potest,
378 1772 642 1840 significat
681 1776 959 1842 adjiciebat
988 1776 1019 1823 i.
1051 1793 1103 1841 q.
1131 1779 1249 1841 jam
1285 1784 1526 1840 coeperat
1558 1775 1691 1840 adji-

151 1866 275 1899 cere.
346 1853 421 1901 Cf.
448 1856 663 1922 Zumpt.
686 1859 808 1906 Lat.
834 1856 1065 1904 Gramm.
1103 1858 1134 1919 §.
1163 1855 1274 1904 500.

614 2008 654 2045 3.
714 2003 802 2045 DE
839 2000 1215 2044 PERFECTO.

278 2096 361 2142 Ex
388 2097 596 2144 Graeca
621 2097 807 2166 lingua
830 2100 1120 2146 translatus
1145 2098 1377 2146 Perfecti
1397 2094 1687 2145 Indicativi

142 2191 294 2235 usus,
328 2177 498 2240 qualis
530 2178 750 2244 proprie
782 2192 860 2226 est
885 2178 1114 2240 Aoristi‚
1150 2182 1220 2226 ad
1250 2176 1524 2226 infinitum
1550 2190 1686 2221 tem-

141 2270 243 2317 pus
276 2254 711 2320 significandum,
749 2261 977 2325 quando
1003 2262 1070 2305 de
1090 2258 1322 2324 repetita
1340 2257 1556 2304 actione
1587 2268 1686 2303 aut

143 2336 209 2379 de
232 2336 625 2385 consuetudine
651 2339 835 2405 aliqua
859 2338 1065 2406 agitur,
1102 2356 1216 2386 non
1242 2354 1364 2385 raro
1398 2337 1550 2401 apud
1569 2337 1683 2383 Νό-

141 2426 304 2459 strum
348 2417 802 2480 deprehenditur,
857 2417 1106 2484 imprimis
1146 2417 1202 2464 in
1244 2415 1408 2468 Verbi
1453 2417 1682 2482 accipere

137 2495 398 2541 translata
426 2509 479 2541 et
500 2497 613 2559 ipsa
635 2497 1050 2565 significatione,
1086 2513 1150 2546 ut
1169 2514 1225 2559 2,
1249 2502 1306 2558 4,
1332 2513 1359 2542 2
1397 2497 1519 2562 quia
1559 2513 1680 2544 nar-

135 2573 397 2621 rationum
434 2583 537 2622 tres
573 2581 850 2642 accepim
864 2597 935 2628 us
964 2580 1172 2643 species,
1211 2581 1281 2626 ad
1306 2594 1468 2643 quem
1499 2579 1680 2624 locum

137 2652 477 2719 Spaldingius
511 2654 566 2701 in
605 2659 774 2705 Praef.
800 2662 849 2719 Ι,
884 2677 935 2725 p.
971 2675 1184 2706 Lxxxn
1217 2672 1364 2706 recte
1402 2653 1675 2727 admonet,

132 2746 440 2797 „receptam
483 2733 622 2783 inter
663 2738 900 2788 homines
936 2738 1251 2788 divisionem
1290 2735 1676 2796 narrationum,
