1728 3002
163 178 246 218 134
316 144 320 149 -
372 233 373 239 ἵ
663 167 879 228 Cognatio
907 194 964 204 --
993 169 1221 230 cognosco

164 275 395 332 cognatio.
441 297 525 323 cum
546 284 614 321 tibi
634 290 712 321 tota
734 296 842 338 cqgn.
866 296 1013 321 san-aco
1040 286 1239 322 advehatur
1268 286 1360 321 cte.
1383 286 1421 330 8,
1435 287 1471 330 3,
1486 287 1552 329 21;
1592 296 1712 320 rerum

205 336 358 377 duarum
397 332 650 381 cognationem
682 334 749 376 fig.
788 346 847 378 ap.
884 335 992 367 Gela.
1036 333 1084 377 9,
1127 335 1169 376 2,
1213 331 1294 367 105.
1350 342 1442 377 qnae
1465 343 1563 368 cum
1585 332 1713 377 quibus

214 380 383 429 cognatio
408 382 441 423 1,
456 379 493 424 4,
510 383 565 414 12.
587 380 642 415 16.
680 379 827 413 linearis
849 378 941 413 ratio
959 398 1007 405 —
1031 379 1141 413 habet
1158 378 1331 422 majorem
1355 378 1485 423 quand.
1509 378 1616 412 aliam
1632 390 1714 413 cum

212 434 288 462 arte
305 426 462 462 oratoria
478 432 620 474 cognat.
643 428 677 469 1,
692 429 748 469 10,
765 426 821 460 36.
851 426 916 459 Est
930 426 1055 470 quaed.
1073 425 1198 460 inter
1219 425 1288 460 hos
1303 429 1414 458 status
1435 435 1539 472 cogn.
1553 428 1590 469 7,
1605 427 1660 468 10,
1677 427 1711 459 1.

169 472 403 530 cognatus·
452 490 535 518 sunt
557 483 687 529 quaed.
713 481 924 528 (vocabula)
955 488 1180 530 cognata,
1209 487 1251 516 ut
1273 480 1416 526 dicunt,
1448 480 1488 516 td
1515 487 1571 516 est
1592 483 1714 526 ejus-

213 533 312 566 dem
335 530 527 578 generis
555 533 619 575 (ut
651 542 705 563 an
737 537 768 563 et
798 527 905 573 aut)
930 530 962 572 1,
986 529 1020 572 5,
1042 527 1102 565 49.
1143 527 1327 576 [cognatis
1352 527 1391 562 id
1414 538 1435 563 e
1457 527 1566 572 rebus
1589 529 1716 564 admo-

212 577 292 612 neri
316 576 432 621 (lomes
456 575 636 622 corrupt.)
665 577 721 620 12,
753 578 787 618 2,
813 577 856 610 31
885 575 932 609 Ν.
958 588 1007 609 cr.
1035 582 1066 609 et
1095 576 1130 610 S.
1164 587 1198 610 v.
1226 571 1460 619 Tantum]

169 621 390 680 cognitio·
437 634 468 678 Ι)
497 645 580 669 cum
609 633 682 668 sint
713 631 842 667 artium
866 631 957 667 aliae
983 631 1122 676 positae
1153 631 1194 666 in
1223 630 1565 676 inspectione,
1599 630 1636 666 id
1659 629 1716 666 est

214 679 492 728 cognitione
519 686 555 715 et
576 678 911 714 aestimatione
934 690 1001 714 —z
1027 677 1119 713 aliae
1143 677 1183 712 in
1210 678 1404 713 effectu
1430 681 1466 722 2,
1486 678 1591 721 18,1.
1622 677 1716 712 haec

213 726 409 772 eloquendi
445 732 652 772 praecepta,
695 725 788 760 sicut
825 723 1107 772 cognitioni
1139 723 1213 769 (εἰσ
1241 737 1270 760 o.
1295 726 1371 758 aliis
1397 729 1464 768 Ζ.;
1504 731 1584 768 opit.
1610 725 1718 760 Gadd-

214 772 443 820 cogitationi,
485 775 574 819 quod
606 771 787 814 defendere
821 772 929 805 denuo
968 778 1108 805 conatur
1141 774 1192 806 H.
1218 768 1286 815 11.)
1310 776 1395 806 sunt
1415 769 1638 814 necessaria,
1666 769 1718 805 ita

212 831 290 854 non
323 818 409 854 satis
443 820 487 853 ad
519 819 610 855 vim
641 817 832 865 dicendi
861 818 985 854 valent
1011 820 1079 862 10,
1103 819 1137 861 1,
1162 819 1182 852 1
1209 818 1246 852 S.
1287 816 1588 865 cognitionis
1619 821 1717 861 sunt,

213 877 290 901 non
320 864 628 909 inventionis
663 863 783 911 (quae
806 862 934 909 scripta
959 863 1062 908 sunt)
1094 866 1152 907 12,
1176 865 1212 908 3,
1234 866 1269 899 7.
1301 874 1424 898 rerum
1445 862 1603 910 cognitio
1627 871 1720 908 quo-

211 912 302 947 tidie
325 911 456 952 crescit
480 914 537 956 12,
562 914 620 955 11,
647 913 706 947 17.
747 909 806 946 cui
833 915 911 945 erat
936 911 1048 944 multa
1078 908 1139 955 (a.
1164 913 1188 944 1.
1212 907 1425 952 multarum)
1460 920 1582 944 rerum
1609 919 1716 956 cogn.

216 961 272 1001 10,
299 959 332 1002 1,
359 959 437 993 128.
474 957 520 1001 cf.
546 961 582 999 2,
606 955 642 1001 4,
670 959 729 992 20.
765 957 894 1004 quibus
918 956 1066 991 sublatis
1091 967 1210 1002 neque
1237 954 1502 1004 cognitioni
1525 955 1719 1001 quidquam

211 1015 332 1050 neque
354 1003 422 1038 uti
433 1003 560 1039 litati
588 1003 788 1039 detrahitur
806 1002 843 1047 4,
859 1006 893 1047 2,
907 1002 965 1038 40.
990 1009 1031 1037 ut
1044 1003 1270 1038 alliceremus
1286 1003 1509 1047 juventutem
1528 1002 1574 1036 ad
1590 1001 1719 1049 cogni-

213 1051 352 1086 tionem
374 1061 520 1094 eorum,
551 1062 642 1095 quae
667 1050 869 1085 necessaria
897 1049 1023 1084 studiis
1051 1048 1264 1084 arbitramur
1288 1051 1323 1092 3,
1353 1051 1386 1092 1,
1411 1050 1446 1083 3.
1477 1051 1647 1094 quantum
1673 1047 1720 1082 ad

212 1096 459 1145 cognitionem
487 1097 642 1142 pertinet
664 1108 786 1131 rerum
808 1099 868 1139 12,
883 1095 918 1139 4,
933 1099 967 1130 2.
999 1101 1039 1130 ut
1061 1095 1215 1131 oratoris
1231 1095 1476 1143 cognitionem
1494 1094 1719 1129 nihilmore-

212 1149 274 1178 tur
301 1146 358 1186 12,
383 1141 418 1186 4,
446 1145 480 1178 2.
521 1154 570 1178 ex
597 1142 805 1190 cognitione
836 1154 957 1176 rerum
987 1143 1306 1187 exemplorumque
1332 1143 1390 1186 10,
1415 1143 1450 1185 1,
1473 1138 1534 1176 34·
1565 1139 1610 1183 cdl
1637 1138 1719 1175 124.

212 1195 287 1224 tam
309 1191 437 1234 procul
461 1200 483 1223 a
503 1189 712 1237 cognitione
740 1199 865 1223 eorum
890 1187 1118 1233 (poetarum)
1141 1195 1301 1223 remotus
1325 1190 1368 1222 ib.
1397 1190 1454 1223 57.
1485 1197 1559 1221 non
1581 1185 1722 1234 indigni

214 1235 424 1283 cognitione
454 1235 675 1280 (scriptores)
710 1237 753 1269 ib.
783 1236 850 1278 9ος
897 1245 1051 1279 quorum
1077 1234 1380 1278 (praeceptorum)
1403 1232 1563 1280 cognitio
1587 1235 1645 1276 12,
1662 1235 1720 1276 11,

214 1284 275 1318 31.
315 1293 359 1317 co
386 1293 420 1315 n.
444 1285 632 1326 poetarum
656 1281 779 1326 parvis
803 1280 939 1327 gratior
966 1282 1008 1323 1,
1034 1283 1075 1323 1,
1099 1279 1157 1314 36.
1193 1290 1298 1327 cogn.
1323 1278 1473 1314 rationis
1508 1281 1552 1323 1,
1574 1281 1638 1323 10,
1663 1280 1722 1314 31.

216 1339 326 1376 cogn.
375 1327 554 1364 lvinarum
576 1340 697 1363 rerum
721 1331 763 1372 1,
792 1330 860 1371 10,
886 1329 941 1361 10.
981 1328 1162 1369 locorum,
1192 1337 1241 1361 ex
1269 1325 1397 1371 quibus
1421 1331 1631 1373 argumenta
1653 1325 1722 1358 dn-

218 1381 370 1418 cuntur,
406 1385 510 1421 cogn.
536 1375 571 1418 5,
598 1377 654 1418 10,
680 1375 760 1410 119.
845 1374 896 1416 11)
919 1385 986 1407 vox
1011 1371 1182 1414 sorensis.-
1218 1383 1325 1416 eum,
1360 1372 1461 1415 cujus
1485 1370 1643 1419 cognitio
1666 1377 1724 1408 est

218 1421 254 1465 5,
278 1422 314 1466 6,
341 1419 376 1455 4.
420 1420 619 1468 cognitioni
643 1432 766 1455 rerum
796 1418 1159 1454 accommodatiorem
1189 1417 1347 1463 judicem
1368 1418 1507 1452 faciunt
1538 1417 1575 1462 4,
1602 1421 1638 1461 2,
1661 1418 1720 1453 80.

217 1468 265 1502 ad
290 1474 517 1512 praesentem
553 1467 881 1512 quaestionem
913 1464 1238 1513 cognitionem
1269 1464 1429 1512 alligabit
1459 1463 1515 1510 (a.
1542 1468 1564 1499 l.
1589 1463 1725 1510 alleg.)

217 1517 260 1558 7,
287 1517 330 1557 2,
356 1516 414 1548 33.
458 1524 565 1562 cogn.
591 1513 774 1559 praetoria
795 1514 839 1556 3,
862 1512 907 1555 6,
935 1514 992 1547 70.
1029 1511 1232 1556 principum
1255 1515 1291 1545 et
1317 1510 1724 1558 senatus.cognitionib·

218 1562 254 1604 3,
281 1563 338 1604 10,
364 1563 398 1595 1.
427 1560 466 1595 in
490 1560 736 1609 cognitionem
757 1558 885 1596 venire
913 1563 1056 1592 senatus
1080 1563 1141 1592 aut
1162 1556 1335 1603 principis
1357 1560 1394 1600 7,
1418 1559 1455 1600 2,
1480 1558 1537 1592 20.

174 1613 398 1710 Οέἕῐὲίῑῖῐὲ·
413 1640 520 1709 Nnon
544 1629 632 1664 licet
653 1628 721 1663 tibi
745 1638 853 1675 agere
876 1638 1036 1670 mecum,
1069 1625 1236 1674 cognitor
1260 1624 1358 1660 enim
1378 1624 1459 1660 fieri
1479 1635 1557 1660 non
1577 1615 1726 1671 potuisti

248 1701 259 1717 ,
308 1701 319 1717 ‚
452 1701 461 1711 .

175 1717 427 1776 cognitura·
479 1731 706 1781 cognituram
729 1729 788 1776 (a.
816 1735 838 1765 1.
866 1704 1084 1774 censuram)
1108 1729 1203 1763 male
1232 1728 1377 1764 dicendi
1398 1727 1520 1763 subire
1548 1730 1607 1772 12,
1630 1727 1667 1772 9,
1690 1728 1725 1765 9.

175 1778 443 1836 cognomen.
491 1788 715 1835 (proprium)
749 1788 856 1823 liberi
884 1791 919 1831 7,
944 1789 979 1831 3,
1003 1790 1063 1822 27.
1104 1799 1140 1821 v.
1169 1785 1322 1820 Liber.

177 1835 464 1893 cognomino.
503 1846 706 1882 citharoedi
727 1857 843 1890 pauca
864 1844 947 1888 illa,
979 1855 1090 1888 quae,
1123 1848 1314 1887 antequam
1327 1841 1527 1889 legitimum
1545 1846 1728 1877 certamen

222 1894 396 1930 inchoent
427 1913 473 1919 -
507 1899 663 1937 canunt,
700 1891 928 1937 prooemium
960 1888 1308 1937 cognominaverunt
1343 1887 1399 1933 (a.
1426 1892 1449 1924 1.
1476 1887 1728 1933 vocaverunt)

224 1940 262 1984 4,
287 1944 320 1984 1,
345 1945 380 1975 2.

180 1984 422 2042 cognosco.
475 1995 511 2042 I)
539 2006 851 2043 cognoscere,
885 1999 922 2027 et
957 1997 1151 2038 praecepta
1178 1989 1331 2027 vivendi
1361 1989 1638 2035 perdiscere
1669 1993 1728 2035 12,

225 2047 283 2086 11,
309 2045 353 2079 16
383 2045 430 2078 N.
472 2044 569 2088 quod
598 2046 794 2089 cognoscet
824 2039 968 2074 facilius
993 2038 1029 2083 4,
1055 2041 1089 2081 1,
1113 2038 1172 2073 67.
1211 2037 1251 2071 in
1278 2036 1493 2071 notitiam
1518 2047 1665 2081 eorum,
1695 2036 1728 2072 si

227 2090 290 2134 qui
312 2091 408 2125 forte
432 2100 640 2137 cognosc
654 2100 731 2123 ere
755 2086 978 2130 voluissent,
1012 2084 1207 2130 protulisse
1235 2086 1291 2126 12,
1311 2086 1368 2126 11,
1387 2085 1422 2119 8.
1460 2083 1619 2118 siderum
1644 2094 1728 2118 cur-

227 2147 287 2171 sus
311 2146 552 2181 munerosque
577 2145 799 2182 cognoscere
823 2135 866 2167 ib.
893 2135 950 2167 10.
987 2152 1035 2158 -—
1056 2131 1234 2166 rationem
1256 2129 1343 2164 facti
1369 2130 1541 2175 cujusque
1563 2129 1601 2174 4,
1618 2132 1655 2173 2,
1670 2131 1728 2166 21.

227 2192 489 2228 cognoscemus
515 2181 661 2216 nomina
683 2180 761 2225 ipsa
787 2190 909 2213 rerum
937 2181 993 2221 10,
1015 2181 1046 2222 1,
1066 2179 1101 2213 8.
1135 2177 1207 2211 illis
1224 2178 1315 2211 haec
1336 2175 1626 2211 invenienda
1647 2176 1728 2210 fue-

226 2234 330 2272 runt,
365 2228 468 2263 nobis
492 2227 830 2275 cognoscenda
855 2231 938 2259 sunt
960 2228 1015 2267 12,
1035 2227 1092 2267 11,
1113 2226 1172 2258 22.
1203 2234 1309 2267 quam
1336 2221 1525 2264 (rationem
1543 2223 1728 2262 inveniendi

229 2273 318 2317 etc.)
341 2286 423 2318 per
451 2285 611 2309 omnes
639 2282 855 2307 numeros
882 2283 935 2316 pe
948 2270 1083 2305 nitus,
1099 2279 1322 2316 cognoscere
1345 2269 1381 2311 8,
1395 2269 1453 2302 Pr.
1473 2270 1507 2301 ’1.
1534 2266 1579 2309 ej:
1595 2268 1652 2302 28.
1671 2270 1728 2311 12,

232 2322 250 2352 1
267 2345 278 2361 ,
303 2322 358 2353 25.
399 2331 470 2364 quo
496 2320 587 2354 nihil
612 2318 849 2365 praestantius
876 2316 1035 2364 cognovi
1068 2317 1113 2359 6,
1145 2317 1203 2350 Pr.
1228 2316 1282 2349 10.
1319 2316 1384 2356 10,
1410 2316 1452 2356 1,
1482 2314 1562 2349 119.
1600 2314 1728 2349 multos

231 2365 468 2411 cognovimus
494 2369 559 2410 12,
589 2369 628 2409 3,
655 2369 710 2400 11.
746 2377 829 2400 cum
855 2364 975 2399 omnia
1003 2362 1263 2408 diligenter
1289 2359 1504 2406 cognoverit
1528 2362 1599 2403 12,
1622 2361 1668 2402 8,
1697 2363 1728 2399 1.

232 2409 279 2451 cf.
309 2411 343 2452 5,
369 2414 424 2453 10,
452 2413 528 2447 119.
562 2412 651 2446 nihil
674 2411 743 2446 nisi
767 2412 864 2456 quod
888 2411 958 2454 jam
981 2407 1239 2455 cognovissent
1260 2408 1316 2449 10,
1333 2410 1367 2448 2,
1386 2404 1431 2448 43
1479 2407 1541 2441 vel
1563 2407 1635 2440 hoc
1650 2406 1728 2450 ipsc

234 2457 503 2503 cognoscimus,
540 2459 636 2501 quod
661 2465 720 2491 etc.
752 2460 821 2499 10,
850 2457 891 2499 5,
920 2457 954 2489 3.
1001 2465 1064 2489 eos
1083 2453 1154 2487 alio
1183 2463 1284 2496 quam
1315 2451 1455 2496 scriptis
1482 2451 1728 2499 cognoscimus

234 2504 292 2545 12,
318 2504 373 2544 10,
400 2501 456 2536 54.
495 2505 593 2547 quod
617 2503 745 2547 partim
768 2501 981 2547 praeceptiS,
1006 2499 1131 2544 partim
1157 2503 1364 2542 usurpatmn
1383 2498 1522 2533 ratione
1546 2508 1728 2545 cognove-

234 2559 313 2582 ram
334 2550 370 2590 7,
397 2551 429 2590 1,
459 2550 480 2582 3
506 2550 551 2582 N.
589 2549 804 2592 Apollodori
829 2552 1019 2592 praecepta
1043 2544 1157 2591 magis
1185 2556 1239 2579 ex
1267 2544 1449 2588 discipulis
1474 2555 1672 2591 cognosces
1697 2545 1728 2587 3,

237 2596 270 2636 1,
300 2594 363 2635 183
410 2604 499 2627 mox
522 2594 609 2627 illud
633 2595 812 2641 cognituri
836 2594 944 2628 etiam
966 2591 1140 2636 optimum
1161 2592 1197 2634 8,
1223 2592 1280 2625 Pr.
1306 2590 1341 2624 4.
1387 2590 1540 2637 cognitis
1567 2589 1728 2624 omnibus

236 2641 301 2684 10,
326 2641 367 2682 1,
391 2641 449 2673 21.
490 2640 634 2686 cognita
669 2640 764 2674 inter
793 2639 1061 2684 disceptandum
1084 2636 1271 2681 iniquitate
1297 2647 1425 2671 causae
1450 2639 1512 2679 12,
1537 2639 1578 2679 7,
1602 2636 1637 2671 6.
1672 2647 1728 2670 ce-

239 2692 318 2721 tera
338 2684 378 2719 in
406 2684 579 2719 discendo
610 2695 654 2718 co
681 2686 753 2719 nita
777 2689 834 2730 12,
860 2688 900 2728 3,
927 2687 962 2720 2.
999 2695 1075 2718 non
1106 2684 1229 2717 lecta
1263 2682 1352 2716 mihi
1387 2687 1525 2716 tantum
1559 2692 1623 2724 ea,
1670 2682 1728 2716 sed

236 2733 409 2777 pleraque
442 2742 499 2765 ex
526 2730 607 2775 ipso
667 2733 792 2766 Domit.
824 2730 936 2774 Afro)
969 2729 1041 2765 sint
1071 2728 1267 2775 cognita
1295 2728 1330 2772 5,
1355 2731 1390 2770 7,
1413 2731 1447 2763 7.
1486 2738 1534 2762 ex
1556 2733 1728 2764 vetustate

239 2777 506 2825 diligenter
535 2776 603 2812 sibi
636 2777 778 2822 cognita
803 2780 870 2821 10,
898 2779 934 2821 1,
963 2775 1021 2812 34.
1101 2775 1154 2821 11)
1186 2777 1320 2810 verbum
1348 2773 1508 2817 forense.-
1542 2779 1728 2822 cognoscat
