1728 3002
742 257 847 302 Sum
1479 258 1562 298 869

70 372 198 408 erunt?
221 371 259 418 5,
286 374 343 415 13.
367 374 403 410 8.
431 371 494 433 qqi
516 371 586 407 nisi
609 371 747 416 ruisset,
769 371 880 408 hodie
903 375 940 406 te
962 370 1044 407 istic
1066 381 1209 407 muscae
1234 370 1474 406 comedissent
1499 370 1558 414 11,

69 420 116 463 3,
141 419 229 463 129;
255 425 378 455 orator
396 417 484 463 ille,
510 419 571 464 qui
594 420 754 454 nondum
770 418 863 461 fuit,
892 419 958 452 sed
983 424 1101 463 potest
1125 429 1204 452 esse
1230 420 1292 460 12,
1320 420 1338 450 1
1353 442 1364 459 ‚
1387 416 1448 451 24.
1476 416 1559 450 eod.

68 469 231 510 tempore
255 465 480 500 Theodectes
502 465 570 499 fuit
593 467 628 509 3,
655 468 689 508 1,
714 463 774 499 14.-
800 464 862 510 qui
886 470 968 499 ante
991 475 1073 498 eum
1095 464 1235 498 fuerant
1263 466 1326 506 12,
1353 466 1390 506 2,
1417 463 1472 498 19.
1498 461 1560 514 qui

70 516 196 556 postea
218 510 364 546 fuerunt
387 513 452 553 10,
475 511 495 546 1
510 537 522 554 ,
544 511 602 546 38.
636 510 681 552 cs.
708 514 772 554 11,
796 513 839 554 3,
867 509 954 553 143;
990 516 1073 544 sunt
1096 516 1132 544 et
1164 510 1223 543 alii
1253 508 1445 552 scriptores
1473 508 1559 542 bom

72 558 131 599 10,
153 558 188 601 1,
213 555 363 599 ima-off.
391 558 470 592 118.
519 555 574 603 β)
599 559 642 591 de
669 559 777 590 rebus.
817 555 863 599 a)
888 567 969 594 cum
992 561 1085 590 esset
1109 557 1243 602 grande
1268 554 1477 589 convivium
1502 556 1559 596 11,

66 605 113 645 2,
139 604 200 639 12.
230 602 515 648 frequentissime
537 609 597 637 aut
619 613 693 637 non
716 608 799 636 sunt
828 603 998 645 omnino,
1032 613 1123 647 quae
1146 601 1464 646 promittebantur,
1498 605 1560 633 aut

68 647 188 683 minus
211 649 395 683 continent
423 652 478 692 12,
502 649 538 692 8,
565 651 618 683 12.
646 647 689 690 cs:
715 650 750 692 9,
773 651 809 691 2,
835 651 914 683 107.
939 649 1037 693 quod
1060 648 1090 682 si
1115 654 1168 682 est
1194 651 1226 691 ¹,
1250 646 1286 690 4,
1313 650 1367 681 12.
1390 647 1484 680 ultra
1508 645 1558 688 id,

70 695 167 739 quod
192 700 247 728 est
270 698 334 738 11,
357 698 400 735 2,
426 695 554 730 3:1100
578 705 692 741 genus
714 715 761 721 —
787 694 848 728 nbi
873 703 966 729 non
989 699 1080 737 est,
1105 692 1382 729 desiderari
1407 692 1499 726 solet
1523 693 1557 734 5,

67 741 106 784 7,
133 741 200 783 373
231 741 288 774 ars
312 746 366 775 est
387 740 571 784 utriusque
598 743 633 784 3,
663 744 696 783 1,
725 739 780 774 14.
803 745 845 774 nt
866 740 912 775 sit
935 740 1039 785 copia
1066 741 1142 783 illa,
1171 750 1220 774 ex
1244 750 1313 784 qua
1332 758 1380 764 —
1403 737 1559 790 efficiant

67 787 115 829 2,
138 786 182 828 2,
208 788 264 820 12.
296 785 334 820 in
362 786 676 830 disputationibus,
706 797 796 831 quae
820 792 903 821 sunt
926 787 972 820 de
997 792 1141 820 oratore
1166 788 1230 827 10,
1257 787 1299 828 3,
1325 787 1358 818 1.
1390 795 1472 818 cum
1499 789 1558 826 sit,

66 837 107 865 ut
130 830 229 874 dixi,
257 831 406 872 divisio,
434 838 474 865 ut
498 841 557 867 eac.
582 835 626 877 5,
654 834 722 876 10,
747 835 805 867 23.
832 833 1036 876 exemplum
1062 831 1269 875 Ciceronis,
1293 830 1467 875 quod-est
1490 839 1558 873 pro

67 876 211 924 Ligario
233 877 279 921 6,
303 880 344 921 3,
371 879 450 913 108.
474 883 515 912 ut
531 878 578 913 sit
597 880 729 913 horror
750 879 813 913 ille
835 878 1003 913 terribilis
1028 881 1084 922 11,
1108 881 1142 921 3,
1170 879 1247 912 160.
1274 887 1349 910 non
1371 881 1475 910 erunt
1499 875 1558 908 hic

68 928 253 967 separatae
277 923 503 968 quaestiones
523 927 560 968 7,
582 925 626 967 6,
649 927 685 958 7.
710 924 756 958 sit
781 924 868 968 (Sp.
891 923 944 967 fit)
972 924 1162 970 aliquando
1185 924 1223 957 in
1246 933 1320 957 uno
1342 923 1457 974 verbo
1485 921 1557 962 (so-

69 970 260 1012 loecismus)
286 972 321 1012 1,
346 970 392 1012 5,
417 970 463 1004 38
478 974 522 1005 Ζ.
550 970 715 1015 quotiens
738 970 806 1004 erit
829 971 906 1014 ejus
932 982 1018 1004 usus
1042 970 1086 1013 4,
1113 973 1155 1012 1,
1182 973 1239 1005 72.
1270 969 1341 1003 hoc
1364 969 1478 1002 fuisse
1506 968 1558 1000 ad

67 1014 266 1061 aagendam
289 1015 530 1059 eloquentiam
557 1028 670 1064 genus
699 1015 971 1050 exercitationis
990 1019 1034 1058 2,
1060 1019 1099 1058 1,
1129 1017 1171 1055 9;
1207 1026 1287 1049 cum
1312 1013 1358 1048 sit
1388 1013 1417 1048 C
1440 1014 1557 1056 litera,

69 1071 161 1106 quae
183 1061 229 1094 ad
256 1071 380 1095 omnes
406 1063 552 1097 vocales
574 1062 651 1098 vim
674 1073 772 1096 suam
788 1063 945 1106 perferat
959 1065 993 1106 1,
1008 1065 1045 1104 7,
1067 1063 1111 1095 10
1131 1062 1178 1095 Ν.
1205 1059 1283 1095 sive
1308 1065 1380 1094 est
1408 1072 1557 1092 assen-

67 1109 159 1140 tior
182 1126 230 1132 —
250 1107 330 1142 sive
353 1107 443 1141 illud
465 1119 621 1143 verum
644 1113 715 1142 est
745 1111 779 1150 1,
797 1109 831 1150 5,
850 1110 897 1142 13
913 1108 962 1142 Ν.
987 1120 1122 1140 avere
1149 1113 1203 1140 est
1221 1105 1316 1140 enim
1337 1109 1372 1144 1.
1393 1106 1430 1148 6,
1447 1108 1490 1139 21
1508 1106 1557 1139 N.

68 1151 111 1196 b)
137 1154 170 1185 in
190 1155 350 1187 mmitu:
375 1153 491 1188 Sunt
513 1155 639 1198 quaed.
660 1153 741 1190 veri
768 1153 895 1188 similia
918 1154 954 1196 6,
973 1155 1008 1195 3,
1031 1153 1089 1188 60.
1120 1153 1201 1186 Est
1224 1158 1270 1186 et
1293 1152 1451 1186 incertae
1474 1161 1560 1195 per-

67 1208 179 1232 sonae
202 1198 284 1232 ficta
307 1198 423 1234 oratio
443 1201 485 1243 9,
509 1202 551 1244 2,
576 1204 633 1235 37.
669 1200 754 1234 Est
786 1205 830 1234 et
855 1198 1041 1234 dochmius
1070 1199 1116 1240 (ι’.
1140 1211 1173 1243 q.
1208 1199 1303 1232 eod.
1328 1197 1559 1241 pertinet)

65 1244 110 1286 9,
133 1242 176 1286 4,
201 1244 307 1279 97Ν.
332 1244 390 1287 ,ιφ-
415 1244 459 1288 4,
481 1247 524 1286 2,
549 1247 626 1281 128.
651 1249 687 1289 7,
712 1248 756 1288 2,
779 1246 838 1281 25.
867 1249 904 1289 7,
927 1248 963 1288 3,
990 1247 1044 1278 12.
1068 1246 1112 1286 8,
1135 1246 1178 1286 3,
1204 1245 1261 1279 89.
1296 1244 1377 1277 Est
1399 1245 1478 1276 laus
1512 1247 1559 1276 et

67 1299 217 1334 operum
231 1283 291 1324 '—.
325 1289 408 1325 Est
439 1296 485 1325 et
509 1293 673 1326 locorum
699 1293 741 1333 3,
767 1295 814 1334 7,
838 1294 896 1326 27.
923 1291 1039 1325 Sunt
1063 1296 1109 1324 et
1144 1291 1254 1323 durae
1285 1287 1557 1331 (translationes)

66 1336 103 1377 8,
120 1335 155 1376 6,
178 1337 235 1370 17.
261 1334 307 1378 cs.
322 1337 358 1379 9,
377 1334 415 1379 4,
436 1338 495 1372 50.
521 1340 636 1380 12,·5,
660 1337 695 1372 5.
720 1337 799 1371 Est
820 1337 859 1370 in
882 1338 950 1370 hac
974 1347 1157 1381 quoque
1181 1340 1281 1380 parte
1303 1334 1432 1368 Lucilii
1450 1345 1557 1378 prae-

66 1385 208 1425 ceptum
231 1384 266 1426 1,
290 1385 326 1425 7,
355 1383 410 1421 19.
450 1383 527 1416 Est
551 1383 692 1417 etiam
720 1383 862 1427 quidam
886 1383 1013 1417 tertius
1037 1382 1165 1415 modus
1190 1385 1223 1423 1,
1246 1380 1282 1423 4,
1306 1383 1366 1416 28.
1391 1380 1436 1422 cs.
1461 1384 1497 1423 7,
1521 1383 1557 1423 2,

66 1428 111 1460 11
125 1427 180 1462 tN.
204 1429 262 1470 10,
285 1430 321 1470 1,
343 1427 400 1462 44.
429 1428 506 1462 Εεί
531 1429 652 1463 enim
676 1430 801 1473 quaed.
826 1427 1061 1473 praemunitio
1079 1447 1127 1454 —-
1146 1428 1272 1472 quaed.
1293 1426 1475 1461 confessio
1494 1434 1557 1460 etc.

65 1472 112 1515 9,
129 1473 179 1515 ¹2,
206 1476 274 1508 17.v
298 1474 334 1507 N
342 1485 405 1508 am
427 1480 496 1508 est
519 1475 646 1519 aliquis
672 1486 713 1508 ac
735 1475 859 1509 nescio
883 1486 928 1508 an
952 1474 1129 1508 maximus
1152 1473 1259 1508 etiam
1284 1493 1331 1499 —
1359 1473 1497 1506 fructus
1521 1475 1555 1515 2,

58 1519 127 1560 ·18,
151 1517 188 1552 4.
225 1519 306 1553 Est
328 1525 476 1553 autem
499 1522 626 1565 quaed.
651 1520 747 1554 inter
769 1522 837 1555 hos
859 1526 971 1554 status
995 1520 1162 1566 cognatio
1184 1522 1220 1561 7,
1244 1521 1303 1560 10,
1330 1521 1364 1552 1.
1390 1518 1435 1559 ‘'f-
1459 1519 1497 1561 9,
1523 1521 1556 1561 1,

69 1565 127 1596 10:
166 1563 280 1598 Sunt
305 1569 457 1599 tamen
478 1565 640 1609 inscripti
669 1565 816 1599 nomine
838 1566 1083 1611 Hermagorae
1107 1564 1190 1598 libri
1212 1566 1257 1608 3,
1280 1565 1323 1607 5,
1349 1563 1404 1597 14.
1428 1571 1493 1598 etc.
1520 1562 1557 1607 4,

99 1632 173 1696 'ID
198 1655 334 1687 verbum
365 1656 602 1697 copulativam.
641 1653 684 1698 α)
713 1654 742 1688 si
765 1661 892 1689 natura
918 1666 991 1689 non
1024 1654 1213 1699 prohibet,
1248 1659 1284 1688 et
1306 1665 1416 1689 esse
1439 1653 1558 1690 virum

69 1699 224 1742 bonum,
261 1704 297 1733 et
323 1710 433 1733 esse
456 1699 597 1734 dicendi
619 1701 771 1744 peritum
798 1704 862 1744 12,
890 1704 934 1744 1,
958 1703 1016 1735 31.
1050 1700 1096 1741 cs.
1121 1703 1162 1742 3,
1186 1701 1230 1743 8,
1256 1699 1316 1735 42.
1339 1711 1454 1744 anno,
1487 1711 1558 1745 quo

50 1750 173 1792 'erat
196 1746 323 1778 consul
347 1744 537 1779 futurus
559 1746 602 1788 6,
628 1747 672 1789 5,
698 1746 733 1780 4.
758 1746 819 1791 qui
845 1747 986 1780 futurus
1011 1746 1121 1780 fuerit
1142 1746 1301 1780 intestati
1323 1748 1429 1780 heres
1451 1748 1493 1789 3,
1521 1748 1557 1788 6,

71 1791 152 1824 102.
176 1791 273 1835 qnod
297 1788 638 1835 ἀποφθεγματικὸν
663 1798 834 1832 vocat,
855 1799 891 1826 et
913 1799 1005 1834 est,
1030 1804 1110 1826 cum
1131 1799 1192 1825 eic.
1219 1793 1254 1831 6,
1277 1794 1312 1834 3,
1328 1795 1409 1828 109.
1434 1791 1478 1833 cs.
1500 1793 1555 1826 16.

70 1835 239 1881 cogitatio
265 1841 320 1869 est
350 1836 447 1870 inter
468 1836 647 1870 scribendi
670 1839 831 1872 laborem
861 1840 1214 1882 extemporalemque
1237 1838 1419 1872 fortunam
1442 1837 1558 1871 media

71 1883 242 1925 quaedam
267 1884 329 1924 10,
355 1882 400 1924 6,
430 1887 463 1915 1.
498 1882 649 1916 incisum
679 1884 747 1918 erit
772 1895 896 1918 sensus
923 1894 998 1918 non
1023 1885 1168 1927 expleto
1194 1895 1342 1918 numero
1366 1884 1557 1918 conclusus

69 1928 107 1968 9,
129 1926 166 1967 4,
188 1929 266 1960 122.
293 1926 336 1967 cs.
361 1929 396 1970 8,
420 1929 454 1968 3,
474 1928 531 1962 51.
555 1928 679 1972 incipit
703 1930 863 1973 (figura)
887 1941 967 1964 esse
997 1931 1259 1974 quodammodo
1282 1926 1436 1972 παρῳδὴ
1459 1930 1495 1971 9,
1519 1932 1558 1973 2,

71 1974 117 2007 35
132 1973 180 2006 Ν.
208 1971 251 2012 cs.
280 1975 316 2011 7,
338 1974 373 2015 3,
400 1973 456 2007 34.
484 1974 631 2007 totidem
654 1976 771 2022 longis
795 1976 942 2010 brevem
964 1976 1259 2020 praecedentibus
1282 1974 1558 2019 palimbacchius

71 2018 141 2052 erit
162 2019 196 2058 9,
218 2017 254 2060 4,
278 2019 338 2052 82.
369 2017 415 2059 cs.
445 2021 523 2053 101.
557 2016 723 2062 εἰρωιίεία
746 2027 801 2055 est
827 2028 862 2055 et
888 2033 966 2055 cum
991 2021 1124 2055 similes
1146 2021 1401 2064 imperantibus
1426 2041 1473 2046 —
1495 2032 1558 2054 su-

70 2075 150 2097 mus
176 2064 212 2104 9,
238 2066 273 2105 2,
296 2063 352 2098 48.
379 2065 569 2107 schemata,
595 2077 684 2110 quae
713 2073 817 2100 erunt
843 2078 909 2111 per
932 2067 1163 2101 mutationem
1188 2074 1249 2100 etc.
1273 2068 1308 2109 9,
1334 2069 1370 2109 3,
1395 2069 1441 2101 27
1455 2080 1465 2109 ;
1494 2078 1558 2100 cur

70 2109 108 2143 id
130 2110 180 2142 ita
204 2108 250 2142 sit
274 2111 328 2151 11,
354 2112 388 2150 1,
415 2112 471 2144 71.
497 2110 616 2144 omnia
642 2123 732 2155 quae
757 2117 839 2146 sunt
863 2119 965 2146 extra
994 2115 1049 2153 10,
1080 2116 1114 2155 1,
1141 2113 1220 2146 119.
1245 2113 1339 2156 quod
1364 2113 1480 2155 palam
1503 2119 1558 2147 est

72 2158 108 2196 7,
126 2158 160 2196 1,
186 2156 243 2188 52.
268 2159 307 2187 ut
331 2154 375 2188 ab
398 2156 599 2200 eloquentia
622 2157 829 2203 longissime
854 2158 990 2191 fuerint
1013 2160 1048 2201 8,
1071 2159 1130 2192 Pr.
1148 2160 1183 2192 3.
1207 2160 1301 2191 male
1325 2158 1378 2191 illi
1402 2158 1447 2191 sit
1465 2160 1556 2202 (Sp.

72 2198 196 2243 illisit)
226 2201 345 2241 Vir-g.
372 2204 515 2244 epigr.
547 2203 591 2244 8,
614 2204 657 2244 3,
680 2205 726 2238 28
743 2208 787 2238 Ζ.
833 2216 867 2238 υ.
890 2205 1051 2248 Prope.
1093 2214 1194 2237 nam
1228 2209 1300 2237 est
1333 2203 1557 2250 sacrilegium

72 2245 251 2289 surripere
274 2245 407 2289 aliquid
430 2246 522 2280 sacri
547 2251 582 2290 7,
607 2249 642 2290 3,
667 2248 722 2282 24.
746 2249 903 2291 lapidare
928 2250 1011 2293 quid
1036 2249 1101 2291 sit,
1125 2248 1352 2283 manifestum
1375 2255 1430 2284 est
1452 2251 1497 2292 8,
1521 2253 1556 2293 2,

73 2294 109 2327 5.
138 2291 185 2332 cs.
207 2293 244 2333 7,
268 2293 302 2333 3,
326 2295 366 2334 23
402 2295 435 2325 in
460 2295 695 2336 explicatione.-
719 2305 839 2328 rerum
862 2296 1008 2328 duarum
1032 2294 1297 2341 cognationem,
1324 2296 1452 2339 quod
1475 2301 1558 2339 est,

71 2343 112 2371 ut
136 2336 231 2371 idem
255 2338 396 2372 valeant
418 2339 455 2381 9,
478 2341 513 2380 2,
537 2341 615 2373 105.
638 2341 872 2383 προέκθεσιν,
895 2342 992 2385 quod
1016 2346 1071 2375 est
1094 2340 1225 2382 dicere,
1251 2340 1335 2385 quid
1354 2341 1435 2375 fieri
1447 2351 1557 2385 opor-

72 2382 181 2417 tuerit
204 2389 264 2415 etc.
293 2385 335 2416 ib.
362 2385 441 2417 106.
465 2385 565 2418 Hoc
588 2390 642 2418 est
667 2385 763 2429 (Sp.
783 2386 854 2433 Est'
873 2388 987 2429 hoc),
1023 2388 1118 2430 quod
1142 2386 1294 2430 scriptor
1317 2388 1558 2422 demonstrare

71 2439 146 2462 non
173 2428 326 2472 possit
348 2432 383 2472 7,
408 2432 474 2472 10,
496 2433 519 2463 7
544 2431 592 2463 Ν.
619 2443 664 2463 ον.
702 2433 798 2465 Hoc
826 2437 901 2465 est
936 2440 966 2464 et
994 2433 1041 2464 Id
1076 2438 1150 2466 est
1183 2444 1214 2466 v.
1240 2435 1300 2465 sub
1328 2432 1418 2466 Hic
1445 2440 1477 2466 et
1499 2434 1556 2468 Is.

71 2474 116 2518 β)
140 2487 170 2507 c.
186 2474 364 2517 Adfer-tivo
384 2475 546 2518 junctum.
580 2474 612 2517 a)
628 2475 737 2510 iidem
762 2483 842 2510 sunt
869 2483 986 2511 tamen
1009 2480 1045 2520 9,
1071 2483 1105 2521 1,
1129 2479 1163 2512 8.
1187 2478 1227 2511 in
1251 2477 1297 2511 iis
1324 2489 1387 2513 ero
1410 2478 1557 2513 brevior

0 2530 21 2572 s·
72 2523 119 2563 9,
142 2519 186 2562 4,
216 2523 251 2553 2.
283 2519 453 2554 erimus
489 2521 626 2555 Graeca
658 2522 892 2566 appellatione
923 2523 1079 2556 contenti
1102 2524 1145 2565 9,
1170 2526 1216 2567 2,
1240 2523 1297 2557 4-4.
1326 2536 1442 2569 neque
1466 2525 1557 2559 erit

71 2565 252 2611 perfectus
276 2572 413 2607 orator,
439 2565 582 2609 nisi12,
606 2569 640 2608 2,
663 2569 719 2605 31,
750 2570 820 2602 hoc
844 2568 966 2611 (vultu)
991 2569 1190 2612 supplices,
1215 2570 1285 2603 hoc
1308 2571 1465 2604 minaces
1494 2579 1554 2604 etc.

72 2612 202 2646 erimus
227 2613 293 2655 11,
321 2614 366 2654 3,
389 2615 446 2646 72.
470 2623 577 2646 nemo
601 2619 786 2656 expectet,
822 2619 861 2647 ut
886 2619 1020 2648 tantum
1043 2615 1164 2648 labore
1193 2615 1239 2649 sit
1262 2615 1415 2651 disertus
1437 2620 1473 2659 7,
1499 2618 1556 2659 10,

0 2666 25 2707 f,
72 2656 129 2692 14.
158 2666 266 2690 nemo
293 2663 365 2691 tam
387 2658 534 2692 demens
562 2659 728 2701 fuerit,
762 2665 801 2693 ut
829 2667 890 2692 etc.
915 2663 959 2702 7,
983 2663 1025 2702 1,
1048 2663 1106 2694 21.
1133 2660 1201 2694 nisi
1224 2661 1321 2696 forte
1349 2668 1422 2697 tam
1446 2663 1557 2696 hebes

0 2748 8 2755 ·
28 2745 30 2748 Ι
64 2703 213 2741 ,futurus
236 2709 290 2737 est
314 2703 427 2747 judex
451 2702 492 2745 4,
516 2707 551 2746 2,
575 2705 632 2739 66.
657 2705 725 2739 erit
748 2705 919 2749 plurimus
941 2705 980 2738 in
1001 2706 1166 2740 maximis
1193 2707 1389 2752 quibusque
1414 2716 1473 2741 etc.
1500 2711 1557 2750 12,

73 2751 120 2792 2,
143 2752 200 2784 27.
226 2760 381 2784 summus
406 2749 467 2784 ille
491 2750 632 2794 quidem
654 2753 706 2784 in
728 2751 784 2784 his
807 2762 949 2797 quoque
974 2752 993 2785 f
998 2764 1021 2785 u
1034 2753 1148 2795 erit,
1181 2754 1246 2789 sed
1266 2754 1457 2798 majoribus
1482 2755 1558 2787 cla-

74 2793 148 2827 rius
175 2795 328 2829 elucebit
354 2799 410 2839 12,
434 2799 468 2839 1,
490 2797 548 2831 26.
573 2796 696 2831 nescio
723 2809 770 2830 an
795 2809 878 2832 eum
903 2804 988 2832 tunc
1014 2798 1251 2833 beatissimum
1275 2800 1373 2834 credi
1397 2805 1560 2844 oporteat

76 2840 181 2874 fore
206 2843 362 2886 12„11,
385 2845 422 2879 7.
455 2842 488 2876 is
512 2842 574 2887 qui
594 2843 662 2878 sit
684 2844 872 2879 futurus
903 2852 1163 2880 consummatus
1186 2845 1342 2890 undique
1370 2849 1409 2890 1,
1438 2848 1500 2886 10,
1526 2846 1559 2879 5.
