1728 3002
586 200 752 246 Deerro
781 225 838 234 —
865 199 1073 245 Defensio
1520 203 1605 245 207

121 317 256 366 ptr-m)
280 330 303 355 a
326 319 421 355 Jove
449 316 507 354 ad
531 315 835 372 Agamemnonem
858 326 973 361 usqne
997 313 1142 351 deducit
1166 312 1385 361 (Home-2)
1407 314 1452 358 9,
1475 315 1522 359 3,
1545 314 1605 351 57.

121 366 567 456 11133432Μὲ
497 375 545 399 ‘³¹‘
558 360 1346 454 ²3¹‚t’u‘12‘3‘133nsf0‘55'ffl0552‘1ssffl
1360 361 1523 450 m?
1539 361 1606 452 εἰ..

122 457 239 504 ipsum
263 458 378 493 adhuc
399 457 615 493 vocabulum
637 456 689 490 ab
714 454 951 500 appellatione
974 455 997 488 d
1042 460 1192 489 ucerent
1217 457 1250 497 1,
1273 454 1309 495 4,
1336 455 1392 487 20.
1421 454 1513 487 haec
1536 453 1605 488 tria

122 515 257 551 genera
278 503 421 548 qnidam
445 501 622 537 deducunt
645 512 667 536 a
693 501 907 537 soloecismo
933 504 967 544 1,
993 502 1028 543 5,
1052 501 1111 536 40.
1150 499 1227 534 Cic.
1252 510 1364 546 genus
1388 505 1425 534 et
1447 500 1605 544 speciem

125 562 146 584 a
170 549 330 585 linitione
353 547 567 592 deducit,
590 553 626 582 et
649 547 715 592 iis,
738 559 830 593 qnae
850 548 894 580 ad
914 546 1045 591 aliquid
1065 552 1159 588 sunt,
1186 545 1386 590 subjicit
1407 545 1443 588 5,
1467 548 1524 588 10,
1544 547 1602 581 62.

123 595 190 640 (sic
213 600 256 631 Z.
284 608 327 629 ex
353 602 434 639 opit.
461 596 564 630 Codd.
593 595 703 638 ‹ledit5
728 595 792 638 sp.
818 595 868 626 his
891 595 994 625 tribus
1016 596 1095 627 locis
1122 592 1270 638 diduc.).
1331 588 1363 633 δ)
1388 604 1410 624 α
1431 593 1496 633 filo
1522 605 1606 625 nen-

122 645 206 676 tium
228 643 276 676 ad
297 644 478 675 orationem
500 643 616 674 transl.
644 642 668 674 i.
693 653 725 685 q.
751 647 954 673 attenua.-
979 633 1160 673 Ὀδυσσεῦς
1182 640 1227 673 ad
1246 638 1412 683 Ulyssem
1430 639 1604 672 deductus

125 693 181 722 est
204 690 247 731 1,
269 686 312 730 4,
338 687 402 730 16;
435 685 733 729 commentarios,
757 697 847 731 quos
874 686 1081 719 adolescens
1105 685 1300 720 deduxerat
1325 686 1369 726 3,
1391 685 1433 726 6,
1459 685 1505 718 59
1529 685 1573 718 Ν.
1591 699 1605 726 ,·

123 733 326 768 deducta
359 738 429 778 atq.
462 732 738 767 circumlata
770 731 887 767 oratio
913 730 958 774 4,
986 734 1027 775 1,
1053 731 1100 766 60
1126 733 1174 767 Ν.
1219 743 1253 766 v.
1282 730 1605 765 Circumfero.

123 780 313 815 deductum
339 789 483 813 carmen
510 780 637 820 Virg.
659 779 696 822 8,
719 781 755 821 2,
783 779 819 814 9.

75 823 260 867 Deerro.
292 841 331 870 ut
354 835 483 870 itinere
506 836 710 871 deerremns
731 839 787 879 10,
810 838 855 878 3,
881 835 944 877 19;
980 845 1071 887 quae
1094 830 1220 877 (signu)
1241 832 1607 886 intuentes-deerrare

121 885 490 972 ἓὲἓωρῖεῗιιιέἶιεῶι,
512 884 549 926 2,
562 884 627 923 32.
659 893 735 918 11011
757 884 924 917 deerrare
947 881 1070 917 verbis
1093 882 1151 924 12,
1174 882 1232 924 10,
1253 877 1312 914 64.
1347 879 1607 926 significatione

77 970 290 1015 Defectio.
335 1002 380 1009 —
398 985 503 1018 lunae
531 986 564 1026 1,
592 987 649 1028 10,
675 982 734 1020 47.

77 1026 292 1071 Defendo·
346 1039 394 1084 α)
420 1043 633 1085 simpliciter.-
671 1041 927 1076 defendere
955 1039 1135 1075 difficilius
1161 1051 1268 1084 quam
1297 1051 1540 1075 accusare
1570 1039 1607 1085 5,

125 1089 191 1130 13,
219 1089 253 1121 2.
300 1092 469 1132 patronus
494 1093 664 1133 neget,
699 1088 946 1130 defendat,
982 1087 1242 1122 transferat
1268 1094 1330 1120 etc.
1355 1089 1399 1122 il».
1431 1086 1476 1129 qs.
1499 1090 1544 1121 ὥ.
1569 1090 1608 1122 4.

124 1144 159 1166 v.
185 1133 456 1167 Transfero.
492 1144 661 1178 negare
689 1133 734 1167 sit
757 1133 865 1167 satius
887 1143 931 1166 an
957 1132 1237 1166 defendere?
1263 1133 1299 1175 6,
1324 1133 1365 1175 5,
1387 1133 1422 1168 5.
1455 1133 1518 1178 qni
1542 1133 1609 1168 de-

123 1179 276 1212 fendunt
298 1180 334 1222 3,
356 1177 392 1221 4,
414 1179 450 1213 6.
488 1190 528 1212 se
551 1180 767 1213 defendente
792 1182 848 1221 11,
874 1181 909 1222 1,
932 1180 990 1214 28.
1021 1178 1214 1213 fortissime
1241 1179 1466 1213 defendentis
1490 1181 1525 1223 5,
1550 1181 1610 1223 13,

124 1224 148 1259 5
170 1225 219 1258 Ν.
247 1230 287 1258 o.
303 1225 436 1258 *Accu
448 1235 509 1258 so.
546 1225 715 1259 refutatio
741 1236 821 1258 cum
846 1223 892 1258 sit
914 1224 951 1258 in
977 1225 1205 1260 defendendo
1234 1232 1295 1258 etc.
1321 1225 1357 1268 6,
1383 1227 1419 1268 3,
1442 1228 1500 1260 72.
1540 1237 1611 1260 ac-

123 1269 339 1314 cusandi,
366 1267 656 1304 defendendi
680 1270 828 1315 (species
852 1283 1029 1304 causarum
1054 1283 1113 1314 ap.
1137 1269 1403 1314 Anaximenm)
1430 1272 1476 1315 3,
1501 1271 1545 1315 4,
1571 1272 1611 1307 9.

121 1316 170 1361 β)
195 1328 225 1349 c.
258 1316 417 1359 Obiecto.-
450 1317 687 1350 defenderunt
711 1317 857 1351 eosdem
884 1319 951 1359 10,
980 1319 999 1350 1
1014 1342 1025 1360 ,
1049 1316 1108 1351 24.
1145 1328 1262 1361 neque
1289 1318 1459 1352 defendet
1484 1328 1610 1352 omnes

123 1367 246 1396 orator
263 1364 321 1404 12,
343 1365 380 1403 7,
402 1360 438 1395 4.
466 1362 496 1396 si
519 1363 648 1396 Nasica
671 1368 754 1407 post
777 1362 936 1397 occisum
960 1363 1162 1397 Gracchum
1185 1364 1397 1398 defendatur
1422 1365 1458 1406 5,
1483 1366 1520 1406 3,
1542 1363 1610 1406 243

123 1407 254 1442 fortius
277 1407 315 1441 id
341 1407 558 1452 liberiusque
586 1410 781 1443 defendere
805 1410 848 1452 5,
879 1411 926 1451 3,
959 1408 1019 1443 24.
1058 1410 1122 1444 vel
1154 1409 1442 1444 defendenti
1470 1411 1609 1452 eadem,

124 1455 187 1489 vel
212 1453 410 1500 neganti
432 1453 469 1497 4,
494 1458 527 1497 1,
549 1453 608 1489 46.
636 1456 672 1498 6,
695 1457 731 1498 3,
756 1457 812 1489 10.
847 1454 1012 1500 quotiens
1038 1455 1172 1489 factum
1198 1465 1274 1489 non
1298 1461 1517 1502 negatur,
1543 1457 1610 1490 sed

126 1499 403 1534 defenditur
428 1502 464 1543 3,
487 1501 523 1543 6,
550 1503 608 1535 27.
646 1501 741 1545 quod
767 1500 1079 1545 reprehendit
1100 1501 1321 1544 Lauranius,
1350 1502 1508 1536 Messala
1534 1502 1611 1536 de-

125 1545 278 1580 fendit
299 1546 346 1588 9,
371 1544 408 1588 4,
429 1547 486 1580 38.
525 1547 571 1580 ad
596 1547 948 1581 defendendum
974 1545 1027 1591 (α.
1054 1551 1078 1581 1.
1107 1546 1380 1592 deferendum),
1413 1549 1511 1592 quod
1534 1549 1610 1582 ob-

123 1590 294 1636 jicitur
326 1591 372 1634 5,
406 1593 474 1634 10,
504 1592 561 1626 35.
601 1593 879 1627 adolescentium
905 1593 1101 1628 defendere
1125 1604 1263 1627 amores
1290 1594 1341 1635 6,·
1362 1597 1409 1635 2,
1438 1595 1493 1628 15.
1533 1594 1607 1628 def.

125 1648 270 1672 causam
294 1637 329 1679 4,
351 1640 388 1680 2,
410 1640 467 1672 27.
503 1649 615 1672 unum
638 1638 774 1673 crimen
798 1638 902 1675 varie
924 1639 997 1673 def.
1021 1638 1064 1682 4,
1090 1639 1132 1682 5,
1156 1640 1190 1674 8.
1228 1639 1355 1673 melius
1380 1639 1610 1683 objicien-

123 1689 216 1718 tem
243 1682 412 1726 crimina,
445 1694 552 1728 qnam
576 1685 907 1719 defendentem
929 1686 965 1726 6,
993 1686 1028 1728 3,
1054 1686 1112 1720 69.
1152 1686 1335 1728 objecta
1362 1687 1424 1719 vel
1451 1691 1607 1732 neget,

123 1730 193 1766 vel>
211 1729 461 1772 defendat,
494 1730 557 1764 vel
580 1730 755 1764 minuat
777 1734 817 1774 7,
849 1734 890 1773 2,
922 1732 981 1766 29.
1028 1743 1061 1765 v.
1088 1732 1241 1777 Nego,
1287 1731 1417 1766 Cicero
1450 1733 1611 1766 maxime

124 1774 283 1819 quinque
311 1773 477 1818 (partes)
514 1776 674 1810 defendit
700 1778 752 1819 5,“
773 1776 841 1818 14,
869 1779 903 1811 5.
975 1775 1013 1821 y)
1038 1778 1112 1820 adj.
1138 1780 1253 1812 Ablm.
1269 1792 1279 1811 .·
1313 1777 1409 1810 tertii
1431 1778 1505 1811 loci
1525 1789 1610 1822 pars

123 1820 223 1864 prior
242 1840 290 1846 —
315 1820 435 1854 multis
461 1822 676 1867 argumentis
701 1822 845 1856 defendi
871 1828 990 1866 potest
1017 1823 1061 1867 5,
1093 1825 1159 1865 10,
1187 1827 1267 1858 118.
1307 1825 1512 1857 defenditur
1537 1825 1609 1868 (sc.

128 1865 408 1909 arrogantia)
440 1866 661 1910 aliquatenus
685 1875 818 1911 aetate,
847 1869 1040 1916 dignitate,
1070 1869 1279 1903 auctoritate
1305 1873 1370 1911 11,
1396 1873 1414 1902 1
1430 1895 1441 1911 ,
1469 1871 1525 1904 28.
1562 1881 1610 1903 ne

94 1942 95 1945 ,
123 1911 195 1945 hoc
228 1910 371 1954 quidem
402 1913 536 1945 nudum
569 1919 623 1947 est
657 1913 866 1948 intuendum
878 1941 889 1958 ,
929 1916 1070 1959 qualem
1105 1926 1248 1949 causam
1277 1915 1336 1949 vir
1366 1916 1505 1958 bonus,
1543 1916 1610 1958 sed

125 1956 232 1991 etiam
260 1967 368 1999 quare
395 1963 431 1991 et
455 1969 524 2002 qua
549 1965 668 1993 mente
695 1961 864 1994 defendat
887 1963 952 2003 12,
984 1964 1001 1994 1
1016 1987 1027 2003 ,
1058 1963 1116 1995 37.
1158 1962 1254 2005 quod
1280 1962 1376 1994 facto
1405 1961 1612 1995 defendi

126 2013 202 2036 non
223 2007 352 2046 potest,
379 2001 455 2044 jure
478 2002 653 2037 nitetur
675 2007 710 2046 7,
729 2004 765 2047 4,
788 2007 843 2039 26.
880 2006 911 2039 si
933 2008 1146 2040 tuendum
1170 2006 1366 2050 susceperit
1390 2006 1611 2050 (tyrannum),

126 2059 203 2083 non
225 2053 299 2080 tam
315 2047 415 2081 falsis
439 2048 680 2091 defendet,
708 2061 812 2093 quam
837 2051 898 2094 qui
920 2053 1014 2095 apud
1035 2052 1171 2094 judices
1192 2054 1324 2086 malam
1349 2063 1492 2085 causam
1513 2058 1611 2086 tue-

126 2101 195 2129 tur
222 2096 287 2136 12,
314 2096 354 2134 1,
379 2091 438 2127 40.
479 2092 614 2126 Ennius
638 2094 782 2138 poetico
808 2097 886 2137 iure
909 2096 1112 2130 defenditur
1135 2100 1175 2139 1,
1201 2098 1240 2139 5,
1266 2100 1320 2130 12.
1359 2103 1399 2130 ut
1422 2097 1612 2142 (innocens)

127 2141 254 2174 eadem
275 2138 425 2172 actionis
448 2139 585 2172 ratione
605 2141 850 2174 defendendus
866 2141 933 2183 sit,
963 2153 1052 2186 qua,
1079 2141 1111 2175 si
1133 2152 1270 2176 nocens
1289 2147 1385 2176 esset
1409 2145 1466 2184 12,
1482 2145 1516 2185 1,
1539 2144 1608 2186 45;

123 2187 259 2220 factum
283 2195 339 2218 ex
364 2184 544 2218 contrario
568 2185 772 2219 defenditur
787 2189 823 2228 7,
845 2185 881 2227 4,
904 2187 940 2220 9.
975 2188 1143 2221 voluntas
1167 2187 1383 2231 utrinque
1408 2189 1612 2225 defenditur

125 2236 163 2274 7,
185 2232 222 2274 6,
240 2233 274 2264 2.
303 2231 432 2264 foedus
449 2230 701 2264 Numantinum
724 2230 791 2265 sic
818 2231 986 2265 defendat
1007 2235 1043 2274 7,
1067 2231 1104 2274 4,
1129 2235 1184 2266 12.
1232 2229 1267 2275 δ)
1292 2236 1341 2267 ab
1365 2237 1519 2278 aliqua
1542 2248 1608 2270 re.-

126 2275 287 2319 (jigum)
321 2286 387 2310 nos
413 2287 435 2310 a
461 2276 603 2322 vulgari
628 2276 771 2310 dicendi
798 2287 930 2324 genere
958 2278 1126 2311 defendat
1147 2278 1193 2320 9,
1223 2280 1265 2320 3,
1291 2281 1326 2313 3.
1366 2280 1496 2314 salsum
1518 2301 1566 2307 -
1588 2292 1610 2316 a

127 2322 246 2357 taedio
274 2321 433 2355 defendit
459 2323 659 2357 orationem
688 2323 732 2366 6,
760 2324 808 2366 3,
840 2324 896 2358 19.
939 2322 1368 2359 incurvicervicum
1393 2325 1461 2360 vix
1485 2337 1507 2360 a
1531 2327 1609 2361 risu

127 2367 349 2402 defendimus
374 2369 408 2410 1,
435 2368 469 2411 5,
496 2371 553 2403 70.
1092 2386 1098 2390 ·

82 2412 304 2456 Defensio.
346 2421 403 2476 ἀ)
426 2425 595 2461 Nominat.
610 2441 620 2461 .·
647 2438 668 2461 a
690 2433 792 2472 parte
817 2426 915 2470 ejus,
942 2425 1003 2470 qui
1027 2436 1169 2460 causam
1185 2425 1289 2468 dicit,
1314 2432 1375 2460 aut
1396 2428 1608 2464 defensio

131 2475 208 2512 est,
253 2474 313 2502 aut
344 2469 640 2516 imminutio,
681 2478 740 2507 aut
776 2471 1082 2516 deprecatio,
1123 2477 1183 2505 aut
1212 2473 1463 2508 excusatio
1496 2477 1539 2509 ib.
1569 2477 1605 2509 3.

130 2514 246 2550 omnis
268 2520 391 2548 nostra
413 2516 484 2550 def.
511 2525 650 2554 constat
670 2519 752 2562 rjus
775 2518 936 2561 actione,
967 2517 1028 2562 qui
1048 2517 1252 2552 vindicatur
1271 2521 1307 2561 7,
1331 2518 1376 2562 4,
1401 2521 1436 2554 8.
1470 2519 1508 2554 in
1534 2531 1608 2565 quo

128 2561 282 2605 primum
306 2560 435 2595 insistit
461 2563 563 2606 quasi
585 2565 630 2598 ad
654 2565 923 2612 repugnandimi
948 2573 1139 2608 congressa
1166 2564 1238 2598 def.
1262 2566 1305 2607 3,
1329 2565 1371 2608 6,
1399 2568 1455 2599 13.
1499 2577 1609 2600 con-

129 2606 383 2641 fessionem
408 2610 598 2650 praecedat
624 2611 711 2645 def.
737 2613 772 2653 9,
799 2614 833 2652 2,
861 2613 916 2644 13.
953 2609 1112 2651 subjacet
1133 2609 1276 2643 utilitati
1300 2611 1407 2644 etiam
1433 2611 1494 2645 ina
1518 2613 1606 2656 def„

130 2651 174 2686 si
197 2652 296 2695 pejus
322 2652 454 2696 aliquid
477 2654 634 2688 finus-nm
656 2656 723 2690 fuit
744 2660 780 2699 7,
802 2656 838 2697 4,
864 2659 918 2689 12.
974 2657 1018 2699 β)
1041 2657 1170 2689 Genii„-
1198 2655 1287 2689 illud
1308 2656 1474 2702 judiciale
1497 2668 1610 2703 genus

132 2697 351 2732 defensionis
378 2702 434 2740 11,
462 2702 479 2732 1
494 2725 504 2739 ,
526 2699 563 2735 9.
598 2700 661 2735 illo
686 2713 798 2746 paene
822 2699 1007 2736 Socratico
1034 2711 1165 2747 genere
1189 2702 1261 2735 def.
1288 2703 1333 2735 ib.
1359 2705 1416 2736 12.
1446 2703 1518 2736 def.
1542 2714 1610 2750 ge-

66 2763 69 2769 ι
130 2753 220 2785 nus,
249 2745 343 2787 quod
365 2739 454 2777 κατ’
473 2741 666 2781 ἀντίθεσιν
686 2753 820 2782 vocant
842 2751 862 2782 7
877 2773 888 2790 ,
911 2746 955 2789 4,
978 2749 1014 2782 7.
1053 2747 1124 2782 def.
1149 2747 1362 2791 permutatio
1387 2748 1432 2790 5,
1458 2751 1522 2791 13,
1536 2750 1608 2793 42.

133 2787 307 2824 rationem
333 2790 552 2824 defensionis
580 2803 665 2827 suae
688 2793 844 2829 reddidit
869 2795 935 2836 11,
963 2795 1003 2836 1,
1033 2792 1091 2828 69.
1138 2793 1310 2837 quaedam
1338 2792 1544 2837 (laudes)
1568 2794 1609 2830 in
