1728 3002
122 178 206 218 602
673 174 880 232 opprimo
911 201 965 211 -·
994 175 1115 234 Opus

166 300 329 335 quens;
364 287 600 334 opportunius
625 294 744 332 ratus,
776 288 816 324 in
839 301 882 325 ea
906 296 1023 327 aetate
1048 291 1171 328 facere
1194 291 1338 329 illorum
1365 292 1596 338 mentionem,
1617 291 1665 328 in.

165 348 235 380 qua
257 335 436 370 emendari
461 341 609 380 possunt
634 338 690 379 11,
714 338 751 380 3,
778 338 836 372 31.
1260 343 1263 348 ’

119 379 345 437 opprimo.
390 392 424 436 1)
448 395 603 436 proprie:
638 403 711 427 non
746 403 810 428 ora
840 394 949 429 modo
982 404 1235 439 oppressorum
1266 395 1330 430 sed
1359 396 1518 430 membra
1551 395 1657 430 etiam

164 438 283 473 omnia
301 438 524 483 requirentes
552 442 607 481 11,
630 442 667 482 2,
695 441 753 477 13.
800 438 848 483 11)
875 445 1014 475 transm
1045 452 1227 486 nunquam
1248 452 1529 487 oppressum
1551 453 1590 477 se
1616 453 1658 475 ac

164 485 521 529 deprehensum
545 485 667 519 credet
690 491 813 520 orator
837 489 894 530 12,
915 488 950 529 9,
987 489 1047 525 20.
1094 489 1162 521 hac
1183 487 1332 522 invidia
1363 487 1516 532 opprimi
1550 498 1657 532 posse

162 529 307 574 (reum)
334 534 369 574 7,
395 534 429 572 2,
453 533 518 573 303
544 531 583 565 in
607 531 840 576 opprimenda
866 532 1113 578 conjuratione
1139 536 1196 578 11,
1232 536 1267 578 1,
1305 534 1361 568 18.
1409 535 1455 568 de
1489 544 1658 579 oppressa

163 576 412 620 conjuratione
435 579 477 612 ib.
502 579 557 612 23.

118 619 421 677 opprobrium·
447 640 483 668 et
506 634 691 679 turpitudo
717 635 860 690 generis
892 635 1156 680 opprobrio
1186 635 1308 671 multis
1337 635 1426 679 suit,
1460 641 1496 670 et
1529 636 1657 680 quosd.

165 679 306 761 σωκ-1133
333 679 411 726 ipsa
440 682 660 717 notiores
695 693 830 719 circa
859 682 977 720 vitia
1016 687 1052 717 et
1090 682 1277 719 invisos
1315 681 1465 730 magis
1495 681 1585 717 fecit
1619 683 1658 726 3,

118 769 270 830 [Ops]
320 784 353 826 Ι)
375 785 536 827 proprie.-
579 783 658 830 opis
694 784 888 830 acquisitae
913 784 1137 820 extrinsecus
1160 788 1196 829 2,
1222 786 1278 828 16,
1304 787 1360 821 13.
1386 797 1434 821 ne
1451 787 1551 831 cujus
1567 786 1658 820 alte-

161 828 236 863 rius
260 840 332 874 ope
356 835 479 876 egeret
502 829 608 864 ullius
636 830 689 865 rei
716 834 770 874 12,
796 834 853 875 11,
878 834 936 867 21.
984 833 1036 875 11)
1066 835 1160 866 Plur.
1189 829 1232 874 a)
1255 833 1297 865 «le
1330 831 1480 876 pecunia‘
1507 839 1565 865 aut
1597 844 1658 875 po-

161 878 290 909 tentia.-
334 875 396 910 ubi
430 875 583 917 amici,
618 876 669 910 ibi
699 888 815 922 opes
852 880 892 921 5,
936 880 999 920 1¹,
1037 876 1096 911 41.
1143 883 1424 922 paupertas,
1463 876 1658 920 humilitas,

161 930 277 965 opzes
300 921 339 956 in
378 921 558 957 diversum
593 924 779 957 trahuntur
802 927 848 966 7,
884 926 927 965 2,
959 925 1016 958 32.
1069 934 1142 957 uon
1176 922 1319 958 aliunde
1349 924 1502 967 majores
1528 933 1658 968 opes,

162 968 373 1002 honores
416 975 478 1002 erc.
532 969 735 1004 hominibus
787 968 981 1016 contigisse
1030 968 1158 1014 (quam
1213 968 1420 1015 eloquentia)
1471 973 1534 1011 12,
1601 972 1656 1012 11,

162 1016 221 1049 29.
268 1013 298 1048 si
323 1014 506 1048 abundans
532 1015 701 1059 opibus
726 1027 976 1060 pauperem
1002 1026 1042 1049 se
1067 1021 1176 1050 vocet
1200 1018 1257 1059 11,
1283 1018 1316 1059 1,
1339 1019 1397 1052 21.
1446 1015 1490 1060 β)
1514 1019 1655 1049 transl..-

162 1070 251 1104 opes
275 1061 377 1096 velut
403 1060 582 1095 sanctiore
607 1063 715 1106 quod.
740 1062 879 1096 aerario
911 1061 1120 1097 reconditae
1154 1063 1209 1101 10,
1233 1064 1268 1103 3,
1293 1064 1325 1097 3.
1374 1062 1469 1096 Num
1501 1060 1535 1097 ei
1558 1060 1659 1104 (ora-

161 1106 254 1150 tori)
285 1106 430 1140 dubium
457 1112 532 1149 est,
578 1107 665 1151 quin
695 1107 729 1142 ei
752 1110 852 1143 velut
876 1119 994 1153 opes
1032 1109 1102 1142 sint
1135 1109 1262 1153 quaed.
1296 1109 1495 1152 parandae,
1529 1106 1658 1152 quihus

160 1152 237 1196 uti,
269 1152 475 1197 ubicunque
497 1153 738 1188 desideratum
763 1154 853 1199 erit,
895 1151 1030 1200 possit?
1066 1155 1139 1189 Eae
1168 1159 1333 1190 constant
1363 1153 1500 1199 copia
1537 1164 1658 1188 rerum

162 1210 205 1233 ac
227 1200 423 1233 verborum
452 1201 508 1243 10,
534 1203 567 1242 1,
598 1202 654 1235 15.

115 1252 359 1317 Optabiiis..
410 1266 508 1310 quod
531 1266 687 1318 optabile
711 1267 781 1301 fuit
805 1268 840 1311 6,
865 1268 922 1301 Pr.
949 1270 980 1302 1.
1001 1273 1041 1302 ut
1065 1266 1288 1312 optabile
1323 1273 1390 1312 est,
1415 1268 1495 1316 plus
1518 1268 1657 1305 favoris

162 1322 306 1352 mereri,
330 1321 382 1345 sic
409 1322 689 1356 proximum,
715 1313 833 1347 minus
861 1313 935 1348 odii
959 1312 995 1357 4,
1022 1317 1055 1357 1,
1079 1312 1137 1348 44.

115 1356 306 1413 optatio.
356 1366 458 1412 (fig.)
482 1369 517 1411 9,
542 1371 576 1412 1,
607 1371 664 1404 32.
687 1370 723 1413 9,
748 1371 782 1410 2,
807 1372 841 1404 3.

113 1413 368 1469 optimates.
415 1424 618 1469 (Graccho)
643 1426 792 1460 terrenti
818 1425 1006 1470 optimates
1035 1428 1067 1469 ι,
1092 1428 1148 1469 10,
1173 1426 1232 1460 28.

114 1469 260 1527 Optio.
320 1486 469 1528 propter
490 1484 597 1516 tatem
622 1482 807 1526 optionem
829 1486 864 1525 7,
889 1485 922 1525 1,
946 1484 1004 1516 21.
1052 1484 1123 1517 hoc
1150 1492 1263 1527 genus
1286 1481 1442 1525 optionis
1472 1483 1515 1516 ih.
1542 1485 1599 1520 53.
1625 1483 1657 1518 si

160 1533 234 1572 opt.
260 1527 505 1572 tyrannicidae
531 1534 566 1562 et
593 1529 664 1563 viri
685 1529 788 1563 fortis
817 1534 1069 1572 comparentur
1092 1532 1127 1571 7,
1153 1530 1188 1570 7,
1210 1530 1245 1562 2.
1281 1527 1326 1568 cs.
1364 1528 1398 1570 5,
1438 1531 1494 1572 10,
1528 1530 1574 1565 97
1606 1531 1656 1566 Ν.

160 1573 349 1621 Virginem
373 1573 511 1618 rapuit,
544 1585 618 1608 non
643 1580 762 1609 tamen
786 1580 860 1619 opt.
887 1575 977 1619 patri
1005 1574 1144 1608 dabitur
1171 1572 1207 1616 4,
1235 1576 1269 1616 2,
1294 1573 1341 1608 68
1366 1574 1413 1607 Ν.
1447 1580 1521 1618 opt.
1547 1576 1655 1611 vobis

160 1621 285 1700 dgmr’
318 1626 438 1673 utrum
460 1639 506 1701 ῖ-
529 1620 656 1701 velit-itst
671 1638 726 1700 ⁹-d
742 1632 795 1702 aig
812 1629 872 1702 etg-
893 1623 933 1702 g,
959 1623 1015 1664 10,
1039 1621 1106 1663 69,
1149 1619 1241 1654 sicut
1271 1629 1389 1664 neque
1420 1626 1495 1664 opt.
1529 1621 1657 1665 judicis

161 1678 181 1701 a
206 1677 369 1702 versario
394 1677 473 1701 esse
513 1677 626 1711 permi
658 1678 702 1701 en
729 1678 749 1700 a
797 1692 807 1710 ,
861 1691 872 1708 ‚
919 1691 928 1700 .

115 1722 244 1780 opto·
292 1734 325 1777 1)
350 1737 416 1780 i.q.
443 1737 586 1779 cupio.
633 1735 910 1779 a)simp1ioi1er.·
956 1744 1037 1769 cnm
1069 1738 1231 1777 optamus
1264 1730 1327 1777 (in
1361 1730 1452 1776 ἆίο.)
1483 1733 1518 1776 3,
1553 1731 1589 1777 4,
1622 1736 1657 1769 3.

162 1781 208 1822 cf.
234 1782 269 1824 6,
294 1784 328 1824 3,
362 1784 419 1816 70.
464 1781 601 1815 faciunt
629 1782 794 1815 savorem
826 1786 861 1815 et
906 1779 967 1814 illa
1000 1791 1114 1824 paene
1147 1778 1349 1814 communia
1382 1795 1429 1801 —
1461 1785 1656 1824 optare,

161 1826 429 1863 abominari
459 1835 520 1861 etc.
546 1827 580 1867 4,
609 1830 642 1870 1,
667 1829 725 1862 33.
753 1826 798 1869 cs.
832 1829 866 1870 9,
900 1829 934 1871 1,
967 1827 1025 1862 26.
1065 1826 1239 1870 quaedam
1273 1830 1314 1859 ut
1343 1823 1656 1870 miserantes,

163 1875 291 1919 quaed.
319 1879 359 1907 ut
382 1879 607 1917 optantes
636 1873 787 1907 dicimus
818 1873 854 1916 6,
887 1874 922 1916 3,
955 1875 1012 1907 70.
1059 1873 1101 1915 β)
1133 1885 1162 1904 c.
1197 1874 1382 1905 Accusat..·
1423 1871 1519 1914 quod
1551 1872 1656 1906 nefas

160 1926 256 1963 erat,
290 1921 353 1955 sed
377 1919 454 1964 ipsa
492 1920 636 1963 optabat
665 1920 700 1962 5,
735 1921 793 1954 Pr.
822 1918 857 1954 6.
915 1918 1000 1963 quid
1031 1917 1181 1961 amptius
1215 1918 1364 1951 debeam
1396 1922 1538 1961 optare,
1582 1918 1657 1952 non

161 1966 305 2011 reperio
329 1965 365 2009 4,
393 1969 426 2009 1,
456 1966 514 2000 51.
561 1965 619 2000 vir
654 1965 759 1999 fortis
791 1970 913 2008 optet,
965 1965 1061 2009 quod
1093 1965 1191 1998 volet
1225 1967 1270 2006 7,
1305 1963 1349 2005 5,
1386 1961 1421 1997 4.
1470 1969 1657 1998 accusator

159 2011 391 2057 (tyrannidem
415 2012 627 2055 affectantis)
654 2017 770 2055 optet,
806 2012 904 2055 quod
930 2011 1031 2046 volet
1053 2010 1088 2054 9,
1111 2012 1147 2052 2,
1170 2010 1240 2051 813
1279 2007 1555 2043 incolumitatem
1579 2012 1656 2054 ejus

160 2064 261 2103 optet
294 2061 339 2092 ib.
374 2059 432 2092 85.
479 2058 661 2102 perfectus
704 2056 855 2101 aliquis,
898 2058 1038 2101 qualem
1071 2060 1256 2099 optamus,
1299 2060 1420 2089 orator
1458 2057 1515 2097 12,
1550 2057 1587 2098 2,
1618 2056 1655 2090 9.

160 2105 269 2149 Optet
295 2104 354 2140 vir
377 2103 482 2138 fortis
511 2103 665 2137 alienam
686 2114 850 2138 uxorem.
878 2102 1008 2137 Ultima
1032 2101 1169 2145 species
1194 2105 1269 2143 est,
1300 2099 1359 2134 An
1384 2105 1508 2144 optare
1543 2101 1657 2145 possit

161 2151 313 2185 alienam
344 2149 520 2184 uxorem?
567 2150 743 2183 Generale
786 2154 861 2192 est,
902 2148 961 2183 An
1002 2146 1172 2192 quidquid
1209 2145 1402 2190 optarit,
1437 2145 1656 2190 accipere

162 2197 317 2231 debeat?
355 2197 444 2230 Inde
469 2197 529 2229 An
556 2207 620 2230 ex¹
634 2195 776 2239 privato
793 2194 810 2228 ¹?
859 2206 905 2228 an
934 2193 1100 2238 nuptias?
1135 2204 1180 2226 an
1207 2191 1372 2226 maritum
1404 2191 1594 2227 habentis?
1618 2194 1655 2236 7,

160 2246 195 2286 1,
218 2241 274 2277 24.
301 2242 346 2284 cs.
370 2243 406 2285 7,
431 2239 536 2284 7,.4;
582 2252 656 2276 non
680 2241 867 2286 quisquam
891 2246 928 2275 te
950 2239 1070 2285 potius
1094 2239 1332 2282 optandus
1366 2236 1505 2271 nobi's
1529 2238 1597 2272 fuit
1617 2240 1655 2282 9,

159 2289 195 2332 4,
221 2291 300 2323 132.
347 2294 387 2322 ut
410 2293 493 2321 sunt
517 2287 676 2321 maxime
701 2288 919 2331 optanda,
954 2287 1003 2320 ita
1026 2295 1098 2319 non
1123 2295 1263 2328 semper
1295 2288 1445 2327 possunt
1472 2283 1655 2318 contin-

161 2346 276 2381 gere
313 2336 370 2377 10,
401 2335 436 2376 3,
477 2334 535 2368 28.
586 2332 625 2378 γ)
659 2346 726 2378 seq.
759 2336 885 2366 Aecus.
918 2345 945 2366 c.
983 2330 1072 2372 Jnfi:
1110 2331 1154 2364 In
1182 2329 1388 2374 parentibus
1423 2340 1514 2364 vero
1551 2341 1656 2374 quam

160 2380 350 2425 plurimum
375 2390 455 2414 esse
478 2378 690 2414 eruditionis
713 2377 980 2424 optaverim
1003 2380 1036 2420 1,
1067 2379 1100 2419 1,
1133 2376 1168 2410 6.
1215 2374 1356 2419 impleri
1392 2374 1491 2410 sinus
1515 2375 1658 2419 optabi-

161 2438 240 2460 mus
267 2429 321 2467 10,
346 2429 382 2468 7,
413 2427 472 2459 23.
518 2426 646 2459 foret
680 2425 957 2468 optandum,
992 2433 1095 2468 pares
1127 2427 1187 2455 aut
1225 2423 1350 2455 saltem
1383 2420 1570 2465 proximos
1600 2421 1655 2456 illi

159 2472 241 2507 viro
267 2470 344 2505 fieri
370 2474 425 2514 10,
454 2474 486 2514 1,
512 2474 591 2505 127.
640 2467 674 2512 δ)
702 2483 770 2516 seq.
796 2477 861 2513 ut,
898 2482 969 2502 ne.-
1005 2469 1220 2512 optandum,
1257 2472 1302 2500 ut
1330 2466 1433 2500 amici
1459 2478 1563 2511 quam
1586 2467 1656 2501 mi-

160 2517 273 2550 nimas
294 2517 373 2550 lites
397 2518 551 2551 habeant
576 2519 632 2559 12,
657 2518 693 2559 9,
717 2518 752 2551 7.
800 2517 937 2550 solebat
961 2520 1105 2559 optare,
1142 2525 1198 2548 ne
1225 2513 1320 2557 quod
1351 2512 1420 2546 sibi
1442 2513 1592 2548 verbum
1616 2512 1655 2546 in

161 2569 319 2596 mentem
341 2562 484 2597 veniret
508 2570 568 2597 etc.
597 2566 652 2604 12,
675 2564 711 2606 9,
739 2564 796 2597 13.
824 2561 875 2605 11)
899 2564 922 2595 i.
950 2574 981 2606 q.
1009 2562 1146 2602 eligo:
1190 2569 1308 2594 sermo
1332 2558 1429 2602 ipse,
1462 2558 1523 2603 qui
1547 2557 1654 2593 facile

163 2609 317 2649 indicem
343 2609 481 2650 doceat,
510 2609 685 2652 optandus
713 2611 769 2651 12,
797 2610 854 2652 10,
878 2607 923 2642 56
946 2607 994 2641 Ν.
1019 2605 1064 2647 cs.
1090 2609 1126 2649 7,
1153 2609 1186 2649 1,
1208 2604 1267 2639 24.

115 2666 254 2723 opus,
284 2664 384 2703 esis·
431 2674 464 2717 l)
511 2679 546 2709 id
582 2679 672 2722 quod
710 2677 869 2720 efficitur.
918 2674 960 2719 α)
990 2676 1213 2717 generaliter.-
1249 2670 1482 2716 promiseram
1515 2681 1574 2705 me
1608 2672 1653 2705 de

163 2727 284 2764 arte,
319 2721 363 2753 de
389 2720 612 2763 artifice,
646 2724 691 2756 de
715 2733 853 2766 opere
878 2721 1054 2755 dicturum
1083 2723 1140 2763 12,
1166 2722 1222 2761 10,
1248 2721 1282 2752 1.
1309 2727 1383 2751 non
1410 2716 1540 2751 evertit
1563 2727 1654 2760 opus

164 2766 356 2812 rhetorice,
378 2767 475 2810 quod
502 2767 611 2802 efficit
642 2772 678 2812 2,
715 2771 771 2813 17,
805 2767 862 2805 34.
896 2766 941 2809 os.
974 2770 1017 2802 ib.
1052 2768 1108 2802 30.
1157 2775 1238 2799 cum
1270 2762 1316 2798 sit
1351 2761 1550 2798 rhetorices
1580 2768 1652 2808 atq.
1718 2766 1728 2796 ².
