1794 2976
145 199 228 237 912
406 215 410 219 »
567 214 569 216 ·
662 192 830 237 Tumeo
859 220 916 226 —
944 194 1174 245 Tumultus
1210 234 1212 237 .

192 311 289 346 ciunt
319 315 380 354 11,
410 314 450 354 3,
479 312 558 345 160.
580 315 607 344 t.
632 310 721 344 illud
746 309 890 354 quidem
915 321 1103 347 commune
1129 315 1193 357 11,
1218 315 1236 347 1
1252 339 1263 356 ‚
1280 315 1348 348 77.
1379 313 1425 356 eff.
1452 317 1497 359 1,
1516 316 1560 360 4,
1583 314 1618 352 4.
1653 315 1704 360 6,
1739 349 1745 363 ,

189 361 248 393 Pr.
273 359 328 393 15.
353 360 388 401 6,
417 358 451 400 5,
477 359 510 391 5.
540 359 572 397 8,
598 358 632 399 3,
657 357 713 391 69.
739 357 774 399 9,
798 355 833 400 4,
858 357 904 392 36
926 359 972 392 Ν.
998 360 1053 401 10,
1078 361 1112 402 3,
1139 362 1196 393 21.
1224 362 1281 402 10,
1307 363 1342 402 7,
1367 362 1409 402 9,
1443 362 1532 396 haec
1555 374 1603 397 ex
1628 368 1690 396 tua

190 407 376 440 voluntate
409 402 565 436 maxime
594 402 798 449 ingressus,
833 408 926 436 tum
958 402 988 437 si
1022 416 1091 449 qua
1118 416 1166 439 ex
1191 406 1294 440 nobis
1322 407 1366 440 ad
1395 408 1511 442 bonos
1536 409 1689 454 juvenes
1732 404 1737 433 ἶ

186 450 379 496 pervenire
404 451 525 494 posset
547 448 700 492 utilitas,
726 448 990 484 novissime
1015 462 1129 494 paene
1154 451 1259 486 etiam
1283 454 1496 488 necessitate
1519 456 1624 499 quad.
1643 473 1690 480 —-

187 499 312 532 sedulo
335 496 539 531 laborabam
563 495 605 538 6,
634 496 689 529 Pr.
712 498 743 529 1.
772 494 816 536 cs.
843 498 887 539 2,
912 498 952 538 5,
977 497 1010 530 8.
1036 499 1069 532 9.
1099 496 1153 542 [8,
1179 499 1237 532 Pr.
1256 497 1306 542 6.]
1329 505 1470 543 praeter
1492 500 1530 534 id
1552 518 1594 526 —
1613 506 1691 534 tum

189 547 246 586 10,
272 546 306 584 2,
331 545 376 577 26
402 555 432 577 v.
456 543 660 576 Praeter.
691 541 886 585 primum
912 542 1192 588 constituebam,
1217 544 1302 588 quid
1331 551 1480 591 utraque
1504 548 1691 590 pars‘vel-

189 593 239 625 let
264 589 430 632 efficere,
464 594 553 622 tum
577 599 641 631 per
666 587 751 631 quid
775 591 809 631 7,
837 591 870 630 1,
896 590 917 623 5
943 601 976 622 υ.
1003 590 1171 625 Primo.
1205 590 1419 626 Primum.
1453 597 1535 627 ante
1555 593 1690 631 ‘omnia

188 655 234 662 -—
258 642 331 669 tum
362 639 418 678 12,
445 637 501 678 11,
525 635 570 669 25
595 646 628 668 v.
653 634 786 668 Ante.
836 635 882 675 11)
915 635 1106 677 Cpnjunctio
1131 640 1336 680 copulativa.
1371 635 1407 680 a)
1434 651 1522 675 cum
1540 646 1710 677 —ium>

190 696 223 716 v.
245 682 354 717 Cum.
403 680 447 725 β)
476 689 562 714 tum
585 700 631 706 -
658 688 763 714 tum:
789 687 901 714 mater
925 693 1021 725 mea,
1051 694 1142 727 quae
1166 683 1252 716 mihi
1277 689 1302 717 t.
1330 684 1534 728 carissima,
1558 691 1582 719 t.
1609 684 1691 718 dul-

190 729 329 763 cissima
357 727 423 761 fuit
447 730 566 761 Asin.
591 728 634 769 9,
662 729 702 768 2,
728 726 784 760 34.
810 732 836 760 t.
865 727 1030 772 flectere,
1061 735 1086 762 t.
1112 730 1155 762 ad
1181 729 1401 775 diligentiam
1421 731 1556 765 hortari
1580 731 1700 777 (volug

188 775 274 817 mus)
297 776 332 818 9,
356 773 391 817 4,
420 775 496 809 133.
528 772 572 814 cf.
602 775 645 807 ib.
673 774 750 807 128.
777 775 811 816 3,
836 773 871 816 4,
899 775 955 809 14.
981 774 1016 818 4,
1040 777 1073 818 1,
1096 777 1160 810 13.-
1175 781 1200 808 t.
1224 781 1279 810 est
1302 782 1439 810 certum
1464 777 1508 811 de
1530 777 1691 821 nomine,

187 823 251 856 sed
277 820 480 867 quaeritur,
508 830 599 864 quae
619 830 680 857 res
708 818 741 853 ei
770 819 990 862 subjicienda
1012 820 1080 864 sit3
1116 827 1141 856 t.
1165 833 1225 857 res
1249 827 1303 856 est
1326 823 1516 857 manifesta
1538 827 1574 867 7,
1595 826 1641 867 3,-
1653 822 1689 858 4.
1717 858 1720 859 ⁷

186 869 282 902 idem
302 869 415 902 laetus
442 878 490 899 ac
514 877 676 910 pressus,
701 866 875 907 jucundus
900 873 943 900 et
967 867 1107 914 gravis,
1131 873 1159 901 t.
1182 868 1307 912 copia,
1332 874 1358 902 t.
1383 869 1560 904 brevitate
1580 866 1691 904 mire-

186 914 268 948 bilis
292 916 355 957 10,
378 916 421 957 .1,
447 911 504 945 46.
540 912 635 956 quod
659 913 803 946 schema
827 933 871 937 —
898 913 938 947 fit
961 933 1006 938 —
1031 919 1067 948 et
1090 913 1168 948 aliis
1196 914 1312 949 modis
1340 921 1364 949 t.
1390 913 1555 960 brevius,
1570 921 1610 958 t.
1635 917 1693 950 la-·

189 961 276 1002 tius,
303 966 328 993 t.
356 961 400 994 de
423 970 495 992 una
517 970 578 1001 re,
602 964 627 992 t.
654 959 698 991 de
724 958 882 1002 pluribus
909 961 953 1002 9,
977 962 1021 1002 2,
1050 961 1106 995 16.
1131 959 1176 1002 cfi
1205 964 1260 1004 11,
1291 964 1324 1000 t,
1349 961 1407 995 46.
1435 965 1491 1005 11,
1517 963 1550 1004 3,
1578 965 1634 997 17.
1661 967 1686 996 t.

183 1006 404 1041 miserabiles
429 1016 508 1039 esse
534 1005 723 1047 volumus»,
758 1010 783 1047 t.
811 1006 984 1048 modesti,
1018 1012 1044 1039 t.
1071 1018 1191 1050 acres,
1216 1013 1240 1042 t.
1267 1018 1418 1055 graves,
1447 1013 1474 1042 t.
1499 1006 1640 1052 blandi,
1662 1013 1690 1042 t.

185 1054 344 1095 flectere,
368 1059 392 1086 t.
415 1053 459 1085 ad
486 1050 705 1098 diligentiam
729 1051 865 1084 hortari
889 1053 924 1095 9,
949 1050 984 1094 4,
1011 1055 1088 1087 133.
1115 1053 1222 1098 idque
1249 1059 1273 1087 t.
1298 1054 1342 1088 ad
1371 1054 1575 1099 qualitatem
1601 1052 1689 1089 scri-

187 1106 356 1144 ptumque
386 1097 541 1142 pertinet
567 1116 608 1121 —
635 1103 661 1130 t.
694 1098 737 1130 ad
775 1099 1000 1142 conjecturas
1035 1109 1215 1145 quoque
1240 1101 1282 1144 5,
1306 1101 1371 1144 10,
1396 1103 1452 1135 52.
1487 1112 1566 1136 esse
1584 1096 1685 1135 ‘id‘u

188 1148 356 1192 elegans,
385 1151 410 1179 t.
437 1145 579 1178 etiam
606 1142 836 1177 fortissimum
861 1148 896 1187 7,
922 1147 957 1188 3,
983 1145 1037 1180 18.

142 1202 325 1245 Tumeo.
374 1212 408 1257 Ι)
435 1199 588 1257 proprie.-
614 1224 718 1247 nares
747 1224 789 1247 ac
815 1219 941 1257 pectus
966 1224 1010 1248 eo
1030 1220 1192 1258 tempore
1216 1220 1355 1250 tument
1379 1217 1436 1258 11,
1460 1208 1495 1258 3,
1520 1192 1578 1251 29.
1603 1199 1688 1248 <fau-

188 1271 249 1295 ces
291 1265 539 1294 tumentes
581 1261 798 1305 strangulant
840 1270 969 1294 vocem
984 1287 994 1303 ,
1051 1262 1256 1296 obtusae
1306 1262 1500 1295 obscurant
1545 1263 1591 1296 ib.
1627 1262 1687 1295 30.

186 1308 245 1348 ΙΙ)
268 1310 408 1340 1ναηεῖ..·
442 1306 481 1338 fit
505 1311 711 1348 corruptum
739 1307 925 1349 (verbum),
954 1306 1037 1350 quia
1059 1307 1098 1339 in
1124 1309 1232 1350 plano
1255 1312 1369 1340 tumet
1390 1308 1424 1349 8,
1449 1309 1485 1350 3,
1511 1308 1567 1341 18.

138 1362 364 1405 TumeSCO·
403 1383 504 1406 mens
527 1392 574 1398 —
592 1372 690 1406 inani
714 1371 946 1416 persuasione
974 1373 1139 1407 tumescit
1159 1376 1192 1416 1,
1209 1375 1245 1417 2,
1267 1374 1314 1409 18
1337 1385 1369 1407 v.
1393 1375 1682 1421 Lang'uesoo.

141 1430 370 1473 Tumidus·
406 1440 456 1484 α)
473 1443 522 1482 ,de
545 1442 745 1474 hominibus,-
770 1440 997 1474 tumidum
1034 1453 1076 1475 ac
1105 1441 1177 1475 sui
1212 1443 1463 1485 jactantem
1487 1446 1523 1476 et
1546 1441 1684 1475 ambi-

188 1489 361 1522 tiosum
387 1490 452 1530 11,
481 1491 522 1530 1,
548 1489 602 1522 50.
637 1499 670 1520 v.
690 1488 833 1520 Jac‘to.
863 1487 1010 1533 ingenio
1042 1493 1230 1531 corruptus
1261 1499 1304 1522 ac
1325 1493 1412 1522 tum.
1437 1489 1477 1530 2,
1501 1489 1543 1531 8,
1566 1488 1613 1530 9;
1649 1489 1684 1520 in

189 1536 348 1568 dicendo:
384 1534 474 1566 fiunt
504 1544 571 1576 pro
607 1532 870 1578 grandibus
899 1533 1088 1573 tumidi,
1122 1533 1256 1577 pressis
1283 1534 1442 1567 exiles
1467 1540 1530 1566 etc.
1557 1535 1624 1576 10,
1647 1535 1685 1576 2,

189 1583 246 1615 16.
269 1591 376 1625 quem
402 1579 583 1613 incessere
609 1584 649 1611 ut
670 1578 1001 1621 tumidiorem,
1028 1584 1064 1612 et
1088 1579 1336 1622 Asianum,
1365 1585 1401 1613 et
1427 1579 1690 1613 redundan-

189 1634 279 1661 tem
308 1629 373 1669 12,
398 1628 459 1668 10,
488 1628 542 1659 12.
570 1623 615 1666 cs.
645 1628 700 1662 17.
726 1637 756 1658 v.
783 1625 1040 1660 'l'innulus.
1089 1623 1133 1669 β)
1161 1626 1202 1658 de
1226 1627 1341 1659 rebus:
1373 1625 1467 1669 quod
1492 1623 1578 1661 alibi
1602 1635 1689 1659 ma-

188 1673 457 1720 gnificum,
483 1672 705 1705 tumidum
731 1670 814 1704 alibi
838 1672 872 1713 8,
899 1673 934 1714 3,
963 1672 1018 1706 18.
1041 1670 1240 1715 tumida,
1266 1670 1419 1713 exilia
1443 1678 1503 1705 etc.
1529 1670 1590 1715 (in
1613 1675 1685 1704 elo-

189 1717 331 1765 querulo)
357 1720 392 1760 8,
418 1721 453 1761 3,
485 1719 528 1752 56
553 1730 586 1750 υ.
608 1718 867 1750 Abundans
891 1720 923 1750 in
947 1715 1154 1751 Abundo.
1183 1730 1260 1761 opp.
1290 1717 1494 1751 sublime
1517 1720 1552 1759 2,
1568 1716 1683 1760 ›5‚‚1o.

186 1779 216 1799 v.
243 1765 456 1799 Grandis.
493 1765 621 1797 fuisset
652 1762 842 1805 tumidius,
880 1763 911 1797 si
946 1763 1192 1807 accipiendum
1221 1763 1380 1798 criminis
1411 1764 1495 1798 loco
1521 1768 1688 1811 negasset
1711 1780 1718 1790 ⁴

186 1811 336 1854 Cicero,
366 1810 503 1856 Equitis
526 1809 678 1843 Romani
703 1820 782 1843 esse
805 1809 929 1853 filium,
954 1821 993 1843 se
1019 1810 1235 1844 defendente
1260 1812 1316 1853 11,
1343 1812 1376 1853 1,
1403 1811 1462 1844 28.
1733 1805 1740 1812 ’

141 1868 322 1911 Tumor.
371 1878 412 1924 1)
440 1878 478 1912 in
502 1889 655 1923 corpore
685 1882 729 1922 2,
758 1880 821 1920 21,
849 1878 892 1912 19
918 1876 1119 1912 v.Livor.
1167 1875 1223 1919 11)
1247 1881 1365 1911 transl.
1398 1875 1440 1920 ἀ)
1467 1878 1589 1911 animi.-
1619 1881 1684 1910 tu-

187 1938 286 1961 mor
311 1932 346 1960 et
368 1937 489 1960 vana
515 1927 559 1959 de
585 1937 623 1959 se
651 1923 896 1969 persuasio
920 1927 961 1963 2,
989 1927 1030 1966 2,
1056 1927 1110 1957 12.
1171 1922 1218 1968 β)
1246 1926 1279 1956 in
1304 1925 1392 1957 (Rc..-
1426 1929 1453 1958 t.
1476 1923 1538 1958 ille
1567 1922 1701 1957 inanisl

185 1973 301 2018 primo
327 1973 499 2016 cujusque
523 1971 603 2007 veri
631 1970 750 2015 operis
781 1976 911 2004 conatu
941 1970 1228 2014 deprehendetur
1254 1972 1309 2012 2,
1325 1972 1387 2013 10,
1411 1973 1444 2004 7.
1478 1967 1709 2004 affectamus
1729 1969 1737 1972 ⁷

183 2026 373 2060 tumorem,
403 2018 464 2063 qui
488 2017 657 2061 spondeis
682 2023 752 2061 atq.
782 2016 908 2050 iambis
937 2015 1092 2050 maxime
1116 2015 1319 2050 continetur
1345 2016 1380 2058 9,
1403 2014 1438 2059 4,
1467 2015 1557 2050 140.·-
1571 2026 1684 2063 genus

186 2066 278 2108 uic„
309 2066 404 2109 quod
430 2071 569 2098 tumore
594 2064 793 2098 immodico
817 2063 988 2110 turgescit
1015 2065 1078 2106 12,
1104 2064 1169 2106 10,
1194 2064 1251 2097 73.
1285 2061 1418 2096 omisso
1440 2073 1568 2109 magna
1591 2073 1685 2097 sem-

185 2123 250 2156 per
273 2111 381 2145 flandi
403 2117 544 2145 tumore
575 2114 636 2152 12,
662 2111 705 2152 6,
734 2112 768 2145 5.
1261 2114 1265 2123 ’

138 2167 478 2211 Tumultuarius.
526 2191 573 2214 ex
601 2188 711 2223 opere
741 2183 767 2213 t.
796 2181 831 2221 7,
860 2179 896 2221 3,
920 2175 977 2212 34.

140 2235 412 2278 Tumultuor.
459 2247 521 2292 qui
553 2248 700 2281 brevem
736 2245 879 2280 dicendi
910 2243 1204 2280 exercitationem
1231 2243 1436 2287 consecuti,
1471 2242 1602 2277 omissa
1624 2253 1683 2277 ra-

183 2295 296 2336 tione,
325 2300 364 2327 ut
389 2294 470 2327 tulit
492 2294 656 2337 impetus,
683 2293 814 2336 passim
837 2294 1096 2326 tumultuentur
1114 2295 1149 2334 2,
1177 2295 1234 2335 12,
1260 2295 1316 2326 11.
1343 2290 1429 2325 mihi
1454 2301 1500 2324 ne
1523 2289 1682 2330 dicore

185 2341 330 2384 quidem
353 2340 517 2382 videtur,
548 2339 616 2372 nisi
634 2338 705 2382 'qui
734 2339 926 2382 disposite,
957 2343 1104 2380 ornate,
1134 2337 1280 2381 copiose
1306 2336 1412 2379 dicit,
1436 2337 1499 2371 sed
1523 2334 1682 2370 tumul-

185 2386 314 2420 tuari
339 2388 394 2429 10,
425 2390 460 2429 7,
489 2388 556 2428 123
588 2385 702 2419 oratio
731 2397 857 2419 carens
881 2387 948 2418 hac
973 2384 1105 2418 virtute
1131 2382 1166 2426 (i.
1193 2397 1221 2418 e.
1246 2383 1414 2424 ordine)
1437 2382 1681 2423 tumultue-

185 2438 252 2465 tur
275 2443 425 2467 necesse
450 2438 516 2475 est,
543 2437 578 2466 et
602 2431 679 2465 sine
703 2437 846 2465 rectore
873 2430 1040 2464 fluitet
1062 2433 1097 2468 7,
1120 2431 1176 2463 Pr.
1203 2431 1238 2464 3.

142 2487 465 2530 Tumultuosus.
514 2500 789 2544 impudens,
814 2499 1117 2540 tumultuosa,
1142 2497 1374 2531 iracunda
1398 2494 1490 2529 actio
1518 2482 1681 2545 omnibus

186 2545 356 2589 indecora
379 2549 445 2589 11,
472 2549 510 2584 1,
536 2548 593 2584 29.
630 2546 667 2579 id
703 2556 847 2589 quoque
882 2545 1063 2589 aequalius
1097 2544 1186 2587 erit,
1218 2553 1293 2577 non
1324 2542 1678 2576 tumultuosius

188 2597 258 2634 atq.
286 2591 530 2626 turbidius
554 2595 595 2635 3,
619 2593 664 2635 8,
693 2592 752 2626 60.

141 2645 445 2690 Tumultus·
494 2662 686 2701 (Ciceronis
707 2662 817 2702 finitio
841 2660 940 2701 hujus
964 2656 1138 2700 vocabuli)
1164 2659 1206 2700 3,
1223 2658 1275 2700 8,
1304 2656 1338 2700 59
1363 2656 1398 2697 7,
1421 2654 1455 2694 3,
1478 2653 1524 2686 25
1543 2651 1586 2685 N·
1610 2649 1679 2704 ”iffi

186 2703 306 2738 omnia
330 2707 537 2739 tumultu
560 2718 600 2740 ac
623 2705 983 2741 vociferatione
1009 2702 1258 2745 concusserint
1279 2700 1322 2745 4,
1347 2703 1391 2742 2,
1419 2700 1475 2750 37.
1498 2703 1538 2731 ut
1561 2706 1680 2731 omma

186 2751 338 2783 tumultu
364 2751 419 2791 (a.
448 2756 469 2785 1.
496 2752 533 2785 in
559 2751 770 2792 tumultum)
797 2751 1018 2785 confundant
1043 2751 1088 2794 6,
1112 2748 1158 2792 4,
1192 2751 1248 2787 11.
1275 2744 1599 2787 condiscipulorum
1621 2749 1680 2778 ω·

188 2797 300 2830 multu
322 2795 434 2829 inflati
459 2800 502 2839 2,
529 2802 568 2835 2,
595 2801 650 2832 12.
683 2810 716 2832 υ.
743 2796 945 2832 Clamor.
