1728 3002
205 139 285 178 748
727 175 729 177 .
921 135 1031 192 Quis
1045 164 1059 179 ο

247 251 397 293 videret,
425 252 485 297 qui
506 252 671 288 intrasset
692 253 727 295 8,
751 254 786 296 3,
810 253 867 289 66.
896 252 1017 300 Quid
1041 253 1194 289 dicendo
1217 254 1370 300 denique
1393 254 1607 299 proficimus,
1633 254 1728 289 nisi

245 303 286 332 ut
311 306 372 332 etc.
402 301 445 342 9,
473 300 516 341 2,
543 300 589 332 77
601 310 610 339 ;
647 301 680 331 in
706 301 898 342 interrogat.
923 312 1105 343 suspensa.-
1139 301 1291 345 primum
1319 301 1592 344 constituebam,
1616 314 1639 346 q
1649 300 1728 335 uid

243 349 393 388 utraque
422 355 503 388 pars
529 344 640 378 vellet
667 343 828 386 efficere,
862 351 937 380 tum
961 357 1046 390 per
1077 346 1182 391 quid
1212 351 1253 391 7,
1286 350 1328 391 1,
1349 349 1382 383 5.
1417 346 1462 388 cf.
1488 349 1548 391 11,
1575 349 1618 390 3,
1649 347 1725 382 151.

246 389 364 434 quid
399 391 479 424 fere
514 389 714 433 accideret,
746 391 861 435 quid
886 391 972 436 (Sp.
1000 391 1118 436 quod)
1146 392 1184 426 in
1205 393 1405 438 praesentia
1430 392 1612 428 videretur
1635 392 1728 437 opti-

244 447 358 479 mum,
385 435 523 471 ostendi
546 436 580 478 9,
608 436 643 478 4,
671 439 738 472 109
762 441 803 472 Ζ.
834 438 895 483 qui
920 438 1055 482 scierit,
1082 439 1198 484 quid
1219 451 1301 484 pars
1325 441 1496 482 adversa,
1521 438 1637 484 quid
1661 449 1728 472 no·—

245 488 315 515 stra
339 483 466 516 habeat
493 481 775 518 valentissimum
799 483 841 526 5,
871 486 936 528 13,
965 487 1020 519 52.
1055 485 1098 526 cs.
1126 487 1166 528 8,
1191 488 1231 528 3,
1259 487 1313 522 15.
1340 485 1516 530 judicare,
1537 484 1728 530 'quid‘di-

245 528 417 573 cendum,
450 529 560 574 quid
586 528 896 572 dissimulandum,
932 531 1040 575 quid
1065 532 1313 566 declinandum
1335 533 1629 574 mutandumve,
1663 531 1728 565 fin-

244 575 398 621 gendum
428 575 570 609 etiam
595 574 639 608 sit
665 578 720 617 12,
743 578 777 619 8,
804 577 835 611 5.
860 576 922 611 ubi
945 577 1087 611 dubium
1110 584 1184 620 est,
1213 578 1328 622 quid
1353 588 1443 623 quo
1464 577 1596 612 referri
1619 585 1728 621 opor-

242 626 316 654 teat
338 622 374 664 7,
398 622 432 663 9,
457 625 490 655 7.
514 620 575 654 ubi
602 627 753 664 constat,
778 622 862 667 quid
885 623 964 657 fieri
989 634 1061 657 non
1086 624 1198 667 possit
1222 626 1311 668 (Sp.
1337 624 1483 659 omnino
1507 633 1581 657 non
1606 621 1728 668 posse)

241 668 287 710 3,
316 668 361 710 8,
385 667 439 702 25.
475 666 559 711 quid
589 665 640 711 (a.
664 672 686 701 l.
715 667 835 711 quod)
860 668 937 713 ipse
963 669 1027 703 sim
1050 677 1216 714 secutus,
1250 681 1410 715 promam
1433 674 1476 713 7,
1505 673 1547 711 1,
1575 670 1608 704 3.
1624 669 1728 713 quod

243 719 365 756 aperte
390 720 580 758 appareat,
606 714 691 757 quid
716 714 777 758 (a.
797 719 818 748 l.
843 715 955 760 quod)
979 716 1131 750 velimus
1157 718 1191 760 8,
1215 717 1248 758 6,
1273 718 1330 752 58.
1355 717 1468 759 scire,
1498 715 1572 760 qui
1587 716 1609 748 d
1633 713 1728 748 acti

242 759 287 793 sit
311 758 350 802 4,
375 762 419 803 2,
443 763 500 794 21.
529 759 709 802 indicare,
736 760 846 805 quid
872 761 988 796 facti
1011 761 1057 795 sit
1086 765 1130 797 ib.
1156 764 1223 798 128
1247 764 1294 796 N.
1319 776 1388 803 cr..
1402 762 1432 796 si
1455 762 1591 796 nesciet
1616 766 1728 804 actor,

243 805 349 850 quid
375 805 622 850 propositi
645 805 744 840 testis
768 807 923 841 attulerit
947 810 980 851 5,
1006 811 1040 851 7,
1065 811 1126 851 203
1156 822 1183 843 c.
1208 807 1296 850 Infi:
1322 819 1405 842 nam
1429 819 1557 853 quem
1581 817 1728 851 posse

240 851 411 895 reperiri,
446 851 506 895 qui
530 863 604 885 non
626 857 759 886 metuat
787 856 898 896 7,·2,
921 855 979 889 37.
1033 853 1076 898 c)
1105 868 1166 888 om.
1191 857 1309 888 verbo.-
1347 854 1465 900 Quid
1501 852 1656 900 signi?
1692 853 1727 895 5,

242 900 299 940 10,
327 901 404 933 107.
428 901 507 933 108.
554 898 638 943 Quo
665 898 748 942 quid
773 899 940 934 stultius?
969 901 1003 943 9,
1029 903 1064 943 2,
1085 902 1141 936 82.
1179 900 1273 981 ggid
1301 900 1459 945 asperius
1481 900 1608 934 lictore
1633 899 1728 934 Ver-

240 943 314 977 ris?
345 964 391 970 —
425 944 519 990 Quid
541 944 670 978 fortius
694 944 777 987 ino,
807 946 908 989 cujus
936 954 997 980 etc.
1028 950 1095 989 11,
1121 949 1162 989 1,
1237 972 1244 980 .
1293 947 1413 993 Quid
1444 945 1566 980 enim
1598 945 1727 991 crudef

240 990 330 1034 lius,
367 1001 471 1035 quam
497 989 661 1024 homines
695 991 854 1026 honestis
890 992 1093 1036 parentibus
1126 999 1231 1028 natos
1258 1004 1278 1027 a
1301 1004 1377 1038 rep.
1407 991 1649 1030 summoveri?
1681 993 1724 1025 ib.

239 1036 295 1071 85.
323 1036 367 1078 cs.
394 1039 429 1079 9,
452 1039 488 1080 2,
515 1037 548 1071 6.
573 1039 630 1072 27.
663 1037 789 1072 Sermo
813 1040 930 1073 nullus
956 1039 1109 1082 scilicet,
1134 1039 1203 1073 nisi
1227 1040 1272 1073 de
1296 1045 1350 1074 te:
1385 1037 1635 1084 quid-euis-
1657 1047 1727 1081 po-

239 1082 335 1117 tius?
377 1085 458 1117 Cic.
483 1084 530 1126 9,
556 1085 599 1127 3,
626 1083 680 1118 58.
729 1084 851 1130 Quid
881 1090 1026 1119 tamen
1059 1080 1114 1119 liis
1146 1085 1231 1129 ipsis
1252 1086 1328 1129 ejus
1353 1085 1520 1130 operibus
1542 1082 1727 1120 sublimius

240 1136 301 1162 etc.
333 1131 399 1172 10,
426 1132 467 1172 1,
495 1130 554 1164 91.
609 1129 728 1175 Quid
758 1141 870 1165 vero
903 1131 1091 1166 movendis
1125 1131 1308 1166 affectibus
1341 1130 1555 1170 contrarium
1585 1129 1724 1176 mgis?

241 1178 305 1217 11,
333 1177 378 1218 3,
407 1175 470 1218 583
515 1175 609 1220 Quid
637 1176 761 1210 fauces
785 1182 821 1210 et
843 1179 952 1212 latera
977 1179 1020 1212 ad
1047 1177 1282 1212 ebrietatem?
1310 1179 1355 1220 8,
1378 1177 1420 1220 4,
1448 1177 1502 1212 16.
1546 1175 1585 1211 Si
1609 1177 1727 1210 furem

238 1226 450 1253 nocturnum
473 1221 639 1256 occidere
664 1222 771 1265 licet,
806 1223 889 1268 quid
919 1225 1123 1259 latronem?
1147 1225 1190 1267 5,
1217 1226 1282 1267 10,
1305 1225 1351 1258 88
1375 1225 1440 1266 N.;
1482 1222 1596 1257 discat
1622 1232 1725 1267 puer,

239 1267 350 1310 quid
375 1267 413 1299 in
436 1266 550 1300 literis
577 1268 781 1311 proprium,
807 1270 912 1313 quid
940 1281 1126 1304 commune
1151 1273 1192 1312 1,
1217 1270 1263 1313 4,
1289 1273 1344 1303 12.
1371 1269 1455 1314 quid
1479 1280 1528 1303 ex
1552 1267 1607 1301 his
1632 1267 1726 1312 opti-

236 1323 350 1354 mum,
378 1330 422 1335 -—
445 1312 564 1345 dicere
589 1313 754 1356 experiar
776 1317 819 1355 2,
847 1317 911 1357 13,
937 1318 992 1349 17,
1041 1317 1076 1358 d)
1102 1329 1129 1349 c.
1158 1318 1297 1350 circuitu
1326 1317 1489 1360 quodam.-
1516 1313 1627 1358 quid
1652 1313 1724 1357 sit,

237 1358 361 1402 quod
388 1357 595 1391 memoriam
630 1358 738 1392 faciat
767 1362 830 1401 11,
854 1363 898 1402 2,
925 1359 959 1393 4.
995 1360 1038 1401 ej}
1071 1363 1130 1403 10,
1155 1364 1198 1398 2.
1228 1362 1284 1394 14.
1331 1360 1467 1403 Miror,
1497 1359 1611 1403 quid
1639 1360 1724 1404 sit,

237 1414 330 1446 quo
344 1404 365 1436 d
389 1410 490 1446 pater
510 1409 590 1437 tuus
609 1421 652 1427 —
674 1410 710 1437 te
734 1405 839 1438 nobis
855 1405 994 1443 uarium
1018 1405 1162 1450 reliquit
1183 1405 1339 1450 (Camp.
1364 1403 1564 1449 reliquerit)
1587 1407 1669 1440 Cic.
1688 1402 1728 1449 6,‘

236 1451 270 1492 3,
295 1449 351 1484 48.
385 1449 503 1495 Quid
528 1455 598 1483 est
616 1449 743 1496 igitur.
773 1462 856 1489 cur
880 1451 998 1485 dicant
1027 1455 1088 1493 12,
1117 1455 1181 1494 10,
1206 1452 1264 1487 25.
1313 1450 1350 1494 e)
1376 1454 1570 1497 qualitatem
1591 1453 1728 1494 signifi-u.

237 1502 310 1528 cat:
337 1494 422 1539 quid
445 1495 480 1528 id
506 1501 656 1530 vocetur
682 1500 716 1539 7,
745 1499 779 1538 3,
807 1498 839 1531 9.
865 1498 1023 1541 lapidare
1052 1497 1137 1542 quid
1161 1498 1216 1536 sit.
1241 1498 1467 1531 manifestum
1490 1503 1544 1532 est
1566 1498 1600 1540 8,
1630 1501 1666 1540 2,
1688 1497 1724 1534 50

234 1542 388 1575 habeant
411 1541 463 1575 illi
491 1542 638 1576 divites:
667 1542 771 1576 licet:
807 1543 917 1587 quid
941 1555 986 1577 es
999 1550 1113 1587 sent,
1140 1543 1169 1577 si
1194 1543 1288 1577 aliud
1312 1543 1402 1577 nihil
1427 1543 1601 1578 haberent
1621 1544 1662 1586 ’8,
1688 1545 1722 1587 3,

234 1588 256 1623 8
283 1589 328 1621 Ν.
364 1588 483 1632 quiid
508 1588 639 1632 ipsum,
667 1589 780 1633 quid
808 1589 854 1623 sit
876 1589 1200 1633 abstinentia,
1228 1590 1370 1635 ignoret
1395 1592 1459 1632 12,
1484 1592 1527 1632 2,
1552 1591 1585 1624 3.
1606 1589 1724 1633 quid

235 1633 280 1667 sit
304 1634 594 1677 propositio
622 1638 656 1678 7,
685 1638 718 1678 1,
743 1634 800 1669 46.
850 1635 966 1682 Quid
990 1635 1036 1670 sit
1059 1641 1212 1670 status
1240 1638 1274 1678 3,
1299 1636 1334 1679 6,
1363 1638 1396 1669 1.
1421 1635 1536 1680 quid
1560 1636 1723 1680 accipere

234 1680 424 1714 debeamus
447 1680 659 1726 figuram
684 1684 727 1724 9,
757 1684 799 1725 1,
824 1684 880 1716 10.
917 1681 964 1722 cs.
989 1683 1034 1726 9,
1059 1684 1099 1726 3,
1126 1683 1182 1718 97.
1220 1681 1276 1728 β)
1303 1695 1332 1716 c.
1360 1683 1617 1726 Conjunaionib.
1638 1682 1722 1725 jun-

236 1734 321 1760 ctum
336 1741 346 1760 .-
371 1726 473 1770 quis
498 1738 552 1760 en
566 1727 621 1759 im
644 1728 761 1771 potius
785 1727 1009 1772 praeparabit
1029 1739 1084 1770 ea,
1111 1740 1214 1773 quae,
1239 1739 1320 1762 cum
1335 1733 1426 1775 aget,
1452 1724 1584 1780 essdin
1602 1737 1721 1772 causa,

233 1772 323 1807 velit
348 1775 404 1816 12,
429 1775 463 1815 3,
490 1776 523 1807 5.
555 1773 666 1819 Quis
692 1785 755 1810 en.
780 1775 873 1808 ferat
896 1785 1046 1819 puerum
1072 1782 1154 1818 etc„
1181 1774 1211 1808 si
1232 1773 1364 1818 judicet
1386 1774 1427 1808 in
1448 1773 1600 1808 dicendo
1622 1775 1664 1816 8,
1686 1776 1721 1818 5,

235 1820 269 1854 8.
302 1818 427 1864 Quid
452 1830 518 1853 en.
542 1819 675 1853 aliud
703 1827 756 1854 est
781 1831 921 1863 causae,
945 1826 984 1854 ut
1009 1828 1069 1854 etc.
1097 1821 1132 1864 6,
1156 1823 1191 1863 2,
1215 1820 1272 1854 26.
1299 1819 1344 1862 cf.
1376 1822 1440 1860 11,
1465 1821 1506 1862 3,
1530 1821 1586 1857 57.
1615 1819 1721 1864 quid

235 1876 299 1899 en.
336 1864 551 1900 dicerent
588 1865 740 1900 aliud?
771 1867 938 1908 8‚'6‚6.
973 1866 1019 1907 cf.
1057 1869 1119 1910 11,
1157 1869 1198 1909 1,
1225 1867 1282 1902 69.
1332 1865 1458 1912 Quid
1491 1877 1558 1900 en.
1593 1866 1721 1901 face-

233 1917 327 1954 ret,
366 1922 445 1945 cum
478 1917 516 1944 tu
549 1912 687 1958 galeam
720 1918 755 1946 et
777 1910 926 1946 loricam
949 1913 1101 1947 haberes
1125 1913 1170 1956 9,
1194 1914 1238 1956 3,
1262 1914 1320 1947 91.
1381 1911 1495 1958 Quid
1521 1923 1590 1946 en.
1612 1923 1722 1959 agen-

234 1958 317 1991 dum
344 1963 416 2000 est,
444 1956 539 1991 nisi
568 1964 606 1991 ut
631 1966 694 1991 etc.
718 1959 760 2001 6,
786 1958 828 2002 4,
857 1961 913 1993 20.
941 1958 1062 2005 Quid
1087 1969 1206 2004 ergo
1229 1963 1365 1993 tantum
1392 1963 1447 1992 est
1473 1957 1557 1992 artis
1580 1957 1619 1991 in
1644 1959 1720 1993 elo-

234 2003 405 2049 quentia?
432 2003 478 2047 (c.
504 2002 654 2038 irrisione
678 2005 819 2048 dicium)
846 2007 910 2047 12,
937 2008 976 2047 1,
1005 2006 1062 2039 33.
1104 2004 1229 2051 Quid
1261 2003 1412 2051 igitur
1434 2015 1482 2038 ex
1505 2003 1654 2039 libidine
1676 2015 1720 2039 ac

233 2049 375 2084 luxuria
402 2049 533 2094 spei?
562 2052 627 2092 12,
655 2052 694 2092 1,
716 2052 752 2086 8.
798 2050 915 2097 Quid
940 2050 1000 2084 sit
1022 2050 1168 2098 igitur
1190 2050 1330 2095 potius,
1362 2062 1466 2096 quam
1490 2060 1659 2084 numerus
1681 2051 1718 2094 9,

232 2095 267 2139 4,
293 2097 349 2131 57.
375 2095 459 2130 Cui
483 2095 567 2140 (Sp.
594 2096 679 2142 Qui)
706 2107 850 2141 porro
872 2108 947 2130 11011
970 2096 1054 2131 satis
1078 2103 1150 2137 est,
1178 2107 1250 2142 quo
1273 2095 1362 2140 (Sp.
1389 2095 1500 2143 quod)
1527 2095 1617 2130 nihil
1641 2107 1720 2131 esse

234 2142 361 2176 melius
389 2142 534 2185 potest?
561 2145 624 2185 12,
651 2145 714 2186 10,
740 2145 784 2178 39
810 2145 845 2177 S.
887 2143 998 2188 Quis
1029 2153 1144 2178 vero
1169 2141 1383 2186 nesciat,
1417 2147 1594 2188 quanto
1618 2141 1670 2187 (a.
1697 2146 1721 2177 1.

233 2188 344 2232 quin)
369 2188 463 2222 aliud
491 2188 631 2222 dicendi
655 2200 766 2235 genus
792 2195 917 2233 poscat
939 2188 1089 2236 dignitas
1115 2188 1318 2223 senatoria?
1349 2191 1405 2231 11,
1431 2191 1470 2231 1,
1497 2187 1555 2223 45.
1599 2187 1720 2235 Quid

233 2245 350 2268 vero
384 2234 455 2280 agit
488 2234 634 2268 omnino
673 2235 896 2280 eloquentia,
936 2235 1101 2269 detractis
1125 2234 1361 2278 amplificandi
1384 2233 1637 2278 minuendique
1662 2245 1722 2268 ra-

235 2280 389 2314 tionibus
419 2283 457 2323 9,
484 2284 527 2324 2,
553 2283 583 2314 3.
627 2281 734 2314 Nam
761 2281 863 2326 quis
891 2281 1006 2315 nescit
1030 2288 1092 2317 etc.
1119 2283 1175 2324 11,
1201 2283 1235 2323 1,
1260 2282 1293 2316 9.
1342 2281 1452 2314 Nam
1475 2280 1579 2324 quis
1603 2278 1722 2323 philo-

235 2327 429 2370 sophorum
454 2333 512 2360 aut
536 2326 572 2360 in
597 2327 737 2370 judiciis
760 2329 930 2372 frequens
956 2334 1016 2361 etc.
1046 2327 1134 2362 fuit?
1169 2338 1200 2360 v.
1226 2325 1340 2360 Nam.
1376 2325 1490 2371 Quis
1515 2325 1722 2370 denique

234 2372 273 2406 in
297 2372 373 2415 ipsa
395 2372 484 2416 reip.
511 2373 815 2408 administratione
844 2379 1007 2408 versatus
1031 2373 1111 2408 est?
1146 2375 1212 2416 12,
1239 2376 1284 2416 2,
1309 2374 1344 2406 7.
1389 2373 1494 2406 Nam
1519 2371 1633 2418 quid
1654 2371 1723 2407 sit

234 2418 394 2462 turpius,
418 2430 521 2462 quam
547 2426 607 2452 etc.
631 2418 666 2462 4,
692 2421 726 2462 5,
750 2421 806 2455 26.
833 2431 932 2453 nam
957 2431 1086 2464 quem
1113 2429 1252 2463 posse
1275 2417 1444 2462 reperiri,
1468 2418 1528 2463 qui
1551 2428 1624 2452 nou
1646 2427 1723 2451 mc-

235 2469 310 2497 tuat
344 2468 388 2507 7,
419 2469 462 2505 2,
495 2467 551 2499 37.
604 2466 684 2499 sed
714 2465 828 2511 quid
864 2467 954 2500 haec
991 2466 1036 2500 ad
1066 2476 1233 2509 praesfflns
1261 2464 1480 2508 propositum
1509 2463 1721 2508 pertineant,

236 2519 309 2542 non
333 2510 489 2553 reperio.
514 2511 547 2553 5,
575 2514 630 2554 11,
656 2514 714 2546 31.
740 2524 772 2546 v.
788 2525 890 2555 supra
908 2525 945 2554 α,
970 2523 1001 2545 c.
1051 2514 1092 2555 y)
1118 2510 1385 2546 Adverbialirer':
1418 2510 1512 2555 Quid
1536 2517 1604 2555 ego
1623 2517 1721 2541 com-

235 2565 429 2588 memorem
472 2558 726 2601 Xenophontis
770 2558 868 2591 illam
908 2557 1160 2601 jucunditatem
1201 2556 1465 2591 inaffectatam?
1506 2557 1568 2596 10,
1594 2555 1634 2596 1,
1659 2555 1718 2589 82.

237 2599 329 2643 Quid
356 2601 468 2634 (licam
490 2603 704 2638 vortices
733 2606 766 2641 1.
790 2607 825 2647 7,
848 2604 904 2639 25.
943 2604 1037 2649 Quid
1057 2604 1100 2638 de
1118 2603 1221 2637 nobis
1241 2602 1397 2648 loquor?
1421 2604 1476 2644 12,
1501 2602 1534 2642 1,
1559 2602 1594 2632 2.
1630 2600 1720 2641 Nam

235 2645 297 2678 iila
322 2646 404 2689 quid
430 2652 565 2690 taceat,
599 2650 773 2684 incertum
802 2655 868 2684 est.
892 2651 936 2692 9,
962 2653 1004 2694 3,
1032 2650 1089 2684 60.
1125 2650 1218 2694 quod
1252 2647 1357 2694 quid
1384 2647 1431 2679 ita
1461 2642 1634 2690 placuerit
1664 2644 1720 2687 iis,

233 2701 309 2725 non
339 2691 447 2725 video
480 2695 515 2734 9,
541 2693 584 2737 4,
614 2699 680 2730 110
703 2697 749 2730 Ν.
793 2695 885 2730 Cur
917 2701 1047 2729 armata
1079 2707 1137 2739 ap.
1168 2691 1471 2729 Lacedaemonios
1498 2689 1651 2742 Venus?
1683 2694 1728 2724 et.

239 2736 357 2782 Quid
385 2737 452 2770 ita
487 2741 692 2775 crederetur
727 2741 867 2784 Cupido
899 2752 988 2785 puer
1015 2748 1077 2776 etc.
1111 2742 1156 2783 2,
1182 2739 1228 2780 4,
1252 2740 1299 2774 26
1321 2738 1366 2773 N.
1394 2749 1439 2770 cr.
1473 2741 1607 2770 oraton
1630 2745 1720 2771 voro
