<?xml version="1.0" encoding="UTF-8"?>
<!DOCTYPE html PUBLIC "-//W3C//DTD XHTML 1.0 Transitional//EN"
    "http://www.w3.org/TR/xhtml1/DTD/xhtml1-transitional.dtd">
<html xmlns="http://www.w3.org/1999/xhtml" xml:lang="en" lang="en">
 <head>
  <title>
</title>
<meta http-equiv="Content-Type" content="text/html;charset=utf-8" />
  <meta name='ocr-system' content='tesseract 3.04.00' />
  <meta name='ocr-capabilities' content='ocr_page ocr_carea ocr_par ocr_line ocrx_word'/>
</head>
<body>
  <div class='ocr_page' id='page_1' title='image "./lexiconquintilia06bonnuoft/lexiconquintilia06bonnuoft_0314.png"; bbox 0 0 1728 3002; ppageno 0'>
   <div class='ocr_carea' id='block_1_1' title="bbox 109 212 1128 259">
    <p class='ocr_par' dir='ltr' id='par_1_1' title="bbox 109 212 1128 259">
     <span class='ocr_line' id='line_1_1' title="bbox 109 212 1128 259; baseline 0.004 -5"><span class='ocrx_word' id='word_1_1' title='bbox 109 217 192 256; x_wconf 85' lang='lat'><strong>222</strong></span> <span class='ocrx_word' id='word_1_2' title='bbox 636 212 835 258; x_wconf 81' lang='lat' dir='ltr'><strong>Destituo</strong></span> <span class='ocrx_word' id='word_1_3' title='bbox 869 239 927 250; x_wconf 86' lang='lat'><strong>·--</strong></span> <span class='ocrx_word' id='word_1_4' title='bbox 965 213 1128 259; x_wconf 88' lang='lat' dir='ltr'><strong>Desum</strong></span> 
     </span>
    </p>
   </div>
   <div class='ocr_carea' id='block_1_2' title="bbox 154 328 1656 700">
    <p class='ocr_par' dir='ltr' id='par_1_2' title="bbox 154 328 1656 700">
     <span class='ocr_line' id='line_1_2' title="bbox 156 328 1653 377; baseline 0.002 -12"><span class='ocrx_word' id='word_1_5' title='bbox 156 340 228 375; x_wconf 82' lang='lat' dir='ltr'><strong>quo</strong></span> <span class='ocrx_word' id='word_1_6' title='bbox 251 329 337 366; x_wconf 91' lang='lat' dir='ltr'><strong>loco</strong></span> <span class='ocrx_word' id='word_1_7' title='bbox 363 328 504 377; x_wconf 73' lang='lat' dir='ltr'><strong>signum</strong></span> <span class='ocrx_word' id='word_1_8' title='bbox 527 328 760 365; x_wconf 80' lang='lat' dir='ltr'><strong>destinaverit</strong></span> <span class='ocrx_word' id='word_1_9' title='bbox 795 332 861 374; x_wconf 85' lang='lat'><strong>11,</strong></span> <span class='ocrx_word' id='word_1_10' title='bbox 884 332 928 374; x_wconf 84' lang='lat'><strong>2,</strong></span> <span class='ocrx_word' id='word_1_11' title='bbox 950 330 1010 367; x_wconf 88' lang='grc'><strong>29.</strong></span> <span class='ocrx_word' id='word_1_12' title='bbox 1057 329 1253 367; x_wconf 77' lang='lat' dir='ltr'><strong>destinatus</strong></span> <span class='ocrx_word' id='word_1_13' title='bbox 1279 335 1335 367; x_wconf 86' lang='lat' dir='ltr'><strong>est</strong></span> <span class='ocrx_word' id='word_1_14' title='bbox 1357 331 1446 368; x_wconf 86' lang='lat' dir='ltr'><strong>mihi</strong></span> <span class='ocrx_word' id='word_1_15' title='bbox 1466 331 1527 368; x_wconf 83' lang='lat' dir='ltr'><strong>hio</strong></span> <span class='ocrx_word' id='word_1_16' title='bbox 1548 333 1653 368; x_wconf 86' lang='lat' dir='ltr'><strong>locus</strong></span> 
     </span>
     <span class='ocr_line' id='line_1_3' title="bbox 157 374 1654 421; baseline 0.003 -11"><span class='ocrx_word' id='word_1_17' title='bbox 157 377 372 411; x_wconf 89' lang='lat' dir='ltr'><strong>duodecimo</strong></span> <span class='ocrx_word' id='word_1_18' title='bbox 394 378 489 411; x_wconf 90' lang='lat' dir='ltr'><strong>libro</strong></span> <span class='ocrx_word' id='word_1_19' title='bbox 513 378 555 421; x_wconf 87' lang='lat'><strong>3,</strong></span> <span class='ocrx_word' id='word_1_20' title='bbox 580 378 624 420; x_wconf 85' lang='lat'><strong>8,</strong></span> <span class='ocrx_word' id='word_1_21' title='bbox 647 375 705 411; x_wconf 80' lang='lat'><strong>42.</strong></span> <span class='ocrx_word' id='word_1_22' title='bbox 737 374 842 420; x_wconf 77' lang='lat' dir='ltr'>cf.·5,</span> <span class='ocrx_word' id='word_1_23' title='bbox 865 379 901 419; x_wconf 93' lang='lat'><strong>7,</strong></span> <span class='ocrx_word' id='word_1_24' title='bbox 924 378 960 412; x_wconf 89' lang='grc'><strong>8.</strong></span> <span class='ocrx_word' id='word_1_25' title='bbox 995 377 1040 411; x_wconf 90' lang='lat' dir='ltr'><strong>de</strong></span> <span class='ocrx_word' id='word_1_26' title='bbox 1063 377 1236 411; x_wconf 89' lang='lat' dir='ltr'><strong>memoria</strong></span> <span class='ocrx_word' id='word_1_27' title='bbox 1258 378 1452 414; x_wconf 82' lang='lat' dir='ltr'><strong>destinatus</strong></span> <span class='ocrx_word' id='word_1_28' title='bbox 1479 385 1535 416; x_wconf 79' lang='lat' dir='ltr'><strong>est</strong></span> <span class='ocrx_word' id='word_1_29' title='bbox 1558 380 1654 414; x_wconf 87' lang='lat' dir='ltr'><strong>libro</strong></span> 
     </span>
     <span class='ocr_line' id='line_1_4' title="bbox 154 422 1653 469; baseline 0.003 -13"><span class='ocrx_word' id='word_1_30' title='bbox 154 423 324 467; x_wconf 87' lang='lat' dir='ltr'><strong>proximo</strong></span> <span class='ocrx_word' id='word_1_31' title='bbox 350 424 454 458; x_wconf 89' lang='lat' dir='ltr'><strong>locus</strong></span> <span class='ocrx_word' id='word_1_32' title='bbox 481 425 547 468; x_wconf 86' lang='lat'><strong>10,</strong></span> <span class='ocrx_word' id='word_1_33' title='bbox 574 426 618 466; x_wconf 92' lang='lat'><strong>7,</strong></span> <span class='ocrx_word' id='word_1_34' title='bbox 648 424 715 466; x_wconf 81' lang='lat'><strong>333</strong></span> <span class='ocrx_word' id='word_1_35' title='bbox 759 422 933 457; x_wconf 87' lang='lat' dir='ltr'><strong>materiae</strong></span> <span class='ocrx_word' id='word_1_36' title='bbox 957 424 1013 458; x_wconf 85' lang='lat' dir='ltr'><strong>ad</strong></span> <span class='ocrx_word' id='word_1_37' title='bbox 1039 424 1268 458; x_wconf 81' lang='lat' dir='ltr'><strong>scribendum</strong></span> <span class='ocrx_word' id='word_1_38' title='bbox 1291 425 1488 460; x_wconf 81' lang='lat' dir='ltr'><strong>destinatae</strong></span> <span class='ocrx_word' id='word_1_39' title='bbox 1522 428 1588 469; x_wconf 91' lang='grc'><strong>10,</strong></span> <span class='ocrx_word' id='word_1_40' title='bbox 1616 428 1653 469; x_wconf 91' lang='grc'><strong>3,</strong></span> 
     </span>
     <span class='ocr_line' id='line_1_5' title="bbox 158 467 1656 515; baseline 0.002 -12"><span class='ocrx_word' id='word_1_41' title='bbox 158 469 214 503; x_wconf 91' lang='grc'><strong>14.</strong></span> <span class='ocrx_word' id='word_1_42' title='bbox 251 469 294 511; x_wconf 72' lang='grc' dir='ltr'><strong>ο]ζ</strong></span> <span class='ocrx_word' id='word_1_43' title='bbox 322 469 357 514; x_wconf 91' lang='grc'><strong>5,</strong></span> <span class='ocrx_word' id='word_1_44' title='bbox 385 473 441 513; x_wconf 90' lang='grc'><strong>10,</strong></span> <span class='ocrx_word' id='word_1_45' title='bbox 465 471 508 513; x_wconf 82' lang='grc'><strong>9;</strong></span> <span class='ocrx_word' id='word_1_46' title='bbox 540 480 631 514; x_wconf 89' lang='lat' dir='ltr'><strong>quos</strong></span> <span class='ocrx_word' id='word_1_47' title='bbox 661 467 786 514; x_wconf 85' lang='lat' dir='ltr'><strong>(libros)</strong></span> <span class='ocrx_word' id='word_1_48' title='bbox 812 469 857 502; x_wconf 88' lang='lat' dir='ltr'><strong>ad</strong></span> <span class='ocrx_word' id='word_1_49' title='bbox 883 481 1056 504; x_wconf 87' lang='lat' dir='ltr'><strong>summam</strong></span> <span class='ocrx_word' id='word_1_50' title='bbox 1079 471 1156 512; x_wconf 87' lang='lat' dir='ltr'><strong>ejus</strong></span> <span class='ocrx_word' id='word_1_51' title='bbox 1180 470 1300 515; x_wconf 86' lang='lat' dir='ltr'><strong>operis</strong></span> <span class='ocrx_word' id='word_1_52' title='bbox 1322 472 1522 515; x_wconf 82' lang='lat' dir='ltr'><strong>perducere</strong></span> <span class='ocrx_word' id='word_1_53' title='bbox 1542 472 1656 506; x_wconf 87' lang='lat' dir='ltr'><strong>desti-</strong></span> 
     </span>
     <span class='ocr_line' id='line_1_6' title="bbox 156 514 1652 562; baseline 0.001 -13"><span class='ocrx_word' id='word_1_54' title='bbox 156 517 330 550; x_wconf 88' lang='lat' dir='ltr'><strong>nabamus</strong></span> <span class='ocrx_word' id='word_1_55' title='bbox 359 517 417 550; x_wconf 86' lang='lat' dir='ltr'><strong>Pr.</strong></span> <span class='ocrx_word' id='word_1_56' title='bbox 442 517 475 550; x_wconf 85' lang='lat'><strong>6.</strong></span> <span class='ocrx_word' id='word_1_57' title='bbox 536 517 579 560; x_wconf 77' lang='grc' dir='ltr'><strong>β)</strong></span> <span class='ocrx_word' id='word_1_58' title='bbox 603 518 753 550; x_wconf 77' lang='lat' dir='ltr'><strong>Partic..·</strong></span> <span class='ocrx_word' id='word_1_59' title='bbox 783 526 930 562; x_wconf 82' lang='lat' dir='ltr'><strong>egresso</strong></span> <span class='ocrx_word' id='word_1_60' title='bbox 954 516 1168 550; x_wconf 89' lang='lat' dir='ltr'><strong>destinatum</strong></span> <span class='ocrx_word' id='word_1_61' title='bbox 1193 514 1339 551; x_wconf 80' lang='lat' dir='ltr'><strong>modum</strong></span> <span class='ocrx_word' id='word_1_62' title='bbox 1360 516 1537 553; x_wconf 75' lang='lat' dir='ltr'><strong>volumini</strong></span> <span class='ocrx_word' id='word_1_63' title='bbox 1558 518 1594 560; x_wconf 97' lang='grc'><strong>9,</strong></span> <span class='ocrx_word' id='word_1_64' title='bbox 1613 517 1652 561; x_wconf 87' lang='grc'><strong>4,</strong></span> 
     </span>
     <span class='ocr_line' id='line_1_7' title="bbox 159 561 1653 608; baseline 0.002 -12"><span class='ocrx_word' id='word_1_65' title='bbox 159 561 239 597; x_wconf 91' lang='grc'><strong>146.</strong></span> <span class='ocrx_word' id='word_1_66' title='bbox 281 562 402 607; x_wconf 87' lang='lat' dir='ltr'><strong>operis</strong></span> <span class='ocrx_word' id='word_1_67' title='bbox 438 561 603 597; x_wconf 87' lang='lat' dir='ltr'><strong>destinati</strong></span> <span class='ocrx_word' id='word_1_68' title='bbox 633 564 698 604; x_wconf 91' lang='lat'><strong>10,</strong></span> <span class='ocrx_word' id='word_1_69' title='bbox 723 563 766 604; x_wconf 88' lang='grc'><strong>3,</strong></span> <span class='ocrx_word' id='word_1_70' title='bbox 791 564 849 595; x_wconf 77' lang='grc'><strong>23.</strong></span> <span class='ocrx_word' id='word_1_71' title='bbox 879 564 947 604; x_wconf 84' lang='grc'><strong>12,</strong></span> <span class='ocrx_word' id='word_1_72' title='bbox 977 563 1034 597; x_wconf 88' lang='lat' dir='ltr'><strong>Pr.</strong></span> <span class='ocrx_word' id='word_1_73' title='bbox 1060 565 1094 596; x_wconf 87' lang='lat'><strong>1.</strong></span> <span class='ocrx_word' id='word_1_74' title='bbox 1137 563 1279 597; x_wconf 89' lang='lat' dir='ltr'><strong>certis</strong></span> <span class='ocrx_word' id='word_1_75' title='bbox 1314 563 1653 608; x_wconf 75' lang='lat' dir='ltr'><strong>destinatisque</strong></span> 
     </span>
     <span class='ocr_line' id='line_1_8' title="bbox 156 607 1654 656; baseline 0.001 -14"><span class='ocrx_word' id='word_1_76' title='bbox 156 609 322 652; x_wconf 88' lang='lat' dir='ltr'><strong>personis</strong></span> <span class='ocrx_word' id='word_1_77' title='bbox 359 611 403 651; x_wconf 91' lang='grc'><strong>3,</strong></span> <span class='ocrx_word' id='word_1_78' title='bbox 434 609 476 650; x_wconf 89' lang='grc'><strong>6,</strong></span> <span class='ocrx_word' id='word_1_79' title='bbox 514 610 569 643; x_wconf 90' lang='grc'><strong>51.</strong></span> <span class='ocrx_word' id='word_1_80' title='bbox 615 619 690 642; x_wconf 90' lang='lat' dir='ltr'><strong>non</strong></span> <span class='ocrx_word' id='word_1_81' title='bbox 724 607 1005 644; x_wconf 87' lang='lat' dir='ltr'><strong>destinatam</strong></span> <span class='ocrx_word' id='word_1_82' title='bbox 1039 609 1103 644; x_wconf 80' lang='lat' dir='ltr'><strong>vel</strong></span> <span class='ocrx_word' id='word_1_83' title='bbox 1135 608 1422 654; x_wconf 83' lang='lat' dir='ltr'><strong>inchoatam,</strong></span> <span class='ocrx_word' id='word_1_84' title='bbox 1459 611 1523 645; x_wconf 81' lang='lat' dir='ltr'><strong>sed</strong></span> <span class='ocrx_word' id='word_1_85' title='bbox 1552 620 1654 656; x_wconf 84' lang='lat' dir='ltr'><strong>per-</strong></span> 
     </span>
     <span class='ocr_line' id='line_1_9' title="bbox 157 654 814 700; baseline 0 -12"><span class='ocrx_word' id='word_1_86' title='bbox 157 656 332 689; x_wconf 77' lang='lat' dir='ltr'><strong>tectam</strong></span> <span class='ocrx_word' id='word_1_87' title='bbox 358 654 607 700; x_wconf 82' lang='lat' dir='ltr'><strong>probationem</strong></span> <span class='ocrx_word' id='word_1_88' title='bbox 636 655 669 697; x_wconf 87' lang='lat'><strong>5,</strong></span> <span class='ocrx_word' id='word_1_89' title='bbox 700 656 754 694; x_wconf 90' lang='grc'><strong>10,</strong></span> <span class='ocrx_word' id='word_1_90' title='bbox 780 656 814 690; x_wconf 83' lang='grc'><strong>5.</strong></span> 
     </span>
    </p>
   </div>
   <div class='ocr_carea' id='block_1_3' title="bbox 112 698 1668 1218">
    <p class='ocr_par' dir='ltr' id='par_1_3' title="bbox 112 698 1668 1218">
     <span class='ocr_line' id='line_1_10' title="bbox 112 698 1657 761; baseline 0.004 -19"><span class='ocrx_word' id='word_1_91' title='bbox 112 698 329 742; x_wconf 86' lang='lat' dir='ltr'><strong>Destituo.</strong></span> <span class='ocrx_word' id='word_1_92' title='bbox 382 713 422 754; x_wconf 84' lang='grc' dir='ltr'><strong>α)</strong></span> <span class='ocrx_word' id='word_1_93' title='bbox 453 717 492 746; x_wconf 88' lang='lat' dir='ltr'><strong>ut</strong></span> <span class='ocrx_word' id='word_1_94' title='bbox 519 722 637 756; x_wconf 86' lang='lat' dir='ltr'><strong>neque</strong></span> <span class='ocrx_word' id='word_1_95' title='bbox 664 716 787 745; x_wconf 88' lang='lat' dir='ltr'><strong>orator</strong></span> <span class='ocrx_word' id='word_1_96' title='bbox 809 711 1146 756; x_wconf 87' lang='lat' dir='ltr'><strong>deprehensus,</strong></span> <span class='ocrx_word' id='word_1_97' title='bbox 1178 723 1298 758; x_wconf 84' lang='lat' dir='ltr'><strong>neque</strong></span> <span class='ocrx_word' id='word_1_98' title='bbox 1321 711 1657 761; x_wconf 70' lang='lat' dir='ltr'><strong>litigatofdesti-</strong></span> 
     </span>
     <span class='ocr_line' id='line_1_11' title="bbox 158 758 1657 804; baseline 0 -10"><span class='ocrx_word' id='word_1_99' title='bbox 158 765 287 794; x_wconf 82' lang='lat' dir='ltr'><strong>tutus</strong></span> <span class='ocrx_word' id='word_1_100' title='bbox 311 770 391 793; x_wconf 88' lang='lat' dir='ltr'><strong>esse</strong></span> <span class='ocrx_word' id='word_1_101' title='bbox 418 758 582 793; x_wconf 84' lang='lat' dir='ltr'><strong>videatur</strong></span> <span class='ocrx_word' id='word_1_102' title='bbox 611 761 668 801; x_wconf 91' lang='lat'><strong>10,</strong></span> <span class='ocrx_word' id='word_1_103' title='bbox 692 761 727 800; x_wconf 91' lang='lat'><strong>7,</strong></span> <span class='ocrx_word' id='word_1_104' title='bbox 752 758 811 793; x_wconf 83' lang='lat'><strong>29.</strong></span> <span class='ocrx_word' id='word_1_105' title='bbox 840 758 920 802; x_wconf 84' lang='lat' dir='ltr'><strong>plus</strong></span> <span class='ocrx_word' id='word_1_106' title='bbox 946 759 1130 792; x_wconf 87' lang='lat' dir='ltr'><strong>nocebunt</strong></span> <span class='ocrx_word' id='word_1_107' title='bbox 1153 759 1408 803; x_wconf 84' lang='lat' dir='ltr'><strong>destituta,</strong></span> <span class='ocrx_word' id='word_1_108' title='bbox 1435 770 1541 804; x_wconf 85' lang='lat' dir='ltr'><strong>quam</strong></span> <span class='ocrx_word' id='word_1_109' title='bbox 1563 770 1657 794; x_wconf 89' lang='lat' dir='ltr'><strong>non</strong></span> 
     </span>
     <span class='ocr_line' id='line_1_12' title="bbox 158 802 1656 851; baseline 0.001 -11"><span class='ocrx_word' id='word_1_110' title='bbox 158 805 389 850; x_wconf 87' lang='lat' dir='ltr'><strong>promissa</strong></span> <span class='ocrx_word' id='word_1_111' title='bbox 421 804 631 838; x_wconf 83' lang='lat' dir='ltr'><strong>nocuissent</strong></span> <span class='ocrx_word' id='word_1_112' title='bbox 667 802 762 848; x_wconf 78' lang='lat' dir='ltr'><strong>(litis</strong></span> <span class='ocrx_word' id='word_1_113' title='bbox 790 803 1030 847; x_wconf 71' lang='lat' dir='ltr'><strong>instrumenta)</strong></span> <span class='ocrx_word' id='word_1_114' title='bbox 1065 807 1132 848; x_wconf 84' lang='lat'><strong>12,</strong></span> <span class='ocrx_word' id='word_1_115' title='bbox 1159 806 1202 848; x_wconf 87' lang='grc'><strong>8,</strong></span> <span class='ocrx_word' id='word_1_116' title='bbox 1230 807 1274 841; x_wconf 88' lang='grc'><strong>13</strong></span> <span class='ocrx_word' id='word_1_117' title='bbox 1295 806 1342 840; x_wconf 89' lang='grc' dir='ltr'><strong>Ν.</strong></span> <span class='ocrx_word' id='word_1_118' title='bbox 1368 813 1401 840; x_wconf 77' lang='lat' dir='ltr'><strong>et</strong></span> <span class='ocrx_word' id='word_1_119' title='bbox 1425 807 1462 840; x_wconf 88' lang='lat' dir='ltr'><strong>S.</strong></span> <span class='ocrx_word' id='word_1_120' title='bbox 1502 815 1656 851; x_wconf 84' lang='lat' dir='ltr'><strong>quorum</strong></span> 
     </span>
     <span class='ocr_line' id='line_1_13' title="bbox 157 850 1658 897; baseline 0 -11"><span class='ocrx_word' id='word_1_121' title='bbox 157 850 368 897; x_wconf 70' lang='lat' dir='ltr'><strong>(verborum)</strong></span> <span class='ocrx_word' id='word_1_122' title='bbox 392 863 474 895; x_wconf 86' lang='lat' dir='ltr'><strong>pars</strong></span> <span class='ocrx_word' id='word_1_123' title='bbox 499 850 753 895; x_wconf 82' lang='lat' dir='ltr'><strong>devorari,</strong></span> <span class='ocrx_word' id='word_1_124' title='bbox 791 862 874 894; x_wconf 89' lang='lat' dir='ltr'><strong>pars</strong></span> <span class='ocrx_word' id='word_1_125' title='bbox 902 850 1106 885; x_wconf 87' lang='lat' dir='ltr'><strong>destitui</strong></span> <span class='ocrx_word' id='word_1_126' title='bbox 1130 853 1240 892; x_wconf 79' lang='lat' dir='ltr'><strong>solet.</strong></span> <span class='ocrx_word' id='word_1_127' title='bbox 1274 851 1455 897; x_wconf 83' lang='lat' dir='ltr'><strong>plerisque</strong></span> <span class='ocrx_word' id='word_1_128' title='bbox 1478 857 1658 887; x_wconf 84' lang='lat' dir='ltr'><strong>extremas</strong></span> 
     </span>
     <span class='ocr_line' id='line_1_14' title="bbox 158 897 1656 946; baseline -0.001 -12"><span class='ocrx_word' id='word_1_129' title='bbox 158 900 315 945; x_wconf 84' lang='lat' dir='ltr'><strong>syllabas</strong></span> <span class='ocrx_word' id='word_1_130' title='bbox 345 909 419 932; x_wconf 91' lang='lat' dir='ltr'><strong>non</strong></span> <span class='ocrx_word' id='word_1_131' title='bbox 445 897 732 942; x_wconf 79' lang='lat' dir='ltr'><strong>perferentibus.</strong></span> <span class='ocrx_word' id='word_1_132' title='bbox 765 898 849 930; x_wconf 90' lang='lat' dir='ltr'><strong>dum</strong></span> <span class='ocrx_word' id='word_1_133' title='bbox 875 897 1035 941; x_wconf 80' lang='lat' dir='ltr'><strong>priorum</strong></span> <span class='ocrx_word' id='word_1_134' title='bbox 1063 907 1155 932; x_wconf 90' lang='lat' dir='ltr'><strong>sono</strong></span> <span class='ocrx_word' id='word_1_135' title='bbox 1179 897 1366 946; x_wconf 84' lang='lat' dir='ltr'><strong>indulgent</strong></span> <span class='ocrx_word' id='word_1_136' title='bbox 1398 902 1454 942; x_wconf 87' lang='grc'><strong>11,</strong></span> <span class='ocrx_word' id='word_1_137' title='bbox 1477 901 1512 942; x_wconf 81' lang='lat'><strong>3,</strong></span> <span class='ocrx_word' id='word_1_138' title='bbox 1538 900 1583 933; x_wconf 84' lang='lat'><strong>33</strong></span> <span class='ocrx_word' id='word_1_139' title='bbox 1609 899 1656 933; x_wconf 82' lang='lat' dir='ltr'><strong>N.</strong></span> 
     </span>
     <span class='ocr_line' id='line_1_15' title="bbox 159 942 1660 990; baseline -0.001 -11"><span class='ocrx_word' id='word_1_140' title='bbox 159 945 326 980; x_wconf 85' lang='lat' dir='ltr'><strong>destituta</strong></span> <span class='ocrx_word' id='word_1_141' title='bbox 354 956 440 978; x_wconf 86' lang='lat' dir='ltr'><strong>cura</strong></span> <span class='ocrx_word' id='word_1_142' title='bbox 463 955 604 978; x_wconf 88' lang='lat' dir='ltr'><strong>morum</strong></span> <span class='ocrx_word' id='word_1_143' title='bbox 632 943 690 978; x_wconf 91' lang='lat' dir='ltr'><strong>Pr.</strong></span> <span class='ocrx_word' id='word_1_144' title='bbox 719 942 751 977; x_wconf 86' lang='grc'><strong>4.</strong></span> <span class='ocrx_word' id='word_1_145' title='bbox 781 956 814 977; x_wconf 85' lang='grc' dir='ltr'><strong>υ.</strong></span> <span class='ocrx_word' id='word_1_146' title='bbox 839 943 1083 987; x_wconf 87' lang='lat' dir='ltr'><strong>Relinquo.</strong></span> <span class='ocrx_word' id='word_1_147' title='bbox 1159 943 1204 988; x_wconf 74' lang='grc' dir='ltr'><strong>β)</strong></span> <span class='ocrx_word' id='word_1_148' title='bbox 1242 945 1314 990; x_wconf 76' lang='lat' dir='ltr'><strong>adj.</strong></span> <span class='ocrx_word' id='word_1_149' title='bbox 1338 947 1476 980; x_wconf 53' lang='lat' dir='ltr'><strong>Ablata</strong></span> <span class='ocrx_word' id='word_1_150' title='bbox 1509 943 1660 978; x_wconf 85' lang='lat' dir='ltr'><strong>destitu-</strong></span> 
     </span>
     <span class='ocr_line' id='line_1_16' title="bbox 160 989 1668 1037; baseline -0.002 -10"><span class='ocrx_word' id='word_1_151' title='bbox 160 999 217 1028; x_wconf 86' lang='lat' dir='ltr'><strong>tus</strong></span> <span class='ocrx_word' id='word_1_152' title='bbox 241 991 476 1037; x_wconf 81' lang='lat' dir='ltr'><strong>propinquis,</strong></span> <span class='ocrx_word' id='word_1_153' title='bbox 515 989 658 1032; x_wconf 87' lang='lat' dir='ltr'><strong>amicis,</strong></span> <span class='ocrx_word' id='word_1_154' title='bbox 690 989 880 1024; x_wconf 87' lang='lat' dir='ltr'><strong>clientibus</strong></span> <span class='ocrx_word' id='word_1_155' title='bbox 904 990 945 1033; x_wconf 90' lang='lat'>5,</span> <span class='ocrx_word' id='word_1_156' title='bbox 975 992 1031 1033; x_wconf 88' lang='grc'><strong>10,</strong></span> <span class='ocrx_word' id='word_1_157' title='bbox 1054 990 1113 1026; x_wconf 92' lang='grc'><strong>26.</strong></span> <span class='ocrx_word' id='word_1_158' title='bbox 1149 990 1383 1025; x_wconf 84' lang='lat' dir='ltr'><strong>continuandi</strong></span> <span class='ocrx_word' id='word_1_159' title='bbox 1404 991 1519 1026; x_wconf 81' lang='lat' dir='ltr'><strong>verba</strong></span> <span class='ocrx_word' id='word_1_160' title='bbox 1541 990 1668 1033; x_wconf 36' lang='lat' dir='ltr'><strong>facul--</strong></span> 
     </span>
     <span class='ocr_line' id='line_1_17' title="bbox 159 1035 1659 1082; baseline -0.001 -9"><span class='ocrx_word' id='word_1_161' title='bbox 159 1045 232 1074; x_wconf 83' lang='lat' dir='ltr'><strong>tate</strong></span> <span class='ocrx_word' id='word_1_162' title='bbox 258 1038 402 1072; x_wconf 85' lang='lat' dir='ltr'><strong>destitui</strong></span> <span class='ocrx_word' id='word_1_163' title='bbox 435 1036 481 1080; x_wconf 90' lang='grc'><strong>4,</strong></span> <span class='ocrx_word' id='word_1_164' title='bbox 512 1039 552 1079; x_wconf 93' lang='grc'><strong>1,</strong></span> <span class='ocrx_word' id='word_1_165' title='bbox 578 1037 620 1071; x_wconf 88' lang='grc'><strong>61</strong></span> <span class='ocrx_word' id='word_1_166' title='bbox 641 1039 685 1070; x_wconf 89' lang='grc' dir='ltr'><strong>Ζ.</strong></span> <span class='ocrx_word' id='word_1_167' title='bbox 727 1035 914 1070; x_wconf 85' lang='lat' dir='ltr'><strong>destitutus</strong></span> <span class='ocrx_word' id='word_1_168' title='bbox 938 1035 1088 1071; x_wconf 87' lang='lat' dir='ltr'><strong>scientia</strong></span> <span class='ocrx_word' id='word_1_169' title='bbox 1111 1036 1198 1081; x_wconf 87' lang='lat' dir='ltr'><strong>juris</strong></span> <span class='ocrx_word' id='word_1_170' title='bbox 1233 1040 1300 1081; x_wconf 89' lang='grc'><strong>12,</strong></span> <span class='ocrx_word' id='word_1_171' title='bbox 1324 1039 1369 1082; x_wconf 85' lang='grc'><strong>3,</strong></span> <span class='ocrx_word' id='word_1_172' title='bbox 1399 1039 1455 1072; x_wconf 88' lang='grc'><strong>10.</strong></span> <span class='ocrx_word' id='word_1_173' title='bbox 1493 1035 1541 1079; x_wconf 65' lang='lat' dir='ltr'><strong>qs.</strong></span> <span class='ocrx_word' id='word_1_174' title='bbox 1563 1035 1601 1080; x_wconf 85' lang='lat'><strong>4,</strong></span> <span class='ocrx_word' id='word_1_175' title='bbox 1622 1039 1659 1080; x_wconf 83' lang='lat'><strong>2,</strong></span> 
     </span>
     <span class='ocr_line' id='line_1_18' title="bbox 161 1081 1661 1129; baseline -0.001 -10"><span class='ocrx_word' id='word_1_176' title='bbox 161 1088 228 1129; x_wconf 84' lang='grc'><strong>56;</strong></span> <span class='ocrx_word' id='word_1_177' title='bbox 259 1095 377 1129; x_wconf 88' lang='lat' dir='ltr'><strong>neque</strong></span> <span class='ocrx_word' id='word_1_178' title='bbox 402 1082 546 1117; x_wconf 86' lang='lat' dir='ltr'><strong>destitui</strong></span> <span class='ocrx_word' id='word_1_179' title='bbox 569 1082 789 1126; x_wconf 84' lang='lat' dir='ltr'><strong>temporibus</strong></span> <span class='ocrx_word' id='word_1_180' title='bbox 817 1083 946 1117; x_wconf 83' lang='lat' dir='ltr'><strong>volunt</strong></span> <span class='ocrx_word' id='word_1_181' title='bbox 969 1093 1088 1117; x_wconf 88' lang='lat' dir='ltr'><strong>sermo</strong></span> <span class='ocrx_word' id='word_1_182' title='bbox 1115 1088 1186 1128; x_wconf 87' lang='lat' dir='ltr'><strong>atq.</strong></span> <span class='ocrx_word' id='word_1_183' title='bbox 1212 1083 1363 1128; x_wconf 88' lang='lat' dir='ltr'><strong>epistola</strong></span> <span class='ocrx_word' id='word_1_184' title='bbox 1385 1084 1422 1127; x_wconf 88' lang='grc'><strong>9,</strong></span> <span class='ocrx_word' id='word_1_185' title='bbox 1444 1081 1482 1127; x_wconf 95' lang='grc'><strong>4,</strong></span> <span class='ocrx_word' id='word_1_186' title='bbox 1501 1085 1561 1128; x_wconf 82' lang='grc'><strong>20.</strong></span> <span class='ocrx_word' id='word_1_187' title='bbox 1588 1083 1661 1126; x_wconf 77' lang='grc' dir='ltr'><strong>(ἰη-</strong></span> 
     </span>
     <span class='ocr_line' id='line_1_19' title="bbox 160 1128 1661 1176; baseline -0.002 -10"><span class='ocrx_word' id='word_1_188' title='bbox 160 1130 295 1174; x_wconf 77' lang='lat' dir='ltr'><strong>ventio)</strong></span> <span class='ocrx_word' id='word_1_189' title='bbox 329 1129 466 1164; x_wconf 87' lang='lat' dir='ltr'><strong>etiamsi</strong></span> <span class='ocrx_word' id='word_1_190' title='bbox 498 1129 688 1163; x_wconf 86' lang='lat' dir='ltr'><strong>lenociniis</strong></span> <span class='ocrx_word' id='word_1_191' title='bbox 722 1128 952 1162; x_wconf 83' lang='lat' dir='ltr'><strong>destituta</strong></span> <span class='ocrx_word' id='word_1_192' title='bbox 986 1129 1055 1172; x_wconf 91' lang='lat' dir='ltr'><strong>sit,</strong></span> <span class='ocrx_word' id='word_1_193' title='bbox 1086 1129 1172 1164; x_wconf 89' lang='lat' dir='ltr'><strong>satis</strong></span> <span class='ocrx_word' id='word_1_194' title='bbox 1200 1135 1322 1164; x_wconf 85' lang='lat' dir='ltr'><strong>tamen</strong></span> <span class='ocrx_word' id='word_1_195' title='bbox 1345 1135 1476 1174; x_wconf 57' lang='lat' dir='ltr'><strong>natura</strong></span> <span class='ocrx_word' id='word_1_196' title='bbox 1495 1134 1661 1176; x_wconf 66' lang='lat' dir='ltr'><strong>anaor-</strong></span> 
     </span>
     <span class='ocr_line' id='line_1_20' title="bbox 161 1174 1661 1218; baseline -0.002 -5"><span class='ocrx_word' id='word_1_197' title='bbox 161 1185 305 1213; x_wconf 88' lang='lat' dir='ltr'><strong>natur</strong></span> <span class='ocrx_word' id='word_1_198' title='bbox 333 1179 396 1218; x_wconf 83' lang='lat'><strong>12,</strong></span> <span class='ocrx_word' id='word_1_199' title='bbox 422 1179 465 1218; x_wconf 93' lang='lat'><strong>1,</strong></span> <span class='ocrx_word' id='word_1_200' title='bbox 494 1177 550 1209; x_wconf 85' lang='lat'><strong>30.</strong></span> <span class='ocrx_word' id='word_1_201' title='bbox 583 1175 646 1209; x_wconf 82' lang='lat' dir='ltr'><strong>vel</strong></span> <span class='ocrx_word' id='word_1_202' title='bbox 673 1174 891 1209; x_wconf 87' lang='lat' dir='ltr'><strong>mediocrem</strong></span> <span class='ocrx_word' id='word_1_203' title='bbox 916 1175 1141 1218; x_wconf 89' lang='lat' dir='ltr'><strong>orationem,</strong></span> <span class='ocrx_word' id='word_1_204' title='bbox 1175 1176 1547 1211; x_wconf 85' lang='lat' dir='ltr'><strong>commendatam</strong></span> <span class='ocrx_word' id='word_1_205' title='bbox 1568 1174 1661 1212; x_wconf 80' lang='lat' dir='ltr'><strong>viri-</strong></span> 
     </span>
    </p>
   </div>
   <div class='ocr_carea' id='block_1_4' title="bbox 160 1220 1721 1267">
    <p class='ocr_par' dir='ltr' id='par_1_4' title="bbox 160 1220 1721 1267">
     <span class='ocr_line' id='line_1_21' title="bbox 160 1220 1721 1267; baseline -0.001 -8"><span class='ocrx_word' id='word_1_206' title='bbox 160 1227 227 1259; x_wconf 91' lang='lat' dir='ltr'><strong>bus</strong></span> <span class='ocrx_word' id='word_1_207' title='bbox 251 1222 422 1263; x_wconf 87' lang='lat' dir='ltr'><strong>actionis,</strong></span> <span class='ocrx_word' id='word_1_208' title='bbox 446 1222 527 1266; x_wconf 90' lang='lat' dir='ltr'><strong>plus</strong></span> <span class='ocrx_word' id='word_1_209' title='bbox 550 1220 752 1255; x_wconf 86' lang='lat' dir='ltr'><strong>habituram</strong></span> <span class='ocrx_word' id='word_1_210' title='bbox 775 1231 855 1255; x_wconf 89' lang='lat' dir='ltr'><strong>esse</strong></span> <span class='ocrx_word' id='word_1_211' title='bbox 882 1220 1075 1265; x_wconf 90' lang='lat' dir='ltr'><strong>momenti,</strong></span> <span class='ocrx_word' id='word_1_212' title='bbox 1103 1233 1211 1267; x_wconf 89' lang='lat' dir='ltr'><strong>quam</strong></span> <span class='ocrx_word' id='word_1_213' title='bbox 1233 1222 1424 1267; x_wconf 87' lang='lat' dir='ltr'><strong>optimam,</strong></span> <span class='ocrx_word' id='word_1_214' title='bbox 1450 1223 1577 1257; x_wconf 87' lang='lat' dir='ltr'><strong>eadem</strong></span> <span class='ocrx_word' id='word_1_215' title='bbox 1598 1221 1662 1257; x_wconf 77' lang='lat' dir='ltr'><strong>illa</strong></span> <span class='ocrx_word' id='word_1_216' title='bbox 1718 1246 1721 1247; x_wconf 28' lang='grc' dir='ltr'><em>ν</em></span> 
     </span>
    </p>
   </div>
   <div class='ocr_carea' id='block_1_5' title="bbox 160 1267 648 1310">
    <p class='ocr_par' dir='ltr' id='par_1_5' title="bbox 160 1267 648 1310">
     <span class='ocr_line' id='line_1_22' title="bbox 160 1267 648 1310; baseline -0.012 -3"><span class='ocrx_word' id='word_1_217' title='bbox 160 1269 439 1306; x_wconf 85' lang='lat' dir='ltr'><strong>destitutam</strong></span> <span class='ocrx_word' id='word_1_218' title='bbox 471 1270 528 1310; x_wconf 89' lang='lat'><strong>11,</strong></span> <span class='ocrx_word' id='word_1_219' title='bbox 553 1269 588 1310; x_wconf 90' lang='lat'><strong>3,</strong></span> <span class='ocrx_word' id='word_1_220' title='bbox 615 1267 648 1301; x_wconf 88' lang='lat'><strong>5.</strong></span> 
     </span>
    </p>
   </div>
   <div class='ocr_carea' id='block_1_6' title="bbox 113 1312 1664 1418">
    <p class='ocr_par' dir='ltr' id='par_1_6' title="bbox 113 1312 1664 1418">
     <span class='ocr_line' id='line_1_23' title="bbox 113 1312 1664 1405; baseline 0.002 -48"><span class='ocrx_word' id='word_1_221' title='bbox 113 1312 393 1405; x_wconf 74' lang='lat' dir='ltr'><strong>DestringO.V</strong></span> <span class='ocrx_word' id='word_1_222' title='bbox 426 1335 544 1369; x_wconf 88' lang='lat' dir='ltr'><strong>neque</strong></span> <span class='ocrx_word' id='word_1_223' title='bbox 566 1325 808 1368; x_wconf 71' lang='lat' dir='ltr'><strong>praepropere</strong></span> <span class='ocrx_word' id='word_1_224' title='bbox 834 1320 1074 1370; x_wconf 81' lang='lat' dir='ltr'><strong>destringatur</strong></span> <span class='ocrx_word' id='word_1_225' title='bbox 1097 1322 1150 1369; x_wconf 83' lang='lat' dir='ltr'><strong>(a.</strong></span> <span class='ocrx_word' id='word_1_226' title='bbox 1168 1327 1192 1359; x_wconf 87' lang='lat'><strong>1.</strong></span> <span class='ocrx_word' id='word_1_227' title='bbox 1211 1323 1332 1369; x_wconf 85' lang='lat' dir='ltr'><strong>distr.)</strong></span> <span class='ocrx_word' id='word_1_228' title='bbox 1354 1323 1543 1360; x_wconf 85' lang='lat' dir='ltr'><strong>immatura</strong></span> <span class='ocrx_word' id='word_1_229' title='bbox 1560 1324 1664 1360; x_wconf 84' lang='lat' dir='ltr'><strong>frons</strong></span> 
     </span>
     <span class='ocr_line' id='line_1_24' title="bbox 161 1375 705 1418; baseline -0.011 -8"><span class='ocrx_word' id='word_1_230' title='bbox 161 1379 218 1418; x_wconf 81' lang='grc'><strong>12,</strong></span> <span class='ocrx_word' id='word_1_231' title='bbox 242 1375 278 1416; x_wconf 84' lang='grc'><strong>6,</strong></span> <span class='ocrx_word' id='word_1_232' title='bbox 307 1377 329 1406; x_wconf 84' lang='grc'><strong>2</strong></span> <span class='ocrx_word' id='word_1_233' title='bbox 353 1385 365 1406; x_wconf 62' lang='grc'><strong>1</strong></span> <span class='ocrx_word' id='word_1_234' title='bbox 391 1397 400 1404; x_wconf 97' lang='grc'><strong>.</strong></span> <span class='ocrx_word' id='word_1_235' title='bbox 428 1384 475 1404; x_wconf 85' lang='lat' dir='ltr'><strong>cr.</strong></span> <span class='ocrx_word' id='word_1_236' title='bbox 702 1388 705 1390; x_wconf 49' lang='lat'><em>⁴</em></span> 
     </span>
    </p>
   </div>
   <div class='ocr_carea' id='block_1_7' title="bbox 115 1418 1666 1901">
    <p class='ocr_par' dir='ltr' id='par_1_7' title="bbox 115 1418 1664 1522">
     <span class='ocr_line' id='line_1_25' title="bbox 115 1418 1664 1473; baseline 0.001 -11"><span class='ocrx_word' id='word_1_237' title='bbox 115 1418 382 1462; x_wconf 85' lang='lat' dir='ltr'><strong>Destructio.</strong></span> <span class='ocrx_word' id='word_1_238' title='bbox 439 1429 586 1463; x_wconf 86' lang='lat' dir='ltr'><strong>destr.</strong></span> <span class='ocrx_word' id='word_1_239' title='bbox 619 1425 672 1473; x_wconf 83' lang='lat' dir='ltr'><strong>(a.</strong></span> <span class='ocrx_word' id='word_1_240' title='bbox 701 1430 724 1462; x_wconf 83' lang='lat' dir='ltr'><strong>l.</strong></span> <span class='ocrx_word' id='word_1_241' title='bbox 756 1423 956 1470; x_wconf 80' lang='lat' dir='ltr'><strong>restrictio)</strong></span> <span class='ocrx_word' id='word_1_242' title='bbox 988 1431 1026 1461; x_wconf 90' lang='lat' dir='ltr'><strong>et</strong></span> <span class='ocrx_word' id='word_1_243' title='bbox 1064 1425 1371 1466; x_wconf 83' lang='lat' dir='ltr'><strong>confirmatio</strong></span> <span class='ocrx_word' id='word_1_244' title='bbox 1405 1426 1664 1464; x_wconf 77' lang='lat' dir='ltr'><strong>sententiarum</strong></span> 
     </span>
     <span class='ocr_line' id='line_1_26' title="bbox 162 1479 362 1522; baseline -0.015 -9"><span class='ocrx_word' id='word_1_245' title='bbox 162 1482 219 1522; x_wconf 91' lang='lat'><strong>10,</strong></span> <span class='ocrx_word' id='word_1_246' title='bbox 245 1479 279 1520; x_wconf 84' lang='lat'><strong>5,</strong></span> <span class='ocrx_word' id='word_1_247' title='bbox 305 1479 362 1510; x_wconf 82' lang='lat'><strong>12.</strong></span> 
     </span>
    </p>

    <p class='ocr_par' dir='ltr' id='par_1_8' title="bbox 116 1525 1666 1901">
     <span class='ocr_line' id='line_1_27' title="bbox 116 1525 1663 1575; baseline -0.001 -7"><span class='ocrx_word' id='word_1_248' title='bbox 116 1525 321 1568; x_wconf 86' lang='lat' dir='ltr'><strong>Destruo.</strong></span> <span class='ocrx_word' id='word_1_249' title='bbox 374 1533 510 1567; x_wconf 86' lang='lat' dir='ltr'><strong>nullam</strong></span> <span class='ocrx_word' id='word_1_250' title='bbox 538 1536 650 1566; x_wconf 85' lang='lat' dir='ltr'><strong>artem</strong></span> <span class='ocrx_word' id='word_1_251' title='bbox 679 1530 948 1573; x_wconf 85' lang='lat' dir='ltr'><strong>destruere,</strong></span> <span class='ocrx_word' id='word_1_252' title='bbox 987 1529 1085 1574; x_wconf 84' lang='lat' dir='ltr'><strong>quod</strong></span> <span class='ocrx_word' id='word_1_253' title='bbox 1109 1529 1343 1566; x_wconf 81' lang='lat' dir='ltr'><strong>effecerit</strong></span> <span class='ocrx_word' id='word_1_254' title='bbox 1365 1533 1401 1575; x_wconf 87' lang='grc'><strong>2,</strong></span> <span class='ocrx_word' id='word_1_255' title='bbox 1430 1531 1571 1575; x_wconf 82' lang='grc'><strong>17,’30.</strong></span> <span class='ocrx_word' id='word_1_256' title='bbox 1596 1543 1663 1567; x_wconf 72' lang='lat' dir='ltr'><strong>2re-</strong></span> 
     </span>
     <span class='ocr_line' id='line_1_28' title="bbox 162 1575 1664 1623; baseline -0.003 -7"><span class='ocrx_word' id='word_1_257' title='bbox 162 1581 291 1618; x_wconf 75' lang='lat' dir='ltr'><strong>futatio</strong></span> <span class='ocrx_word' id='word_1_258' title='bbox 319 1585 392 1622; x_wconf 88' lang='lat' dir='ltr'><strong>est,</strong></span> <span class='ocrx_word' id='word_1_259' title='bbox 430 1590 521 1623; x_wconf 85' lang='lat' dir='ltr'><strong>quae</strong></span> <span class='ocrx_word' id='word_1_260' title='bbox 548 1579 707 1613; x_wconf 80' lang='lat' dir='ltr'><strong>destruat</strong></span> <span class='ocrx_word' id='word_1_261' title='bbox 732 1579 779 1620; x_wconf 86' lang='lat'><strong>3,</strong></span> <span class='ocrx_word' id='word_1_262' title='bbox 802 1577 845 1620; x_wconf 89' lang='grc'><strong>9,</strong></span> <span class='ocrx_word' id='word_1_263' title='bbox 869 1578 911 1618; x_wconf 89' lang='grc'><strong>5;</strong></span> <span class='ocrx_word' id='word_1_264' title='bbox 948 1575 980 1610; x_wconf 88' lang='lat' dir='ltr'><strong>si</strong></span> <span class='ocrx_word' id='word_1_265' title='bbox 1005 1576 1090 1621; x_wconf 90' lang='lat' dir='ltr'><strong>quid</strong></span> <span class='ocrx_word' id='word_1_266' title='bbox 1117 1576 1157 1611; x_wconf 93' lang='lat' dir='ltr'><strong>in</strong></span> <span class='ocrx_word' id='word_1_267' title='bbox 1180 1578 1257 1623; x_wconf 86' lang='lat' dir='ltr'><strong>ejus</strong></span> <span class='ocrx_word' id='word_1_268' title='bbox 1282 1575 1429 1622; x_wconf 71' lang='lat' dir='ltr'><strong>(testis)</strong></span> <span class='ocrx_word' id='word_1_269' title='bbox 1451 1578 1565 1614; x_wconf 82' lang='lat' dir='ltr'><strong>vitam</strong></span> <span class='ocrx_word' id='word_1_270' title='bbox 1590 1577 1664 1613; x_wconf 86' lang='lat' dir='ltr'><strong>dici</strong></span> 
     </span>
     <span class='ocr_line' id='line_1_29' title="bbox 162 1623 1664 1675; baseline -0.003 -12"><span class='ocrx_word' id='word_1_271' title='bbox 162 1633 301 1675; x_wconf 88' lang='lat' dir='ltr'><strong>potest,</strong></span> <span class='ocrx_word' id='word_1_272' title='bbox 336 1626 484 1660; x_wconf 87' lang='lat' dir='ltr'><strong>infamia</strong></span> <span class='ocrx_word' id='word_1_273' title='bbox 510 1625 700 1659; x_wconf 86' lang='lat' dir='ltr'><strong>criminum</strong></span> <span class='ocrx_word' id='word_1_274' title='bbox 726 1624 962 1658; x_wconf 90' lang='lat' dir='ltr'><strong>destruendus</strong></span> <span class='ocrx_word' id='word_1_275' title='bbox 994 1623 1037 1666; x_wconf 89' lang='grc'><strong>5,</strong></span> <span class='ocrx_word' id='word_1_276' title='bbox 1061 1626 1106 1666; x_wconf 92' lang='grc'><strong>7,</strong></span> <span class='ocrx_word' id='word_1_277' title='bbox 1129 1624 1187 1658; x_wconf 88' lang='grc'><strong>26.</strong></span> <span class='ocrx_word' id='word_1_278' title='bbox 1227 1625 1477 1659; x_wconf 86' lang='lat' dir='ltr'><strong>destruere</strong></span> <span class='ocrx_word' id='word_1_279' title='bbox 1501 1623 1664 1672; x_wconf 84' lang='lat' dir='ltr'><strong>singulos</strong></span> 
     </span>
     <span class='ocr_line' id='line_1_30' title="bbox 163 1669 1662 1718; baseline -0.005 -7"><span class='ocrx_word' id='word_1_280' title='bbox 163 1682 274 1711; x_wconf 82' lang='lat' dir='ltr'><strong>testes</strong></span> <span class='ocrx_word' id='word_1_281' title='bbox 303 1686 380 1718; x_wconf 85' lang='lat' dir='ltr'><strong>opp.</strong></span> <span class='ocrx_word' id='word_1_282' title='bbox 406 1682 646 1706; x_wconf 83' lang='lat' dir='ltr'><strong>exornare</strong></span> <span class='ocrx_word' id='word_1_283' title='bbox 684 1672 728 1705; x_wconf 77' lang='lat' dir='ltr'><strong>ib.</strong></span> <span class='ocrx_word' id='word_1_284' title='bbox 755 1672 813 1704; x_wconf 88' lang='lat'><strong>25.</strong></span> <span class='ocrx_word' id='word_1_285' title='bbox 849 1675 1069 1704; x_wconf 85' lang='lat' dir='ltr'><strong>contemtum</strong></span> <span class='ocrx_word' id='word_1_286' title='bbox 1091 1669 1269 1713; x_wconf 89' lang='lat' dir='ltr'><strong>hominis,</strong></span> <span class='ocrx_word' id='word_1_287' title='bbox 1301 1681 1409 1715; x_wconf 88' lang='lat' dir='ltr'><strong>quem</strong></span> <span class='ocrx_word' id='word_1_288' title='bbox 1443 1671 1662 1704; x_wconf 74' lang='lat' dir='ltr'><strong>destructum</strong></span> 
     </span>
     <span class='ocr_line' id='line_1_31' title="bbox 164 1716 1664 1762; baseline -0.005 -4"><span class='ocrx_word' id='word_1_289' title='bbox 164 1722 331 1762; x_wconf 80' lang='lat' dir='ltr'><strong>volebat,</strong></span> <span class='ocrx_word' id='word_1_290' title='bbox 357 1718 502 1753; x_wconf 81' lang='lat' dir='ltr'><strong>auxisse</strong></span> <span class='ocrx_word' id='word_1_291' title='bbox 529 1720 564 1761; x_wconf 90' lang='grc'><strong>8,</strong></span> <span class='ocrx_word' id='word_1_292' title='bbox 590 1720 625 1761; x_wconf 87' lang='grc'><strong>3,</strong></span> <span class='ocrx_word' id='word_1_293' title='bbox 651 1719 722 1760; x_wconf 86' lang='grc'><strong>21;</strong></span> <span class='ocrx_word' id='word_1_294' title='bbox 758 1717 866 1751; x_wconf 87' lang='lat' dir='ltr'><strong>destr.</strong></span> <span class='ocrx_word' id='word_1_295' title='bbox 889 1716 1123 1750; x_wconf 83' lang='lat' dir='ltr'><strong>instrumenta</strong></span> <span class='ocrx_word' id='word_1_296' title='bbox 1146 1718 1180 1759; x_wconf 87' lang='lat'><strong>5,</strong></span> <span class='ocrx_word' id='word_1_297' title='bbox 1206 1720 1241 1759; x_wconf 93' lang='lat'><strong>7,</strong></span> <span class='ocrx_word' id='word_1_298' title='bbox 1266 1717 1323 1750; x_wconf 87' lang='lat'><strong>36.</strong></span> <span class='ocrx_word' id='word_1_299' title='bbox 1355 1721 1393 1750; x_wconf 87' lang='lat' dir='ltr'><strong>et</strong></span> <span class='ocrx_word' id='word_1_300' title='bbox 1415 1721 1536 1750; x_wconf 82' lang='lat' dir='ltr'><strong>nostra</strong></span> <span class='ocrx_word' id='word_1_301' title='bbox 1559 1725 1664 1751; x_wconf 85' lang='lat' dir='ltr'><strong>oon-</strong></span> 
     </span>
     <span class='ocr_line' id='line_1_32' title="bbox 163 1761 1664 1806; baseline -0.004 -4"><span class='ocrx_word' id='word_1_302' title='bbox 163 1767 390 1803; x_wconf 80' lang='lat' dir='ltr'><strong>firmanda</strong></span> <span class='ocrx_word' id='word_1_303' title='bbox 425 1771 499 1806; x_wconf 90' lang='lat' dir='ltr'><strong>est,</strong></span> <span class='ocrx_word' id='word_1_304' title='bbox 534 1770 571 1799; x_wconf 90' lang='lat' dir='ltr'><strong>et</strong></span> <span class='ocrx_word' id='word_1_305' title='bbox 600 1765 775 1798; x_wconf 85' lang='lat' dir='ltr'><strong>adversae</strong></span> <span class='ocrx_word' id='word_1_306' title='bbox 805 1762 915 1806; x_wconf 82' lang='lat' dir='ltr'><strong>partis</strong></span> <span class='ocrx_word' id='word_1_307' title='bbox 952 1763 1242 1796; x_wconf 88' lang='lat' dir='ltr'><strong>destruenda</strong></span> <span class='ocrx_word' id='word_1_308' title='bbox 1264 1761 1380 1796; x_wconf 87' lang='lat' dir='ltr'><strong>finitio</strong></span> <span class='ocrx_word' id='word_1_309' title='bbox 1398 1764 1451 1804; x_wconf 75' lang='grc'><strong>,7,</strong></span> <span class='ocrx_word' id='word_1_310' title='bbox 1474 1764 1516 1805; x_wconf 85' lang='grc'><strong>3,</strong></span> <span class='ocrx_word' id='word_1_311' title='bbox 1541 1763 1598 1798; x_wconf 89' lang='grc'><strong>19.</strong></span> <span class='ocrx_word' id='word_1_312' title='bbox 1628 1774 1664 1798; x_wconf 81' lang='lat' dir='ltr'><strong>v.</strong></span> 
     </span>
     <span class='ocr_line' id='line_1_33' title="bbox 166 1806 1666 1852; baseline -0.004 -3"><span class='ocrx_word' id='word_1_313' title='bbox 166 1813 423 1850; x_wconf 85' lang='lat' dir='ltr'><strong>Confirmo.</strong></span> <span class='ocrx_word' id='word_1_314' title='bbox 465 1822 539 1845; x_wconf 92' lang='lat' dir='ltr'><strong>non</strong></span> <span class='ocrx_word' id='word_1_315' title='bbox 558 1812 669 1844; x_wconf 90' lang='lat' dir='ltr'><strong>modo</strong></span> <span class='ocrx_word' id='word_1_316' title='bbox 689 1821 763 1844; x_wconf 92' lang='lat' dir='ltr'><strong>non</strong></span> <span class='ocrx_word' id='word_1_317' title='bbox 786 1807 1061 1842; x_wconf 83' lang='lat' dir='ltr'><strong>illustrabit</strong></span> <span class='ocrx_word' id='word_1_318' title='bbox 1083 1819 1163 1842; x_wconf 89' lang='lat' dir='ltr'><strong>eam</strong></span> <span class='ocrx_word' id='word_1_319' title='bbox 1187 1806 1415 1852; x_wconf 76' lang='lat' dir='ltr'><strong>(orationem),</strong></span> <span class='ocrx_word' id='word_1_320' title='bbox 1438 1808 1502 1843; x_wconf 78' lang='lat' dir='ltr'><strong>sed</strong></span> <span class='ocrx_word' id='word_1_321' title='bbox 1531 1813 1567 1843; x_wconf 86' lang='lat' dir='ltr'><strong>et</strong></span> <span class='ocrx_word' id='word_1_322' title='bbox 1591 1809 1666 1844; x_wconf 85' lang='lat' dir='ltr'><strong>de-</strong></span> 
     </span>
     <span class='ocr_line' id='line_1_34' title="bbox 165 1851 1359 1901; baseline -0.006 -5"><span class='ocrx_word' id='word_1_323' title='bbox 165 1865 317 1896; x_wconf 86' lang='lat' dir='ltr'><strong>struet</strong></span> <span class='ocrx_word' id='word_1_324' title='bbox 354 1861 410 1901; x_wconf 86' lang='lat'><strong>11,</strong></span> <span class='ocrx_word' id='word_1_325' title='bbox 437 1860 470 1901; x_wconf 92' lang='lat'><strong>1,</strong></span> <span class='ocrx_word' id='word_1_326' title='bbox 494 1861 529 1891; x_wconf 88' lang='grc'><strong>2.</strong></span> <span class='ocrx_word' id='word_1_327' title='bbox 563 1858 609 1890; x_wconf 87' lang='lat' dir='ltr'><strong>ad</strong></span> <span class='ocrx_word' id='word_1_328' title='bbox 634 1856 886 1891; x_wconf 82' lang='lat' dir='ltr'><strong>destruendam</strong></span> <span class='ocrx_word' id='word_1_329' title='bbox 908 1853 1136 1899; x_wconf 86' lang='lat' dir='ltr'><strong>tyrannidem</strong></span> <span class='ocrx_word' id='word_1_330' title='bbox 1165 1856 1196 1893; x_wconf 86' lang='lat'><strong>1,</strong></span> <span class='ocrx_word' id='word_1_331' title='bbox 1221 1856 1277 1897; x_wconf 90' lang='lat'><strong>10,</strong></span> <span class='ocrx_word' id='word_1_332' title='bbox 1301 1851 1359 1889; x_wconf 87' lang='grc'><strong>48.</strong></span> 
     </span>
    </p>
   </div>
   <div class='ocr_carea' id='block_1_8' title="bbox 115 1918 1669 2014">
    <p class='ocr_par' dir='ltr' id='par_1_9' title="bbox 115 1918 1669 2014">
     <span class='ocr_line' id='line_1_35' title="bbox 115 1918 1669 1968; baseline -0.001 -8"><span class='ocrx_word' id='word_1_333' title='bbox 115 1918 352 1960; x_wconf 84' lang='lat' dir='ltr'><strong>Desuesco.</strong></span> <span class='ocrx_word' id='word_1_334' title='bbox 414 1937 461 1959; x_wconf 85' lang='lat' dir='ltr'><strong>ne</strong></span> <span class='ocrx_word' id='word_1_335' title='bbox 491 1924 614 1967; x_wconf 78' lang='lat' dir='ltr'><strong>aliter,</strong></span> <span class='ocrx_word' id='word_1_336' title='bbox 643 1935 749 1968; x_wconf 85' lang='lat' dir='ltr'><strong>quam</strong></span> <span class='ocrx_word' id='word_1_337' title='bbox 774 1921 904 1957; x_wconf 88' lang='lat' dir='ltr'><strong>dicturi</strong></span> <span class='ocrx_word' id='word_1_338' title='bbox 930 1927 1034 1966; x_wconf 87' lang='lat' dir='ltr'><strong>sunt,</strong></span> <span class='ocrx_word' id='word_1_339' title='bbox 1058 1921 1224 1959; x_wconf 80' lang='lat' dir='ltr'><strong>exerceri</strong></span> <span class='ocrx_word' id='word_1_340' title='bbox 1248 1920 1383 1966; x_wconf 89' lang='lat' dir='ltr'><strong>velint,</strong></span> <span class='ocrx_word' id='word_1_341' title='bbox 1411 1926 1448 1957; x_wconf 84' lang='lat' dir='ltr'><strong>et</strong></span> <span class='ocrx_word' id='word_1_342' title='bbox 1470 1921 1511 1957; x_wconf 90' lang='lat' dir='ltr'><strong>in</strong></span> <span class='ocrx_word' id='word_1_343' title='bbox 1534 1921 1669 1959; x_wconf 77' lang='lat' dir='ltr'><strong>desue-</strong></span> 
     </span>
     <span class='ocr_line' id='line_1_36' title="bbox 162 1971 719 2014; baseline -0.011 -5"><span class='ocrx_word' id='word_1_344' title='bbox 162 1974 304 2011; x_wconf 84' lang='lat' dir='ltr'><strong>scendis</strong></span> <span class='ocrx_word' id='word_1_345' title='bbox 332 1978 519 2007; x_wconf 86' lang='lat' dir='ltr'><strong>morentur</strong></span> <span class='ocrx_word' id='word_1_346' title='bbox 541 1973 575 2014; x_wconf 88' lang='grc'><strong>3,</strong></span> <span class='ocrx_word' id='word_1_347' title='bbox 601 1971 636 2013; x_wconf 89' lang='grc'><strong>8,</strong></span> <span class='ocrx_word' id='word_1_348' title='bbox 661 1972 719 2006; x_wconf 86' lang='grc'><strong>70.</strong></span> 
     </span>
    </p>
   </div>
   <div class='ocr_carea' id='block_1_9' title="bbox 116 2033 1715 2863">
    <p class='ocr_par' dir='ltr' id='par_1_10' title="bbox 116 2033 1707 2318">
     <span class='ocr_line' id='line_1_37' title="bbox 116 2033 1707 2084; baseline -0.003 -9"><span class='ocrx_word' id='word_1_349' title='bbox 116 2033 297 2075; x_wconf 63' lang='lat' dir='ltr'><strong>Desunt.</strong></span> <span class='ocrx_word' id='word_1_350' title='bbox 358 2040 395 2084; x_wconf 76' lang='grc' dir='ltr'><strong>α)</strong></span> <span class='ocrx_word' id='word_1_351' title='bbox 426 2044 547 2084; x_wconf 86' lang='lat' dir='ltr'><strong>potest</strong></span> <span class='ocrx_word' id='word_1_352' title='bbox 574 2040 699 2072; x_wconf 84' lang='lat' dir='ltr'><strong>deesse</strong></span> <span class='ocrx_word' id='word_1_353' title='bbox 724 2038 875 2072; x_wconf 86' lang='lat' dir='ltr'><strong>alterum</strong></span> <span class='ocrx_word' id='word_1_354' title='bbox 904 2047 1004 2071; x_wconf 91' lang='lat' dir='ltr'><strong>nam</strong></span> <span class='ocrx_word' id='word_1_355' title='bbox 1035 2036 1080 2080; x_wconf 91' lang='lat'><strong>9,</strong></span> <span class='ocrx_word' id='word_1_356' title='bbox 1103 2037 1147 2080; x_wconf 88' lang='grc'><strong>3,</strong></span> <span class='ocrx_word' id='word_1_357' title='bbox 1173 2037 1229 2072; x_wconf 85' lang='grc'><strong>18.</strong></span> <span class='ocrx_word' id='word_1_358' title='bbox 1264 2035 1338 2082; x_wconf 87' lang='lat' dir='ltr'><strong>[si,</strong></span> <span class='ocrx_word' id='word_1_359' title='bbox 1371 2037 1468 2082; x_wconf 86' lang='lat' dir='ltr'><strong>quod</strong></span> <span class='ocrx_word' id='word_1_360' title='bbox 1491 2035 1665 2081; x_wconf 81' lang='lat' dir='ltr'><strong>optimum</strong></span> <span class='ocrx_word' id='word_1_361' title='bbox 1704 2037 1707 2038; x_wconf 48' lang='lat'><em>⁷</em></span> 
     </span>
     <span class='ocr_line' id='line_1_38' title="bbox 164 2083 1664 2130; baseline -0.005 -7"><span class='ocrx_word' id='word_1_362' title='bbox 164 2089 368 2130; x_wconf 80' lang='lat' dir='ltr'><strong>fuisset,</strong></span> <span class='ocrx_word' id='word_1_363' title='bbox 401 2085 641 2121; x_wconf 82' lang='lat' dir='ltr'><strong>defuisset</strong></span> <span class='ocrx_word' id='word_1_364' title='bbox 677 2083 809 2128; x_wconf 79' lang='lat' dir='ltr'><strong>(Codd.</strong></span> <span class='ocrx_word' id='word_1_365' title='bbox 846 2097 909 2117; x_wconf 89' lang='lat' dir='ltr'><strong>om.</strong></span> <span class='ocrx_word' id='word_1_366' title='bbox 943 2084 1041 2125; x_wconf 68' lang='lat' dir='ltr'><strong>defi,</strong></span> <span class='ocrx_word' id='word_1_367' title='bbox 1077 2096 1119 2116; x_wconf 84' lang='lat' dir='ltr'><strong>ac</strong></span> <span class='ocrx_word' id='word_1_368' title='bbox 1145 2090 1236 2117; x_wconf 74' lang='lat' dir='ltr'><strong>recte</strong></span> <span class='ocrx_word' id='word_1_369' title='bbox 1260 2091 1349 2117; x_wconf 72' lang='lat' dir='ltr'><strong>totus</strong></span> <span class='ocrx_word' id='word_1_370' title='bbox 1375 2085 1430 2116; x_wconf 74' lang='lat' dir='ltr'><strong>hio</strong></span> <span class='ocrx_word' id='word_1_371' title='bbox 1459 2087 1551 2117; x_wconf 80' lang='lat' dir='ltr'><strong>locus</strong></span> <span class='ocrx_word' id='word_1_372' title='bbox 1573 2087 1664 2126; x_wconf 82' lang='lat' dir='ltr'><strong>glos-</strong></span> 
     </span>
     <span class='ocr_line' id='line_1_39' title="bbox 164 2127 1666 2174; baseline -0.005 -5"><span class='ocrx_word' id='word_1_373' title='bbox 164 2149 256 2170; x_wconf 81' lang='lat' dir='ltr'><strong>sema</strong></span> <span class='ocrx_word' id='word_1_374' title='bbox 281 2137 431 2168; x_wconf 80' lang='lat' dir='ltr'><strong>habetur.</strong></span> <span class='ocrx_word' id='word_1_375' title='bbox 463 2145 497 2165; x_wconf 85' lang='lat' dir='ltr'><strong>v.</strong></span> <span class='ocrx_word' id='word_1_376' title='bbox 524 2132 707 2171; x_wconf 80' lang='lat' dir='ltr'><strong>Ger-nh.)</strong></span> <span class='ocrx_word' id='word_1_377' title='bbox 735 2133 791 2173; x_wconf 83' lang='grc'><strong>12,</strong></span> <span class='ocrx_word' id='word_1_378' title='bbox 823 2133 878 2171; x_wconf 86' lang='grc'><strong>11,</strong></span> <span class='ocrx_word' id='word_1_379' title='bbox 904 2131 951 2165; x_wconf 85' lang='grc'><strong>28</strong></span> <span class='ocrx_word' id='word_1_380' title='bbox 970 2127 1041 2173; x_wconf 87' lang='grc' dir='ltr'><strong>Ν.]</strong></span> <span class='ocrx_word' id='word_1_381' title='bbox 1071 2140 1163 2174; x_wconf 87' lang='lat' dir='ltr'><strong>quae</strong></span> <span class='ocrx_word' id='word_1_382' title='bbox 1185 2129 1216 2162; x_wconf 87' lang='lat' dir='ltr'><strong>si</strong></span> <span class='ocrx_word' id='word_1_383' title='bbox 1240 2128 1460 2174; x_wconf 82' lang='lat' dir='ltr'><strong>aposiopesis</strong></span> <span class='ocrx_word' id='word_1_384' title='bbox 1484 2134 1552 2173; x_wconf 84' lang='lat' dir='ltr'><strong>est,</strong></span> <span class='ocrx_word' id='word_1_385' title='bbox 1575 2129 1666 2163; x_wconf 83' lang='lat' dir='ltr'><strong>nihil</strong></span> 
     </span>
     <span class='ocr_line' id='line_1_40' title="bbox 166 2174 1665 2224; baseline -0.005 -9"><span class='ocrx_word' id='word_1_386' title='bbox 166 2193 264 2224; x_wconf 88' lang='lat' dir='ltr'><strong>non,</strong></span> <span class='ocrx_word' id='word_1_387' title='bbox 291 2181 336 2214; x_wconf 92' lang='lat' dir='ltr'><strong>in</strong></span> <span class='ocrx_word' id='word_1_388' title='bbox 361 2189 434 2223; x_wconf 87' lang='lat' dir='ltr'><strong>quo</strong></span> <span class='ocrx_word' id='word_1_389' title='bbox 465 2179 566 2212; x_wconf 86' lang='lat' dir='ltr'><strong>deest</strong></span> <span class='ocrx_word' id='word_1_390' title='bbox 588 2176 741 2221; x_wconf 85' lang='lat' dir='ltr'><strong>aliquid,</strong></span> <span class='ocrx_word' id='word_1_391' title='bbox 768 2177 864 2210; x_wconf 89' lang='lat' dir='ltr'><strong>idem</strong></span> <span class='ocrx_word' id='word_1_392' title='bbox 887 2175 1122 2220; x_wconf 84' lang='lat' dir='ltr'><strong>appellabitur</strong></span> <span class='ocrx_word' id='word_1_393' title='bbox 1143 2176 1178 2218; x_wconf 85' lang='lat'><strong>9,</strong></span> <span class='ocrx_word' id='word_1_394' title='bbox 1203 2177 1247 2218; x_wconf 88' lang='lat'><strong>3,</strong></span> <span class='ocrx_word' id='word_1_395' title='bbox 1272 2177 1329 2210; x_wconf 89' lang='grc'><strong>60.</strong></span> <span class='ocrx_word' id='word_1_396' title='bbox 1365 2174 1396 2209; x_wconf 88' lang='lat' dir='ltr'><strong>si</strong></span> <span class='ocrx_word' id='word_1_397' title='bbox 1415 2174 1500 2220; x_wconf 81' lang='lat' dir='ltr'><strong>quid</strong></span> <span class='ocrx_word' id='word_1_398' title='bbox 1524 2186 1579 2210; x_wconf 79' lang='lat' dir='ltr'><strong>ex</strong></span> <span class='ocrx_word' id='word_1_399' title='bbox 1606 2175 1665 2209; x_wconf 85' lang='lat' dir='ltr'><strong>his</strong></span> 
     </span>
     <span class='ocr_line' id='line_1_41' title="bbox 166 2222 1664 2267; baseline -0.004 -6"><span class='ocrx_word' id='word_1_400' title='bbox 166 2227 321 2261; x_wconf 77' lang='lat' dir='ltr'><strong>defuerit</strong></span> <span class='ocrx_word' id='word_1_401' title='bbox 345 2229 408 2267; x_wconf 92' lang='lat'><strong>10,</strong></span> <span class='ocrx_word' id='word_1_402' title='bbox 439 2228 478 2264; x_wconf 85' lang='lat'><strong>1,</strong></span> <span class='ocrx_word' id='word_1_403' title='bbox 506 2227 547 2266; x_wconf 78' lang='lat'><strong>23</strong></span> <span class='ocrx_word' id='word_1_404' title='bbox 589 2223 821 2266; x_wconf 90' lang='lat' dir='ltr'><strong>adjicere,</strong></span> <span class='ocrx_word' id='word_1_405' title='bbox 860 2233 952 2267; x_wconf 85' lang='lat' dir='ltr'><strong>quae</strong></span> <span class='ocrx_word' id='word_1_406' title='bbox 979 2222 1148 2255; x_wconf 88' lang='lat' dir='ltr'><strong>desunt</strong></span> <span class='ocrx_word' id='word_1_407' title='bbox 1171 2223 1238 2264; x_wconf 90' lang='lat'><strong>10,</strong></span> <span class='ocrx_word' id='word_1_408' title='bbox 1265 2224 1307 2263; x_wconf 91' lang='grc'><strong>2,</strong></span> <span class='ocrx_word' id='word_1_409' title='bbox 1335 2223 1395 2256; x_wconf 89' lang='grc'><strong>20.</strong></span> <span class='ocrx_word' id='word_1_410' title='bbox 1429 2222 1664 2265; x_wconf 76' lang='lat' dir='ltr'><strong>suppleat,</strong></span> 
     </span>
     <span class='ocr_line' id='line_1_42' title="bbox 167 2265 1664 2318; baseline -0.005 -11"><span class='ocrx_word' id='word_1_411' title='bbox 167 2285 259 2318; x_wconf 85' lang='lat' dir='ltr'><strong>quae</strong></span> <span class='ocrx_word' id='word_1_412' title='bbox 287 2275 483 2306; x_wconf 85' lang='lat' dir='ltr'><strong>deerant</strong></span> <span class='ocrx_word' id='word_1_413' title='bbox 519 2270 586 2314; x_wconf 80' lang='lat' dir='ltr'><strong>(Z.</strong></span> <span class='ocrx_word' id='word_1_414' title='bbox 612 2272 736 2313; x_wconf 79' lang='lat' dir='ltr'><strong>recepit</strong></span> <span class='ocrx_word' id='word_1_415' title='bbox 761 2272 875 2303; x_wconf 86' lang='lat' dir='ltr'><strong>Fran</strong></span> <span class='ocrx_word' id='word_1_416' title='bbox 889 2270 946 2302; x_wconf 82' lang='lat' dir='ltr'><strong>cii</strong></span> <span class='ocrx_word' id='word_1_417' title='bbox 972 2268 1058 2309; x_wconf 77' lang='lat' dir='ltr'><strong>conj.</strong></span> <span class='ocrx_word' id='word_1_418' title='bbox 1085 2265 1263 2310; x_wconf 88' lang='lat' dir='ltr'><strong>deerunt)</strong></span> <span class='ocrx_word' id='word_1_419' title='bbox 1293 2269 1357 2309; x_wconf 90' lang='lat'><strong>10,</strong></span> <span class='ocrx_word' id='word_1_420' title='bbox 1383 2269 1419 2310; x_wconf 81' lang='lat'><strong>2,</strong></span> <span class='ocrx_word' id='word_1_421' title='bbox 1446 2267 1558 2302; x_wconf 83' lang='lat' dir='ltr'><em>28N.</em></span> <span class='ocrx_word' id='word_1_422' title='bbox 1594 2277 1664 2301; x_wconf 77' lang='lat' dir='ltr'><strong>nec</strong></span> 
     </span>
    </p>

    <p class='ocr_par' dir='ltr' id='par_1_11' title="bbox 124 2312 1664 2726">
     <span class='ocr_line' id='line_1_43' title="bbox 124 2312 1664 2363; baseline -0.003 -11"><span class='ocrx_word' id='word_1_423' title='bbox 124 2326 125 2329; x_wconf 76' lang='grc'>’</span> <span class='ocrx_word' id='word_1_424' title='bbox 167 2321 263 2363; x_wconf 87' lang='lat' dir='ltr'><strong>quod</strong></span> <span class='ocrx_word' id='word_1_425' title='bbox 290 2319 409 2352; x_wconf 80' lang='lat' dir='ltr'><strong>desit</strong></span> <span class='ocrx_word' id='word_1_426' title='bbox 434 2317 480 2350; x_wconf 91' lang='lat' dir='ltr'><strong>in</strong></span> <span class='ocrx_word' id='word_1_427' title='bbox 510 2326 555 2349; x_wconf 90' lang='lat' dir='ltr'><strong>eo</strong></span> <span class='ocrx_word' id='word_1_428' title='bbox 584 2313 949 2359; x_wconf 79' lang='lat' dir='ltr'><strong>(Demosthene),</strong></span> <span class='ocrx_word' id='word_1_429' title='bbox 973 2320 1052 2347; x_wconf 78' lang='lat' dir='ltr'><strong>&#39;nec</strong></span> <span class='ocrx_word' id='word_1_430' title='bbox 1076 2314 1172 2358; x_wconf 89' lang='lat' dir='ltr'><strong>quod</strong></span> <span class='ocrx_word' id='word_1_431' title='bbox 1198 2313 1460 2355; x_wconf 87' lang='lat' dir='ltr'><strong>redundet,</strong></span> <span class='ocrx_word' id='word_1_432' title='bbox 1496 2312 1664 2348; x_wconf 82' lang='lat' dir='ltr'><strong>invenias</strong></span> 
     </span>
     <span class='ocr_line' id='line_1_44' title="bbox 168 2359 1664 2407; baseline -0.004 -8"><span class='ocrx_word' id='word_1_433' title='bbox 168 2368 224 2407; x_wconf 88' lang='lat'><strong>10,</strong></span> <span class='ocrx_word' id='word_1_434' title='bbox 251 2368 284 2407; x_wconf 92' lang='lat'><strong>1,</strong></span> <span class='ocrx_word' id='word_1_435' title='bbox 309 2366 362 2398; x_wconf 25' lang='lat'><strong>76⁴</strong></span> <span class='ocrx_word' id='word_1_436' title='bbox 389 2376 421 2396; x_wconf 81' lang='grc' dir='ltr'><strong>υ.</strong></span> <span class='ocrx_word' id='word_1_437' title='bbox 449 2363 686 2396; x_wconf 85' lang='lat' dir='ltr'><strong>Redundo.</strong></span> <span class='ocrx_word' id='word_1_438' title='bbox 718 2360 809 2394; x_wconf 88' lang='lat' dir='ltr'><strong>nihil</strong></span> <span class='ocrx_word' id='word_1_439' title='bbox 834 2371 952 2405; x_wconf 87' lang='lat' dir='ltr'><strong>neque</strong></span> <span class='ocrx_word' id='word_1_440' title='bbox 973 2359 1118 2402; x_wconf 87' lang='lat' dir='ltr'><strong>desit,</strong></span> <span class='ocrx_word' id='word_1_441' title='bbox 1143 2370 1261 2403; x_wconf 89' lang='lat' dir='ltr'><strong>neque</strong></span> <span class='ocrx_word' id='word_1_442' title='bbox 1285 2359 1550 2402; x_wconf 81' lang='lat' dir='ltr'><strong>superfluat</strong></span> <span class='ocrx_word' id='word_1_443' title='bbox 1571 2359 1608 2403; x_wconf 83' lang='lat'><strong>8,</strong></span> <span class='ocrx_word' id='word_1_444' title='bbox 1626 2362 1664 2404; x_wconf 82' lang='lat'><strong>2,</strong></span> 
     </span>
     <span class='ocr_line' id='line_1_45' title="bbox 167 2403 1664 2452; baseline -0.002 -8"><span class='ocrx_word' id='word_1_445' title='bbox 167 2414 212 2444; x_wconf 88' lang='grc'><strong>22</strong></span> <span class='ocrx_word' id='word_1_446' title='bbox 242 2422 274 2443; x_wconf 78' lang='lat' dir='ltr'><strong>v.</strong></span> <span class='ocrx_word' id='word_1_447' title='bbox 304 2410 572 2452; x_wconf 85' lang='lat' dir='ltr'><strong>Superfluo.</strong></span> <span class='ocrx_word' id='word_1_448' title='bbox 612 2409 719 2441; x_wconf 89' lang='lat' dir='ltr'><strong>lateat</strong></span> <span class='ocrx_word' id='word_1_449' title='bbox 746 2406 870 2441; x_wconf 90' lang='lat' dir='ltr'><strong>nescio</strong></span> <span class='ocrx_word' id='word_1_450' title='bbox 895 2405 1002 2450; x_wconf 90' lang='lat' dir='ltr'><strong>quid,</strong></span> <span class='ocrx_word' id='word_1_451' title='bbox 1030 2406 1128 2449; x_wconf 90' lang='lat' dir='ltr'><strong>quod</strong></span> <span class='ocrx_word' id='word_1_452' title='bbox 1152 2405 1362 2449; x_wconf 87' lang='lat' dir='ltr'><strong>supersit</strong></span> <span class='ocrx_word' id='word_1_453' title='bbox 1386 2411 1447 2439; x_wconf 87' lang='lat' dir='ltr'><strong>aut</strong></span> <span class='ocrx_word' id='word_1_454' title='bbox 1471 2403 1601 2441; x_wconf 82' lang='lat' dir='ltr'><strong>desit</strong></span> <span class='ocrx_word' id='word_1_455' title='bbox 1625 2406 1664 2449; x_wconf 84' lang='lat'><strong>9,</strong></span> 
     </span>
     <span class='ocr_line' id='line_1_46' title="bbox 165 2451 1664 2500; baseline -0.003 -11"><span class='ocrx_word' id='word_1_456' title='bbox 165 2456 202 2500; x_wconf 78' lang='lat'><strong>4,</strong></span> <span class='ocrx_word' id='word_1_457' title='bbox 226 2455 292 2498; x_wconf 76' lang='lat'><strong>843</strong></span> <span class='ocrx_word' id='word_1_458' title='bbox 320 2456 448 2488; x_wconf 87' lang='lat' dir='ltr'><strong>desunt</strong></span> <span class='ocrx_word' id='word_1_459' title='bbox 474 2465 730 2497; x_wconf 84' lang='lat' dir='ltr'><strong>nonnunquam</strong></span> <span class='ocrx_word' id='word_1_460' title='bbox 753 2452 913 2499; x_wconf 88' lang='lat' dir='ltr'><strong>ingenita</strong></span> <span class='ocrx_word' id='word_1_461' title='bbox 937 2451 1137 2494; x_wconf 87' lang='lat' dir='ltr'><strong>adjumenta</strong></span> <span class='ocrx_word' id='word_1_462' title='bbox 1160 2451 1218 2484; x_wconf 82' lang='lat' dir='ltr'><strong>Pr.</strong></span> <span class='ocrx_word' id='word_1_463' title='bbox 1244 2453 1301 2485; x_wconf 84' lang='lat'><strong>27.</strong></span> <span class='ocrx_word' id='word_1_464' title='bbox 1334 2451 1531 2495; x_wconf 83' lang='lat' dir='ltr'><strong>auxilium,</strong></span> <span class='ocrx_word' id='word_1_465' title='bbox 1565 2451 1664 2495; x_wconf 76' lang='lat' dir='ltr'><strong>qnod</strong></span> 
     </span>
     <span class='ocr_line' id='line_1_47' title="bbox 167 2495 1664 2545; baseline -0.003 -9"><span class='ocrx_word' id='word_1_466' title='bbox 167 2502 205 2536; x_wconf 91' lang='lat' dir='ltr'><strong>in</strong></span> <span class='ocrx_word' id='word_1_467' title='bbox 234 2501 289 2545; x_wconf 88' lang='lat' dir='ltr'><strong>(a.</strong></span> <span class='ocrx_word' id='word_1_468' title='bbox 321 2505 342 2533; x_wconf 89' lang='lat' dir='ltr'><strong>l.</strong></span> <span class='ocrx_word' id='word_1_469' title='bbox 371 2497 460 2541; x_wconf 79' lang='lat' dir='ltr'><strong>orn.)</strong></span> <span class='ocrx_word' id='word_1_470' title='bbox 493 2499 789 2542; x_wconf 85' lang='lat' dir='ltr'><strong>praesentissimis</strong></span> <span class='ocrx_word' id='word_1_471' title='bbox 818 2498 1016 2542; x_wconf 82' lang='lat' dir='ltr'><strong>quibusque</strong></span> <span class='ocrx_word' id='word_1_472' title='bbox 1039 2495 1207 2540; x_wconf 81' lang='lat' dir='ltr'><strong>periculis</strong></span> <span class='ocrx_word' id='word_1_473' title='bbox 1234 2496 1326 2530; x_wconf 86' lang='lat' dir='ltr'><strong>desit</strong></span> <span class='ocrx_word' id='word_1_474' title='bbox 1351 2500 1415 2540; x_wconf 91' lang='lat'><strong>10,</strong></span> <span class='ocrx_word' id='word_1_475' title='bbox 1441 2501 1477 2539; x_wconf 90' lang='grc'><strong>7,</strong></span> <span class='ocrx_word' id='word_1_476' title='bbox 1507 2499 1554 2532; x_wconf 52' lang='grc'><strong>1-</strong></span> <span class='ocrx_word' id='word_1_477' title='bbox 1571 2503 1664 2541; x_wconf 74' lang='lat' dir='ltr'><strong>qnae</strong></span> 
     </span>
     <span class='ocr_line' id='line_1_48' title="bbox 167 2541 1663 2587; baseline -0.004 -5"><span class='ocrx_word' id='word_1_478' title='bbox 167 2546 355 2582; x_wconf 68' lang='lat' dir='ltr'><strong>excusatio</strong></span> <span class='ocrx_word' id='word_1_479' title='bbox 382 2545 413 2578; x_wconf 87' lang='lat' dir='ltr'><strong>si</strong></span> <span class='ocrx_word' id='word_1_480' title='bbox 437 2544 550 2578; x_wconf 87' lang='lat' dir='ltr'><strong>deerit</strong></span> <span class='ocrx_word' id='word_1_481' title='bbox 574 2546 616 2587; x_wconf 91' lang='lat'><strong>5,</strong></span> <span class='ocrx_word' id='word_1_482' title='bbox 641 2546 676 2586; x_wconf 86' lang='grc'><strong>6,</strong></span> <span class='ocrx_word' id='word_1_483' title='bbox 701 2546 734 2579; x_wconf 87' lang='grc'><strong>5.</strong></span> <span class='ocrx_word' id='word_1_484' title='bbox 770 2543 801 2578; x_wconf 91' lang='lat' dir='ltr'><strong>si</strong></span> <span class='ocrx_word' id='word_1_485' title='bbox 828 2543 919 2577; x_wconf 90' lang='lat' dir='ltr'><strong>desit</strong></span> <span class='ocrx_word' id='word_1_486' title='bbox 945 2542 1091 2576; x_wconf 85' lang='lat' dir='ltr'><strong>illustris</strong></span> <span class='ocrx_word' id='word_1_487' title='bbox 1115 2542 1341 2586; x_wconf 85' lang='lat' dir='ltr'><strong>explanatio,</strong></span> <span class='ocrx_word' id='word_1_488' title='bbox 1358 2541 1571 2587; x_wconf 69' lang='lat' dir='ltr'><strong>,propositio</strong></span> <span class='ocrx_word' id='word_1_489' title='bbox 1597 2549 1663 2577; x_wconf 74' lang='lat' dir='ltr'><strong>etc.</strong></span> 
     </span>
     <span class='ocr_line' id='line_1_49' title="bbox 165 2587 1663 2637; baseline -0.003 -10"><span class='ocrx_word' id='word_1_490' title='bbox 165 2596 201 2637; x_wconf 90' lang='grc'><strong>9,</strong></span> <span class='ocrx_word' id='word_1_491' title='bbox 226 2596 260 2636; x_wconf 89' lang='grc'><strong>2,</strong></span> <span class='ocrx_word' id='word_1_492' title='bbox 287 2596 319 2626; x_wconf 73' lang='grc'><strong>2.</strong></span> <span class='ocrx_word' id='word_1_493' title='bbox 351 2601 531 2634; x_wconf 85' lang='lat' dir='ltr'><strong>nunquam</strong></span> <span class='ocrx_word' id='word_1_494' title='bbox 554 2601 645 2623; x_wconf 88' lang='lat' dir='ltr'><strong>vero</strong></span> <span class='ocrx_word' id='word_1_495' title='bbox 670 2591 771 2624; x_wconf 88' lang='lat' dir='ltr'><strong>deest</strong></span> <span class='ocrx_word' id='word_1_496' title='bbox 792 2589 928 2624; x_wconf 86' lang='lat' dir='ltr'><strong>utiliter</strong></span> <span class='ocrx_word' id='word_1_497' title='bbox 949 2588 1046 2633; x_wconf 84' lang='lat' dir='ltr'><strong>(Sp.</strong></span> <span class='ocrx_word' id='word_1_498' title='bbox 1075 2588 1148 2622; x_wconf 90' lang='lat' dir='ltr'><strong>Sed</strong></span> <span class='ocrx_word' id='word_1_499' title='bbox 1170 2599 1426 2632; x_wconf 86' lang='lat' dir='ltr'><strong>nonnunquam</strong></span> <span class='ocrx_word' id='word_1_500' title='bbox 1442 2587 1550 2622; x_wconf 79' lang='lat' dir='ltr'><strong>valde</strong></span> <span class='ocrx_word' id='word_1_501' title='bbox 1565 2587 1663 2623; x_wconf 83' lang='lat' dir='ltr'><strong>utilis</strong></span> 
     </span>
     <span class='ocr_line' id='line_1_50' title="bbox 168 2633 1662 2682; baseline -0.003 -9"><span class='ocrx_word' id='word_1_502' title='bbox 168 2646 240 2682; x_wconf 84' lang='lat' dir='ltr'><strong>est3</strong></span> <span class='ocrx_word' id='word_1_503' title='bbox 276 2651 323 2671; x_wconf 86' lang='lat' dir='ltr'><strong>sc.</strong></span> <span class='ocrx_word' id='word_1_504' title='bbox 348 2634 626 2681; x_wconf 75' lang='lat' dir='ltr'><strong>propositio)</strong></span> <span class='ocrx_word' id='word_1_505' title='bbox 660 2634 704 2677; x_wconf 88' lang='grc'><strong>4,</strong></span> <span class='ocrx_word' id='word_1_506' title='bbox 735 2634 780 2678; x_wconf 87' lang='grc'><strong>4,</strong></span> <span class='ocrx_word' id='word_1_507' title='bbox 814 2638 836 2670; x_wconf 90' lang='grc'><strong>3</strong></span> <span class='ocrx_word' id='word_1_508' title='bbox 861 2637 897 2669; x_wconf 83' lang='lat' dir='ltr'><strong>S.</strong></span> <span class='ocrx_word' id='word_1_509' title='bbox 933 2635 964 2669; x_wconf 93' lang='lat' dir='ltr'><strong>si</strong></span> <span class='ocrx_word' id='word_1_510' title='bbox 991 2636 1142 2668; x_wconf 85' lang='lat' dir='ltr'><strong>deerunt</strong></span> <span class='ocrx_word' id='word_1_511' title='bbox 1164 2635 1254 2669; x_wconf 90' lang='lat' dir='ltr'><strong>haec</strong></span> <span class='ocrx_word' id='word_1_512' title='bbox 1280 2633 1438 2668; x_wconf 82' lang='lat' dir='ltr'><strong>remedia</strong></span> <span class='ocrx_word' id='word_1_513' title='bbox 1465 2636 1509 2675; x_wconf 83' lang='grc'><strong>7,</strong></span> <span class='ocrx_word' id='word_1_514' title='bbox 1532 2635 1577 2676; x_wconf 85' lang='grc'><strong>2,</strong></span> <span class='ocrx_word' id='word_1_515' title='bbox 1601 2635 1662 2669; x_wconf 88' lang='grc'><strong>30.</strong></span> 
     </span>
     <span class='ocr_line' id='line_1_51' title="bbox 166 2678 1664 2726; baseline -0.005 -5"><span class='ocrx_word' id='word_1_516' title='bbox 166 2686 198 2721; x_wconf 86' lang='lat' dir='ltr'><strong>si</strong></span> <span class='ocrx_word' id='word_1_517' title='bbox 229 2683 367 2726; x_wconf 83' lang='lat' dir='ltr'><strong>omnia,</strong></span> <span class='ocrx_word' id='word_1_518' title='bbox 402 2692 494 2726; x_wconf 83' lang='lat' dir='ltr'><strong>quae</strong></span> <span class='ocrx_word' id='word_1_519' title='bbox 524 2691 631 2724; x_wconf 80' lang='lat' dir='ltr'><strong>supra</strong></span> <span class='ocrx_word' id='word_1_520' title='bbox 660 2680 792 2724; x_wconf 73' lang='lat' dir='ltr'><strong>scripta</strong></span> <span class='ocrx_word' id='word_1_521' title='bbox 821 2687 924 2724; x_wconf 82' lang='lat' dir='ltr'><strong>sunt,</strong></span> <span class='ocrx_word' id='word_1_522' title='bbox 961 2682 1112 2714; x_wconf 84' lang='lat' dir='ltr'><strong>deerunt</strong></span> <span class='ocrx_word' id='word_1_523' title='bbox 1135 2683 1176 2723; x_wconf 92' lang='lat'><strong>7,</strong></span> <span class='ocrx_word' id='word_1_524' title='bbox 1200 2679 1246 2722; x_wconf 88' lang='grc'><strong>4,</strong></span> <span class='ocrx_word' id='word_1_525' title='bbox 1278 2679 1332 2714; x_wconf 85' lang='lat'><strong>15.</strong></span> <span class='ocrx_word' id='word_1_526' title='bbox 1371 2678 1402 2713; x_wconf 81' lang='lat' dir='ltr'><strong>si</strong></span> <span class='ocrx_word' id='word_1_527' title='bbox 1425 2684 1565 2723; x_wconf 75' lang='lat' dir='ltr'><strong>tempus</strong></span> <span class='ocrx_word' id='word_1_528' title='bbox 1585 2682 1664 2722; x_wconf 67' lang='lat' dir='ltr'><strong>non</strong></span> 
     </span>
    </p>

    <p class='ocr_par' dir='ltr' id='par_1_12' title="bbox 127 2725 1715 2863">
     <span class='ocr_line' id='line_1_52' title="bbox 127 2725 1662 2774; baseline -0.006 -8"><span class='ocrx_word' id='word_1_529' title='bbox 127 2750 131 2757; x_wconf 64' lang='grc' dir='ltr'><strong><em>ι</em></strong></span> <span class='ocrx_word' id='word_1_530' title='bbox 167 2730 281 2766; x_wconf 80' lang='lat' dir='ltr'><strong>defuit</strong></span> <span class='ocrx_word' id='word_1_531' title='bbox 308 2729 372 2774; x_wconf 86' lang='lat' dir='ltr'><strong>(a.</strong></span> <span class='ocrx_word' id='word_1_532' title='bbox 394 2732 416 2762; x_wconf 83' lang='lat' dir='ltr'><strong>l.</strong></span> <span class='ocrx_word' id='word_1_533' title='bbox 442 2726 554 2768; x_wconf 89' lang='lat' dir='ltr'><strong>desit)</strong></span> <span class='ocrx_word' id='word_1_534' title='bbox 585 2729 651 2768; x_wconf 87' lang='lat'><strong>11,</strong></span> <span class='ocrx_word' id='word_1_535' title='bbox 679 2729 721 2769; x_wconf 87' lang='grc'><strong>2,</strong></span> <span class='ocrx_word' id='word_1_536' title='bbox 746 2725 803 2760; x_wconf 90' lang='grc'><strong>45.</strong></span> <span class='ocrx_word' id='word_1_537' title='bbox 840 2726 886 2767; x_wconf 89' lang='lat' dir='ltr'><strong>cs.</strong></span> <span class='ocrx_word' id='word_1_538' title='bbox 913 2728 970 2768; x_wconf 92' lang='lat'><strong>10,</strong></span> <span class='ocrx_word' id='word_1_539' title='bbox 992 2730 1028 2768; x_wconf 91' lang='lat'><strong>7,</strong></span> <span class='ocrx_word' id='word_1_540' title='bbox 1051 2729 1108 2760; x_wconf 83' lang='lat'><strong>20.</strong></span> <span class='ocrx_word' id='word_1_541' title='bbox 1140 2725 1298 2760; x_wconf 86' lang='lat' dir='ltr'><strong>defuisse</strong></span> <span class='ocrx_word' id='word_1_542' title='bbox 1322 2729 1431 2758; x_wconf 85' lang='lat' dir='ltr'><strong>testes</strong></span> <span class='ocrx_word' id='word_1_543' title='bbox 1459 2727 1516 2767; x_wconf 88' lang='grc'><strong>11,</strong></span> <span class='ocrx_word' id='word_1_544' title='bbox 1543 2727 1577 2768; x_wconf 91' lang='grc'><strong>1,</strong></span> <span class='ocrx_word' id='word_1_545' title='bbox 1601 2729 1662 2761; x_wconf 89' lang='grc'><strong>77.</strong></span> 
     </span>
     <span class='ocr_line' id='line_1_53' title="bbox 165 2769 1662 2824; baseline -0.003 -13"><span class='ocrx_word' id='word_1_546' title='bbox 165 2779 208 2824; x_wconf 74' lang='grc' dir='ltr'><strong>β)</strong></span> <span class='ocrx_word' id='word_1_547' title='bbox 241 2777 312 2819; x_wconf 77' lang='lat' dir='ltr'><strong>adj.</strong></span> <span class='ocrx_word' id='word_1_548' title='bbox 339 2779 424 2810; x_wconf 74' lang='lat' dir='ltr'><strong>Dat.</strong></span> <span class='ocrx_word' id='word_1_549' title='bbox 439 2787 450 2807; x_wconf 84' lang='lat'><strong>.·</strong></span> <span class='ocrx_word' id='word_1_550' title='bbox 488 2772 579 2806; x_wconf 85' lang='lat' dir='ltr'><strong>nihil</strong></span> <span class='ocrx_word' id='word_1_551' title='bbox 602 2771 706 2805; x_wconf 87' lang='lat' dir='ltr'><strong>nobis</strong></span> <span class='ocrx_word' id='word_1_552' title='bbox 729 2771 846 2805; x_wconf 84' lang='lat' dir='ltr'><strong>minus</strong></span> <span class='ocrx_word' id='word_1_553' title='bbox 869 2772 970 2805; x_wconf 84' lang='lat' dir='ltr'><strong>deest</strong></span> <span class='ocrx_word' id='word_1_554' title='bbox 992 2772 1035 2814; x_wconf 89' lang='lat'><strong>6,</strong></span> <span class='ocrx_word' id='word_1_555' title='bbox 1065 2774 1098 2814; x_wconf 92' lang='lat'><strong>1,</strong></span> <span class='ocrx_word' id='word_1_556' title='bbox 1123 2773 1180 2806; x_wconf 88' lang='grc'><strong>50.</strong></span> <span class='ocrx_word' id='word_1_557' title='bbox 1229 2769 1366 2816; x_wconf 83' lang='lat' dir='ltr'><strong>Quodsi</strong></span> <span class='ocrx_word' id='word_1_558' title='bbox 1388 2769 1448 2805; x_wconf 89' lang='lat' dir='ltr'><strong>cui</strong></span> <span class='ocrx_word' id='word_1_559' title='bbox 1470 2777 1662 2815; x_wconf 83' lang='lat' dir='ltr'><strong>utrumque</strong></span> 
     </span>
     <span class='ocr_line' id='line_1_54' title="bbox 167 2814 1715 2863; baseline -0.003 -4"><span class='ocrx_word' id='word_1_560' title='bbox 167 2822 323 2859; x_wconf 73' lang='lat' dir='ltr'><strong>defuerit</strong></span> <span class='ocrx_word' id='word_1_561' title='bbox 349 2823 389 2856; x_wconf 87' lang='lat'><strong>11</strong></span> <span class='ocrx_word' id='word_1_562' title='bbox 404 2846 414 2863; x_wconf 93' lang='lat'><strong>,</strong></span> <span class='ocrx_word' id='word_1_563' title='bbox 439 2822 480 2863; x_wconf 90' lang='grc'><strong>2,</strong></span> <span class='ocrx_word' id='word_1_564' title='bbox 507 2817 565 2854; x_wconf 87' lang='grc'><strong>49.</strong></span> <span class='ocrx_word' id='word_1_565' title='bbox 597 2818 694 2862; x_wconf 88' lang='lat' dir='ltr'><strong>quod</strong></span> <span class='ocrx_word' id='word_1_566' title='bbox 717 2816 830 2863; x_wconf 81' lang='lat' dir='ltr'><strong>magis</strong></span> <span class='ocrx_word' id='word_1_567' title='bbox 853 2818 980 2852; x_wconf 78' lang='lat' dir='ltr'><strong>deesse</strong></span> <span class='ocrx_word' id='word_1_568' title='bbox 1006 2815 1136 2852; x_wconf 81' lang='lat' dir='ltr'><strong>ceteris</strong></span> <span class='ocrx_word' id='word_1_569' title='bbox 1164 2814 1396 2861; x_wconf 83' lang='lat' dir='ltr'><strong>animalibus,</strong></span> <span class='ocrx_word' id='word_1_570' title='bbox 1425 2827 1533 2862; x_wconf 80' lang='lat' dir='ltr'><strong>quam</strong></span> <span class='ocrx_word' id='word_1_571' title='bbox 1552 2816 1662 2852; x_wconf 84' lang='lat' dir='ltr'><strong>intel·</strong></span> <span class='ocrx_word' id='word_1_572' title='bbox 1708 2843 1715 2854; x_wconf 51' lang='lat'>2</span> 
     </span>
    </p>
   </div>
  </div>
 </body>
</html>
