1742 2964
203 116 314 155 1018

246 240 332 264 men
349 229 385 273 3,
403 231 440 272 7,
461 227 525 272 24;
549 225 761 272 plerumque
777 237 797 260 a
815 226 931 261 Grae-

245 288 296 322 cis
322 290 481 322 Romana
505 286 718 321 dissentiunt
751 287 806 328 10,
833 285 868 328 5,
894 287 928 319 3.

243 347 296 386 11)
327 348 434 391 Adj..·
479 348 662 381 Romanae
703 344 930 388 eloquentiae

241 406 410 451 princeps
441 407 486 448 8,
519 407 567 453 6,
597 408 654 440 30.
700 406 741 438 R.
764 403 803 437 in
825 403 930 438 bellis

241 464 357 512 gloria
382 467 416 506 1,
441 467 498 509 10,
523 464 578 499 14.
605 467 646 500 R.
670 474 748 498 mos
774 464 809 505 3,
833 466 869 505 7,
895 465 928 497 2.

243 523 359 558 oratio
382 525 422 558 R.
446 526 571 568 plane,
596 534 670 558 non
695 522 839 557 civitate
863 522 932 555 do-

240 589 325 617 nata
353 585 398 626 8,
427 585 469 626 1,
493 586 527 618 3.
561 584 605 618 R.
627 588 788 616 oratores
813 584 870 624 10,
895 584 930 624 1,

239 644 298 678 38.
335 644 489 687 populus
511 643 552 676 R.
579 642 622 683 6,
645 645 688 684 1,
713 644 771 676 31.
807 640 931 686 populi

242 701 349 736 etiam
372 712 447 736 non
473 700 626 735 Romani
663 702 708 743 8,
739 699 783 744 4,
813 701 847 735 8.
885 701 929 733 R.

240 759 388 806 pudoris
424 762 470 805 8,
501 762 546 804 3,
581 760 627 795 39
650 760 697 794 N.
744 761 787 794 R.
813 769 932 793 sermo

241 819 400 854 maxima
431 831 480 854 ex
505 825 606 865 parte
632 830 652 853 e
678 819 816 852 Graeco
841 829 932 853 con-

242 890 371 914 versus
396 884 451 913 est
475 882 516 923 1,
545 879 591 922 5,
617 880 674 916 58.
699 895 745 902 -
774 888 849 911 non
870 888 931 911 re·-

241 939 329 982 cipit
358 939 455 971 illam
489 938 576 973 solis
601 948 809 972 concessam
833 936 930 972 Atti-

244 997 295 1032 cis
322 1009 496 1033 venerem
527 1000 592 1040 10,
624 999 667 1040 1,
701 999 780 1030 100.
816 997 929 1031 verba

241 1056 362 1091 omnia
395 1057 518 1091 Italica
552 1056 731 1089 habentur
757 1066 823 1099 pro
853 1057 929 1089 Ro-

237 1116 352 1150 manis
389 1119 430 1159 1,
462 1115 502 1157 5,
531 1117 586 1149 56.
618 1114 720 1149 initia
744 1116 928 1149 Romanae

238 1175 337 1212 urbis
363 1178 395 1218 1,
418 1175 453 1219 6,
484 1177 528 1208 12
549 1178 594 1210 Ζ.

190 1251 223 1282 R
236 1259 304 1282 om
316 1250 432 1282 ulus.
455 1267 502 1274 -—
527 1247 655 1281 Martis
673 1247 766 1280 filius
788 1247 823 1289 3,
839 1248 874 1287 7,
893 1236 926 1280 5.

236 1307 380 1342 Romuli
402 1308 486 1350 lupa
516 1310 562 1350 2,
586 1305 628 1347 4,
656 1308 712 1341 19.
762 1304 928 1348 [Romule

235 1366 395 1411 Arpinas
420 1367 478 1410 (Z.
504 1365 585 1407 om.)
609 1365 645 1407 9,
669 1366 704 1406 3,
729 1362 805 1406 89.]

190 1438 419 1481 Roscius,
450 1438 494 1484 Q.
519 1438 694 1471 comoedus
718 1437 775 1478 11,
791 1436 826 1477 3,
845 1436 926 1468 111.

238 1500 319 1533 177.

190 1592 237 1599 —
269 1571 304 1605 S.
345 1569 539 1606 Amerinus
573 1569 620 1611 7,
652 1568 695 1610 2,
726 1568 762 1601 2.
785 1567 844 1610 23.
879 1564 925 1608 cf.

238 1630 382 1668 Cicero.

188 1703 420 1746 Rufinus,
444 1698 647 1736 Cornelius.
682 1697 765 1733 Cos.
805 1699 869 1742 12,
894 1698 927 1740 1,

236 1762 282 1798 43
308 1762 360 1796 Ν.

190 1838 255 1870 Ru
265 1831 303 1868 fi
313 1844 336 1868 o
362 1831 454 1877 (Sp.
478 1830 612 1866 Ruscio
622 1828 653 1876 ).
687 1831 776 1864 servi
809 1841 925 1863 nomen

238 1897 274 1939 s,
304 1895 339 1938 3,
365 1895 412 1926 22
425 1893 462 1925 s.

192 1968 358 2004 Rufus.
388 1976 423 1999 v.
449 1961 646 2000 Antonius.

193 2041 375 2076 Rullus.
400 2050 434 2072 v.
459 2038 519 2071 sub
544 2034 686 2070 Cicero.

194 2113 407 2150 Rutilius
431 2111 564 2152 Lupus.
590 2107 717 2140 Rhetor
739 2103 777 2148 9,
796 2105 828 2145 2,
848 2105 928 2137 101.

242 2175 321 2207 102.
370 2170 457 2213 Ejus
489 2166 602 2201 verba
631 2166 676 2206 9,
710 2165 752 2204 3,
786 2164 843 2198 91.
869 2164 928 2198 92.

239 2233 297 2267 93.
338 2230 394 2264 99.
453 2224 623 2272 Gorgiam
659 2223 836 2267 quendam
875 2220 930 2255 sui

239 2287 412 2332 temporis
437 2286 509 2327 (ille
532 2291 579 2317 est
604 2289 801 2328 praeceptor
831 2283 926 2315 Cice-

242 2351 329 2383 rom's
347 2349 418 2389 filii
443 2342 597 2383 Athenis)
633 2347 687 2376 est
717 2346 860 2374 secutus
890 2340 926 2381 9,

239 2412 284 2451 2,
320 2408 398 2441 102.
443 2404 602 2448 Ejusdem
626 2406 793 2446 quattuor
814 2398 927 2432 libros

238 2467 276 2501 in
301 2475 411 2500 unum
434 2474 536 2497 suum
554 2459 733 2495 transtulit
751 2461 790 2491 ib.
819 2456 929 2501 Operi

236 2528 430 2568 figurarum
452 2520 597 2572 proprie
622 2519 734 2554 libros
750 2515 930 2553 dedicavit

241 2588 278 2626 9,
302 2586 337 2627 3,
361 2582 421 2618 89.

188 2653 242 2683 ’-
267 2655 315 2693 P.
334 2652 447 2694 Rufus
470 2653 603 2695 sapiens
625 2652 680 2684 ille
703 2652 874 2685 Romanus
897 2649 930 2690 5,

246 2718 284 2758 2,
306 2710 331 2747 4
356 2712 402 2745 Ν.
429 2714 486 2752 11,
512 2714 544 2753 1,
569 2712 626 2744 12.

607 111 744 153 Index
775 110 1011 152 Nominum
1040 110 1332 166 Propi-iorum.

1345 226 1392 269 S.

999 316 1178 353 Sabini.
1226 320 1260 362 1,
1285 319 1320 363 5,
1347 320 1405 356 56.

998 390 1223 427 saccaria
1246 391 1349 431 navis
1373 393 1410 435 8,
1432 395 1467 434 2,
1490 394 1534 426 13
1558 393 1606 429 Ν.

998 463 1023 498 S
1036 463 1205 497 alamis.
1229 462 1410 498 interfecti
1433 463 1472 497 in
1491 462 1671 499 Salamine
1690 464 1726 505 9,

1043 525 1079 566 2,
1104 523 1162 557 62.
1190 521 1236 563 cs.
1263 526 1318 564 11,
1344 525 1380 566 3,
1405 523 1482 557 168.
1508 524 1564 565 12,
1591 525 1648 564 10,
1672 519 1729 557 24.

1044 583 1089 616 de
1114 581 1292 616 Salamine
1317 577 1500 616 contentio
1526 582 1562 624 5,
1588 583 1646 624 11,
1669 578 1728 614 40.

999 641 1252 676 Salarius..
1285 643 1321 684 7,
1347 643 1378 683 1,
1401 642 1435 676 9.

998 700 1184 736 Saleius
1207 701 1352 734 Bassus.
1374 711 1408 734 ν.
1431 699 1577 746 Bassus.

1001 757 1241 794 Saliorum
1264 758 1442 802 carmina,
1469 757 1537 793 vix
1561 757 1730 791 sacerdo—

1043 817 1139 852 tibus
1163 817 1236 851 suis
1254 818 1338 852 satis
1351 818 1533 852 intellecta
1557 819 1591 860 1,
1612 816 1649 858 6,
1669 814 1728 849 40.

1045 879 1080 921 1,
1107 879 1164 920 10,
1189 879 1246 912 20.

997 936 1300 974 Sallustiana
1329 933 1490 973 brevitas
1517 934 1564 979 4,
1595 937 1644 978 2,
1670 933 1727 969 45.

1047 999 1102 1039 10,
1131 999 1164 1038 1,
1190 998 1248 1030 32.

997 1055 1270 1093 Sallustius
1294 1053 1454 1098 Crispus.
1498 1055 1564 1095 10,
1593 1055 1638 1097 2,
1673 1054 1730 1090 17.

1045 1117 1162 1158 Kerba
1194 1114 1266 1158 ejus
1296 1114 1340 1156 8,
1370 1114 1415 1154 3,
1439 1113 1492 1147 82.
1532 1114 1580 1156 8,
1604 1114 1648 1154 6,
1674 1112 1730 1148 59.

1043 1173 1196 1209 Catilina
1221 1173 1314 1217 apud
1336 1183 1420 1206 eum
1453 1173 1496 1213 3,
1522 1173 1568 1211 8,
1590 1169 1650 1206 45.
1691 1170 1731 1205 in

1040 1234 1146 1267 Bello
1189 1230 1405 1278 Jugurthino
1446 1236 1483 1264 et
1521 1230 1730 1265 catilinario

1040 1292 1132 1325 nihil
1169 1292 1215 1325 ad
1250 1279 1436 1324 historiam
1469 1289 1731 1333 pertinentibus

1037 1349 1224 1394 principiis
1267 1359 1371 1383 orsus
1415 1353 1471 1381 est
1507 1350 1530 1382 3
1545 1374 1556 1391 ,
1599 1350 1644 1392 8,
1690 1350 1728 1384 9.

1043 1407 1185 1452 [Oratio
1209 1407 1247 1440 in
1269 1407 1483 1441 Ciceronem
1504 1405 1540 1449 4,
1565 1410 1598 1450 1,
1622 1409 1669 1453 68
1690 1410 1726 1443 S.

1040 1467 1083 1510 9,
1116 1468 1159 1508 3,
1192 1467 1252 1501 89.
1297 1468 1404 1499 Falsa
1433 1466 1518 1499 haec
1554 1473 1585 1499 et
1606 1465 1724 1510 fiam]

1040 1526 1211 1561 Judicfum
1240 1525 1284 1557 «le
1317 1536 1355 1558 eo
1391 1525 1459 1567 10,
1486 1525 1526 1567 1,
1562 1526 1627 1558 101
1655 1537 1725 1570 seq.

1040 1595 1097 1628 ap.
1138 1595 1219 1617 eum
1250 1582 1344 1616 diota
1373 1587 1496 1616 sancte
1521 1588 1557 1616 et
1582 1583 1726 1628 antique

1040 1644 1084 1687 8,
1108 1645 1150 1684 3,
1180 1641 1238 1677 44.
1264 1640 1584 1675 Historiae'maior
1605 1643 1742 1686 (Livio)-

1041 1708 1183 1743 auctor,
1218 1702 1262 1735 ad
1299 1708 1405 1745 quem
1440 1706 1561 1734 tamen
1591 1700 1726 1735 intelli-

1039 1762 1195 1808 gendum
1218 1759 1290 1793 iam
1311 1760 1480 1805 profectu
1506 1769 1598 1804 opus
1620 1760 1667 1793 sit
1688 1763 1726 1804 2,

1039 1823 1073 1863 5,
1098 1822 1152 1855 19.
1199 1820 1289 1853 Eum
1317 1822 1502 1864 opponere
1518 1818 1727 1863 Thucydidi

1039 1891 1114 1914 non
1132 1890 1264 1915 verear
1288 1881 1345 1922 10,
1371 1880 1503 1922 1,’101.
1534 1869 1726 1924 Quomodo

1041 1938 1224 1983 scripserit
1249 1941 1313 1981 10,
1337 1939 1378 1981 3,
1407 1939 1441 1972 8.
1477 1938 1554 1982 eju:
1577 1937 1725 1971 immor-

1041 1999 1120 2034 talis
1142 1996 1317 2034 velocitas
1342 1998 1406 2036 10,
1442 1998 1481 2038 1,
1518 1999 1596 2031 102.
1639 1996 1725 2041 Epi-

1042 2067 1198 2104 gramma
1223 2056 1262 2090 in
1286 2067 1369 2090 eum
1391 2057 1426 2099 8,
1450 2057 1486 2098 3,
1511 2057 1570 2094 29.
1687 2046 1698 2054 “

997 2117 1149 2153 Samia
1172 2115 1302 2150 mulier
1325 2117 1360 2158 3,
1376 2118 1413 2158 7,
1434 2117 1492 2148 21.

997 2178 1177 2212 Santra.
1202 2176 1521 2217 grammaticus-12,
1545 2175 1602 2216 10,
1628 2172 1684 2208 16.
1734 2166 1737 2167 ⁷

997 2236 1185 2271 Sardus.
1240 2239 1452 2267 mastrucam
1467 2257 1478 2275 ,
1528 2232 1623 2276 quod
1666 2237 1723 2265 est

1040 2295 1190 2330 Sardum
1223 2295 1264 2336 1,
1301 2293 1342 2335 5,
1374 2293 1408 2326 8.
1468 2291 1602 2325 sax-dos
1633 2300 1724 2326 con-

1041 2352 1167 2388 temnit
1185 2352 1314 2387 Cicero
1339 2355 1395 2394 11,
1421 2353 1454 2393 1,
1478 2351 1536 2386 89.

996 2415 1279 2449 Sarmentus.
1304 2412 1350 2455 6,
1375 2413 1420 2453 3,
1445 2411 1491 2444 58
1514 2402 1564 2443 Ν.

997 2472 1170 2508 Sassia.
1210 2483 1282 2515 elus
1318 2469 1463 2514 nuptiae
1497 2467 1549 2512 4,
1569 2472 1623 2512 2,
1638 2469 1718 2540 195.

1043 2537 1167 2566 contra
1194 2541 1274 2564 eum
1303 2528 1431 2564 Cicero
1458 2530 1502 2562 ib.

998 2589 1310 2626 Saturninus.
1358 2587 1436 2632 jure
1481 2585 1623 2620 occisus
1664 2590 1719 2618 est

1044 2651 1078 2692 5,
1104 2650 1160 2691 11,
1186 2648 1225 2682 6.
1245 2645 1376 2682 occidit
1398 2645 1625 2680 Saturninum
1649 2644 1718 2676 Ra-

1043 2707 1154 2742 birius
1178 2709 1220 2752 7,
1246 2709 1283 2750 1,
1306 2708 1341 2743 9.
1377 2710 1504 2740 contra
1528 2700 1717 2748 imaginem
