1728 3002
159 192 323 230 Lxxlv
674 206 677 210 ’
779 192 1089 252 Prolegomena

158 321 218 370 9,
251 305 307 364 ὅ,
344 321 404 370 19
434 306 559 356 Plus
588 307 721 358 enim
750 326 902 374 quam
931 311 1059 360 satis
1086 320 1215 375 est,
1251 328 1364 377 quo
1397 315 1545 373 loce,
1584 332 1699 364 mo-
1727 370 1728 373 ¹

156 401 324 433 nente
358 387 614 452 Zumptio
637 425 649 449 ,
698 387 922 455 simplex
961 392 1186 441 verbum
1229 401 1306 442 est
1332 404 1560 443 ‘sensum
1587 396 1700 443 fere

155 467 322 514 habet
342 483 489 527 eum,
526 467 679 532 quasi
700 468 894 517 dixerit
918 485 1112 519 auctor
1134 489 1236 520 esse
1256 472 1410 523 debet.

259 546 316 606 b)
357 544 567 611 Species
597 551 868 612 quaedam
885 549 1054 615 hujus
1086 551 1320 602 breviter
1346 555 1701 618 comprehen-

156 641 247 673 sae
274 626 691 675 constructionis
712 643 812 682 est‚
851 645 994 694 quae
1022 630 1282 693 Synesis
1315 645 1571 687 vocatur,
1607 630 1702 678 ubi

156 722 224 751 ex
250 703 437 753 ceteris
461 720 641 754 mente
661 707 926 772 repetitur
946 708 1172 774 aliquod
1189 709 1354 759 simile
1371 712 1701 765 vocabulum

154 785 244 833 vel
267 783 409 830 idem
440 783 745 852 significans
773 791 867 836 sed
890 789 1102 837 Genere
1127 803 1224 838 aut
1252 792 1488 839 Numero
1524 788 1721 838 diver-⁷

157 881 272 910 sum
286 899 298 922 ‚
333 877 396 911 ut
417 881 465 927 9,
493 881 538 918 2,
564 880 626 928 79
655 883 756 914 non
779 868 955 929 solum,
992 870 1042 917 si
1047 886 1270 935 persona
1292 869 1515 918 obstaret
1532 876 1704 916 rectae

156 943 410 1003 orationi,
447 962 543 1010 quo
564 945 618 992 in
634 963 824 1008 genere
845 950 1047 1014 saepius
1053 952 1103 1013 f
1107 950 1132 997 i
1132 967 1218 1014 gu
1230 950 1322 997 ris
1349 966 1472 1015 opus
1491 956 1580 1008 est,
1615 947 1702 994 de·-

156 1023 438 1072 currebant
474 1025 546 1071 ad
571 1025 691 1072 *seli
704 1037 938 1088 emata,
992 1030 1082 1077 sed
1105 1028 1386 1093 sticieba'nt
1408 1028 1512 1076 illis
1540 1027 1706 1075 locum

156 1103 336 1163 etiam,
369 1103 463 1151 ubi
487 1104 764 1153 inutiles
784 1124 846 1153 ac
866 1109 1173 1171 nefariae
1202 1115 1417 1156 essent
1443 1105 1704 1172 (intellige

137 1185 399 1246 figurae).
436 1201 488 1233 v.
513 1186 637 1231 Not.
674 1198 728 1231 et
765 1185 1075 1236 Gesner-um.
1109 1202 1155 1250 9,
1185 1186 1232 1247 3,
1254 1202 1301 1236 2.
1327 1185 1357 1231 5
1392 1187 1542 1234 Esset
1571 1186 1704 1246 enim

157 1263 407 1311 orationis
440 1262 685 1312 schema
715 1256 922 1325 vitium,
960 1266 1010 1313 si
1028 1283 1127 1315 non
1137 1274 1430 1331 peteretur,
1466 1265 1554 1313 sed
1572 1264 1703 1312 aeci-

154 1344 313 1391 deret.
345 1371 413 1379 —
446 1344 667 1409 Ideoque
698 1361 815 1392 cum-
847 1345 918 1393 sit
949 1363 984 1392 a
1013 1346 1234 1412 simplici
1255 1353 1490 1410 rectoque
1517 1359 1704 1407 genere

154 1423 400 1488 loquendi
423 1424 459 1470 d
469 1441 495 1471 e
493 1424 568 1488 fl
576 1440 690 1471 eam
719 1427 739 1484 (
752 1440 821 1471 sc.
834 1425 1142 1490 figura),
1173 1426 1341 1475 virtus
1365 1432 1453 1473 est.
1483 1443 1551 1459 --’
1592 1422 1705 1470 [hta

155 1510 326 1550 tamen
350 1504 403 1550 in
425 1521 483 1551 re
514 1504 734 1551 maxime
765 1522 801 1551 n
813 1504 974 1554 tilis,
1004 1533 1066 1542 —-
1099 1507 1143 1570 38.
1166 1520 1215 1566 4.
1255 1507 1391 1565 Qua
1406 1503 1472 1564 >si
1489 1500 1608 1568 ‘quis
1635 1530 1703 1536 —

155 1590 336 1629 utetur
358 1597 477 1630 etc.
503 1584 673 1631 Porro
705 1601 780 1643 ιο,
820 1601 862 1639 1,
894 1586 959 1631 28
985 1602 1185 1647 genus
1215 1582 1558 1633 ostentationi
1574 1579 1728 1629 com-s

144 1670 399 1727 paratum
421 1676 522 1710 etc.
550 1662 748 1710 dicitur
768 1680 804 1728 p
820 1680 852 1710 o
867 1662 1004 1723 esis,
1042 1681 1106 1712 ac
1130 1664 1327 1712 deinde
1350 1661 1708 1711 continuatur

155 1742 185 1805 38.
211 1757 291 1802 29.
315 1742 458 1805 quod
479 1742 760 1806 alligata
785 1742 878 1807 (sc.
886 1743 1080 1808 poesis)
1103 1744 1175 1790 ad
1191 1751 1386 1791 eertum
1408 1741 1600 1808 pedum
1618 1757 1710 1800 ne·-

154 1821 440 1869 cessitatem
458 1838 557 1868 non
577 1839 771 1887 semper
789 1823 876 1870 uti
880 1822 1113 1887 propriis
1123 1823 1303 1886 possit,
1329 1822 1421 1870 sed
1436 1819 1704 1886 depulsa

154 1908 299 1947 recta
323 1901 410 1947 via
439 1914 540 1947 etc.
574 1919 625 1949 v.
660 1903 783 1950 Not.
816 1901 1023 1949 Pariter
1053 1900 1372 1968 intelligitur
1387 1899 1587 1964 poe‘sis:
1626 1913 1702 1953 10,

160 1995 203 2033 1,
228 1975 292 2027 65
319 1979 484 2026 neseio
505 1997 573 2027 an
606 1981 768 2042 ulla,
795 1989 921 2046 post
936 1982 1218 2029 Homerum
1239 1988 1432 2040 tamen,
1468 2006 1537 2014 —
1567 1977 1704 2026 simi-

153 2058 257 2106 lior
283 2059 355 2107 sit
380 2059 697 2120 oratoribus,
740 2060 986 2125 quamvis
1014 2063 1176 2108 modo
1214 2073 1407 2107 auctor
1437 2061 1505 2106 de
1533 2055 1703 2106 anti-

153 2154 288 2203 qua
323 2140 675 2187 comoedia
707 2140 1020 2205 disputavit.
1090 2141 1211 2194 Jam
1241 2141 1296 2198 8,
1330 2137 1388 2199 6,
1419 2136 1481 2199 57
1511 2132 1701 2198 μετά-

154 2219 372 2279 λη’ψις,
411 2218 469 2265 id
487 2227 565 2267 est
582 2221 1046 2284 transumptio,
1084 2235 1212 2284 quae
1244 2235 1308 2265 ex
1337 2217 1441 2265 alio
1471 2224 1617 2280 tropo
1646 2213 1701 2260 in

153 2296 319 2343 alium
349 2298 493 2346 ‘velut
518 2300 654 2347 vium
676 2308 942 2364 praestat:
983 2308 1037 2347 et
1072 2296 1480 2352 rarissimus,
1498 2301 1570 2344 ¹et
1595 2309 1701 2341 ma-

155 2375 293 2422 xime
341 2375 762 2443 improprius,
822 2378 1034 2433 Graecis
1075 2385 1243 2424 tamen
1271 2372 1703 2447 frequentior

154 2460 244 2512 (sc.
268 2452 498 2519 tropus),
534 2462 812 2520 quomodo
838 2457 1156 2521 scripturam
1184 2453 1342 2520 hujus
1374 2452 1504 2502 locis
1535 2453 1699 2498 Zum—

153 2533 299 2599 ptius
323 2550 390 2581 ex
421 2533 632 2598 optimis
655 2536 942 2583 Codicibus
969 2532 1211 2582 restituit.
1282 2536 1550 2580 Incertum
1586 2545 1698 2594 quo

153 2614 427 2661 referatur·
442 2630 642 2674 eornm,
681 2631 746 2662 ac
767 2617 879 2662 fere
915 2613 946 2660 i.
971 2629 1021 2677 q.
1055 2613 1307 2678 ejusmodi
1332 2624 1408 2660 est
1440 2625 1494 2673 9,
1528 2607 1583 2669 5,
1617 2606 1696 2671 69.

156 2692 292 2757 qnod
329 2692 485 2740 etiam
523 2694 577 2740 in
611 2694 747 2758 jocis
772 2685 1069 2757 frigidum,
1126 2693 1354 2757 equidem
1391 2689 1538 2740 tradi
1562 2689 1700 2736 inter

153 2780 430 2837 praecepta
457 2774 645 2821 miror:
680 2791 746 2821 eo
759 2790 1018 2838 rumque
1047 2771 1276 2837 emempla
1304 2769 1508 2819 vitandi
1521 2768 1699 2834 potius
