1728 3002
616 211 831 254 Enumero
867 236 922 243 -
961 210 1025 254 Eo
1504 211 1586 251 285

100 327 437 378 amatae-m,
471 321 492 362 a
514 325 725 373 quibusdam
747 326 955 361 Latinorum
990 324 1212 361 enumeratio
1249 325 1296 369 6,
1326 326 1367 367 1,
1392 324 1428 358 1.
1458 334 1584 358 enum.

99 375 350 423 probationum
388 377 432 410 ib.
473 373 531 409 36.
585 373 871 419 propositionum
911 372 1038 408 ordine
1084 374 1259 408 collocata
1307 381 1427 406 enum.
1466 369 1511 414 4,
1551 371 1586 412 5,

67 440 71 446 ·
99 427 119 458 1
143 427 188 458 Ζ.
212 423 421 467 plerumque
443 430 578 454 summa
600 419 850 464 complexione
874 420 935 454 vel
956 429 1022 463 per
1058 417 1471 454 enumerationem
1488 441 1500 458 ,
1523 417 1586 451 vel

95 478 164 513 per
202 469 392 503 brevem
436 466 800 501 conclusionem
839 470 1031 509 testantur,
1063 465 1150 510 quid
1173 463 1357 499 effecerint
1382 462 1428 506 5,
1451 460 1517 505 14,
1542 464 1584 495 11

101 515 150 549 N.
180 513 342 561 epilogus
367 512 399 546 ci
428 511 731 547 enumerationem
754 523 875 546 rerum
900 512 1007 546 habet
1029 514 1087 555 11,
1110 514 1144 555 3,
1174 514 1252 549 170.

55 570 287 612 Enumero·
362 584 570 615 enumerent
602 578 706 614 etiam
730 579 880 613 fortasse
910 579 1063 623 multos,
1095 578 1286 625 quamlibet
1308 574 1415 611 utiles
1440 576 1523 610 foro
1554 578 1587 616 1,

100 629 158 671 10,
175 626 218 662 4.
246 625 353 672 [quae
376 631 412 660 et
434 625 677 660 enan-avimus
700 625 810 668 (lege.·
850 624 908 659 cui
934 630 970 659 et
993 621 1317 666 annumeravimus)
1353 623 1388 665 8,
1412 622 1449 665 6,
1478 622 1522 657 57
1549 634 1586 656 v.

100 669 319 716 'sextus-J
357 682 448 725 quae
482 673 719 706 enumeranda
748 671 916 706 videntur
941 671 987 714 6,
1012 674 1030 704 1
1046 696 1058 714 ,
1081 674 1116 706 2.
1140 682 1215 706 non
1238 668 1453 705 enumeratis
1482 669 1538 711 (a.
1561 671 1583 701 1.

100 716 224 762 num.)
249 718 398 764 singul-s
421 718 466 760 5,
493 719 559 760 13,
589 716 645 752 14.
671 729 719 752 116
743 716 862 751 omnia
891 727 1096 751 enumerem
1124 717 1206 761 (Sp.
1246 735 1294 743 —·—
1315 716 1455 756 rentur)
1486 712 1523 757 4,
1547 715 1585 766 1,

98 765 142 799 31
161 768 205 799 Ζ.
233 765 268 807 5,
292 767 329 807 7,
349 763 386 798 4.
410 774 620 798 enumerans
642 763 811 808 plurimas
834 763 1044 797 occasiones
1069 766 1105 805 7,
1128 767 1165 806 2,
1187 761 1253 804 43;
1278 765 1498 802 enumerant,
1525 769 1588 803 qul

100 829 147 836 ·-
167 809 390 845 turbaverint
417 809 613 844 civitatium
639 815 749 843 status
772 811 807 852 2,
823 810 880 852 16,
896 808 930 844 4.
954 820 1045 853 quae
1068 809 1138 843 sint
1158 808 1198 843 in
1221 808 1336 843 causis
1358 805 1589 848 favorabilia,

29 856 34 859 ’
99 864 309 890 enumerare
335 866 410 890 non
434 860 488 890 est
510 866 660 890 necesse
686 856 722 898 4,
748 858 781 898 1,
809 855 866 890 26.
897 854 1073 889 infinitum
1097 859 1152 889 est
1178 864 1409 896 enumerare,
1438 857 1479 885 ut
1502 851 1588 887 Cot·-

98 906 158 936 tae
179 901 374 936 detraxerit
397 901 642 936 auctoritatem
669 909 731 935 etc.
756 901 792 944 6,
818 901 853 944 5,
880 904 935 935 10.

39 944 318 1008 -Ῐὲἶῐὶῦῐὶίίβῑὶὡ
391 957 544 1001 simplex
568 957 622 991 rei
644 957 886 1002 cujuscunque
910 958 1031 991 enunt.
1062 953 1121 1000 (a.
1155 959 1178 989 1.
1213 954 1382 999 renunt.)
1410 956 1446 998 9,
1472 956 1504 996 1,
1526 956 1587 989 23.

75 1003 214 1037 *finitio
244 1008 298 1037 est
334 1002 389 1037 rei
419 1003 623 1047 propositae
654 1002 799 1048 propria
832 1009 868 1038 et
899 1003 1055 1037 dilucida
1079 1008 1116 1037 et
1141 1001 1302 1036 breviter
1329 1002 1589 1046 comprehensa

68 1047 71 1055 ⁴
98 1049 221 1084 verbis
244 1053 365 1082 enunt.
389 1051 425 1092 7,
449 1050 483 1091 3,
507 1052 542 1083 2.

55 1091 341 1135 Enunfiauix·
422 1115 478 1138 ars
508 1103 715 1148 inventrix,
749 1111 786 1140 et
813 1103 1028 1148 iudicatrix,
1066 1109 1102 1139 et
1134 1104 1355 1138 enuntiatrix
1386 1104 1584 1139 secundum

100 1149 346 1189 inventionem
367 1148 423 1193 (S
427 1156 468 1194 p.
490 1150 737 1194 mensionem)
761 1151 855 1194 ejus,
894 1151 989 1196 quod
1013 1150 1052 1184 in
1074 1161 1219 1196 quoque
1241 1156 1359 1195 potest
1381 1150 1475 1185 sumi
1498 1161 1585 1195 per-

31 1197 35 1200 ”
99 1195 288 1240 suasibile,
311 1195 351 1229 in
373 1195 520 1230 materia
543 1195 643 1231 civili
670 1199 707 1239 2,
732 1197 790 1239 15,
816 1199 860 1230 21
883 1195 936 1230 'N-
964 1209 1014 1230 cr.
1566 1196 1570 1200 ’

53 1237 256 1290 Essuutio·
311 1251 346 1295 1)
375 1253 417 1284 de
439 1255 725 1296 pronumiatione:
750 1264 840 1299 quae
868 1252 1147 1287 scribuntur
1174 1253 1289 1296 aliter,
1314 1264 1420 1297 quam
1448 1263 1585 1286 enun-

99 1298 283 1332 tiantur
313 1297 480 1342 (literae)
518 1301 548 1339 1,
575 1301 611 1341 7,
633 1300 691 1333 28.
728 1301 872 1333 easdem
894 1299 1015 1334 literas
1043 1298 1227 1334 enuntiare
1253 1300 1352 1334 veris
1377 1298 1524 1343 syllabis
1551 1301 1586 1342 1,

99 1346 144 1387 5,
173 1345 229 1393 18.
263 1348 304 1376 ut
337 1343 410 1377 suis
444 1355 606 1390 quaeque
637 1344 736 1379 sonis
770 1346 998 1379 enuntientur
1033 1349 1066 1387 1,
1095 1348 1151 1388 11,
1178 1344 1211 1379 4.
1245 1355 1363 1380 sermo
1386 1346 1583 1379 secundum

91 1395 258 1424 ,naturam
279 1389 479 1423 enuntiatus
502 1393 538 1432 2,
561 1391 596 1433 5,
624 1393 681 1424 11.
707 1392 869 1435 corporis
900 1397 1037 1425 motum
1067 1402 1141 1425 non
1174 1390 1487 1425 enuntiandis
1522 1391 1585 1424 sed

101 1435 385 1480 quaerendis
409 1436 533 1469 verbis
557 1438 824 1471 accommodant
851 1439 886 1479 2,
911 1440 967 1480 11,
992 1436 1024 1471 4.
1052 1448 1134 1471 cum
1157 1437 1238 1471 dico
1275 1437 1443 1471 circum
1480 1435 1586 1470 lito-

100 1492 170 1524 ra,
202 1486 368 1525 tanquam
393 1492 503 1514 unum
527 1482 674 1516 enuntio
703 1486 736 1526 1,
762 1485 796 1526 5,
820 1486 878 1519 27.
910 1489 949 1516 ut
982 1484 1154 1526 quaedam
1179 1483 1304 1525 etiam,
1335 1494 1427 1526 quae
1451 1482 1585 1526 optime

98 1526 304 1569 vinximus,
328 1527 443 1560 solute
470 1528 691 1562 enuntiemus
719 1531 774 1570 11,
800 1531 833 1571 2,
857 1528 916 1563 47.
964 1529 1012 1570 11)
1036 1531 1079 1562 de
1102 1532 1304 1562 elocutione.-
1331 1529 1423 1563 bene
1449 1528 1585 1563 inve-

101 1572 290 1615 niendi,
315 1578 351 1606 et
379 1573 470 1606 bene
494 1584 515 1607 e
532 1574 795 1607 nuntiandi
821 1574 1005 1618 (scientia)
1030 1578 1066 1617 7,
1094 1577 1130 1618 3,
1158 1578 1214 1608 12.
1241 1575 1272 1609 si
1298 1574 1455 1608 obscena
1478 1574 1585 1607 nudis

99 1617 303 1652 nominibus
334 1618 563 1652 enuntientur
594 1621 638 1662 8,
672 1622 715 1662 3,
749 1621 806 1654 38.
839 1621 954 1654 omnis
987 1631 1111 1661 sermq
1119 1647 1131 1663 ,
1168 1630 1240 1664 quo
1271 1622 1439 1655 voluntas
1466 1621 1586 1664 aliqua

64 1686 67 1690 ·
98 1664 302 1699 enuntiatur
325 1666 360 1706 3,
383 1666 418 1706 3,
443 1668 476 1698 1.
499 1665 538 1698 111
564 1665 847 1699 enuntianda
864 1666 1082 1714 cogitatione
1104 1679 1181 1710 opp.
1200 1666 1239 1699 in
1265 1665 1586 1710 concipienda

98 1711 137 1754 9,
164 1713 198 1753 1,
226 1710 281 1755 16.
305 1708 402 1753 prius
428 1715 482 1744 est
509 1711 762 1756 concipere
791 1713 909 1747 animo
937 1723 1009 1754 res,
1034 1723 1139 1756 quam
1163 1711 1430 1746 enuntiare
1454 1714 1498 1745 sb.
1528 1712 1584 1746 19.

101 1766 160 1807 res
183 1756 296 1797 clare,
323 1761 447 1799 atque,
479 1762 518 1789 ut
543 1757 642 1790 cerni
669 1757 880 1800 videantur,
913 1757 1097 1792 enuntiare
1120 1759 1155 1801 8,
1180 1759 1215 1801 3,
1242 1758 1301 1792 62.
1327 1769 1419 1803 quae
1441 1757 1586 1802 proprie

100 1800 284 1846 signari
308 1806 496 1845 poterant,
530 1802 681 1836 circuitu
704 1803 957 1838 enuntiare
996 1806 1055 1847 12,
1077 1806 1135 1847 10,
1157 1804 1191 1838 6.
1248 1830 1250 1832 -

9 1891 14 1900 ,
55 1855 251 1898 Enutrio.
314 1876 359 1900 eo
383 1872 565 1912 tempore,
590 1881 662 1914 quo
683 1865 1069 1915 praecipne‘alenda
1091 1870 1237 1918 ingenia
1263 1876 1370 1915 atque
1395 1869 1588 1915 indulgen-

103 1911 154 1946 tia
176 1911 326 1955 quadam
357 1914 646 1948 enutrienda
679 1922 760 1950 sunt
782 1918 818 1959 8,
842 1918 899 1950 Pr.
921 1919 958 1950 2.
1086 1911 1093 1919 ⁸

59 1956 142 1998 Eo.
171 1963 300 2010 ’[νῑο
336 1977 401 2010 pro
433 1977 493 2019 qq
522 1967 702 2004 infancia.
735 1971 801 2014 (ω.
831 1971 1016 2014 fictum)
1041 1973 1077 2014 8,
1103 1973 1139 2014 6,
1166 1975 1224 2007 33.
1253 1973 1301 2006 Ν.
1332 1985 1378 2005 cr.
1403 1983 1436 2005 v.
1460 1969 1584 2014 Via]

106 2016 137 2049 1)
168 2014 321 2056 proprie:
352 2021 433 2045 sero
456 2019 514 2046 itis
536 2016 572 2055 7,
600 2017 634 2056 1,
651 2016 713 2051 ⁷29.
738 2016 810 2050 isse
833 2018 886 2049 ad
908 2018 1030 2051 hostes
1057 2020 1099 2050 ib.
1124 2020 1180 2051 30.
1210 2018 1262 2050 ire
1286 2017 1331 2050 in
1355 2016 1467 2050 aciem
1492 2017 1527 2059 9,
1550 2019 1586 2059 2,

84 2058 162 2094 ’85.
196 2057 238 2091 is
271 2056 311 2090 in
333 2057 482 2091 exilium
503 2057 538 2100 6,
561 2061 596 2101 3,
622 2061 680 2094 78.
703 2072 738 2093 υ.
762 2062 932 2095 Redeo.
968 2063 1139 2096 deliberat
1163 2062 1205 2096 C.
1233 2062 1389 2104 Caesar,
1420 2061 1481 2095 An
1503 2073 1588 2106 per-

104 2108 249 2139 severet
274 2101 312 2136 in
343 2102 566 2136 Germaniam
600 2103 654 2138 ire
679 2107 713 2144 3,
737 2107 853 2148 8,,19.
888 2106 960 2140 itur
981 2108 1019 2140 in
1047 2107 1225 2151 antiquam
1252 2107 1379 2142 silvam
1405 2109 1439 2149 1,
1462 2106 1500 2150 4,
1526 2108 1584 2142 28.
1651 2113 1654 2116 ”

102 2155 227 2184 euntes
251 2149 296 2181 ad
322 2149 579 2185 redemtionem
600 2150 677 2193 ejus
700 2153 744 2193 7,
770 2153 787 2184 1
802 2152 883 2195 „29
909 2156 951 2185 Z.
1001 2151 1106 2185 simut
1128 2159 1253 2186 euntes
1279 2151 1478 2196 aptabimus
1503 2154 1590 2188 vela

106 2198 164 2238 10,
187 2197 223 2237 7,
247 2195 304 2228 23.
338 2193 400 2228 illa
438 2194 640 2229 scholarum
675 2198 897 2231 consuetudo
934 2196 1036 2241 itm-is
1071 2200 1110 2230 iu
1147 2200 1269 2231 forum
1302 2204 1420 2241 potest
1450 2208 1585 2233 nocere

107 2244 144 2284 7,
168 2243 204 2283 2,
228 2238 293 2280 543
325 2239 356 2273 si
382 2239 571 2284 aliquando
595 2241 770 2276 concitate
794 2243 908 2286 itur,
941 2254 1123 2287 nunquam
1146 2254 1221 2278 non
1243 2243 1371 2290 frigide
1407 2244 1587 2278 reditur

107 2285 166 2329 (in
194 2284 346 2328 actione)
383 2287 439 2329 11,
461 2288 498 2328 3,
528 2288 604 2320 133.
647 2288 701 2331 JI)
725 2292 841 2322 transl.
887 2287 928 2332 α)
953 2289 1107 2332 judicem
1129 2306 1173 2314 -
1198 2295 1303 2336 coget
1324 2289 1402 2332 ire,
1434 2301 1504 2334 qua
1525 2302 1586 2324 ra-

106 2331 159 2374 pit
190 2329 356 2373 (orator)
390 2333 528 2374 12„10,
552 2333 610 2367 61.
641 2339 681 2366 ut
710 2339 886 2368 errantem
914 2334 1156 2368 adversarium
1178 2336 1319 2378 trahas,
1342 2341 1379 2377 et
1400 2334 1455 2370 ite
1479 2347 1586 2380 quam

105 2375 312 2422 longissime
339 2386 448 2422 cogas
469 2378 504 2420 6,
530 2377 567 2420 4,
594 2381 656 2420 17;
679 2380 782 2414 altius
806 2380 927 2422 ibunt,
952 2380 1012 2424 qui
1037 2381 1080 2413 ad
1099 2391 1234 2415 summa
1259 2381 1417 2415 nitentur
1438 2382 1495 2415 Pr.
1523 2385 1584 2419 20.

106 2431 183 2455 11011
206 2422 310 2470 longe
333 2422 457 2457 Latina
482 2424 651 2468 subsequi
674 2426 815 2469 debent,
843 2431 879 2460 et
903 2426 974 2459 cito
999 2425 1131 2468 pariter
1150 2426 1204 2468 ire
1229 2429 1263 2470 1,
1288 2429 1323 2470 1,
1348 2426 1405 2461 14.
1430 2439 1586 2461 nasctm-

106 2472 166 2500 tur
193 2477 244 2519 ex
268 2467 324 2500 his
346 2468 436 2507 aliae
454 2470 780 2512 .contradictiones,
819 2478 973 2515 euntque
1003 2471 1146 2506 interim
1177 2471 1323 2519 longius-
1352 2475 1396 2515 5,
1427 2475 1495 2516 13,
1525 2474 1585 2507 54.

105 2513 249 2559 longius
270 2514 426 2549 eundum
438 2521 492 2551 est
513 2518 571 2559 12,
582 2517 640 2550 Pr.
663 2517 698 2551 4.
721 2517 767 2560 β)
787 2518 857 2560 adj.
876 2530 973 2560 per.-
998 2528 1076 2561 per
1091 2519 1211 2562 plures
1232 2519 1456 2562 ire-possunt
1479 2518 1586 2553 etiam

108 2569 198 2602 quae
215 2558 366 2603 singulis
390 2561 561 2604 tradenda
585 2568 667 2596 sunt
682 2565 715 2603 1,
728 2565 764 2605 2,
783 2565 838 2596 13.
854 2573 934 2596 cum
957 2574 1039 2606 per
1062 2574 1186 2598 omnes
1204 2571 1240 2598 et
1253 2575 1423 2609 personas
1441 2570 1476 2598 et
1500 2564 1587 2598 affe-

52 2610 58 2611 ’
106 2610 183 2638 ctus
206 2609 264 2638 eat
286 2604 304 2649 (
318 2605 510 2657 comoedia)
539 2610 572 2648 1,
597 2608 632 2650 8,
656 2611 691 2643 7.
721 2608 765 2649 cs.
794 2612 850 2650 12,
878 2609 914 2650 8,
942 2611 974 2642 1.
997 2614 1147 2653 patrono
1171 2622 1254 2654 per
1277 2610 1411 2644 similes
1435 2610 1583 2644 affectus

106 2651 259 2702 eundum
295 2657 363 2685 erit
399 2654 461 2695 11,
491 2655 533 2694 1,
558 2652 614 2687 84.
651 2665 734 2697 per
770 2659 862 2688 totas
895 2654 948 2688 ire
977 2655 1142 2689 materias
1174 2659 1237 2700 10,
1267 2658 1301 2698 5,
1328 2659 1384 2688 21.
1420 2655 1474 2689 ire
1505 2666 1585 2699 per

105 2697 260 2730 medium
283 2695 320 2738 4,
342 2699 379 2739 2,
402 2699 458 2731 32.
487 2709 584 2732 nuuc
613 2710 734 2733 eamus
759 2710 838 2743 per
864 2699 1019 2747 singulas
1046 2712 1232 2735 causarum
1255 2701 1474 2745 judicialium
1499 2712 1584 2745 par-

105 2745 161 2793 tes
182 2744 218 2783 7,
246 2743 281 2785 1,
302 2739 360 2776 64.
386 2741 431 2783 ogs.
458 2743 494 2786 6,
519 2747 552 2787 1,
581 2747 635 2778 12.
664 2755 749 2788 per
771 2755 895 2780 omnes
919 2746 1055 2790 species
1080 2758 1200 2781 rerum
1227 2747 1280 2781 ire
1303 2750 1339 2790 2,
1365 2748 1400 2791 5,
1423 2747 1488 2789 243
1511 2753 1584 2781 ter-

105 2791 251 2830 tiusest
276 2788 423 2831 modus,
450 2790 502 2839 ad
535 2801 641 2834 quem
665 2801 740 2825 non
763 2802 846 2835 per
879 2793 1008 2839 gradus
1030 2793 1101 2827 itur
1126 2795 1161 2836 8,
1185 2794 1220 2837 4,
1244 2797 1277 2828 7.
1316 2790 1377 2836 7)
1412 2792 1486 2837 adj.
1518 2796 1581 2827 in.-
