1728 3002
160 171 244 212 320
651 151 657 155 ⁹
693 168 880 213 Fabulor
920 196 977 205 —-
1014 171 1158 215 Facile

207 283 252 318 ad
273 293 416 318 scenam
439 289 721 330 componuntur,
746 290 1020 332 argumenta
1043 285 1208 322 dicuntur
1231 286 1266 331 5,
1285 289 1343 333 10,
1365 289 1400 326 9.
1426 289 1473 332 cs.
1499 292 1557 336 11,
1579 292 1616 335 3,
1639 294 1698 331 73.

205 334 386 364 correctas
410 331 486 374 ejus
512 331 698 376 (Aeschyli)
723 332 861 366 fabulas
891 335 949 375 10,
974 335 1008 376 1,
1036 333 1095 369 66.
1132 334 1172 369 in
1193 334 1327 370 fabulis
1347 335 1542 382 juvenum,
1574 350 1700 373 senum

208 384 267 411 etc.
294 377 438 423 gravior
466 377 648 424 ingressus
675 383 729 412 est
758 381 814 422 11,
839 380 874 422 3,
904 381 984 413 112.

160 419 362 463 Fabulor.
424 434 565 478 quidam
597 433 794 479 (oratores)
824 455 872 462 —
905 435 1048 470 sinistra
1076 442 1217 484 gestum
1241 435 1415 474 facientes
1441 438 1641 484 spatiantur
1663 447 1699 476 et

207 480 412 513 fabulantur
435 483 492 523 11,
520 482 553 523 3,
580 483 659 515 131.

159 523 413 566 FabUIOSUS·
468 537 607 583 aliaque
632 537 744 585 magis
774 539 890 573 adhuc
912 539 1084 574 fabulosa·
1107 542 1148 583 2,
1174 542 1239 584 10,
1263 539 1300 575 5.
1334 539 1375 574 111
1398 532 1634 578 fabulosis
1662 549 1699 578 et

206 583 404 616 carmini
440 584 642 618 traditis
673 587 714 627 2,
740 583 781 628 4,
811 587 866 619 18.
905 598 982 629 ορρ.
1004 585 1276 621 notioribus
1305 589 1344 630 1,
1368 588 1413 630 8,
1436 590 1494 621 21.
1527 587 1616 622 mihi
1638 595 1698 624 to-

204 634 280 662 tum
304 631 348 663 de
374 630 590 674 Tyndaridis
613 631 815 665 fabulosum
837 631 981 667 videtur
1007 635 1070 675 11,
1095 635 1138 675 2,
1162 634 1217 668 16.
1250 635 1418 679 exempla
1445 639 1572 670 vetera
1594 635 1700 670 fabu-

203 676 280 709 losa
305 675 424 710 dicere
448 676 571 711 licebit
595 678 629 720 5,
658 680 713 721 13,
739 676 796 712 24.

157 718 325 762 Facete·
372 735 518 777 (Cicero)
541 735 645 779 plura
671 746 778 779 quam
804 733 990 780 quisquam
1014 735 1104 770 dixit
1127 736 1198 770 fac.
1221 735 1256 779 6,
1279 737 1314 779 3,
1337 733 1374 772 4.

157 776 368 818 Facetlae·
415 789 452 823 in
472 793 650 825 narrando
667 791 795 826 Cicero
814 792 1009 826 consistere
1032 793 1078 826 ta
1090 792 1236 827 cetiasss
1260 798 1372 837 putat,
1397 790 1698 828 dicacitatem

203 834 240 868 in
252 835 415 877 jaciendo
429 838 488 879 (de
507 838 592 881 conj.
611 841 645 872 R
656 841 720 880 egi
731 841 754 882 i,
771 841 855 871 sicut
866 851 923 882 ap.
939 841 1006 873 Cic.
1019 842 1139 882 legitur
1148 853 1162 880 ‚-
1179 838 1293 873 Codd.
1307 838 1488 882 faciendo)
1507 840 1543 883 6,
1553 842 1588 884 3,
1596 841 1695 875 42Ν.
1723 858 1728 861 ·

157 879 354 921 FaCPtUS·
408 894 454 927 fa
467 905 516 928 ce
528 901 618 928 tum
648 905 724 929 non
749 900 884 929 tantum
913 895 1009 930 circa
1037 895 1245 938 ridicula
1272 895 1469 930 consistere
1499 896 1522 931 6
1534 921 1546 939 ,
1559 890 1615 941 Ὁ,
1643 898 1700 933 19.

202 939 328 982 Neque
360 939 455 973 enim
489 941 626 975 diceret
659 941 829 975 Horatius
840 967 851 985 ,
881 942 957 976 fac
968 953 987 975 e
999 947 1088 975 tum
1115 941 1282 976 carminis
1310 953 1422 988 genus
1449 948 1574 976 natura
1606 953 1696 977 con-

202 993 343 1018 cessum
366 997 444 1020 esse
468 987 635 1034 Virgilio.
691 989 755 1021 De
769 986 899 1022 coris
934 989 1027 1021 hanc
1051 988 1162 1035 magis
1193 994 1228 1023 et
1252 989 1415 1022 excultae
1439 989 1576 1032 cujusd.
1602 990 1696 1023 ele-

202 1031 392 1077 gantiae
417 1034 690 1077 appellationem
712 1040 811 1078 puto.
871 1034 1028 1078 Ideoque
1059 1033 1098 1067 in
1130 1034 1288 1079 epistolis
1322 1033 1451 1069 Cicero
1475 1035 1565 1068 haec
1593 1033 1697 1069 Bruti

201 1078 313 1110 refert
341 1079 473 1112 verba:
522 1081 599 1114 Nae
623 1079 675 1113 illi
701 1086 783 1114 sunt
806 1081 915 1125 pedes
938 1080 1089 1115 faceti
1114 1092 1155 1115 ac
1182 1080 1320 1116 deliciis
1342 1080 1557 1127 ingredienti
1579 1079 1696 1115 mol-

202 1124 275 1156 les
303 1125 346 1158 ib.
372 1127 430 1158 20.
456 1137 489 1158 v.
513 1127 547 1159 D
564 1125 771 1160 eliciae.

154 1165 190 1207 F
192 1182 319 1209 30188·
377 1182 410 1223 I)
442 1183 600 1217 hominis.-
634 1183 769 1226 facies,
800 1194 1001 1228 quanquam
1025 1194 1072 1217 ex
1094 1182 1315 1227 paucissimis
1339 1188 1499 1226 constat,
1523 1182 1695 1219 infinitam

201 1226 309 1259 habet
329 1226 564 1262 differentiam
590 1231 628 1263 11
646 1256 656 1273 ,
680 1232 722 1273 3,
747 1230 802 1265 18.
834 1231 943 1264 habet
966 1228 1005 1262 in
1026 1229 1165 1274 pictura
1197 1231 1403 1274 speciem
1437 1235 1513 1264 tota
1544 1232 1632 1264 fac.
1656 1234 1693 1273 2,

203 1274 259 1313 13,
288 1274 351 1313 123
378 1275 527 1307 adversa
551 1275 597 1308 sit
622 1277 693 1310 fac.
717 1279 759 1318 2,
785 1277 846 1318 13,
871 1277 906 1311 9.
940 1276 1010 1309 fac.
1035 1275 1244 1310 cicatricosa
1267 1275 1302 1319 4,
1329 1279 1362 1318 1,
1386 1277 1444 1311 61.
1476 1276 1546 1310 fac.
1572 1276 1692 1321 aliqua

199 1317 412 1351 miserabilis
437 1323 480 1362 2,
504 1321 565 1363 15,
590 1322 624 1355 6.
659 1321 717 1355 cui
741 1319 928 1366 (Priamo)
951 1321 1080 1355 faciem
1102 1321 1198 1355 illam
1223 1322 1439 1365 (Helenae),
1477 1332 1526 1356 ex
1549 1333 1619 1366 qua
1641 1328 1694 1357 tot

200 1362 424 1403 lacrimarum
449 1365 551 1412 origo
568 1367 766 1410 -ssuxisset,
801 1367 954 1402 invisam
978 1373 1083 1412 atque
1108 1367 1377 1402 abominandam
1401 1379 1480 1402 esse
1504 1369 1692 1412 oportebat

202 1411 243 1452 8,
264 1408 307 1451 4,
330 1412 387 1443 22.
421 1410 518 1444 illam
540 1412 700 1458 pugilum
725 1414 1031 1457 congredientium
1056 1413 1187 1448 faciem
1210 1413 1270 1457 (α.
1295 1419 1318 1448 1.
1342 1413 1478 1456 aciem)
1509 1414 1547 1457 8,
1571 1415 1606 1456 3,
1630 1414 1688 1448 63.

201 1467 249 1490 ne
283 1454 414 1490 faciem
443 1456 586 1501 quidem
613 1459 745 1492 habere
770 1459 875 1492 liberi
902 1459 1056 1492 hominis
1087 1461 1126 1502 6,
1152 1462 1195 1502 3,
1220 1462 1278 1494 32.
1309 1459 1371 1505 qui
1401 1460 1532 1493 malam
1561 1459 1693 1495 faciem

199 1502 325 1545 habet,
362 1501 454 1536 liber
488 1513 563 1536 non
597 1504 675 1537 est?
712 1506 774 1545 ib.;
815 1510 938 1537 orator
968 1505 1075 1538 habet
1107 1512 1243 1539 rectam
1275 1506 1452 1550 quandam
1487 1506 1588 1540 velut
1621 1507 1691 1539 fa-

201 1547 338 1582 ciem:
366 1559 456 1592 quae
478 1555 518 1582 ut
541 1555 684 1593 stupere
708 1548 879 1583 immobili
903 1549 1022 1594 rigore
1048 1561 1122 1584 non
1146 1550 1310 1594 debebit,
1333 1550 1382 1584 ita
1405 1550 1548 1595 saepius
1574 1550 1612 1584 in
1634 1562 1692 1595 ea,

202 1606 310 1639 quam
346 1601 472 1628 natura
502 1595 619 1638 dedit,
653 1595 819 1640 specie
851 1596 1065 1629 continenda
1098 1600 1152 1629 est
1185 1597 1230 1636 9,
1254 1598 1296 1638 3,
1321 1599 1399 1630 101.
1429 1595 1475 1637 cs.
1502 1599 1540 1640 1,
1566 1599 1630 1639 11,
1655 1598 1692 1633 9.

199 1640 396 1685 perfricare
419 1641 550 1676 faciem
573 1647 608 1676 et
632 1641 733 1686 quasi
757 1641 954 1686 improbam
978 1641 1098 1675 facere
1124 1643 1163 1674 11
1179 1666 1189 1683 ‚
1213 1643 1253 1684 3,
1279 1642 1358 1676 160.
1395 1641 1526 1675 faciem
1553 1642 1692 1687 lanipe-

200 1687 255 1720 dis
283 1687 378 1720 senis
405 1693 576 1732 torquens
603 1688 642 1730 5,
669 1691 733 1731 11,
757 1687 813 1722 24.
857 1698 1005 1721 necesse
1030 1693 1084 1720 est
1110 1686 1226 1720 minus
1250 1687 1296 1720 sit
1322 1705 1366 1712 —
1390 1687 1539 1733 imago
1563 1689 1690 1723 facie

201 1736 265 1776 10,
290 1736 330 1776 2,
357 1736 413 1767 11.
455 1736 498 1767 ad
532 1734 688 1781 singulas
722 1745 835 1778 paene
861 1733 1105 1767 distinctiones
1130 1732 1291 1777 quamvis
1318 1732 1356 1766 in
1383 1734 1507 1767 eadem
1544 1733 1689 1778 facie,

200 1785 320 1813 tamen
345 1779 444 1823 quasi
468 1782 634 1816 vultus
662 1781 850 1813 mutandus
874 1785 928 1813 est
952 1782 1008 1822 11,
1033 1782 1066 1822 3,
1091 1778 1135 1813 47
1162 1780 1208 1813 Ν.
1267 1777 1314 1821 11)
1341 1783 1457 1812 transl.
1484 1781 1506 1812 i.
1532 1793 1564 1824 q.
1593 1793 1641 1824 sp
1652 1793 1691 1814 e-
1724 1819 1728 1821 ,

203 1829 315 1859 cies.-
349 1826 491 1860 interim
514 1837 562 1860 ex
583 1827 742 1870 pluribus
767 1826 920 1860 efficitur
944 1824 1005 1858 illa
1019 1850 1030 1867 ,
1058 1836 1162 1870 quam
1186 1835 1358 1859 conamur
1380 1824 1602 1869 exprimere,
1633 1827 1691 1860 fa-
1713 1826 1728 1847 ⁴·

201 1871 275 1906 cies
300 1873 334 1913 8,
362 1874 396 1915 3,
420 1873 477 1907 66.
516 1884 665 1917 quarum
693 1871 923 1916 (causarum)
949 1871 1047 1906 varia
1071 1882 1111 1904 ac
1136 1880 1233 1906 nova
1257 1881 1398 1915 semper
1421 1877 1474 1905 est
1496 1872 1566 1905 fac.
1591 1874 1627 1914 2,
1649 1870 1688 1915 4,
1710 1882 1726 1918 j

198 1919 256 1952 28.
294 1917 357 1951 ubi
381 1919 518 1953 frons
546 1930 673 1952 causae
698 1929 770 1952 non
795 1917 878 1952 satis
904 1920 1052 1951 honesta
1077 1922 1150 1959 est,
1190 1935 1221 1940 -
1257 1922 1316 1950 aut
1339 1917 1370 1950 si
1393 1916 1517 1951 facie
1545 1927 1688 1962 quoque

199 1963 277 2008 ipsa
299 1964 494 2008 premitur,
528 1966 590 1999 vel
612 1964 790 1998 invidiosa
818 1963 1045 1998 consistentis
1075 1975 1122 1997 ex
1147 1962 1291 1997 diverso
1315 1962 1455 2006 patroni
1481 1968 1541 1996 ant
1565 1963 1687 2007 patris,

199 2011 262 2046 vel
285 2009 476 2044 miserabili
502 2010 620 2054 senis,
649 2015 710 2044 εἰσ.
738 2010 782 2053 4,
807 2013 824 2044 1
840 2036 850 2051 ,
875 2009 922 2044 42
945 2011 993 2044 Ν.
1022 2008 1067 2050 cf.
1094 2010 1301 2043 Doederl.
1333 2010 1428 2052 Syn.
1452 2009 1517 2043 1V.
1545 2020 1579 2053 p.
1605 2011 1686 2044 319.

199 2056 268 2091 alia
290 2055 369 2090 veri
394 2056 608 2090 discriminis
634 2057 703 2091 fac.
735 2059 799 2099 12,
825 2057 861 2099 6,
886 2055 918 2090 4.
955 2057 1075 2100 plures
1099 2054 1323 2098 eloquentiae
1351 2055 1421 2089 fac.
1447 2057 1513 2098 12,
1539 2056 1604 2098 10,
1627 2055 1687 2090 69.

198 2115 232 2138 v.
262 2102 481 2146 Species.
516 2104 585 2138 fac.
617 2102 786 2147 simplicis
819 2102 995 2146 sumtique
1025 2113 1046 2136 e
1076 2101 1243 2145 proximo
1278 2100 1452 2135 sermonis
1485 2100 1530 2142 4,
1559 2102 1601 2143 1,
1629 2100 1687 2135 54.
1726 2100 1728 2117 ³

200 2150 374 2193 quaedam
397 2149 526 2183 faciem
549 2148 752 2183 soloecismi
775 2149 909 2182 habent
934 2151 967 2190 1,
996 2147 1030 2190 5,
1056 2148 1111 2182 52.
1144 2146 1309 2191 quoniam
1333 2145 1500 2180 similium
1523 2145 1591 2179 alia
1613 2147 1686 2180 fac.

199 2195 238 2229 in
265 2194 333 2228 alia
356 2194 429 2238 (sic
453 2197 520 2238 Sp.
548 2196 697 2238 συνήρα,
726 2197 777 2229 ed.
805 2194 890 2238 tali)
914 2194 1055 2227 ratione
1089 2195 1129 2236 5,
1155 2197 1193 2226 11
1209 2218 1220 2235 ,
1243 2192 1291 2226 24
1317 2196 1360 2226 Ζ.
1393 2193 1482 2226 haec
1507 2193 1608 2226 velut
1630 2191 1689 2226 in-

197 2241 366 2275 termixta
389 2241 658 2284 simulacra,
696 2240 876 2285 propriam
899 2246 1020 2274 tamen
1042 2238 1212 2272 faciem
1236 2237 1461 2272 ostendentia
1493 2239 1535 2281 3,
1561 2238 1597 2282 6,
1626 2238 1683 2272 88.

196 2288 405 2331 frequenter
428 2289 492 2321 sub
517 2289 584 2321 hac
607 2287 701 2322 facie
723 2288 811 2321 latet
834 2285 989 2320 adulatio
1012 2287 1048 2327 9,
1066 2288 1099 2326 2,
1121 2286 1177 2319 28.
1206 2284 1499 2322 inventiunculae
1522 2302 1569 2309 —
1592 2283 1687 2318 facie

195 2332 331 2379 ingenii
360 2333 589 2368 blandiuntur
614 2335 649 2377 8,
674 2335 708 2377 5,
734 2336 790 2368 22.
827 2333 942 2367 donec
966 2333 1088 2366 literas
1110 2329 1203 2364 facie
1230 2329 1351 2364 norint
1374 2332 1407 2373 1,
1434 2332 1466 2372 1,
1491 2329 1548 2364 25.
1708 2332 1712 2335 ’

149 2386 309 2429 Faene-
368 2398 410 2444 α)
435 2400 543 2435 facile
565 2400 776 2445 praecipuus
802 2402 858 2442 10,
879 2402 912 2442 1,
931 2400 989 2433 68.
1025 2398 1053 2431 f.
1070 2395 1307 2431 concesserim
1333 2395 1390 2431 Pr.
1415 2398 1471 2431 15.
1506 2390 1707 2431 fidicente

197 2455 245 2478 ex
274 2451 435 2489 tempore
458 2447 500 2489 6,
524 2449 558 2490 3,
589 2449 666 2480 111.
703 2457 814 2491 parva
836 2447 863 2480 f.
886 2444 1023 2479 faciunt
1048 2445 1090 2486 1,
1117 2445 1159 2486 3,
1182 2441 1217 2476 4.
1252 2443 1279 2476 f.
1306 2441 1383 2477 fieri
1407 2444 1452 2485 5,
1477 2443 1541 2484 10,
1564 2443 1622 2477 92.
1657 2442 1686 2475 f.

196 2491 366 2524 mentitur
388 2493 431 2535 5,
457 2495 520 2536 10,
546 2495 605 2528 87.
640 2493 668 2526 f.
693 2492 927 2536 persuadetur
948 2489 992 2532 4,
1018 2491 1063 2532 3,
1084 2490 1142 2522 ’10,
1177 2487 1329 2523 facile
1356 2493 1427 2533 atq.
1458 2487 1598 2522 distin
1611 2492 1704 2522 ctos

198 2534 330 2578 scripta
356 2539 401 2579 2,
432 2538 476 2581 5,
504 2537 539 2574 4.
591 2537 633 2582 β)
669 2541 931 2581 Compar-at„-
971 2535 1056 2569 huic
1087 2534 1179 2578 parti
1208 2533 1404 2568 facilius
1431 2533 1601 2567 accedent
1628 2535 1702 2576 12,*‘

199 2583 256 2622 11,
282 2584 337 2614 11.
378 2593 450 2625 quo
478 2584 548 2618 fac.
573 2589 740 2628 appareat
763 2587 806 2626 7,
831 2585 873 2627 1,
897 2581 955 2616 41.
990 2582 1060 2615 fac.
1091 2581 1241 2614 credunt
1263 2581 1308 2622 8,
1332 2581 1372 2621 3,
1401 2579 1422 2612 5
1448 2591 1478 2611 v.
1507 2552 1728 2617 Cadmi·

198 2636 270 2670 qno
293 2627 365 2660 fac.
390 2627 595 2674 digerantur
619 2628 716 2674 (cibi)
743 2632 806 2671 10,
831 2631 875 2672 1,
900 2629 955 2664 19.
995 2637 1067 2672 quo
1095 2627 1163 2660 fac.
1191 2626 1300 2665 iudex
1325 2622 1524 2670 intelligat,
1557 2623 1684 2658 memi-

198 2671 312 2714 nerit,
341 2674 461 2706 credat
482 2674 518 2714 4,
541 2678 576 2718 2,
599 2677 656 2709 33.
695 2686 766 2720 quo
788 2675 859 2709 fac.
885 2680 921 2708 et
943 2678 1149 2708 occurreret
1171 2680 1281 2704 unum
1304 2670 1470 2714 aliquod,
1495 2675 1531 2702 et
1553 2689 1599 2696 —
1622 2681 1684 2703 su-
1727 2674 1728 2677 ’

197 2723 337 2752 merent
360 2718 454 2751 aliud
479 2722 534 2762 10,
560 2724 601 2762 1,
624 2721 660 2755 7.
699 2720 839 2754 minora
863 2721 936 2754 fac.
962 2718 1118 2753 minores
1146 2715 1346 2761 percipiunt
1373 2721 1409 2758 ¹,
1440 2718 1478 2757 1,
1502 2717 1559 2748 22.
1594 2715 1682 2750 scri-

196 2764 322 2799 bamus
344 2763 414 2802 fac.
445 2766 500 2808 10,
525 2768 560 2809 7,
585 2765 643 2801 29.
701 2765 736 2811 y)
773 2769 963 2811 sapertun.-
998 2763 1036 2799 id
1059 2761 1291 2798 facillime
1314 2760 1492 2806 accipiunt
1513 2760 1680 2804 animi‘8,

1691 2613 1695 2621 ι
