1728 3002
730 178 815 222 Hie
1456 170 1537 218 381

47 297 162 338 hnic
351 297 538 333 accederet
557 296 594 340 9,
617 295 654 341 4,
676 294 737 332 94.
783 293 840 329 Hi
861 303 955 331 vero
974 303 1089 338 parva
1112 291 1216 337 illa,
1250 300 1342 337 quae
1364 296 1451 333 eto„
1476 287 1541 324 de-

15 383 18 386 ,
49 348 187 394 spicien
211 358 233 382 a
254 345 503 391 judicaverunt
525 346 583 387 11,
608 346 641 386 1,
667 345 723 377 13.
756 341 824 376 his
847 340 934 375 illa
950 339 1172 385 potentiora,
1196 339 1292 384 qnod
1311 345 1375 373 etc.
1398 338 1455 379 12,,
1481 338 1540 379 10,

0 391 125 466 [(34.
158 395 255 429 Hos
275 392 363 426 ille
387 389 554 426 formabit
577 389 677 434 quasi
702 387 929 433 eloquentiae
954 397 1085 431 parens
1113 389 1181 429 12,
1211 387 1251 419 11
1270 410 1282 428 ,
1311 384 1345 419 5.
1392 387 1542 427 propter

19 438 238 476 'hunnorum
259 437 399 483 potius,
432 447 514 478 nm
537 437 627 470 hoc
654 435 740 469 illa
762 440 858 468 aetas
885 432 1054 480 turgescit
1083 435 1140 475 11,
1162 433 1198 473 3,
1221 432 1277 466 28.
1325 429 1421 462 Hoo
1445 427 1540 462 enim

0 484 21 508 ¹*
50 490 107 522 est
127 484 287 521 eiius
310 489 385 518 arte
408 492 482 518 non
504 481 647 525 inutile,
678 481 924 515 attendere
951 480 1052 527 signa
1078 480 1122 512 ad
1146 488 1229 519 eos,
1266 475 1327 521 qui
1352 474 1538 516 excidunt,

50 528 177 567 sensui
201 533 264 572 11,
292 533 334 572 2,
358 530 414 565 29.
454 527 499 571 os.
522 528 567 571 6,
591 530 635 571 3,
659 529 716 562 36.
751 528 795 571 9,
822 529 863 565 3,
899 528 965 569 103
1006 525 1052 558 in
1081 525 1151 558 h‘is
1179 523 1321 568 quidem
1345 521 1464 555 minor
1487 525 1542 554 est

34 578 163 620 labor,
184 597 231 602 —
255 576 354 611 illic
376 577 456 620 plus
480 574 695 609 difficultutis
721 576 776 615 11,
804 575 838 615 1,
862 572 930 614 68;
969 582 1050 606 cum
1076 570 1153 604 hic
1176 573 1415 610 testamento,
1451 566 1539 600 ille

48 623 279 669 proximitate
302 621 436 656 nitetur
457 623 500 663 3,
523 621 565 662 6,
590 622 648 657 95.
685 619 732 661 ‘'s-
756 622 797 662 9,
823 623 864 661 1,
888 619 943 652 15.
984 618 1097 652 haec
1134 616 1230 651 enim
1264 626 1304 650 sc
1330 624 1412 660 pars
1443 613 1542 655 iure-

48 670 227 715 jurando,
257 668 344 702 illa
366 678 544 702 consensu
565 666 781 714 'signantium
809 671 928 699 tuetur
953 665 996 706 5,
1025 667 1068 707 7,
1099 665 1156 698 32.
1202 662 1239 696 in
1273 660 1347 696 his
1386 659 1541 702 judicem

50 715 139 758 sibi,
172 715 211 749 in
239 713 348 749 illis
377 713 438 747 alii
461 714 609 748 credere
642 715 685 746 ib.
708 714 767 747 33.
817 723 863 745 an
899 711 1032 744 illum
1062 708 1270 753 deposuisse
1302 707 1395 752 apud
1420 706 1541 739 hunc

49 765 87 805 7,
110 764 146 804 2,
171 763 229 796 50.
259 772 294 795 v.
319 759 429 794 Ille.
474 758 515 804 γ)
545 760 620 793 hic
642 761 689 792 od
714 760 915 802 propiorem,
940 759 1017 789 ille
1041 757 1086 788 ad
1112 758 1337 789 remotiorem:
1369 752 1463 787 ratio
1487 752 1543 785 lo-

16 816 19 827 ·
49 806 184 852 quendi
208 811 244 840 et
267 805 446 841 enarratio
469 811 674 839 auctorum:
705 816 853 849 quarum
874 803 998 837 illam
1021 800 1262 844 methodicen,
1288 801 1402 834 hanc
1426 797 1544 832 histo-

3 853 150 888 νὲιίοεει
170 853 304 888 vocant
326 855 362 895 1,
384 853 423 892 94
444 854 478 886 1.
508 847 640 886 πάθος
663 857 768 895 atque
790 845 887 893 ἦθος
914 860 994 883 esse
1019 847 1162 882 interim
1185 858 1233 880 ex
1257 847 1382 884 eadem
1406 850 1543 886 natura,

20 907 30 927 *i
48 899 99 934 ita
120 898 313 932 utillud
340 897 457 942 majus
479 897 548 939 sit,
587 898 674 930 hoc
698 896 816 930 minus
838 896 874 938 6,
896 898 931 937 2,
962 898 1016 928 12.
1060 893 1175 935 cs.1'b.
1202 895 1247 926 17
1270 893 1319 926 Ν.
1362 890 1400 933 4,
1426 894 1460 934 1,
1486 890 1542 924 15.

111 947 145 986 1,
168 945 204 986 9.
237 945 355 987 10,-1,
377 943 469 986 1ffi;
490 942 621 984 ‘Nam‚
651 953 733 976 cnm
756 943 844 985 (Sp.
867 944 967 974 inser.
992 939 1080 981 nisi)
1105 950 1154 973 ex
1176 939 1266 972 illo
1290 943 1326 972 et
1348 937 1542 971 hocloco

50 992 67 1031 (
80 1026 83 1029 ,
99 1015 109 1023 .
132 990 175 1023 de'
196 996 336 1033 utroque
359 995 473 1022 actore
494 990 654 1031 explicent
677 988 765 1021 nihil
791 998 863 1021 non
895 987 944 1030 (S
951 1000 985 1029 p,
1012 984 1090 1026 om.)
1122 985 1167 1018 ab
1190 989 1333 1018 oratore
1356 988 1542 1026 tractetur,

50 1035 222 1080 quidquid
243 1035 290 1068 de
313 1030 473 1068 ho'nestis
498 1039 533 1067 et
554 1033 719 1076 utilibus,
752 1033 907 1076 denique
930 1031 1105 1066 faciendis
1129 1036 1165 1068 et
1186 1041 1261 1064 non
1284 1027 1459 1063 faciendis
1486 1028 1544 1062 di-

15 1100 22 1108 ·
49 1081 154 1124 citur,
178 1075 277 1122 ἦθος
299 1078 355 1122 (S
362 1093 398 1124 p.
423 1079 519 1122 huc)
542 1079 668 1113 vocari
695 1085 812 1124 potest
834 1081 900 1120 (sic
920 1083 977 1112 Z„
991 1083 1099 1112 locum
1121 1077 1279 1116 restituit)
1301 1077 1338 1118 6,
1363 1078 1397 1118 2,
1422 1078 1464 1108 11
1491 1074 1541 1108 Ν.

51 1135 84 1161 et
102 1128 146 1160 S.
188 1122 237 1168 δ)
275 1127 344 1159 hic
374 1127 422 1158 ad
445 1128 669 1167 remotiorem,
693 1129 774 1159 ille
798 1127 844 1158 ad
866 1127 1075 1167 propiorem:
1106 1133 1214 1156 causa
1237 1122 1375 1163 omnis,
1410 1121 1450 1154 in
1472 1131 1543 1164 qua

49 1179 132 1218 parv
147 1173 272 1206 ·altera
293 1171 431 1218 agentis
456 1177 531 1211 est,
572 1172 682 1205 altera
712 1171 935 1212 recusantis,
976 1175 1038 1203 ant
1074 1170 1180 1202 unius
1206 1167 1263 1202 rei
1294 1166 1544 1202 controversia

50 1220 203 1260 constat,
231 1223 292 1251 ant
313 1217 481 1261 plurium.
525 1218 646 1251 Haec
667 1217 822 1261 simplex
845 1215 996 1257 dicitur;
1020 1215 1100 1248 illa
1125 1214 1318 1257 conjuncta
1342 1216 1377 1254 3,
1391 1215 1447 1256 10,
1461 1216 1478 1246 1
1492 1213 1542 1246 Ν.

46 1281 50 1286 ·
151 1278 198 1305 5—-
220 1261 349 1298 cicero
372 1269 479 1307 atque
500 1262 648 1297 Asinius
673 1263 833 1297 certatim
856 1267 939 1296 sunt
960 1261 1039 1294 nsi:
1071 1271 1138 1304 pro
1167 1261 1304 1294 Scauro
1328 1259 1428 1301 hic,
1456 1258 1542 1292 ille

46 1312 117 1355 pro
141 1307 217 1342 filio
242 1309 338 1352 6,.1,
366 1311 408 1343 21
438 1310 486 1342 Ν.
515 1314 551 1342 et
577 1308 775 1351 invidiam3
812 1318 967 1352 namque
993 1308 1106 1341 altera
1128 1306 1316 1348 invidum,
1347 1306 1460 1340 altera
1483 1305 1543 1338 in-

44 1355 227 1391 vidiosun
247 1354 347 1388 fucit.
374 1355 472 1388 Hoc
495 1359 614 1388 autem
630 1355 797 1398 hominis,
823 1355 941 1388 illud
963 1353 1020 1388 rei
1031 1359 1086 1387 est
1101 1354 1181 1396 6,2,
1195 1355 1254 1386 21.
1280 1351 1325 1394 cs.
1340 1355 1374 1395 1,
1386 1353 1421 1395 5,
1435 1352 1479 1386 13
1492 1351 1541 1385 Ν.

2 1434 4 1438 .
46 1402 86 1446 6,
107 1403 143 1444 1,
164 1402 211 1437 9.
239 1401 275 1443 6,
297 1403 334 1444 2,
356 1401 392 1436 9.
425 1401 461 1443 8,
485 1401 544 1434 Pr.
571 1403 627 1435 17.
669 1405 725 1445 11,
752 1403 787 1444 3,
812 1403 870 1435 30.
894 1399 952 1434 41.
990 1403 1047 1443 12,
1074 1400 1132 1442 10,
1158 1399 1214 1434 16.

137 1468 192 1513 V)
219 1470 467 1503 adverbialiter.
515 1467 557 1511 α)
580 1471 717 1503 Ablat..·
750 1468 848 1501 Hoc
878 1467 1029 1511 amplius
1056 1470 1089 1511 1,
1113 1467 1148 1510 5,
1172 1467 1220 1502 50
1244 1466 1292 1500 Ν.
1330 1466 1414 1499 Ηοο
1437 1475 1543 1508 aper-

46 1514 118 1552 tius
139 1516 176 1559 3,
189 1515 224 1555 6.
237 1517 296 1549 73.
329 1516 364 1548 Is
390 1525 521 1559 porro,
551 1525 636 1559 quo
665 1513 877 1561 generosior
901 1514 1104 1558 celsiorque
1128 1519 1202 1552 est,
1232 1513 1322 1546 hoc
1345 1511 1542 1555 majoribus

15 1586 20 1591 -
42 1560 147 1597 velut
169 1559 312 1608 organis
335 1566 584 1596 commovetur
612 1563 630 1594 1
646 1587 657 1603 ,
682 1563 728 1602 2,
758 1562 816 1594 30.
852 1559 896 1601 cs:
921 1560 957 1602 4,
982 1563 1018 1603 2,
1041 1559 1100 1594 14.
1133 1561 1170 1602 8,
1193 1561 1228 1602 3,
1252 1558 1309 1592 74.
1348 1559 1435 1592 hoc
1460 1562 1543 1598 sunt

15 1643 26 1647 ,
46 1608 211 1654 exempla
242 1607 446 1652 potentiora
479 1627 526 1632 —
559 1606 691 1651 quia,
725 1617 817 1650 quae
842 1607 971 1640 doctor
997 1605 1199 1650 praecepit,
1236 1610 1361 1650 orator
1387 1603 1543 1638 ostendit

0 1662 6 1671 ¹
44 1656 104 1696 10,
129 1655 163 1696 1,
188 1653 303 1687 firm
349 1654 393 1696 β)
416 1656 541 1687 Aecus.
568 1661 626 1686 aut
653 1655 769 1687 Ablat.
792 1659 865 1695 posi
889 1655 1090 1695 Praeposs..·
1129 1651 1195 1685 Ac
1221 1650 1376 1694 primum
1398 1665 1443 1673 --
1470 1648 1542 1683 Ad

45 1698 136 1777 §cz-1.
164 1699 222 1739 at)
250 1699 342 1732 hoc
371 1701 428 1741 12,
456 1701 488 1740 1,
514 1698 686 1733 38—42.
723 1710 757 1732 v.
784 1698 861 1737 Ad,
909 1698 1000 1743 Quis
1026 1697 1152 1731 inter
1183 1698 1302 1731 haec
1339 1695 1453 1729 literis
1478 1703 1541 1728 etc.

1 1763 6 1765 Δ
61 1753 152 1795 ⁰⁶²⁸.
173 1746 231 1786 12,
255 1746 289 1786 1,
312 1747 349 1778 7.
383 1745 556 1778 habemus
583 1751 685 1778 ante
708 1744 863 1778 omnia
888 1745 1007 1779 virum
1034 1745 1181 1785 bonum,
1208 1748 1318 1787 post
1342 1744 1461 1776 haec
1485 1741 1542 1774 di-

10 1789 162 1826 moendtv-
179 1789 331 1831 peritum
353 1791 398 1826 ὦ.
421 1792 480 1823 27.
517 1795 553 1824 et
579 1796 700 1824 rectus
723 1791 838 1833 ordo,
876 1797 911 1825 et
939 1796 1020 1834 apta
1044 1791 1229 1833 junctura,
1266 1794 1303 1823 et
1333 1796 1431 1822 cum
1463 1787 1542 1821 his

47 1843 220 1867 umerus
242 1839 442 1877 opportune
469 1837 600 1870 cadens
626 1837 662 1877 9,
685 1834 720 1879 4,
745 1839 804 1870 27.

0 1887 102 1930 HIC.
148 1901 242 1952 Aflv.
275 1899 536 1952 })·si.mpliciier.
583 1901 625 1945 α)
654 1906 679 1936 ἰ.
708 1915 740 1946 q.
774 1904 856 1936 hac
890 1905 928 1935 in
960 1916 1028 1946 re,
1069 1904 1152 1935 hac
1186 1905 1226 1934 in
1257 1909 1411 1945 parte.-
1454 1899 1540 1934 Hic

49 1951 230 1991 quaestio,
255 1945 334 1978 ubi
356 1946 524 1988 judicatio
548 1953 603 1980 est
626 1950 661 1990 3,
687 1951 744 1990 11,
768 1951 812 1981 17
836 1949 884 1985 Ν,
909 1962 956 1982 cr.
996 1949 1056 1982 hic
1083 1959 1212 1981 causae
1235 1947 1417 1981 cardinem
1440 1946 1542 1989 ponit

48 1993 92 2034 ⁵,
117 1994 186 2034 12,
209 1991 247 2025 3.
294 1990 355 2024 hie
377 1991 608 2034 meritorum,
643 1993 833 2037 temporis,
862 1993 1011 2036 praemii
1035 1994 1180 2028 collatio
1203 1999 1257 2027 est
1279 1997 1315 2034 7,
1343 1996 1377 2034 7,
1406 1994 1439 2025 2.
1482 1992 1542 2024 hic

5 2038 132 2082 2⁷(Sp.
154 2034 259 2078 hinc)
282 2034 490 2082 Agrippa
518 2042 553 2070 et
577 2037 740 2080 Opiter
764 2046 825 2071 etc.
850 2045 954 2071 erunt
977 2043 1011 2080 1,
1037 2039 1073 2080 4,
1098 2041 1144 2072 25
1162 2042 1206 2080 Z.
1239 2051 1272 2071 v.
1298 2038 1443 2070 Hinc.
1490 2036 1541 2070 At

4 2129 6 2131 ι
45 2094 155 2126 nunc,
179 2082 284 2117 velut
306 2092 467 2125 eampum
493 2082 588 2115 nacti
611 2082 860 2127 expositionis,
884 2083 943 2125 hic
957 2084 1178 2126 potissimum
1207 2083 1247 2126 (ἰ.
1267 2091 1296 2116 ι’.
1322 2086 1334 2114 ι·
1340 2096 1360 2115 n
1384 2095 1540 2116 narra-

32 2127 201 2169 μπίστιες)
229 2132 265 2162 et
285 2138 416 2162 vocem
439 2127 586 2161 flectunt
610 2136 672 2161 etc.
696 2127 738 2170 4,
760 2131 802 2170 2,
831 2129 888 2163 39.
926 2129 973 2169 cs.
997 2133 1032 2170 7,
1054 2130 1095 2167 4.
1120 2128 1178 2161 24.
1217 2128 1267 2161 At
1289 2129 1351 2161 hic
1377 2129 1424 2169 (i.
1441 2142 1470 2162 e.
1494 2131 1539 2162 in

6 2184 11 2190 ·
47 2173 278 2218 epilogo),
313 2172 344 2206 si
362 2185 534 2217 usquam,
567 2179 662 2207 totos
681 2174 904 2218 eloquentiae
928 2175 1068 2218 aperire
1091 2175 1211 2207 fontes
1237 2173 1322 2207 licet
1344 2174 1380 2216 6,
1409 2176 1442 2216 1,
1469 2176 1537 2217 51;

45 2219 202 2254 variavit
235 2219 309 2252 hic
338 2220 516 2259 adhuc,
552 2225 587 2253 et
610 2223 731 2253 rursus
752 2219 928 2253 rationem
952 2220 1060 2253 tertio
1086 2221 1169 2253 loco
1194 2219 1315 2262 posuit
1338 2220 1372 2261 5,
1398 2219 1454 2262 14,
1480 2221 1537 2255 18.

38 2265 134 2299 <Hic
156 2270 301 2300 veteres
327 2264 477 2298 artifices
501 2265 616 2299 illud
640 2271 739 2299 recte
769 2266 998 2308 adjecerunt,
1031 2271 1071 2299 ut
1095 2273 1156 2299 etc.
1192 2267 1248 2306 11,
1272 2267 1306 2305 3,
1335 2266 1416 2304 106.
1448 2267 1537 2300 hoc

47 2311 262 2345 exercitatio
291 2309 390 2353 petit,
412 2311 502 2344 hoc
524 2310 693 2353 imitati03
719 2310 789 2344 hic
817 2311 932 2344 omnis
959 2316 1055 2345 aetas
1079 2310 1300 2344 consumitur
1326 2313 1362 2354 8,
1385 2312 1444 2345 Pr.
1471 2313 1535 2355 163

45 2356 118 2390 mc
141 2355 183 2400 (i.
202 2369 231 2390 e.
257 2357 340 2389 hoc
362 2355 573 2399 tempore)
601 2357 677 2391 vim
700 2356 884 2399 Caesaris„
908 2357 1069 2390 indolem
1089 2356 1204 2391 Coelii
1228 2364 1289 2391 etc.
1314 2358 1536 2402 reperiemus

48 2404 106 2444 12,
123 2404 250 2444 10‚11.
293 2401 335 2446 ῥ’)
358 2404 424 2446 ¹2⁴1·
450 2405 493 2435 in
525 2403 608 2435 hoc
640 2406 681 2436 lo
695 2416 740 2436 co
757 2417 768 2436 .·
792 2409 831 2436 ut
855 2402 953 2445 hic,
978 2404 1050 2436 Fur
1074 2404 1308 2447 quadruplum
1330 2404 1448 2437 solvat
1472 2412 1533 2438 etc.

27 2447 83 2491 ‘7‚
103 2448 140 2490 6,
163 2450 200 2481 2.
234 2446 304 2481 Hic
328 2458 480 2491 sequens
502 2449 605 2481 locus
627 2449 709 2482 talis
731 2454 803 2489 est,
830 2453 890 2490 nt,
921 2449 952 2482 si
974 2448 1052 2482 fieri
1076 2458 1151 2482 non
1174 2449 1301 2493 potuit,
1328 2450 1467 2483 sublata
1489 2450 1533 2483 lis

15 2510 18 2516 ·
44 2493 91 2527 sit
115 2495 152 2536 7,
175 2496 209 2535 2,
237 2491 304 2535 45;
341 2494 432 2527 sicut
454 2493 514 2527 hio
539 2493 668 2529 Cicero
692 2494 941 2538 consequitur,
965 2506 1013 2529 ne
1041 2502 1102 2530 etc.
1124 2496 1159 2537 9,
1184 2497 1220 2538 2,
1246 2496 1304 2530 62.
1342 2496 1413 2530 Hic
1441 2496 1532 2539 (Sp.

45 2538 150 2583 hinc)
176 2539 244 2574 erit
268 2540 312 2572 ad
336 2539 407 2572 alia
427 2539 594 2574 transitus
618 2543 661 2583 7,
684 2542 728 2582 6,
753 2542 775 2576 5
799 2545 840 2575 Z·
883 2541 943 2574 hio
969 2546 1087 2585 potest
1108 2541 1226 2576 videri
1249 2542 1295 2575 de
1316 2552 1358 2576 re
1382 2548 1534 2576 conten-

7 2619 19 2631 ,7
47 2586 100 2619 tio
119 2585 168 2636 ⁷52
195 2583 262 2628 14,
289 2587 343 2618 12.
388 2585 460 2619 Hic
487 2585 581 2619 enim
608 2586 754 2620 dubium
781 2593 835 2620 est
861 2587 905 2630 6,
925 2589 968 2629 3,
993 2589 1052 2622 83.
1089 2587 1120 2621 si
1144 2587 1327 2632 promittat
1348 2587 1410 2622 hic
1431 2592 1533 2632 pater
1574 2619 1576 2621 ,

34 2628 93 2672 ‘93
116 2633 161 2665 -2
197 2631 257 2666 91.
304 2632 400 2675 quod
426 2631 486 2665 hic
511 2631 658 2679 singulis
680 2633 802 2668 verbis
832 2633 908 2666 bini
930 2634 1042 2677 pedes
1066 2633 1292 2668 continentur
1326 2635 1368 2677 9,
1400 2632 1441 2677 4,
1472 2634 1531 2668 65.

0 2672 118 2722 „mc
135 2655 252 2710 intuo
276 2682 330 2730 esp
354 2677 568 2711 accusatoris
590 2681 626 2722 7,
649 2681 686 2721 3,
702 2681 759 2714 32.
794 2677 838 2720 cs.
864 2681 901 2722 3,
920 2679 956 2721 6,
980 2680 1038 2714 92.
1074 2681 1109 2723 3,
1135 2682 1191 2722 11,
1218 2682 1273 2715 11.
1308 2681 1342 2722 5,
1369 2681 1426 2722 10,
1451 2681 1532 2714 109.

41 2710 84 2773 ἢ,
106 2720 238 2764 3,·24;
271 2723 343 2766 Hic
364 2733 455 2757 vero
482 2729 518 2758 te
542 2735 604 2758 ere
626 2735 694 2758 nos
719 2725 831 2769 judex
852 2745 900 2751 —
924 2726 1046 2759 credat
1066 2726 1102 2766 9,
1124 2728 1160 2769 2,
1182 2725 1240 2760 76.
1274 2725 1332 2759 hic
1359 2731 1396 2759 et
1420 2736 1532 2769 quae-

42 2771 136 2801 ntnr
159 2767 195 2811 5,
221 2770 279 2811 10,
305 2770 384 2804 118.
430 2769 513 2816 Quo
564 2770 710 2806 liberius
733 2770 815 2805 hio
841 2777 880 2806 et
900 2771 1149 2807 vehementius
1174 2770 1253 2806 fieri
1275 2776 1420 2816 potest,
1445 2770 1530 2815 quia
