1728 3002
115 177 197 219 186
398 192 402 194 -
608 168 797 227 Coi-rogo
829 190 882 200 --·
915 168 1163 214 Cotidianam

111 276 321 332 Corrogo.
357 298 380 321 a
402 282 600 332 corrogatis
623 283 815 318 laudantur
841 281 947 319 etlam
970 295 1064 329 quae
1089 294 1166 320 non
1189 282 1334 331 placent
1359 287 1414 329 1ο,
1442 288 1475 328 1,
1504 287 1558 321 18.

109 331 396 427 0230ῐὲ1ιά0.
434 342 600 389 quotiens
624 342 888 391 enthymemata
914 352 979 379 sua
1006 347 1109 390 gestu
1132 343 1234 378 velut
1257 342 1513 389 corrotundant
1538 345 1594 387 11,
1616 344 1650 387 3,

204 399 209 407 “
290 407 308 425 .·
327 403 372 424 cr.
1036 400 1039 405 ·
1470 413 1471 418 ,

106 441 317 496 corrugo.
355 457 548 494 corrugare
572 456 699 488 nares,
726 449 765 479 ut
788 443 957 480 Horatius
982 444 1030 480 ait
1057 447 1111 489 11,
1137 447 1174 489 3,
1195 446 1255 482 80.

107 499 364 552 Corrumpu-
412 504 455 549 a)
478 503 577 540 vitiis
601 503 778 547 quorund.
802 502 897 538 bona
921 503 998 546 ejus
1020 501 1134 546 (artis)
1161 503 1467 548 corrumpentium
1483 505 1540 547 12,
1556 505 1592 547 2,
1610 504 1644 538 9.

150 554 309 602 ingenita
333 552 459 598 quaed.
484 551 688 594 adjumenta
712 559 965 594 nonnunquam
987 549 1037 583 ita
1053 545 1202 592 desunt,
1226 555 1266 584 ut
1291 551 1386 585 bons
1407 539 1542 596 ingenii
1565 559 1646 584 cor-

151 605 318 646 rumpant
346 599 404 632 i'r.
428 600 485 632 27.
525 607 617 640 quae
641 595 822 638 corrumpi
847 605 922 629 non
948 601 1071 639 posset
1094 595 1314 634 coutinentia
1336 597 1372 640 8,
1395 594 1432 640 4,
1455 598 1514 633 23.
1543 594 1644 637 fides,

153 659 259 693 quam
288 657 355 682 nec
381 642 555 687 cupiditas
590 646 876 686 corrumpat,
915 653 984 676 nec
1015 642 1126 689 gratia
1162 648 1379 686 avertat,
1425 652 1496 678 nec
1528 647 1645 676 metus

150 698 294 740 frangat
322 694 386 734 12,
422 694 463 733 1,
499 688 556 723 24.
601 689 696 732 quod
722 694 966 731 corrumperet
989 689 1212 733 juventutem
1236 687 1441 732 (Socrates)
1469 686 1514 732 4,
1538 686 1582 731 4,
1609 689 1644 722 5.

149 738 331 783 corrumpi
353 747 473 772 mores
499 739 536 779 1,
561 738 602 777 2,
626 734 660 768 4.
705 734 987 779 praepositiones
1012 735 1194 778 copulatio
1224 734 1290 770 ista
1321 733 1516 778 corrumpit
1543 737 1582 777 1,
1609 733 1645 774 5,

147 790 196 825 69
242 788 332 820 haec
357 789 485 818 cuncta
510 780 766 825 corrumpit
793 791 834 814 ac
858 782 1115 824 propemodum
1147 780 1311 826 perdit
1339 780 1584 826 pronuntiatio
1609 781 1645 822 3,

148 837 190 878 3,
223 836 268 875 33
312 829 510 866 exercitum
535 827 718 880 largiendo
745 837 974 871 corrumpere
998 830 1042 871 5,
1076 829 1137 871 13,
1174 831 1227 863 17.
1270 827 1419 862 totidem
1452 826 1644 874 generibus

149 877 461 921 corrumpitur
484 880 619 916 oratio,
658 879 746 918 quot
769 879 970 908 ornatur
995 874 1040 917 8,
1066 875 1108 917 3,
1135 875 1190 909 58.
1232 885 1351 918 neque
1370 874 1468 913 *illud
1498 871 1640 906 dicendi

146 933 285 963 textum
322 931 430 958 tenue
459 926 566 965 atque
600 931 719 954 rarum
750 919 958 955 laetioribus
990 919 1148 954 numeris
1177 921 1477 964 corrumpendum
1503 924 1580 954 erat
1603 920 1640 960 9,

143 976 192 1017 4,
218 975 282 1014 173
318 970 422 1005 litera
449 968 496 1002 in
522 972 684 1000 naturam
709 966 784 1010 ejus
810 966 1053 1011 (insequentis)
1072 965 1312 1010 corrumpitur
1333 967 1378 1010 8,
1403 968 1446 1010 3,
1473 963 1530 1000 45.
1567 964 1640 999 oris

144 1021 192 1056 in
221 1016 449 1064 peregrinum
469 1024 599 1048 sonum
622 1012 781 1056 corrupti
806 1015 846 1056 1,
877 1016 892 1047 1
908 1039 918 1056 ,
953 1014 1007 1046 13.
1075 1013 1120 1058 β)
1150 1015 1277 1048 Panic.
1324 1011 1363 1055 a)
1387 1011 1579 1047 occasione
1606 1015 1642 1044 et

144 1063 308 1103 absentia
332 1062 520 1097 custodum
545 1064 732 1102 corruptus
754 1059 790 1101 4,
815 1063 855 1102 2,
880 1061 946 1101 7Ο;
982 1057 1095 1102 adipis
1120 1063 1155 1093 et
1179 1057 1350 1103 quidquid
1373 1052 1534 1094 himer-is
1558 1067 1641 1092 cor-

142 1111 238 1158 rupti
259 1114 303 1153 2,
331 1111 396 1151 10,
419 1108 454 1142 6.
490 1106 666 1148 corruptis
690 1105 790 1149 aquis
815 1108 855 1148 7,
881 1109 923 1148 2,
952 1106 985 1139 3.
1022 1105 1217 1152 iunguntur
1240 1106 1416 1140 vocabula
1438 1125 1487 1131 —
1509 1109 1571 1139 aut
1593 1114 1640 1137 ex

142 1161 327 1204 integro
355 1159 392 1188 et
415 1157 654 1195 corrupto,
691 1157 749 1184 aut
775 1162 822 1185 ex
847 1157 1071 1194 corrupto
1099 1158 1135 1186 et
1158 1150 1366 1199 integro,
1395 1156 1456 1189 aut
1473 1161 1520 1189 ex
1547 1151 1639 1184 ‹tuo-

137 1209 206 1241 bus
236 1201 413 1245 corruptis
439 1202 480 1241 1,
510 1200 555 1240 5,
579 1197 637 1232 68.
703 1196 743 1239 b)
776 1199 807 1229 in
836 1199 974 1230 dicendo
996 1196 1074 1238 sere
1109 1200 1131 1231 ι’.
1158 1211 1189 1242 q.
1216 1199 1435 1232 tumidus.-
1470 1194 1639 1231 Asiani

140 1259 201 1288 aut
224 1257 440 1295 quocunque
464 1244 535 1278 alio
559 1253 692 1288 genere
720 1243 930 1286 corrupti
953 1243 998 1286 8,
1026 1244 1084 1278 Pr.
1112 1246 1166 1278 17.
1210 1242 1356 1290 ingenio
1385 1247 1639 1286 corruptus

140 1312 183 1336 ac
213 1295 418 1331 tumidus
446 1293 491 1333 2,
515 1290 606 1341 8,ss
637 1290 679 1322 N.
725 1300 832 1322 nemo
865 1299 912 1322 ex
940 1288 1180 1332 corruptis
1207 1288 1327 1332 (licat,
1366 1300 1426 1323 me
1456 1286 1637 1329 inimicum

139 1355 221 1381 esse
247 1343 372 1377 culte
400 1335 667 1386 dicentlbus
694 1336 729 1377 S,
755 1336 789 1377 3,
816 1338 850 1370 7.
879 1334 924 1376 cf.
949 1337 993 1377 2,
1019 1336 1060 1376 3,
1084 1336 1108 1369 9
1134 1335 1179 1368 Ν.
1223 1345 1290 1378 pro
1318 1334 1453 1369 laetis
1478 1345 1635 1369 corru-

138 1391 215 1438 pti
244 1391 307 1430 10,
335 1389 376 1428 2,
406 1384 462 1418 16.
510 1382 571 1426 qui
601 1380 868 1415 similitudinem
901 1380 1094 1424 pessimi
1122 1381 1296 1425 cujusque
1323 1386 1360 1419 et
1386 1380 1637 1425 corruptis-

139 1435 239 1473 simi
272 1430 534 1475 concupierunt
568 1431 634 1470 10,
670 1431 715 1470 2,
753 1426 807 1460 14.
850 1426 1120 1470 corruptissimo
1157 1430 1346 1470 poetarum
1379 1429 1426 1470 8,
1466 1427 1525 1461 Pr.
1561 1427 1634 1468 253

137 1486 282 1520 Nema:
322 1490 368 1512 ne
392 1476 478 1521 quid
500 1475 538 1509 in
562 1474 767 1518 eloquendo
795 1479 1074 1516 corruptum
1101 1473 1429 1517 obscurumque
1453 1472 1501 1508 sit
1522 1473 1570 1515 6,
1599 1473 1632 1515 5,

137 1536 172 1566 2.
213 1527 257 1569 cs.
286 1528 349 1569 10,
381 1527 416 1566 1,
448 1525 526 1558 129.
567 1520 648 1556 finis
682 1531 756 1554 non
787 1519 871 1563 erit,
895 1519 952 1553 ·si=
971 1519 1127 1565 singulas
1158 1525 1410 1563 corruptorum
1441 1530 1635 1564 persequar

134 1580 270 1612 formas
294 1574 329 1616 8,
356 1571 391 1612 5,
416 1570 472 1604 25.
510 1567 541 1601 si
565 1566 734 1610 judicium
760 1565 815 1599 his
841 1565 1017 1609 corruptis
1041 1564 1159 1605 acrius
1182 1565 1353 1601 adhibeas
1379 1568 1442 1609 12,
1470 1567 1538 1609 10,
1564 1566 1631 1607 76,

136 1639 165 1659 0.
199 1622 306 1655 Subst.
321 1633 332 1653 .-
373 1620 563 1658 corruptae
598 1612 826 1657 eloquentiae
853 1614 894 1654 8,
930 1612 972 1654 6,
1007 1613 1063 1646 76.
1109 1617 1377 1655 corruptum
1406 1617 1443 1648 et
1467 1604 1634 1650 omnibus

133 1668 233 1706 vitiis
257 1666 448 1700 fractum
473 1660 616 1694 dicendi
641 1670 752 1706 genus
779 1661 846 1701 10,
876 1661 917 1701 1,
946 1660 1022 1692 125.
1062 1658 1292 1694 vitiosum
1317 1663 1352 1691 et
1377 1663 1634 1701 corruptum

134 1712 277 1751 dicendi
302 1721 414 1758 genus
437 1711 492 1750 12,
516 1709 572 1750 10,
597 1709 655 1741 73.
674 1710 933 1749 ¹corruptae
957 1710 992 1738 et
1015 1703 1225 1738 vitiosae
1246 1703 1433 1738 orationes
1451 1706 1487 1746 2,
1511 1704 1547 1746 5,
1574 1705 1628 1739 10.

134 1762 179 1805 cs.
202 1762 237 1803 8,
262 1761 296 1800 3,
323 1759 377 1792 57.
417 1753 582 1788 minuti
607 1751 901 1795 corruptique
925 1749 1095 1784 sensiculi
1118 1751 1162 1793 8,
1187 1752 1227 1790 5.
1258 1750 1312 1787 14.
1352 1750 1503 1784 verbum
1526 1765 1571 1773 -
1593 1748 1634 1782 fit

135 1810 427 1849 corruptum,
458 1800 541 1845 quia
563 1799 602 1834 in
625 1800 732 1843 plano
756 1802 897 1831 tumet
919 1798 955 1839 8,
979 1798 1015 1839 3,
1042 1797 1096 1830 18.
1459 1831 1462 1833 Α

85 1855 267 1898 Con-uo.
312 1857 483 1906 quidquid
507 1854 808 1901 superstruxeris,
839 1859 983 1890 corruet
1007 1855 1039 1896 1,
1062 1851 1099 1897 4,
1124 1852 1158 1892 5.
1195 1843 1388 1887 triclinium
1411 1861 1520 1895 supra
1543 1861 1632 1892 con-

129 1913 234 1947 vivas
259 1905 394 1943 corruit
422 1908 478 1946 11,
506 1906 542 1946 2,
570 1905 628 1938 13.
1638 1914 1646 1919 -

84 1959 335 2012 Corruptos.
390 1961 608 2006 persuadent
639 1957 814 1999 dicendo,
853 1956 916 1991 vel
947 1956 1080 1991 ducunt
1112 1953 1150 1988 in
1182 1953 1219 1988 id
1251 1953 1349 1998 quod
1380 1954 1534 1997 volunt,
1569 1954 1630 1989 alii

132 2025 296 2061 qnoque,
332 2014 373 2043 ut
403 2006 703 2048 meretrices,
745 2004 1043 2045 adulatores,
1083 2003 1397 2044 corruptores
1429 1999 1472 2045 (ἱ.
1498 2013 1527 2045 ς.
1555 2003 1632 2046 qui

130 2072 271 2096 mares
295 2061 515 2091 venantur
543 2050 632 2095 Sp.)
660 2054 695 2094 2,
721 2051 777 2092 15,
804 2052 846 2084 11
872 2050 920 2082 N.
1563 2066 1569 2077 ,

84 2108 262 2150 Cortex.
305 2124 387 2148 cum
411 2110 490 2146 sive
519 2119 698 2143 amarae
727 2104 924 2141 corticis
952 2116 1016 2139 seu
1039 2103 1196 2139 medio
1222 2102 1401 2139 cortice
1428 2114 1496 2147 per
1516 2113 1629 2150 genus

128 2164 215 2200 facit
238 2159 513 2202 soloecismum,
548 2154 697 2189 mutatio
722 2152 826 2188 vocis
850 2151 997 2186 alterius
1011 2177 1022 2194 ,
1057 2150 1096 2184 in
1121 2162 1191 2195 qua
1214 2148 1343 2185 vitium
1369 2155 1466 2192 erat,
1494 2154 1630 2193 rectam

129 2207 302 2255 loquendi
325 2205 501 2241 rationem
525 2201 572 2236 sit
599 2201 804 2243 redditura,
841 2204 881 2232 ut
908 2197 1047 2232 amari
1083 2195 1278 2233 corticis
1306 2196 1370 2230 fiat
1393 2196 1458 2232 vel
1481 2196 1640 2231 media*

130 2255 316 2292 cortice
342 2255 377 2295 1,
402 2252 436 2295 5,
462 2250 520 2284 35.

84 2303 267 2345 Corvus.
308 2319 419 2354 super
441 2312 549 2353 caput
571 2303 711 2340 Valerii
735 2303 926 2350 pugnantis
953 2299 1089 2335 sedisse
1114 2309 1265 2334 corvum
1286 2300 1322 2341 2,
1347 2295 1390 2341 4,
1409 2297 1464 2332 18.

85 2359 187 2402 cos.
228 2368 415 2402 detrahere
440 2363 641 2399 doctrinam
664 2360 818 2407 aliquid,
852 2365 893 2394 ut
917 2364 1016 2394 cotes
1040 2355 1229 2392 hebetibus
1253 2357 1289 2398 2,
1318 2356 1375 2400 12,
1402 2356 1438 2391 8.

85 2416 350 2508 ΟἳῧιΝφένοε
383 2424 459 2466 (εἰσ
482 2425 525 2457 Ζ.
553 2433 596 2455 ex
619 2426 702 2464 opit.
730 2419 862 2460 (ἕσσω..-
901 2418 973 2460 Sp.
998 2411 1098 2457 Uos)
1132 2418 1172 2447 ut
1197 2421 1278 2448 cos
1303 2412 1503 2457 (scribitur)
1532 2418 1573 2459 1,
1593 2414 1631 2459 4,

85 2528 353 2572 Cothurnus.
399 2536 596 2569 cothurnos
622 2537 743 2576 aptare
768 2527 964 2565 infantibus
990 2526 1033 2569 6,
1064 2529 1104 2569 1,
1135 2525 1193 2560 86.
1231 2524 1564 2570 neqtoecomoedia
1591 2526 1629 2561 {n

131 2586 330 2622 cothurnos
353 2580 504 2626 assurgit
531 2582 594 2620 10,
622 2582 663 2620 2,
692 2581 751 2612 22.
789 2589 823 2610 υ.
849 2574 1070 2618 Assurgo.
1109 2571 1237 2617 quibus
1261 2570 1466 2618 gravitas
1491 2577 1528 2606 et
1551 2583 1627 2608 co-

130 2634 330 2667 thurnus
354 2634 391 2662 et
414 2637 558 2661 sonus
583 2622 774 2669 Sophoclis
796 2621 940 2658 videtur
961 2629 1043 2654 esse
1065 2617 1254 2652 sublimior
1276 2620 1334 2661 10,
1359 2619 1393 2660 1,
1415 2617 1472 2653 68.

86 2677 355 2722 cotidianus·
392 2681 465 2728 (sic
489 2693 531 2715 ex
555 2684 659 2725 ipsius
687 2678 969 2723 Quintiliani
992 2675 1121 2720 iudicio
1144 2675 1350 2708 scribendum
1373 2675 1528 2716 videtum
1558 2676 1625 2718 Sp.
1640 2662 1661 2708 γῇ

131 2737 185 2770 ed.
211 2731 379 2780 Quotid„
412 2730 516 2764 Godd.
542 2726 706 2769 variant.)
731 2723 911 2760 cotidiano
934 2726 1016 2757 ectu
1040 2719 1179 2755 forensi
1208 2722 1264 2762 10,
1293 2724 1326 2763 1,
1350 2722 1406 2754 27.
1447 2725 1518 2754 cot.
1540 2723 1628 2754 con-

130 2780 228 2820 vicio
244 2780 310 2825 Ep.
330 2778 375 2812 ad
391 2775 532 2820 Try-ph.
556 2776 587 2808 1.
614 2778 687 2806 cot.
706 2767 964 2817 experimentis
988 2770 1045 2812 11,
1069 2768 1103 2811 2,
1126 2766 1184 2801 42.
1213 2772 1286 2802 cot.
1305 2776 1424 2814 pugna
1439 2767 1496 2811 10,
1514 2767 1550 2810 5,
1569 2768 1626 2802 16.
