1728 3002
428 205 479 246 de
511 203 796 245 Grammaticis
825 199 1130 250 Quintiliana.
1503 201 1549 234 L!

3 316 126 372 'non
150 338 292 387 eam,
329 336 494 385 quam
527 318 586 366 in
615 316 879 383 prioribus
910 314 1140 380 scriptor
1171 312 1283 379 ipse
1311 310 1542 359 fecerit“

4 400 325 470 significari3
373 404 466 448 sed
509 400 740 447 dicendo
763 434 794 458 ,o
827 397 1004 463 aptius
1053 393 1225 444 videri
1264 395 1535 452 PraesenS,

2 483 299 551 neglexisse
321 481 538 532 videtur
556 479 639 530 vir
659 479 992 527 acutissimus
1020 480 1170 524 hunc
1195 476 1539 539 frequentem

2 562 254 622 Perfeoti‚
289 561 596 628 praesertim
626 560 784 626 hujus
802 558 967 610 Verbi
998 576 1181 616 usum,
1215 558 1280 604 cf.
1314 554 1456 602 enim
1490 549 1536 613 5,

10 660 94 703 ιο,
132 642 223 707 1o3
261 644 381 708 quia
411 642 693 690 communia
727 658 791 688 ecc
818 640 1106 705 praeceptis
1150 654 1339 701 accep
1353 636 1534 693 imus,

5 733 174 773 cetera
191 723 490 771 invenienda
510 731 642 770 suut.
668 722 734 768 ib.
755 725 787 786 55.
802 721 866 768 63
888 722 1070 769 Partes
1089 721 1312 767 incertas
1331 733 1434 765 esse
1446 744 1504 751 —-
1513 733 1535 772 ;

0 809 202 870 formas
226 812 415 861 εει-τας,
441 820 565 866 quas
587 804 683 851 tris
704 820 847 851 acce
855 819 890 866 p
903 803 1028 849 ima
1041 819 1077 849 s.
1117 817 1192 861 12,
1223 814 1296 859 10,
1318 801 1379 859 67
1403 797 1538 844 sicut

3 894 245 952 quattuor
263 892 432 932 ventos
451 884 768 945 generaliter
797 902 830 931 a
861 883 1071 931 totidem
1101 880 1285 929 mundi
1311 877 1534 926 cardini-

3 967 92 1014 bus
120 965 472 1029 accepimus
488 966 648 1024 flare.
675 982 720 1014 v.
740 963 1028 1029 Accipio
1049 965 1116 1023 ΙΙ,
1137 966 1197 1023 ,8,
1219 977 1262 1008 a.
1332 960 1537 1010 Verum

3 1047 272 1095 nonnulla
310 1061 377 1092 ex
416 1043 527 1091 aliis
569 1061 792 1110 quoque
827 1044 1014 1094 Verbis
1057 1043 1307 1107 exempla
1337 1055 1536 1104 suppe-

4 1140 153 1175 tunt:
199 1122 253 1186 5,
286 1143 339 1187 7,
369 1139 430 1184 27
462 1124 645 1187 probos
676 1125 927 1189 quosdam*
945 1142 1043 1173 non
1075 1141 1255 1189 aspere
1293 1122 1537 1168 incessere

0 1207 275 1272 profuit.
319 1205 365 1266 3,
390 1223 435 1266 7,
465 1203 524 1252 15
559 1205 737 1254 Animi
761 1224 957 1271 semper
982 1224 1107 1254 vera
1137 1206 1280 1253 laus:
1314 1201 1401 1249 sed
1430 1216 1538 1248 mm

0 1305 95 1352 per
110 1287 202 1335 hoc
218 1295 346 1351 opus
364 1287 449 1334 via
461 1287 685 1335 ducit-ur.
717 1287 944 1354 Namque
964 1288 1097 1335 alias
1117 1285 1304 1334 aetatis
1318 1281 1532 1347 gradus,

0 1359 352 1435 gestarumque
401 1385 577 1414 rerum
620 1369 850 1415 ordinem
895 1370 1039 1433 sequi
1077 1366 1351 1432 speciosius
1386 1365 1474 1426 fu
1485 1361 1542 1407 it

6 1456 76 1512 (vs
97 1451 252 1511 Not).
290 1465 365 1510 12,
386 1465 432 1512 9,
460 1463 520 1508 14
553 1450 672 1515 quia
702 1450 905 1496 varium
921 1453 1049 1513 fere
1068 1448 1332 1512 agent-iam
1349 1459 1535 1508 propo-

4 1531 158 1578 situm
188 1532 226 1591 f
229 1530 301 1577 ‘ai
306 1537 357 1589 t,
397 1539 451 1579 et
475 1529 795 1595 quorundam
826 1547 954 1577 cura
983 1529 1277 1586 tarditatis,
1318 1541 1538 1591 quorun·

6 1611 123 1658 dam
142 1611 386 1674 facilitas
417 1611 718 1659 temeritatis
755 1611 966 1658 crimine
996 1609 1351 1668 laborarit:
1395 1621 1540 1671 quem

5 1692 208 1739 credam
220 1694 352 1755 sore
375 1693 427 1738 in
450 1691 542 1739 hoc
564 1691 786 1739 oratoris
806 1693 1034 1752 modam,
1066 1692 1275 1740 tradere
1294 1706 1393 1736 non
1416 1687 1538 1734 alie-

6 1788 128 1818 num
154 1770 369 1819 ridetur.
409 1790 462 1832 7,
498 1787 580 1832 Ιο,
609 1788 639 1835 9
676 1773 799 1831 Quis
831 1790 932 1820 uon
951 1773 1118 1837 faber
1153 1771 1413 1819 vasculum
1443 1767 1539 1814 ali-

5 1851 162 1915 qaod5
194 1852 326 1916 quod
352 1870 609 1917 mcnquam
637 1854 862 1911 viderat,
887 1857 937 1917 s
940 1871 965 1900 e
977 1854 1040 1900 ei
1045 1854 1104 1901 t?
1144 1871 1186 1913 1,
1211 1852 1258 1913 3,
1290 1854 1348 1897 16
1378 1848 1536 1907 Adde,

8 1931 140 1994 quod
165 1932 329 1979 multa
350 1934 706 1996 vapulantibus
735 1935 878 1982 dictu
900 1935 1159 1998 deformia
1181 1941 1235 1980 et
1254 1948 1374 1979 mox
1403 1945 1539 1977 rere-

11 2010 222 2056 candiae
241 2014 441 2072 futura
471 2031 617 2076 saepe
649 2015 821 2061 dolore
855 2016 936 2062 vel
959 2024 1099 2063 meta
1127 2014 1271 2061 acci
1278 2013 1314 2059 d
1324 2029 1391 2059 er
1402 2030 1436 2059 u
1449 2027 1482 2056 n
1495 2018 1537 2066 t,

10 2089 100 2135 ubi
138 2102 265 2135 ante
297 2091 533 2154 Zumptii
571 2092 859 2141 editionem
894 2087 1177 2160 legebatur
1219 2093 1459 2140 accidunt
1490 2107 1540 2137 v.

11 2169 196 2234 Suppl.
266 2170 475 2217 Eodem
505 2169 740 2235 pertinet
758 2172 1023 2235 scriptura
1044 2173 1150 2219 loci
1176 2171 1378 2236 alioqui
1403 2171 1541 2218 mul—

11 2247 240 2296 tifariam
282 2251 490 2310 vexati,
544 2268 577 2296 a
609 2250 863 2315 Zumptio
908 2269 974 2298 ex
1005 2250 1274 2303 Vossianis
1310 2267 1348 2296 1.
1382 2249 1426 2298 3.
1468 2248 1542 2296 sic

15 2328 316 2376 constituti:
357 2345 431 2389 ιο,
469 2348 510 2390 1,
544 2329 606 2376 63
639 2331 727 2381 sed
755 2339 808 2379 et
833 2332 991 2387 lusit
1021 2341 1070 2380 et
1106 2333 1162 2380 in
1197 2347 1394 2379 amores
1437 2330 1541 2377 de-

15 2409 234 2456 scendi
241 2417 285 2468 t,
322 2409 633 2476 Spaldingio
658 2427 850 2458 contra
871 2412 1091 2460 Codices
1118 2416 1340 2472 edente:
1367 2408 1457 2457 sed
1487 2409 1543 2455 in

16 2488 155 2536 lusus
186 2497 239 2537 et
254 2507 449 2537 amores
476 2490 743 2539 descendit.
768 2509 818 2540 v.
843 2493 1027 2558 Suppl.
1049 2507 1104 2540 et
1121 2494 1324 2540 Buttm.
1350 2491 1407 2537 in
1425 2489 1541 2538 Ad-
1611 2527 1617 2531 «

0 2570 219 2617 'dendis.
287 2569 465 2633 Quid?
494 2570 534 2617 si
563 2588 723 2636 super
750 2575 885 2620 haee
916 2572 1075 2620 etiam
1099 2571 1394 2620 addiderim
1419 2571 1467 2630 8,
1488 2569 1542 2628 5,

12 2647 85 2695 ‚30
113 2651 245 2714 quod
266 2650 349 2697 rei
369 2650 624 2699 studiosus
656 2669 754 2700 uon
785 2653 933 2702 rebus
964 2653 1115 2702 verba
1143 2670 1218 2717 ap
1232 2652 1423 2711 tavit,
1459 2641 1547 2698 sed

20 2745 101 2776 res
124 2732 437 2778 extrinsecus
459 2734 748 2792 arcessit,
776 2751 944 2798 quum
965 2736 1131 2802 vulgo
1153 2747 1346 2783 contra
1365 2747 1546 2781 onmes
