<?xml version="1.0" encoding="UTF-8"?>
<!DOCTYPE html PUBLIC "-//W3C//DTD XHTML 1.0 Transitional//EN"
    "http://www.w3.org/TR/xhtml1/DTD/xhtml1-transitional.dtd">
<html xmlns="http://www.w3.org/1999/xhtml" xml:lang="en" lang="en">
 <head>
  <title>
</title>
<meta http-equiv="Content-Type" content="text/html;charset=utf-8" />
  <meta name='ocr-system' content='tesseract 3.04.00' />
  <meta name='ocr-capabilities' content='ocr_page ocr_carea ocr_par ocr_line ocrx_word'/>
</head>
<body>
  <div class='ocr_page' id='page_1' title='image "./lexiconquintilia06bonnuoft_0183.png"; bbox 0 0 1728 3002; ppageno 0'>
   <div class='ocr_carea' id='block_1_1' title="bbox 517 104 1501 171">
    <p class='ocr_par' dir='ltr' id='par_1_1' title="bbox 517 104 1501 171">
     <span class='ocr_line' id='line_1_1' title="bbox 517 104 1501 171; baseline -0.005 -19"><span class='ocrx_word' id='word_1_1' title='bbox 517 107 698 165; x_wconf 43' lang='lat' dir='ltr'><strong>Atango*</strong></span> <span class='ocrx_word' id='word_1_2' title='bbox 718 127 775 140; x_wconf 84' lang='lat'><strong>=-</strong></span> <span class='ocrx_word' id='word_1_3' title='bbox 805 104 965 150; x_wconf 76' lang='lat' dir='ltr'><strong>Auctor</strong></span> <span class='ocrx_word' id='word_1_4' title='bbox 1089 168 1097 171; x_wconf 20' lang='grc' dir='ltr'><em>Α</em></span> <span class='ocrx_word' id='word_1_5' title='bbox 1449 108 1501 147; x_wconf 79' lang='grc'><strong>91</strong></span> 
     </span>
    </p>
   </div>
   <div class='ocr_carea' id='block_1_2' title="bbox 0 218 1524 1819">
    <p class='ocr_par' dir='ltr' id='par_1_2' title="bbox 20 218 1507 408">
     <span class='ocr_line' id='line_1_2' title="bbox 25 218 1505 271; baseline -0.007 -7"><span class='ocrx_word' id='word_1_6' title='bbox 25 225 123 264; x_wconf 77' lang='lat' dir='ltr'><strong>enim</strong></span> <span class='ocrx_word' id='word_1_7' title='bbox 151 231 214 263; x_wconf 79' lang='lat' dir='ltr'><strong>att.</strong></span> <span class='ocrx_word' id='word_1_8' title='bbox 246 224 656 271; x_wconf 59' lang='lat' dir='ltr'><strong>iudicem‘praeparare,</strong></span> <span class='ocrx_word' id='word_1_9' title='bbox 698 221 759 267; x_wconf 76' lang='lat' dir='ltr'><strong>qut</strong></span> <span class='ocrx_word' id='word_1_10' title='bbox 790 223 909 256; x_wconf 81' lang='lat' dir='ltr'><strong>nullus</strong></span> <span class='ocrx_word' id='word_1_11' title='bbox 937 219 1018 255; x_wconf 79' lang='lat' dir='ltr'><strong>est?</strong></span> <span class='ocrx_word' id='word_1_12' title='bbox 1046 222 1089 264; x_wconf 83' lang='lat'><strong>2,</strong></span> <span class='ocrx_word' id='word_1_13' title='bbox 1114 221 1181 262; x_wconf 87' lang='grc'><strong>10,</strong></span> <span class='ocrx_word' id='word_1_14' title='bbox 1206 221 1241 257; x_wconf 85' lang='grc'><strong>8.</strong></span> <span class='ocrx_word' id='word_1_15' title='bbox 1279 219 1384 267; x_wconf 69' lang='grc' dir='ltr'>Ὀιιὶᾶ</span> <span class='ocrx_word' id='word_1_16' title='bbox 1410 218 1505 255; x_wconf 81' lang='lat' dir='ltr'><strong>enim</strong></span> 
     </span>
     <span class='ocr_line' id='line_1_3' title="bbox 20 266 1507 317; baseline -0.007 -7"><span class='ocrx_word' id='word_1_17' title='bbox 20 277 87 310; x_wconf 64' lang='lat' dir='ltr'><strong>an.</strong></span> <span class='ocrx_word' id='word_1_18' title='bbox 99 272 289 317; x_wconf 79' lang='lat' dir='ltr'><strong>„circuitu</strong></span> <span class='ocrx_word' id='word_1_19' title='bbox 312 283 371 306; x_wconf 86' lang='lat' dir='ltr'><strong>res</strong></span> <span class='ocrx_word' id='word_1_20' title='bbox 398 271 586 305; x_wconf 79' lang='lat' dir='ltr'><strong>ostendere</strong></span> <span class='ocrx_word' id='word_1_21' title='bbox 614 272 671 312; x_wconf 93' lang='grc'><strong>12,</strong></span> <span class='ocrx_word' id='word_1_22' title='bbox 698 270 755 312; x_wconf 89' lang='grc'><strong>10,</strong></span> <span class='ocrx_word' id='word_1_23' title='bbox 778 266 837 303; x_wconf 85' lang='grc'><strong>41.</strong></span> <span class='ocrx_word' id='word_1_24' title='bbox 884 266 970 312; x_wconf 76' lang='lat' dir='ltr'><strong>&#39;quid</strong></span> <span class='ocrx_word' id='word_1_25' title='bbox 997 272 1057 302; x_wconf 77' lang='lat' dir='ltr'><strong>att.</strong></span> <span class='ocrx_word' id='word_1_26' title='bbox 1082 272 1155 300; x_wconf 86' lang='lat' dir='ltr'><strong>tam</strong></span> <span class='ocrx_word' id='word_1_27' title='bbox 1175 266 1295 301; x_wconf 77' lang='lat' dir='ltr'><strong>multia</strong></span> <span class='ocrx_word' id='word_1_28' title='bbox 1319 266 1420 300; x_wconf 81' lang='lat' dir='ltr'><strong>annis</strong></span> <span class='ocrx_word' id='word_1_29' title='bbox 1443 267 1507 300; x_wconf 85' lang='lat' dir='ltr'><strong>de·-</strong></span> 
     </span>
     <span class='ocr_line' id='line_1_4' title="bbox 25 312 1504 359; baseline -0.005 -5"><span class='ocrx_word' id='word_1_30' title='bbox 25 318 207 354; x_wconf 85' lang='lat' dir='ltr'><strong>clamitare</strong></span> <span class='ocrx_word' id='word_1_31' title='bbox 239 318 279 352; x_wconf 89' lang='lat' dir='ltr'><strong>in</strong></span> <span class='ocrx_word' id='word_1_32' title='bbox 308 316 454 352; x_wconf 73' lang='lat' dir='ltr'><strong>schola?</strong></span> <span class='ocrx_word' id='word_1_33' title='bbox 489 318 552 358; x_wconf 86' lang='lat'><strong>12,</strong></span> <span class='ocrx_word' id='word_1_34' title='bbox 585 317 650 359; x_wconf 89' lang='lat'><strong>11,</strong></span> <span class='ocrx_word' id='word_1_35' title='bbox 685 316 738 349; x_wconf 83' lang='lat'><strong>15.</strong></span> <span class='ocrx_word' id='word_1_36' title='bbox 779 313 864 359; x_wconf 76' lang='lat' dir='ltr'><strong>quid</strong></span> <span class='ocrx_word' id='word_1_37' title='bbox 897 313 992 348; x_wconf 87' lang='lat' dir='ltr'><strong>enim</strong></span> <span class='ocrx_word' id='word_1_38' title='bbox 1023 318 1082 347; x_wconf 90' lang='lat' dir='ltr'><strong>att.</strong></span> <span class='ocrx_word' id='word_1_39' title='bbox 1117 313 1180 347; x_wconf 83' lang='lat' dir='ltr'><strong>illa</strong></span> <span class='ocrx_word' id='word_1_40' title='bbox 1211 313 1264 346; x_wconf 81' lang='lat' dir='ltr'><strong>bis</strong></span> <span class='ocrx_word' id='word_1_41' title='bbox 1297 312 1369 347; x_wconf 79' lang='lat' dir='ltr'><strong>diei</strong></span> <span class='ocrx_word' id='word_1_42' title='bbox 1408 314 1449 348; x_wconf 84' lang='lat' dir='ltr'><em>V</em></span> <span class='ocrx_word' id='word_1_43' title='bbox 1455 314 1504 346; x_wconf 76' lang='lat' dir='ltr'><strong>ib.</strong></span> 
     </span>
     <span class='ocr_line' id='line_1_5' title="bbox 29 362 397 408; baseline -0.008 -8"><span class='ocrx_word' id='word_1_44' title='bbox 29 368 167 408; x_wconf 77' lang='lat' dir='ltr'><strong>Crisp.</strong></span> <span class='ocrx_word' id='word_1_45' title='bbox 194 365 229 408; x_wconf 88' lang='lat'><strong>5,</strong></span> <span class='ocrx_word' id='word_1_46' title='bbox 258 366 313 407; x_wconf 85' lang='lat'><strong>13,</strong></span> <span class='ocrx_word' id='word_1_47' title='bbox 338 362 397 398; x_wconf 77' lang='grc'><strong>48.</strong></span> 
     </span>
    </p>

    <p class='ocr_par' dir='ltr' id='par_1_3' title="bbox 0 408 1516 877">
     <span class='ocr_line' id='line_1_6' title="bbox 0 408 1508 465; baseline -0.003 -13"><span class='ocrx_word' id='word_1_48' title='bbox 0 408 174 465; x_wconf 64' lang='lat' dir='ltr'><strong>[ningo.</strong></span> <span class='ocrx_word' id='word_1_49' title='bbox 219 419 256 463; x_wconf 88' lang='lat'><strong>1)</strong></span> <span class='ocrx_word' id='word_1_50' title='bbox 288 419 319 453; x_wconf 85' lang='lat' dir='ltr'><strong>si</strong></span> <span class='ocrx_word' id='word_1_51' title='bbox 348 425 478 453; x_wconf 87' lang='lat' dir='ltr'><strong>terram</strong></span> <span class='ocrx_word' id='word_1_52' title='bbox 511 415 690 464; x_wconf 69' lang='lat' dir='ltr'>attigerint</span> <span class='ocrx_word' id='word_1_53' title='bbox 727 418 767 459; x_wconf 87' lang='lat'><strong>1,</strong></span> <span class='ocrx_word' id='word_1_54' title='bbox 792 418 838 459; x_wconf 84' lang='lat'><strong>2,</strong></span> <span class='ocrx_word' id='word_1_55' title='bbox 862 419 898 451; x_wconf 87' lang='lat'><strong>7.</strong></span> <span class='ocrx_word' id='word_1_56' title='bbox 937 427 1020 450; x_wconf 88' lang='lat' dir='ltr'><strong>cum</strong></span> <span class='ocrx_word' id='word_1_57' title='bbox 1046 426 1150 463; x_wconf 85' lang='lat' dir='ltr'><strong>eum,</strong></span> <span class='ocrx_word' id='word_1_58' title='bbox 1191 414 1251 459; x_wconf 84' lang='lat' dir='ltr'><strong>qui</strong></span> <span class='ocrx_word' id='word_1_59' title='bbox 1276 413 1508 459; x_wconf 76' lang='lat' dir='ltr'><strong>pulsavit,</strong></span> 
     </span>
     <span class='ocr_line' id='line_1_7' title="bbox 27 460 1508 514; baseline -0.005 -12"><span class='ocrx_word' id='word_1_60' title='bbox 27 465 244 514; x_wconf 79' lang='lat' dir='ltr'><strong>attigisse</strong></span> <span class='ocrx_word' id='word_1_61' title='bbox 277 465 426 499; x_wconf 78' lang='lat' dir='ltr'><strong>dicimus</strong></span> <span class='ocrx_word' id='word_1_62' title='bbox 451 463 638 507; x_wconf 68' lang='lat' dir='ltr'><strong>(minuendi</strong></span> <span class='ocrx_word' id='word_1_63' title='bbox 662 461 810 506; x_wconf 79' lang='lat' dir='ltr'><strong>species)</strong></span> <span class='ocrx_word' id='word_1_64' title='bbox 848 463 883 505; x_wconf 88' lang='lat'><strong>8,</strong></span> <span class='ocrx_word' id='word_1_65' title='bbox 909 461 945 505; x_wconf 88' lang='lat'><strong>4,</strong></span> <span class='ocrx_word' id='word_1_66' title='bbox 975 466 1007 496; x_wconf 90' lang='lat'><strong>1.</strong></span> <span class='ocrx_word' id='word_1_67' title='bbox 1052 460 1223 496; x_wconf 73' lang='lat' dir='ltr'><strong>Codicem</strong></span> <span class='ocrx_word' id='word_1_68' title='bbox 1246 461 1358 508; x_wconf 80' lang='lat' dir='ltr'><strong>attigit</strong></span> <span class='ocrx_word' id='word_1_69' title='bbox 1385 462 1419 503; x_wconf 87' lang='lat'><strong>5,</strong></span> <span class='ocrx_word' id='word_1_70' title='bbox 1449 463 1508 503; x_wconf 86' lang='lat'><strong>13,</strong></span> 
     </span>
     <span class='ocr_line' id='line_1_8' title="bbox 27 506 1509 556; baseline -0.005 -9"><span class='ocrx_word' id='word_1_71' title='bbox 27 514 84 548; x_wconf 82' lang='lat'><strong>26.</strong></span> <span class='ocrx_word' id='word_1_72' title='bbox 175 512 227 556; x_wconf 91' lang='lat'><strong>11)</strong></span> <span class='ocrx_word' id='word_1_73' title='bbox 250 515 388 545; x_wconf 66' lang='lat' dir='ltr'><strong>transh:</strong></span> <span class='ocrx_word' id='word_1_74' title='bbox 419 511 519 555; x_wconf 81' lang='lat' dir='ltr'><strong>Quae</strong></span> <span class='ocrx_word' id='word_1_75' title='bbox 543 520 588 543; x_wconf 90' lang='lat' dir='ltr'><strong>ne</strong></span> <span class='ocrx_word' id='word_1_76' title='bbox 613 508 904 552; x_wconf 87' lang='lat' dir='ltr'><strong>praeterisse</strong></span> <span class='ocrx_word' id='word_1_77' title='bbox 930 507 1096 549; x_wconf 82' lang='lat' dir='ltr'><strong>viderer,</strong></span> <span class='ocrx_word' id='word_1_78' title='bbox 1131 507 1213 540; x_wconf 87' lang='lat' dir='ltr'><strong>satis</strong></span> <span class='ocrx_word' id='word_1_79' title='bbox 1237 507 1343 540; x_wconf 87' lang='lat' dir='ltr'><strong>habui</strong></span> <span class='ocrx_word' id='word_1_80' title='bbox 1373 506 1509 541; x_wconf 87' lang='lat' dir='ltr'><strong>attin-</strong></span> 
     </span>
     <span class='ocr_line' id='line_1_9' title="bbox 10 552 1510 606; baseline -0.003 -13"><span class='ocrx_word' id='word_1_81' title='bbox 10 564 143 606; x_wconf 76' lang='lat' dir='ltr'><strong>⁴·gere</strong></span> <span class='ocrx_word' id='word_1_82' title='bbox 170 560 203 597; x_wconf 88' lang='grc'><strong>3,</strong></span> <span class='ocrx_word' id='word_1_83' title='bbox 226 558 262 601; x_wconf 90' lang='grc'><strong>6,</strong></span> <span class='ocrx_word' id='word_1_84' title='bbox 290 559 348 592; x_wconf 94' lang='grc'><strong>28.</strong></span> <span class='ocrx_word' id='word_1_85' title='bbox 383 557 494 598; x_wconf 85' lang='lat' dir='ltr'><strong>haec,</strong></span> <span class='ocrx_word' id='word_1_86' title='bbox 526 566 572 589; x_wconf 88' lang='lat' dir='ltr'><strong>ne</strong></span> <span class='ocrx_word' id='word_1_87' title='bbox 599 554 811 588; x_wconf 89' lang='lat' dir='ltr'><strong>omisisse</strong></span> <span class='ocrx_word' id='word_1_88' title='bbox 837 554 1005 597; x_wconf 77' lang='lat' dir='ltr'><strong>viderer,</strong></span> <span class='ocrx_word' id='word_1_89' title='bbox 1033 552 1172 599; x_wconf 76' lang='lat' dir='ltr'><strong>attigi</strong></span> <span class='ocrx_word' id='word_1_90' title='bbox 1196 554 1230 594; x_wconf 86' lang='lat'><strong>6,</strong></span> <span class='ocrx_word' id='word_1_91' title='bbox 1251 556 1286 596; x_wconf 87' lang='grc'><strong>3,</strong></span> <span class='ocrx_word' id='word_1_92' title='bbox 1312 555 1389 587; x_wconf 87' lang='grc'><strong>102.</strong></span> <span class='ocrx_word' id='word_1_93' title='bbox 1418 564 1510 597; x_wconf 82' lang='lat' dir='ltr'><strong>quae</strong></span> 
     </span>
     <span class='ocr_line' id='line_1_10' title="bbox 30 599 1511 649; baseline -0.005 -10"><span class='ocrx_word' id='word_1_94' title='bbox 30 614 138 647; x_wconf 75' lang='lat' dir='ltr'><strong>supra</strong></span> <span class='ocrx_word' id='word_1_95' title='bbox 161 602 359 649; x_wconf 83' lang='lat' dir='ltr'><strong>jam-attigi</strong></span> <span class='ocrx_word' id='word_1_96' title='bbox 386 605 419 643; x_wconf 90' lang='lat'><strong>1,</strong></span> <span class='ocrx_word' id='word_1_97' title='bbox 443 602 486 643; x_wconf 88' lang='grc'><strong>6,</strong></span> <span class='ocrx_word' id='word_1_98' title='bbox 510 600 568 635; x_wconf 83' lang='lat'><strong>24.</strong></span> <span class='ocrx_word' id='word_1_99' title='bbox 610 612 700 644; x_wconf 81' lang='lat' dir='ltr'><strong>quae</strong></span> <span class='ocrx_word' id='word_1_100' title='bbox 726 600 854 634; x_wconf 85' lang='lat' dir='ltr'><strong>leviter</strong></span> <span class='ocrx_word' id='word_1_101' title='bbox 877 599 913 632; x_wconf 89' lang='lat' dir='ltr'><strong>in</strong></span> <span class='ocrx_word' id='word_1_102' title='bbox 941 599 1090 634; x_wconf 89' lang='lat' dir='ltr'><strong>transitu</strong></span> <span class='ocrx_word' id='word_1_103' title='bbox 1117 599 1300 645; x_wconf 74' lang='lat' dir='ltr'>attigeram</span> <span class='ocrx_word' id='word_1_104' title='bbox 1328 602 1363 640; x_wconf 92' lang='lat'><strong>7,</strong></span> <span class='ocrx_word' id='word_1_105' title='bbox 1388 601 1428 641; x_wconf 83' lang='lat'><strong>3,</strong></span> <span class='ocrx_word' id='word_1_106' title='bbox 1451 602 1511 634; x_wconf 86' lang='lat'><strong>27.</strong></span> 
     </span>
     <span class='ocr_line' id='line_1_11' title="bbox 31 644 1511 693; baseline -0.003 -9"><span class='ocrx_word' id='word_1_107' title='bbox 31 649 229 684; x_wconf 64' lang='lat' dir='ltr'><strong>summatim</strong></span> <span class='ocrx_word' id='word_1_108' title='bbox 251 646 310 692; x_wconf 78' lang='grc' dir='ltr'><strong>(ὰ.</strong></span> <span class='ocrx_word' id='word_1_109' title='bbox 331 653 354 682; x_wconf 83' lang='lat'><strong>1.</strong></span> <span class='ocrx_word' id='word_1_110' title='bbox 380 646 570 691; x_wconf 87' lang='lat' dir='ltr'><strong>summam)</strong></span> <span class='ocrx_word' id='word_1_111' title='bbox 594 646 759 693; x_wconf 81' lang='lat' dir='ltr'><strong>attingam</strong></span> <span class='ocrx_word' id='word_1_112' title='bbox 787 648 841 687; x_wconf 89' lang='grc'><strong>10,</strong></span> <span class='ocrx_word' id='word_1_113' title='bbox 865 649 898 688; x_wconf 87' lang='grc'><strong>1,</strong></span> <span class='ocrx_word' id='word_1_114' title='bbox 916 645 974 679; x_wconf 87' lang='grc'><strong>44.</strong></span> <span class='ocrx_word' id='word_1_115' title='bbox 1008 657 1121 690; x_wconf 87' lang='lat' dir='ltr'><strong>pauca</strong></span> <span class='ocrx_word' id='word_1_116' title='bbox 1147 645 1289 689; x_wconf 87' lang='lat' dir='ltr'><strong>propria</strong></span> <span class='ocrx_word' id='word_1_117' title='bbox 1312 645 1416 688; x_wconf 81' lang='lat' dir='ltr'><strong>hujus</strong></span> <span class='ocrx_word' id='word_1_118' title='bbox 1439 644 1511 679; x_wconf 83' lang='lat' dir='ltr'><strong>loci</strong></span> 
     </span>
     <span class='ocr_line' id='line_1_12' title="bbox 33 690 1513 742; baseline -0.002 -13"><span class='ocrx_word' id='word_1_119' title='bbox 33 693 200 742; x_wconf 81' lang='lat' dir='ltr'><strong>attingam</strong></span> <span class='ocrx_word' id='word_1_120' title='bbox 227 698 283 737; x_wconf 87' lang='grc'><strong>12,</strong></span> <span class='ocrx_word' id='word_1_121' title='bbox 305 695 341 736; x_wconf 89' lang='grc'><strong>9,</strong></span> <span class='ocrx_word' id='word_1_122' title='bbox 367 697 400 728; x_wconf 97' lang='grc'><strong>1.</strong></span> <span class='ocrx_word' id='word_1_123' title='bbox 435 692 479 734; x_wconf 82' lang='lat' dir='ltr'><strong>cs.</strong></span> <span class='ocrx_word' id='word_1_124' title='bbox 509 693 543 732; x_wconf 86' lang='lat'><strong>6.</strong></span> <span class='ocrx_word' id='word_1_125' title='bbox 568 695 603 734; x_wconf 87' lang='grc'><strong>2,</strong></span> <span class='ocrx_word' id='word_1_126' title='bbox 631 696 664 726; x_wconf 90' lang='grc'><strong>2.</strong></span> <span class='ocrx_word' id='word_1_127' title='bbox 703 691 912 736; x_wconf 85' lang='lat' dir='ltr'><strong>paucissima</strong></span> <span class='ocrx_word' id='word_1_128' title='bbox 937 690 1103 739; x_wconf 84' lang='lat' dir='ltr'><strong>attingam</strong></span> <span class='ocrx_word' id='word_1_129' title='bbox 1131 693 1293 735; x_wconf 79' lang='lat' dir='ltr'><strong>exempla</strong></span> <span class='ocrx_word' id='word_1_130' title='bbox 1317 691 1352 734; x_wconf 87' lang='lat'><strong>5,</strong></span> <span class='ocrx_word' id='word_1_131' title='bbox 1376 693 1432 733; x_wconf 91' lang='grc'><strong>10,</strong></span> <span class='ocrx_word' id='word_1_132' title='bbox 1454 692 1513 726; x_wconf 85' lang='grc'><strong>92.</strong></span> 
     </span>
     <span class='ocr_line' id='line_1_13' title="bbox 28 736 1513 787; baseline -0.003 -12"><span class='ocrx_word' id='word_1_133' title='bbox 28 741 240 786; x_wconf 77' lang='lat' dir='ltr'><strong>praecipuos</strong></span> <span class='ocrx_word' id='word_1_134' title='bbox 275 740 484 787; x_wconf 75' lang='lat' dir='ltr'><strong>attingemus</strong></span> <span class='ocrx_word' id='word_1_135' title='bbox 517 739 558 779; x_wconf 89' lang='grc'><strong>8,</strong></span> <span class='ocrx_word' id='word_1_136' title='bbox 586 741 628 781; x_wconf 94' lang='grc'><strong>3,</strong></span> <span class='ocrx_word' id='word_1_137' title='bbox 662 739 718 773; x_wconf 82' lang='grc'><strong>89.</strong></span> <span class='ocrx_word' id='word_1_138' title='bbox 770 737 998 780; x_wconf 86' lang='lat' dir='ltr'><strong>dicturus,</strong></span> <span class='ocrx_word' id='word_1_139' title='bbox 1043 737 1170 781; x_wconf 84' lang='lat' dir='ltr'><strong>quibus</strong></span> <span class='ocrx_word' id='word_1_140' title='bbox 1201 743 1350 771; x_wconf 87' lang='lat' dir='ltr'><strong>ornetur</strong></span> <span class='ocrx_word' id='word_1_141' title='bbox 1385 736 1513 778; x_wconf 88' lang='lat' dir='ltr'><strong>oratio,</strong></span> 
     </span>
     <span class='ocr_line' id='line_1_14' title="bbox 28 781 1516 832; baseline -0.002 -12"><span class='ocrx_word' id='word_1_142' title='bbox 28 786 132 832; x_wconf 60' lang='lat' dir='ltr'><strong>‘prius</strong></span> <span class='ocrx_word' id='word_1_143' title='bbox 158 797 222 831; x_wconf 87' lang='lat' dir='ltr'><strong>ea,</strong></span> <span class='ocrx_word' id='word_1_144' title='bbox 258 797 349 831; x_wconf 77' lang='lat' dir='ltr'><strong>quae</strong></span> <span class='ocrx_word' id='word_1_145' title='bbox 382 791 463 819; x_wconf 86' lang='lat' dir='ltr'><strong>sunt</strong></span> <span class='ocrx_word' id='word_1_146' title='bbox 499 784 673 819; x_wconf 84' lang='lat' dir='ltr'><strong>contraria</strong></span> <span class='ocrx_word' id='word_1_147' title='bbox 707 783 822 826; x_wconf 87' lang='lat' dir='ltr'><strong>laudi,</strong></span> <span class='ocrx_word' id='word_1_148' title='bbox 861 783 1084 830; x_wconf 87' lang='lat' dir='ltr'><strong>attingam</strong></span> <span class='ocrx_word' id='word_1_149' title='bbox 1121 785 1164 816; x_wconf 81' lang='lat' dir='ltr'><strong>ib.</strong></span> <span class='ocrx_word' id='word_1_150' title='bbox 1199 781 1264 825; x_wconf 73' lang='lat'><strong>413</strong></span> <span class='ocrx_word' id='word_1_151' title='bbox 1311 782 1516 830; x_wconf 81' lang='lat' dir='ltr'><strong>attingenda</strong></span> 
     </span>
     <span class='ocr_line' id='line_1_15' title="bbox 34 828 1515 877; baseline -0.003 -10"><span class='ocrx_word' id='word_1_152' title='bbox 34 832 220 877; x_wconf 75' lang='lat' dir='ltr'><strong>defensio,</strong></span> <span class='ocrx_word' id='word_1_153' title='bbox 249 838 290 866; x_wconf 87' lang='lat' dir='ltr'><strong>ut</strong></span> <span class='ocrx_word' id='word_1_154' title='bbox 310 831 348 866; x_wconf 91' lang='lat' dir='ltr'><strong>id</strong></span> <span class='ocrx_word' id='word_1_155' title='bbox 373 841 439 875; x_wconf 85' lang='lat' dir='ltr'><strong>pro</strong></span> <span class='ocrx_word' id='word_1_156' title='bbox 466 841 543 874; x_wconf 85' lang='lat' dir='ltr'><strong>rep.</strong></span> <span class='ocrx_word' id='word_1_157' title='bbox 570 829 677 863; x_wconf 85' lang='lat' dir='ltr'><strong>fuerit</strong></span> <span class='ocrx_word' id='word_1_158' title='bbox 702 833 737 872; x_wconf 89' lang='lat'><strong>7,</strong></span> <span class='ocrx_word' id='word_1_159' title='bbox 766 833 797 872; x_wconf 85' lang='lat'><strong>1,</strong></span> <span class='ocrx_word' id='word_1_160' title='bbox 819 829 876 863; x_wconf 87' lang='grc'><strong>35.</strong></span> <span class='ocrx_word' id='word_1_161' title='bbox 920 830 1075 863; x_wconf 85' lang='lat' dir='ltr'><strong>maxime</strong></span> <span class='ocrx_word' id='word_1_162' title='bbox 1099 828 1318 862; x_wconf 86' lang='lat' dir='ltr'><strong>necessarias</strong></span> <span class='ocrx_word' id='word_1_163' title='bbox 1346 828 1515 873; x_wconf 78' lang='lat' dir='ltr'><strong>(partes)</strong></span> 
     </span>
    </p>

    <p class='ocr_par' dir='ltr' id='par_1_4' title="bbox 2 874 1514 971">
     <span class='ocr_line' id='line_1_16' title="bbox 2 874 1514 922; baseline -0.003 -9"><span class='ocrx_word' id='word_1_164' title='bbox 2 898 5 899; x_wconf 30' lang='grc' dir='ltr'><em>ν</em></span> <span class='ocrx_word' id='word_1_165' title='bbox 35 877 119 913; x_wconf 84' lang='lat' dir='ltr'><strong>attin</strong></span> <span class='ocrx_word' id='word_1_166' title='bbox 145 889 203 912; x_wconf 88' lang='lat' dir='ltr'><strong>am</strong></span> <span class='ocrx_word' id='word_1_167' title='bbox 234 879 282 922; x_wconf 88' lang='lat'><strong>8,</strong></span> <span class='ocrx_word' id='word_1_168' title='bbox 311 879 352 920; x_wconf 89' lang='lat'><strong>3,</strong></span> <span class='ocrx_word' id='word_1_169' title='bbox 378 878 435 912; x_wconf 87' lang='grc'><strong>63.</strong></span> <span class='ocrx_word' id='word_1_170' title='bbox 481 887 563 920; x_wconf 87' lang='lat' dir='ltr'><strong>pars</strong></span> <span class='ocrx_word' id='word_1_171' title='bbox 601 877 710 911; x_wconf 84' lang='lat' dir='ltr'><strong>altera</strong></span> <span class='ocrx_word' id='word_1_172' title='bbox 743 874 992 918; x_wconf 83' lang='lat' dir='ltr'><strong>probationum</strong></span> <span class='ocrx_word' id='word_1_173' title='bbox 1027 875 1237 918; x_wconf 76' lang='lat' dir='ltr'><strong>plerumque</strong></span> <span class='ocrx_word' id='word_1_174' title='bbox 1270 881 1330 909; x_wconf 87' lang='lat' dir='ltr'><strong>aut</strong></span> <span class='ocrx_word' id='word_1_175' title='bbox 1365 874 1514 909; x_wconf 89' lang='lat' dir='ltr'><strong>omnino</strong></span> 
     </span>
     <span class='ocr_line' id='line_1_17' title="bbox 6 920 1144 971; baseline -0.005 -12"><span class='ocrx_word' id='word_1_176' title='bbox 6 934 88 960; x_wconf 73' lang='lat' dir='ltr'><strong>:ne</strong></span> <span class='ocrx_word' id='word_1_177' title='bbox 148 923 316 971; x_wconf 86' lang='lat' dir='ltr'><strong>igitur,</strong></span> <span class='ocrx_word' id='word_1_178' title='bbox 350 928 408 966; x_wconf 78' lang='lat' dir='ltr'><strong>aut</strong></span> <span class='ocrx_word' id='word_1_179' title='bbox 435 921 677 956; x_wconf 82' lang='lat' dir='ltr'><strong>levissime</strong></span> <span class='ocrx_word' id='word_1_180' title='bbox 702 920 954 967; x_wconf 87' lang='lat' dir='ltr'><strong>attingitur</strong></span> <span class='ocrx_word' id='word_1_181' title='bbox 989 922 1024 963; x_wconf 87' lang='lat'><strong>5,</strong></span> <span class='ocrx_word' id='word_1_182' title='bbox 1050 921 1086 965; x_wconf 88' lang='grc'><strong>8,</strong></span> <span class='ocrx_word' id='word_1_183' title='bbox 1111 922 1144 953; x_wconf 92' lang='grc'><strong>1.</strong></span> 
     </span>
    </p>

    <p class='ocr_par' dir='ltr' id='par_1_5' title="bbox 0 966 1515 1023">
     <span class='ocr_line' id='line_1_18' title="bbox 0 966 1515 1023; baseline 0.001 -14"><span class='ocrx_word' id='word_1_184' title='bbox 0 966 93 1019; x_wconf 50' lang='grc' dir='ltr'><strong>βίω</strong></span> <span class='ocrx_word' id='word_1_185' title='bbox 127 983 189 1010; x_wconf 37' lang='grc' dir='ltr'><strong>ο.μ</strong></span> <span class='ocrx_word' id='word_1_186' title='bbox 212 977 247 1023; x_wconf 88' lang='lat'><strong>1)</strong></span> <span class='ocrx_word' id='word_1_187' title='bbox 271 979 350 1013; x_wconf 83' lang='lat' dir='ltr'><strong>sive</strong></span> <span class='ocrx_word' id='word_1_188' title='bbox 375 977 723 1019; x_wconf 79' lang='lat' dir='ltr'><strong>summittimus,</strong></span> <span class='ocrx_word' id='word_1_189' title='bbox 751 977 829 1011; x_wconf 83' lang='lat' dir='ltr'><strong>sive</strong></span> <span class='ocrx_word' id='word_1_190' title='bbox 853 977 1040 1013; x_wconf 76' lang='lat' dir='ltr'><strong>adorantes</strong></span> <span class='ocrx_word' id='word_1_191' title='bbox 1068 976 1325 1010; x_wconf 83' lang='lat' dir='ltr'><strong>attollimus</strong></span> <span class='ocrx_word' id='word_1_192' title='bbox 1350 975 1515 1022; x_wconf 81' lang='lat' dir='ltr'><strong>(manus)</strong></span> 
     </span>
    </p>

    <p class='ocr_par' dir='ltr' id='par_1_6' title="bbox 0 1022 1519 1343">
     <span class='ocr_line' id='line_1_19' title="bbox 0 1022 1517 1069; baseline -0.001 -9"><span class='ocrx_word' id='word_1_193' title='bbox 0 1031 6 1055; x_wconf 74' lang='grc' dir='ltr'>ἶ</span> <span class='ocrx_word' id='word_1_194' title='bbox 37 1027 94 1068; x_wconf 75' lang='grc'><strong>11,</strong></span> <span class='ocrx_word' id='word_1_195' title='bbox 115 1028 152 1068; x_wconf 91' lang='grc'><strong>3,</strong></span> <span class='ocrx_word' id='word_1_196' title='bbox 180 1026 258 1059; x_wconf 88' lang='grc'><strong>115.</strong></span> <span class='ocrx_word' id='word_1_197' title='bbox 290 1025 382 1058; x_wconf 89' lang='lat' dir='ltr'><strong>male</strong></span> <span class='ocrx_word' id='word_1_198' title='bbox 408 1024 534 1057; x_wconf 83' lang='lat' dir='ltr'><strong>dexter</strong></span> <span class='ocrx_word' id='word_1_199' title='bbox 565 1022 674 1066; x_wconf 82' lang='lat' dir='ltr'><strong>(pes)</strong></span> <span class='ocrx_word' id='word_1_200' title='bbox 707 1022 963 1065; x_wconf 84' lang='lat' dir='ltr'><strong>attollitur,</strong></span> <span class='ocrx_word' id='word_1_201' title='bbox 1001 1029 1061 1056; x_wconf 85' lang='lat' dir='ltr'><strong>aut</strong></span> <span class='ocrx_word' id='word_1_202' title='bbox 1092 1023 1238 1056; x_wconf 87' lang='lat' dir='ltr'><strong>summis</strong></span> <span class='ocrx_word' id='word_1_203' title='bbox 1270 1022 1386 1069; x_wconf 83' lang='lat' dir='ltr'><strong>digitis</strong></span> <span class='ocrx_word' id='word_1_204' title='bbox 1421 1035 1517 1058; x_wconf 86' lang='lat' dir='ltr'><strong>sus-</strong></span> 
     </span>
     <span class='ocr_line' id='line_1_20' title="bbox 38 1067 1515 1117; baseline -0.001 -13"><span class='ocrx_word' id='word_1_205' title='bbox 38 1070 266 1117; x_wconf 81' lang='lat' dir='ltr'><strong>penditur</strong></span> <span class='ocrx_word' id='word_1_206' title='bbox 293 1071 435 1104; x_wconf 77' lang='lat' dir='ltr'><strong>ib.125.</strong></span> <span class='ocrx_word' id='word_1_207' title='bbox 467 1067 701 1113; x_wconf 77' lang='lat' dir='ltr'><strong>(superciliis)</strong></span> <span class='ocrx_word' id='word_1_208' title='bbox 731 1068 970 1110; x_wconf 80' lang='lat' dir='ltr'><strong>contrahitur,</strong></span> <span class='ocrx_word' id='word_1_209' title='bbox 1005 1068 1270 1109; x_wconf 81' lang='lat' dir='ltr'><strong>attollitur,</strong></span> <span class='ocrx_word' id='word_1_210' title='bbox 1308 1068 1515 1103; x_wconf 87' lang='lat' dir='ltr'><strong>demitti-</strong></span> 
     </span>
     <span class='ocr_line' id='line_1_21' title="bbox 39 1113 1518 1162; baseline 0 -12"><span class='ocrx_word' id='word_1_211' title='bbox 39 1121 115 1150; x_wconf 85' lang='lat' dir='ltr'><strong>tur</strong></span> <span class='ocrx_word' id='word_1_212' title='bbox 142 1114 285 1162; x_wconf 81' lang='lat' dir='ltr'><strong>(srons)</strong></span> <span class='ocrx_word' id='word_1_213' title='bbox 312 1118 355 1150; x_wconf 78' lang='lat' dir='ltr'><strong>ib.</strong></span> <span class='ocrx_word' id='word_1_214' title='bbox 381 1116 438 1150; x_wconf 90' lang='grc'><strong>78.</strong></span> <span class='ocrx_word' id='word_1_215' title='bbox 483 1124 614 1158; x_wconf 86' lang='lat' dir='ltr'><strong>pueros</strong></span> <span class='ocrx_word' id='word_1_216' title='bbox 639 1115 798 1147; x_wconf 85' lang='lat' dir='ltr'><strong>attollere</strong></span> <span class='ocrx_word' id='word_1_217' title='bbox 825 1114 882 1155; x_wconf 86' lang='lat' dir='ltr'><strong>(in</strong></span> <span class='ocrx_word' id='word_1_218' title='bbox 909 1115 1139 1157; x_wconf 72' lang='lat' dir='ltr'><strong>peroratione)</strong></span> <span class='ocrx_word' id='word_1_219' title='bbox 1167 1117 1210 1148; x_wconf 81' lang='lat' dir='ltr'><strong>ib.</strong></span> <span class='ocrx_word' id='word_1_220' title='bbox 1235 1113 1313 1148; x_wconf 92' lang='lat'><strong>174.</strong></span> <span class='ocrx_word' id='word_1_221' title='bbox 1357 1115 1518 1150; x_wconf 81' lang='lat' dir='ltr'><strong>sublimis</strong></span> 
     </span>
     <span class='ocr_line' id='line_1_22' title="bbox 37 1158 1519 1206; baseline 0.001 -12"><span class='ocrx_word' id='word_1_222' title='bbox 37 1161 179 1206; x_wconf 75' lang='lat' dir='ltr'><strong>spiritus</strong></span> <span class='ocrx_word' id='word_1_223' title='bbox 202 1162 364 1195; x_wconf 71' lang='lat' dir='ltr'><strong>attollere</strong></span> <span class='ocrx_word' id='word_1_224' title='bbox 386 1160 582 1194; x_wconf 86' lang='lat' dir='ltr'><strong>orationem</strong></span> <span class='ocrx_word' id='word_1_225' title='bbox 605 1165 721 1203; x_wconf 81' lang='lat' dir='ltr'><strong>potest</strong></span> <span class='ocrx_word' id='word_1_226' title='bbox 746 1162 810 1201; x_wconf 89' lang='grc'><strong>10,</strong></span> <span class='ocrx_word' id='word_1_227' title='bbox 837 1160 878 1199; x_wconf 93' lang='grc'><strong>5,</strong></span> <span class='ocrx_word' id='word_1_228' title='bbox 905 1158 940 1193; x_wconf 97' lang='grc'><strong>4.</strong></span> <span class='ocrx_word' id='word_1_229' title='bbox 984 1160 1127 1204; x_wconf 86' lang='lat' dir='ltr'><strong>quando</strong></span> <span class='ocrx_word' id='word_1_230' title='bbox 1159 1161 1424 1194; x_wconf 87' lang='lat' dir='ltr'><strong>attollenda</strong></span> <span class='ocrx_word' id='word_1_231' title='bbox 1456 1163 1519 1196; x_wconf 77' lang='lat' dir='ltr'><strong>vel</strong></span> 
     </span>
     <span class='ocr_line' id='line_1_23' title="bbox 37 1204 1517 1251; baseline 0.001 -11"><span class='ocrx_word' id='word_1_232' title='bbox 37 1205 362 1241; x_wconf 79' lang='lat' dir='ltr'><strong>sum-mittenda</strong></span> <span class='ocrx_word' id='word_1_233' title='bbox 388 1206 434 1240; x_wconf 87' lang='lat' dir='ltr'><strong>sit</strong></span> <span class='ocrx_word' id='word_1_234' title='bbox 447 1216 524 1240; x_wconf 76' lang='lat' dir='ltr'><strong>vox</strong></span> <span class='ocrx_word' id='word_1_235' title='bbox 542 1209 574 1247; x_wconf 91' lang='lat'><strong>1,</strong></span> <span class='ocrx_word' id='word_1_236' title='bbox 592 1206 626 1247; x_wconf 84' lang='lat'><strong>8,</strong></span> <span class='ocrx_word' id='word_1_237' title='bbox 648 1208 677 1238; x_wconf 88' lang='lat'><strong>1.</strong></span> <span class='ocrx_word' id='word_1_238' title='bbox 708 1204 825 1249; x_wconf 82' lang='lat' dir='ltr'><em>(vox)</em></span> <span class='ocrx_word' id='word_1_239' title='bbox 849 1206 1090 1240; x_wconf 87' lang='lat' dir='ltr'><strong>attollitur</strong></span> <span class='ocrx_word' id='word_1_240' title='bbox 1105 1205 1302 1240; x_wconf 89' lang='lat' dir='ltr'><strong>&#39;concitatis</strong></span> <span class='ocrx_word' id='word_1_241' title='bbox 1320 1207 1517 1251; x_wconf 81' lang='lat' dir='ltr'><strong>affectibus,</strong></span> 
     </span>
     <span class='ocr_line' id='line_1_24' title="bbox 36 1251 1518 1298; baseline 0.001 -12"><span class='ocrx_word' id='word_1_242' title='bbox 36 1252 242 1296; x_wconf 85' lang='lat' dir='ltr'><strong>compositis</strong></span> <span class='ocrx_word' id='word_1_243' title='bbox 278 1251 531 1286; x_wconf 87' lang='lat' dir='ltr'><strong>descendit</strong></span> <span class='ocrx_word' id='word_1_244' title='bbox 568 1253 630 1286; x_wconf 86' lang='lat'><strong>11.</strong></span> <span class='ocrx_word' id='word_1_245' title='bbox 665 1253 708 1292; x_wconf 89' lang='grc'><strong>3,</strong></span> <span class='ocrx_word' id='word_1_246' title='bbox 741 1252 798 1285; x_wconf 81' lang='grc'><strong>65.</strong></span> <span class='ocrx_word' id='word_1_247' title='bbox 891 1251 944 1293; x_wconf 92' lang='lat'><strong>11)</strong></span> <span class='ocrx_word' id='word_1_248' title='bbox 974 1256 1115 1286; x_wconf 64' lang='lat' dir='ltr'><strong>transh:</strong></span> <span class='ocrx_word' id='word_1_249' title='bbox 1151 1262 1222 1296; x_wconf 78' lang='lat' dir='ltr'><strong>quo</strong></span> <span class='ocrx_word' id='word_1_250' title='bbox 1257 1252 1335 1296; x_wconf 82' lang='lat' dir='ltr'><strong>quis</strong></span> <span class='ocrx_word' id='word_1_251' title='bbox 1371 1253 1518 1298; x_wconf 74' lang='lat' dir='ltr'><strong>ingenio</strong></span> 
     </span>
     <span class='ocr_line' id='line_1_25' title="bbox 38 1296 1517 1343; baseline 0.002 -12"><span class='ocrx_word' id='word_1_252' title='bbox 38 1298 155 1332; x_wconf 85' lang='lat' dir='ltr'><strong>minus</strong></span> <span class='ocrx_word' id='word_1_253' title='bbox 178 1299 296 1341; x_wconf 82' lang='lat' dir='ltr'><strong>valet,</strong></span> <span class='ocrx_word' id='word_1_254' title='bbox 330 1298 401 1331; x_wconf 91' lang='lat' dir='ltr'><strong>hoc</strong></span> <span class='ocrx_word' id='word_1_255' title='bbox 428 1308 467 1331; x_wconf 92' lang='lat' dir='ltr'><strong>se</strong></span> <span class='ocrx_word' id='word_1_256' title='bbox 490 1296 601 1343; x_wconf 84' lang='lat' dir='ltr'><strong>magis</strong></span> <span class='ocrx_word' id='word_1_257' title='bbox 633 1298 856 1330; x_wconf 79' lang='lat' dir='ltr'><strong>attollere</strong></span> <span class='ocrx_word' id='word_1_258' title='bbox 893 1303 926 1330; x_wconf 89' lang='lat' dir='ltr'><strong>et</strong></span> <span class='ocrx_word' id='word_1_259' title='bbox 954 1297 1154 1332; x_wconf 86' lang='lat' dir='ltr'><strong>dilatare</strong></span> <span class='ocrx_word' id='word_1_260' title='bbox 1182 1304 1331 1332; x_wconf 85' lang='lat' dir='ltr'><strong>conatur</strong></span> <span class='ocrx_word' id='word_1_261' title='bbox 1359 1303 1394 1342; x_wconf 85' lang='grc'><strong>2,</strong></span> <span class='ocrx_word' id='word_1_262' title='bbox 1419 1302 1453 1342; x_wconf 88' lang='grc'><strong>3,</strong></span> <span class='ocrx_word' id='word_1_263' title='bbox 1482 1301 1517 1334; x_wconf 89' lang='grc'><strong>8.</strong></span> 
     </span>
    </p>

    <p class='ocr_par' dir='ltr' id='par_1_7' title="bbox 0 1342 1522 1480">
     <span class='ocr_line' id='line_1_26' title="bbox 0 1342 1521 1388; baseline 0.001 -10"><span class='ocrx_word' id='word_1_264' title='bbox 0 1348 2 1350; x_wconf 73' lang='grc'><strong><em>’</em></strong></span> <span class='ocrx_word' id='word_1_265' title='bbox 39 1345 147 1388; x_wconf 80' lang='lat' dir='ltr'><strong>pudet</strong></span> <span class='ocrx_word' id='word_1_266' title='bbox 173 1355 278 1387; x_wconf 89' lang='lat' dir='ltr'><strong>supra</strong></span> <span class='ocrx_word' id='word_1_267' title='bbox 303 1344 448 1377; x_wconf 88' lang='lat' dir='ltr'><strong>modum</strong></span> <span class='ocrx_word' id='word_1_268' title='bbox 475 1342 648 1376; x_wconf 84' lang='lat' dir='ltr'><strong>sermonis</strong></span> <span class='ocrx_word' id='word_1_269' title='bbox 673 1343 784 1376; x_wconf 89' lang='lat' dir='ltr'><strong>attolli</strong></span> <span class='ocrx_word' id='word_1_270' title='bbox 815 1346 847 1384; x_wconf 89' lang='lat'><strong>1,</strong></span> <span class='ocrx_word' id='word_1_271' title='bbox 875 1346 909 1385; x_wconf 94' lang='grc'><strong>2,</strong></span> <span class='ocrx_word' id='word_1_272' title='bbox 939 1344 994 1376; x_wconf 90' lang='lat'><strong>31.</strong></span> <span class='ocrx_word' id='word_1_273' title='bbox 1031 1344 1119 1377; x_wconf 88' lang='lat' dir='ltr'><strong>nihil</strong></span> <span class='ocrx_word' id='word_1_274' title='bbox 1144 1355 1248 1387; x_wconf 87' lang='lat' dir='ltr'><strong>supra</strong></span> <span class='ocrx_word' id='word_1_275' title='bbox 1274 1345 1521 1388; x_wconf 80' lang='lat' dir='ltr'><strong>quotidianum</strong></span> 
     </span>
     <span class='ocr_line' id='line_1_27' title="bbox 38 1388 1522 1436; baseline 0.003 -13"><span class='ocrx_word' id='word_1_276' title='bbox 38 1399 237 1424; x_wconf 79' lang='lat' dir='ltr'><strong>sermonem</strong></span> <span class='ocrx_word' id='word_1_277' title='bbox 260 1390 419 1423; x_wconf 84' lang='lat' dir='ltr'><strong>attollere</strong></span> <span class='ocrx_word' id='word_1_278' title='bbox 446 1392 480 1431; x_wconf 88' lang='grc'><strong>2,</strong></span> <span class='ocrx_word' id='word_1_279' title='bbox 504 1388 540 1431; x_wconf 93' lang='grc'><strong>4,</strong></span> <span class='ocrx_word' id='word_1_280' title='bbox 563 1389 597 1423; x_wconf 91' lang='grc'><strong>9.</strong></span> <span class='ocrx_word' id='word_1_281' title='bbox 634 1388 789 1422; x_wconf 78' lang='lat' dir='ltr'><strong>minores</strong></span> <span class='ocrx_word' id='word_1_282' title='bbox 814 1395 938 1422; x_wconf 82' lang='lat' dir='ltr'><strong>contra</strong></span> <span class='ocrx_word' id='word_1_283' title='bbox 965 1389 1170 1436; x_wconf 79' lang='lat' dir='ltr'><strong>dignitatem</strong></span> <span class='ocrx_word' id='word_1_284' title='bbox 1197 1391 1380 1424; x_wconf 87' lang='lat' dir='ltr'><strong>attollendi</strong></span> <span class='ocrx_word' id='word_1_285' title='bbox 1408 1395 1465 1435; x_wconf 89' lang='grc'><strong>12,</strong></span> <span class='ocrx_word' id='word_1_286' title='bbox 1487 1396 1522 1433; x_wconf 88' lang='grc'><strong>7,</strong></span> 
     </span>
     <span class='ocr_line' id='line_1_28' title="bbox 39 1434 1522 1480; baseline 0.001 -10"><span class='ocrx_word' id='word_1_287' title='bbox 39 1435 75 1470; x_wconf 70' lang='lat'><strong>6.</strong></span> <span class='ocrx_word' id='word_1_288' title='bbox 111 1447 200 1480; x_wconf 84' lang='lat' dir='ltr'><strong>quae</strong></span> <span class='ocrx_word' id='word_1_289' title='bbox 228 1435 362 1468; x_wconf 86' lang='lat' dir='ltr'><strong>crebris</strong></span> <span class='ocrx_word' id='word_1_290' title='bbox 385 1434 576 1479; x_wconf 81' lang='lat' dir='ltr'><strong>parvisque</strong></span> <span class='ocrx_word' id='word_1_291' title='bbox 601 1434 786 1468; x_wconf 87' lang='lat' dir='ltr'><strong>conatibus</strong></span> <span class='ocrx_word' id='word_1_292' title='bbox 815 1445 853 1468; x_wconf 72' lang='lat' dir='ltr'><strong>se</strong></span> <span class='ocrx_word' id='word_1_293' title='bbox 882 1436 1063 1477; x_wconf 81' lang='lat' dir='ltr'><strong>attollant,</strong></span> <span class='ocrx_word' id='word_1_294' title='bbox 1101 1436 1298 1476; x_wconf 79' lang='lat' dir='ltr'><strong>inaequalia</strong></span> <span class='ocrx_word' id='word_1_295' title='bbox 1323 1442 1459 1471; x_wconf 89' lang='lat' dir='ltr'><strong>tantum</strong></span> <span class='ocrx_word' id='word_1_296' title='bbox 1485 1445 1522 1472; x_wconf 89' lang='lat' dir='ltr'><strong>et</strong></span> 
     </span>
    </p>

    <p class='ocr_par' dir='ltr' id='par_1_8' title="bbox 1 1479 1523 1527">
     <span class='ocr_line' id='line_1_29' title="bbox 1 1479 1523 1527; baseline 0 -12"><span class='ocrx_word' id='word_1_297' title='bbox 1 1517 5 1522; x_wconf 23' lang='lat' dir='ltr'><em>ff</em></span> <span class='ocrx_word' id='word_1_298' title='bbox 43 1481 142 1520; x_wconf 76' lang='lat' dir='ltr'><strong>&#39;velut</strong></span> <span class='ocrx_word' id='word_1_299' title='bbox 165 1481 397 1527; x_wconf 82' lang='lat' dir='ltr'><strong>confragosa,</strong></span> <span class='ocrx_word' id='word_1_300' title='bbox 427 1491 494 1514; x_wconf 85' lang='lat' dir='ltr'><strong>nec</strong></span> <span class='ocrx_word' id='word_1_301' title='bbox 517 1479 783 1514; x_wconf 84' lang='lat' dir='ltr'><strong>admirationem</strong></span> <span class='ocrx_word' id='word_1_302' title='bbox 808 1486 1002 1524; x_wconf 79' lang='lat' dir='ltr'><strong>sequuntur</strong></span> <span class='ocrx_word' id='word_1_303' title='bbox 1027 1481 1255 1515; x_wconf 86' lang='lat' dir='ltr'><strong>eminentium</strong></span> <span class='ocrx_word' id='word_1_304' title='bbox 1283 1490 1342 1517; x_wconf 75' lang='lat' dir='ltr'><strong>etc.</strong></span> <span class='ocrx_word' id='word_1_305' title='bbox 1367 1485 1402 1526; x_wconf 86' lang='grc'><strong>8,</strong></span> <span class='ocrx_word' id='word_1_306' title='bbox 1416 1484 1449 1526; x_wconf 88' lang='grc'><strong>5,</strong></span> <span class='ocrx_word' id='word_1_307' title='bbox 1466 1486 1523 1520; x_wconf 82' lang='lat'><strong>29.</strong></span> 
     </span>
    </p>

    <p class='ocr_par' dir='ltr' id='par_1_9' title="bbox 0 1524 1524 1699">
     <span class='ocr_line' id='line_1_30' title="bbox 0 1524 1522 1570; baseline 0.003 -11"><span class='ocrx_word' id='word_1_308' title='bbox 0 1527 3 1532; x_wconf 95' lang='lat'>&#39;</span> <span class='ocrx_word' id='word_1_309' title='bbox 43 1526 126 1570; x_wconf 85' lang='lat' dir='ltr'><strong>quid</strong></span> <span class='ocrx_word' id='word_1_310' title='bbox 156 1526 310 1560; x_wconf 83' lang='lat' dir='ltr'><strong>elocutio</strong></span> <span class='ocrx_word' id='word_1_311' title='bbox 341 1527 511 1560; x_wconf 87' lang='lat' dir='ltr'><strong>attolat</strong></span> <span class='ocrx_word' id='word_1_312' title='bbox 548 1531 607 1559; x_wconf 90' lang='lat' dir='ltr'><strong>aut</strong></span> <span class='ocrx_word' id='word_1_313' title='bbox 642 1526 870 1570; x_wconf 88' lang='lat' dir='ltr'><strong>deprimat</strong></span> <span class='ocrx_word' id='word_1_314' title='bbox 898 1528 942 1568; x_wconf 89' lang='grc'><strong>8,</strong></span> <span class='ocrx_word' id='word_1_315' title='bbox 967 1529 1008 1570; x_wconf 91' lang='grc'><strong>3,</strong></span> <span class='ocrx_word' id='word_1_316' title='bbox 1032 1529 1090 1562; x_wconf 88' lang='grc'><strong>90.</strong></span> <span class='ocrx_word' id='word_1_317' title='bbox 1135 1524 1392 1562; x_wconf 78' lang='lat' dir='ltr'><strong>excitanda</strong></span> <span class='ocrx_word' id='word_1_318' title='bbox 1420 1542 1522 1564; x_wconf 85' lang='lat' dir='ltr'><strong>mens</strong></span> 
     </span>
     <span class='ocr_line' id='line_1_31' title="bbox 41 1573 1523 1619; baseline 0.003 -13"><span class='ocrx_word' id='word_1_319' title='bbox 41 1578 78 1606; x_wconf 85' lang='lat' dir='ltr'><strong>et</strong></span> <span class='ocrx_word' id='word_1_320' title='bbox 101 1573 358 1613; x_wconf 79' lang='lat' dir='ltr'><strong>attollenda</strong></span> <span class='ocrx_word' id='word_1_321' title='bbox 386 1583 526 1615; x_wconf 89' lang='lat' dir='ltr'><strong>semper</strong></span> <span class='ocrx_word' id='word_1_322' title='bbox 549 1577 602 1605; x_wconf 86' lang='lat' dir='ltr'><strong>est</strong></span> <span class='ocrx_word' id='word_1_323' title='bbox 630 1575 647 1605; x_wconf 93' lang='lat'><strong>1</strong></span> <span class='ocrx_word' id='word_1_324' title='bbox 662 1598 672 1615; x_wconf 92' lang='lat'><strong>,</strong></span> <span class='ocrx_word' id='word_1_325' title='bbox 697 1575 738 1610; x_wconf 86' lang='grc'><strong>2,</strong></span> <span class='ocrx_word' id='word_1_326' title='bbox 761 1573 796 1606; x_wconf 88' lang='grc'><strong>8.</strong></span> <span class='ocrx_word' id='word_1_327' title='bbox 840 1577 899 1605; x_wconf 86' lang='lat' dir='ltr'><strong>aut</strong></span> <span class='ocrx_word' id='word_1_328' title='bbox 921 1583 980 1606; x_wconf 89' lang='lat' dir='ltr'><strong>res</strong></span> <span class='ocrx_word' id='word_1_329' title='bbox 1004 1584 1069 1619; x_wconf 84' lang='lat' dir='ltr'><strong>per</strong></span> <span class='ocrx_word' id='word_1_330' title='bbox 1098 1573 1364 1608; x_wconf 85' lang='lat' dir='ltr'><strong>similitudinem</strong></span> <span class='ocrx_word' id='word_1_331' title='bbox 1390 1578 1523 1610; x_wconf 84' lang='lat' dir='ltr'><strong>attolli-</strong></span> 
     </span>
     <span class='ocr_line' id='line_1_32' title="bbox 40 1618 1524 1699; baseline 0.005 -49"><span class='ocrx_word' id='word_1_332' title='bbox 40 1628 136 1698; x_wconf 48' lang='lat' dir='ltr'><strong>gaug,</strong></span> <span class='ocrx_word' id='word_1_333' title='bbox 164 1623 229 1698; x_wconf 62' lang='lat' dir='ltr'><strong>318st</strong></span> <span class='ocrx_word' id='word_1_334' title='bbox 249 1629 315 1699; x_wconf 60' lang='grc' dir='ltr'><strong>ἔδι-</strong></span> <span class='ocrx_word' id='word_1_335' title='bbox 338 1618 656 1662; x_wconf 85' lang='lat' dir='ltr'><strong>comparationem,</strong></span> <span class='ocrx_word' id='word_1_336' title='bbox 686 1623 747 1651; x_wconf 91' lang='lat' dir='ltr'><strong>aut</strong></span> <span class='ocrx_word' id='word_1_337' title='bbox 773 1618 883 1664; x_wconf 82' lang='lat' dir='ltr'><strong>signis</strong></span> <span class='ocrx_word' id='word_1_338' title='bbox 907 1618 1008 1663; x_wconf 82' lang='lat' dir='ltr'><strong>quasi</strong></span> <span class='ocrx_word' id='word_1_339' title='bbox 1035 1619 1197 1664; x_wconf 78' lang='lat' dir='ltr'><strong>quibusd.</strong></span> <span class='ocrx_word' id='word_1_340' title='bbox 1215 1621 1277 1654; x_wconf 84' lang='lat' dir='ltr'><strong>vel</strong></span> <span class='ocrx_word' id='word_1_341' title='bbox 1294 1622 1524 1658; x_wconf 75' lang='lat' dir='ltr'><strong>translatione</strong></span> 
     </span>
    </p>

    <p class='ocr_par' dir='ltr' id='par_1_10' title="bbox 0 1688 957 1819">
     <span class='ocr_line' id='line_1_33' title="bbox 66 1688 308 1705; baseline 0.004 -9"><span class='ocrx_word' id='word_1_342' title='bbox 66 1689 78 1705; x_wconf 92' lang='lat'><strong>,</strong></span> <span class='ocrx_word' id='word_1_343' title='bbox 128 1689 138 1705; x_wconf 91' lang='lat'><strong>,</strong></span> <span class='ocrx_word' id='word_1_344' title='bbox 212 1688 222 1696; x_wconf 90' lang='lat'><strong>.</strong></span> <span class='ocrx_word' id='word_1_345' title='bbox 299 1688 308 1697; x_wconf 88' lang='lat'><strong>.</strong></span> 
     </span>
     <span class='ocr_line' id='line_1_34' title="bbox 0 1705 957 1763; baseline 0.006 -15"><span class='ocrx_word' id='word_1_346' title='bbox 0 1705 227 1749; x_wconf 66' lang='lat' dir='ltr'><strong>Attonitus.</strong></span> <span class='ocrx_word' id='word_1_347' title='bbox 252 1737 296 1743; x_wconf 89' lang='lat'><em>—</em></span> <span class='ocrx_word' id='word_1_348' title='bbox 325 1718 422 1763; x_wconf 74' lang='lat' dir='ltr'><strong>Aiax</strong></span> <span class='ocrx_word' id='word_1_349' title='bbox 446 1717 501 1763; x_wconf 79' lang='lat' dir='ltr'><strong>(in</strong></span> <span class='ocrx_word' id='word_1_350' title='bbox 524 1720 723 1762; x_wconf 75' lang='lat' dir='ltr'><strong>tragoedia)</strong></span> <span class='ocrx_word' id='word_1_351' title='bbox 755 1722 810 1762; x_wconf 89' lang='lat'><strong>11,</strong></span> <span class='ocrx_word' id='word_1_352' title='bbox 837 1721 871 1762; x_wconf 82' lang='lat'><strong>3,</strong></span> <span class='ocrx_word' id='word_1_353' title='bbox 899 1721 957 1754; x_wconf 86' lang='lat'><strong>73.</strong></span> 
     </span>
     <span class='ocr_line' id='line_1_35' title="bbox 0 1762 830 1819; baseline 0.002 -10"><span class='ocrx_word' id='word_1_354' title='bbox 0 1762 285 1815; x_wconf 41' lang='lat' dir='ltr'><strong>Attl&#39;fflltflfioo,</strong></span> <span class='ocrx_word' id='word_1_355' title='bbox 302 1788 383 1819; x_wconf 78' lang='lat' dir='ltr'><strong>pars</strong></span> <span class='ocrx_word' id='word_1_356' title='bbox 408 1779 565 1810; x_wconf 79' lang='lat' dir='ltr'><strong>orationis</strong></span> <span class='ocrx_word' id='word_1_357' title='bbox 591 1779 624 1819; x_wconf 93' lang='lat'><strong>1,</strong></span> <span class='ocrx_word' id='word_1_358' title='bbox 650 1775 685 1816; x_wconf 80' lang='lat'><strong>4,</strong></span> <span class='ocrx_word' id='word_1_359' title='bbox 709 1779 754 1810; x_wconf 82' lang='lat'><strong>20</strong></span> <span class='ocrx_word' id='word_1_360' title='bbox 783 1777 830 1811; x_wconf 78' lang='lat' dir='ltr'><strong>N.</strong></span> 
     </span>
    </p>
   </div>
   <div class='ocr_carea' id='block_1_3' title="bbox 2 1817 1526 1920">
    <p class='ocr_par' dir='ltr' id='par_1_11' title="bbox 2 1817 1526 1920">
     <span class='ocr_line' id='line_1_36' title="bbox 2 1817 1526 1911; baseline 0.009 -50"><span class='ocrx_word' id='word_1_361' title='bbox 2 1817 381 1911; x_wconf 42' lang='lat' dir='ltr'><strong>Atbtribsso-mquifflis</strong></span> <span class='ocrx_word' id='word_1_362' title='bbox 409 1833 555 1877; x_wconf 79' lang='lat' dir='ltr'><strong>(verbis)</strong></span> <span class='ocrx_word' id='word_1_363' title='bbox 583 1838 709 1866; x_wconf 86' lang='lat' dir='ltr'><strong>natura</strong></span> <span class='ocrx_word' id='word_1_364' title='bbox 733 1831 780 1866; x_wconf 91' lang='lat' dir='ltr'><strong>sit</strong></span> <span class='ocrx_word' id='word_1_365' title='bbox 807 1831 966 1867; x_wconf 89' lang='lat' dir='ltr'><strong>officium</strong></span> <span class='ocrx_word' id='word_1_366' title='bbox 992 1832 1216 1878; x_wconf 84' lang='lat' dir='ltr'><strong>attributum,</strong></span> <span class='ocrx_word' id='word_1_367' title='bbox 1249 1836 1387 1872; x_wconf 85' lang='lat' dir='ltr'><strong>servire</strong></span> <span class='ocrx_word' id='word_1_368' title='bbox 1409 1839 1526 1875; x_wconf 86' lang='lat' dir='ltr'><strong>sensi-</strong></span> 
     </span>
     <span class='ocr_line' id='line_1_37' title="bbox 70 1887 362 1920; baseline -0.007 -8"><span class='ocrx_word' id='word_1_369' title='bbox 70 1887 112 1912; x_wconf 73' lang='lat' dir='ltr'><strong>ua</strong></span> <span class='ocrx_word' id='word_1_370' title='bbox 184 1902 195 1919; x_wconf 95' lang='lat'>‚</span> <span class='ocrx_word' id='word_1_371' title='bbox 269 1903 278 1920; x_wconf 94' lang='lat'><em>‚</em></span> <span class='ocrx_word' id='word_1_372' title='bbox 352 1900 362 1910; x_wconf 89' lang='lat'><strong>.</strong></span> 
     </span>
    </p>
   </div>
   <div class='ocr_carea' id='block_1_4' title="bbox 4 1917 1435 1985">
    <p class='ocr_par' dir='ltr' id='par_1_12' title="bbox 4 1917 1435 1985">
     <span class='ocr_line' id='line_1_38' title="bbox 4 1917 1435 1985; baseline 0.012 -26"><span class='ocrx_word' id='word_1_373' title='bbox 4 1917 170 1961; x_wconf 80' lang='lat' dir='ltr'><strong>Auctio.</strong></span> <span class='ocrx_word' id='word_1_374' title='bbox 215 1932 415 1967; x_wconf 76' lang='lat' dir='ltr'><strong>auctionem</strong></span> <span class='ocrx_word' id='word_1_375' title='bbox 435 1943 636 1978; x_wconf 85' lang='lat' dir='ltr'><strong>proponere</strong></span> <span class='ocrx_word' id='word_1_376' title='bbox 661 1934 697 1977; x_wconf 88' lang='lat'><strong>6,</strong></span> <span class='ocrx_word' id='word_1_377' title='bbox 723 1935 758 1977; x_wconf 89' lang='lat'><strong>3,</strong></span> <span class='ocrx_word' id='word_1_378' title='bbox 784 1935 862 1971; x_wconf 62' lang='lat' dir='ltr'><strong>99x</strong></span> <span class='ocrx_word' id='word_1_379' title='bbox 880 1934 1046 1985; x_wconf 77' lang='lat' dir='ltr'><strong>auctione</strong></span> <span class='ocrx_word' id='word_1_380' title='bbox 1070 1935 1211 1970; x_wconf 86' lang='lat' dir='ltr'><strong>dimissa</strong></span> <span class='ocrx_word' id='word_1_381' title='bbox 1235 1939 1290 1981; x_wconf 88' lang='lat'><strong>11,</strong></span> <span class='ocrx_word' id='word_1_382' title='bbox 1315 1942 1351 1980; x_wconf 90' lang='grc'><strong>2,</strong></span> <span class='ocrx_word' id='word_1_383' title='bbox 1375 1939 1435 1976; x_wconf 91' lang='grc'><strong>24.</strong></span> 
     </span>
    </p>
   </div>
   <div class='ocr_carea' id='block_1_5' title="bbox 0 1983 1534 2694">
    <p class='ocr_par' dir='ltr' id='par_1_13' title="bbox 7 1983 1533 2548">
     <span class='ocr_line' id='line_1_39' title="bbox 7 1983 1529 2045; baseline 0.019 -29"><span class='ocrx_word' id='word_1_384' title='bbox 7 1983 179 2028; x_wconf 69' lang='lat' dir='ltr'><strong>Auetor.</strong></span> <span class='ocrx_word' id='word_1_385' title='bbox 226 1995 268 2039; x_wconf 83' lang='lat'><strong>1).</strong></span> <span class='ocrx_word' id='word_1_386' title='bbox 283 2001 434 2042; x_wconf 70' lang='lat' dir='ltr'><strong>princeps</strong></span> <span class='ocrx_word' id='word_1_387' title='bbox 458 2012 562 2033; x_wconf 82' lang='lat' dir='ltr'><strong>causa</strong></span> <span class='ocrx_word' id='word_1_388' title='bbox 584 2002 632 2032; x_wconf 83' lang='lat' dir='ltr'><strong>rei</strong></span> <span class='ocrx_word' id='word_1_389' title='bbox 656 1999 871 2041; x_wconf 74' lang='lat' dir='ltr'><strong>efficiendae:</strong></span> <span class='ocrx_word' id='word_1_390' title='bbox 915 2000 956 2044; x_wconf 77' lang='lat' dir='ltr'><strong>a)</strong></span> <span class='ocrx_word' id='word_1_391' title='bbox 982 2002 1162 2045; x_wconf 86' lang='lat' dir='ltr'><strong>quaeritur</strong></span> <span class='ocrx_word' id='word_1_392' title='bbox 1191 2009 1228 2037; x_wconf 89' lang='lat' dir='ltr'><strong>et</strong></span> <span class='ocrx_word' id='word_1_393' title='bbox 1253 2006 1297 2039; x_wconf 92' lang='lat' dir='ltr'><strong>de</strong></span> <span class='ocrx_word' id='word_1_394' title='bbox 1323 2007 1343 2038; x_wconf 82' lang='lat' dir='ltr'>s</span> <span class='ocrx_word' id='word_1_395' title='bbox 1351 2014 1456 2042; x_wconf 91' lang='lat' dir='ltr'><strong>acto</strong></span> <span class='ocrx_word' id='word_1_396' title='bbox 1492 2016 1529 2045; x_wconf 88' lang='lat' dir='ltr'><strong>et</strong></span> 
     </span>
     <span class='ocr_line' id='line_1_40' title="bbox 50 2043 1528 2095; baseline 0.028 -20"><span class='ocrx_word' id='word_1_397' title='bbox 50 2043 95 2076; x_wconf 91' lang='lat' dir='ltr'><strong>de</strong></span> <span class='ocrx_word' id='word_1_398' title='bbox 122 2047 308 2078; x_wconf 87' lang='lat' dir='ltr'><strong>auctore</strong></span> <span class='ocrx_word' id='word_1_399' title='bbox 332 2047 369 2086; x_wconf 82' lang='lat'><strong>7,</strong></span> <span class='ocrx_word' id='word_1_400' title='bbox 393 2047 428 2086; x_wconf 79' lang='lat'><strong>2,</strong></span> <span class='ocrx_word' id='word_1_401' title='bbox 445 2048 481 2078; x_wconf 88' lang='grc'><strong>7·</strong></span> <span class='ocrx_word' id='word_1_402' title='bbox 504 2045 558 2079; x_wconf 86' lang='lat'><strong>51·</strong></span> <span class='ocrx_word' id='word_1_403' title='bbox 592 2055 716 2087; x_wconf 84' lang='lat' dir='ltr'><strong>parum</strong></span> <span class='ocrx_word' id='word_1_404' title='bbox 742 2052 859 2079; x_wconf 83' lang='lat' dir='ltr'><strong>certus</strong></span> <span class='ocrx_word' id='word_1_405' title='bbox 887 2053 1010 2080; x_wconf 64' lang='lat'><strong>³⁰⁰¹⁰¹⁸</strong></span> <span class='ocrx_word' id='word_1_406' title='bbox 1033 2047 1200 2091; x_wconf 51' lang='lat' dir='ltr'><strong>(mmm)</strong></span> <span class='ocrx_word' id='word_1_407' title='bbox 1228 2051 1261 2089; x_wconf 69' lang='grc' dir='ltr'><strong>θ’</strong></span> <span class='ocrx_word' id='word_1_408' title='bbox 1277 2053 1311 2092; x_wconf 78' lang='lat'><strong>3’</strong></span> <span class='ocrx_word' id='word_1_409' title='bbox 1335 2053 1389 2086; x_wconf 65' lang='lat'><strong>68&#39;</strong></span> <span class='ocrx_word' id='word_1_410' title='bbox 1427 2055 1528 2095; x_wconf 60' lang='lat' dir='ltr'><strong>cuius</strong></span> 
     </span>
     <span class='ocr_line' id='line_1_41' title="bbox 53 2087 1530 2137; baseline 0.016 -25"><span class='ocrx_word' id='word_1_411' title='bbox 53 2087 288 2134; x_wconf 69' lang='lat' dir='ltr'><strong>etymologiae</strong></span> <span class='ocrx_word' id='word_1_412' title='bbox 314 2094 495 2122; x_wconf 88' lang='lat' dir='ltr'><strong>auctorem</strong></span> <span class='ocrx_word' id='word_1_413' title='bbox 524 2092 556 2132; x_wconf 90' lang='lat'><strong>1,</strong></span> <span class='ocrx_word' id='word_1_414' title='bbox 579 2089 614 2130; x_wconf 91' lang='grc'><strong>6,</strong></span> <span class='ocrx_word' id='word_1_415' title='bbox 638 2090 695 2123; x_wconf 88' lang='grc'><strong>35.</strong></span> <span class='ocrx_word' id='word_1_416' title='bbox 742 2091 927 2137; x_wconf 81' lang='lat' dir='ltr'><strong>Lycurgus</strong></span> <span class='ocrx_word' id='word_1_417' title='bbox 953 2092 1216 2126; x_wconf 86' lang='lat' dir='ltr'><strong>durissimarum</strong></span> <span class='ocrx_word' id='word_1_418' title='bbox 1239 2096 1530 2135; x_wconf 82' lang='lat' dir='ltr'><strong>Lacedaemoniis</strong></span> 
     </span>
     <span class='ocr_line' id='line_1_42' title="bbox 49 2133 1530 2186; baseline 0.012 -23"><span class='ocrx_word' id='word_1_419' title='bbox 49 2134 168 2180; x_wconf 83' lang='lat' dir='ltr'><strong>legum</strong></span> <span class='ocrx_word' id='word_1_420' title='bbox 193 2139 317 2167; x_wconf 87' lang='lat' dir='ltr'><strong>auctor</strong></span> <span class='ocrx_word' id='word_1_421' title='bbox 339 2137 380 2177; x_wconf 93' lang='lat'><strong>1,</strong></span> <span class='ocrx_word' id='word_1_422' title='bbox 408 2137 470 2177; x_wconf 89' lang='grc'><strong>10,</strong></span> <span class='ocrx_word' id='word_1_423' title='bbox 495 2134 550 2168; x_wconf 89' lang='grc'><strong>15.</strong></span> <span class='ocrx_word' id='word_1_424' title='bbox 593 2133 752 2167; x_wconf 87' lang='lat' dir='ltr'><strong>instituta</strong></span> <span class='ocrx_word' id='word_1_425' title='bbox 776 2136 978 2169; x_wconf 85' lang='lat' dir='ltr'><strong>auctoribus</strong></span> <span class='ocrx_word' id='word_1_426' title='bbox 1002 2137 1151 2170; x_wconf 85' lang='lat' dir='ltr'><strong>afferunt</strong></span> <span class='ocrx_word' id='word_1_427' title='bbox 1175 2140 1317 2173; x_wconf 86' lang='lat' dir='ltr'><strong>laudem</strong></span> <span class='ocrx_word' id='word_1_428' title='bbox 1340 2145 1383 2186; x_wconf 85' lang='lat'><strong>3,</strong></span> <span class='ocrx_word' id='word_1_429' title='bbox 1408 2147 1448 2185; x_wconf 84' lang='lat'><strong>7.</strong></span> <span class='ocrx_word' id='word_1_430' title='bbox 1474 2149 1530 2183; x_wconf 82' lang='lat'><strong>18.</strong></span> 
     </span>
     <span class='ocr_line' id='line_1_43' title="bbox 50 2178 1531 2227; baseline 0.015 -22"><span class='ocrx_word' id='word_1_431' title='bbox 50 2178 220 2214; x_wconf 64' lang='lat' dir='ltr'><strong>Judaicae</strong></span> <span class='ocrx_word' id='word_1_432' title='bbox 242 2179 502 2223; x_wconf 75' lang='lat' dir='ltr'><strong>superstitionis</strong></span> <span class='ocrx_word' id='word_1_433' title='bbox 526 2178 658 2223; x_wconf 86' lang='lat' dir='ltr'><strong>primus</strong></span> <span class='ocrx_word' id='word_1_434' title='bbox 686 2185 809 2213; x_wconf 89' lang='lat' dir='ltr'><strong>auctor</strong></span> <span class='ocrx_word' id='word_1_435' title='bbox 831 2183 873 2214; x_wconf 84' lang='lat' dir='ltr'><strong>ib.</strong></span> <span class='ocrx_word' id='word_1_436' title='bbox 900 2183 958 2214; x_wconf 82' lang='lat'><strong>21.</strong></span> <span class='ocrx_word' id='word_1_437' title='bbox 1000 2187 1040 2214; x_wconf 90' lang='lat' dir='ltr'><strong>ut</strong></span> <span class='ocrx_word' id='word_1_438' title='bbox 1064 2182 1194 2226; x_wconf 76' lang='lat' dir='ltr'><strong>aliquid</strong></span> <span class='ocrx_word' id='word_1_439' title='bbox 1225 2185 1357 2221; x_wconf 89' lang='lat' dir='ltr'><strong>habere</strong></span> <span class='ocrx_word' id='word_1_440' title='bbox 1379 2189 1531 2227; x_wconf 83' lang='lat' dir='ltr'><strong>videan—</strong></span> 
     </span>
     <span class='ocr_line' id='line_1_44' title="bbox 53 2223 1528 2277; baseline 0.014 -24"><span class='ocrx_word' id='word_1_441' title='bbox 53 2229 112 2258; x_wconf 82' lang='lat' dir='ltr'><strong>tur</strong></span> <span class='ocrx_word' id='word_1_442' title='bbox 135 2223 287 2267; x_wconf 76' lang='lat' dir='ltr'><strong>(generis</strong></span> <span class='ocrx_word' id='word_1_443' title='bbox 313 2226 666 2269; x_wconf 76' lang='lat' dir='ltr'><strong>Rhodii-eloquentes)</strong></span> <span class='ocrx_word' id='word_1_444' title='bbox 692 2225 871 2272; x_wconf 87' lang='lat' dir='ltr'><strong>gentis,</strong></span> <span class='ocrx_word' id='word_1_445' title='bbox 910 2226 1043 2270; x_wconf 83' lang='lat' dir='ltr'><strong>aliquid</strong></span> <span class='ocrx_word' id='word_1_446' title='bbox 1065 2230 1271 2263; x_wconf 81' lang='lat' dir='ltr'><strong>au0t01is</strong></span> <span class='ocrx_word' id='word_1_447' title='bbox 1302 2235 1357 2275; x_wconf 86' lang='lat'><strong>12,</strong></span> <span class='ocrx_word' id='word_1_448' title='bbox 1386 2237 1439 2277; x_wconf 89' lang='lat'><strong>10,</strong></span> <span class='ocrx_word' id='word_1_449' title='bbox 1465 2240 1528 2273; x_wconf 88' lang='grc'><strong>18·</strong></span> 
     </span>
     <span class='ocr_line' id='line_1_45' title="bbox 54 2266 1528 2318; baseline 0.016 -23"><span class='ocrx_word' id='word_1_450' title='bbox 54 2272 227 2314; x_wconf 75' lang='lat' dir='ltr'><strong>pecunia,</strong></span> <span class='ocrx_word' id='word_1_451' title='bbox 262 2271 362 2314; x_wconf 85' lang='lat' dir='ltr'><strong>cujus</strong></span> <span class='ocrx_word' id='word_1_452' title='bbox 386 2276 511 2304; x_wconf 88' lang='lat' dir='ltr'><strong>auctor</strong></span> <span class='ocrx_word' id='word_1_453' title='bbox 534 2270 583 2314; x_wconf 83' lang='grc' dir='ltr'><strong>(ἱ.</strong></span> <span class='ocrx_word' id='word_1_454' title='bbox 611 2283 641 2304; x_wconf 84' lang='lat' dir='ltr'><strong>e·</strong></span> <span class='ocrx_word' id='word_1_455' title='bbox 672 2274 895 2313; x_wconf 78' lang='lat' dir='ltr'><strong>legitimus</strong></span> <span class='ocrx_word' id='word_1_456' title='bbox 929 2272 1188 2317; x_wconf 85' lang='lat' dir='ltr'><strong>possessor)</strong></span> <span class='ocrx_word' id='word_1_457' title='bbox 1213 2286 1287 2310; x_wconf 87' lang='lat' dir='ltr'><strong>non</strong></span> <span class='ocrx_word' id='word_1_458' title='bbox 1313 2284 1412 2314; x_wconf 79' lang='lat' dir='ltr'><strong>extat</strong></span> <span class='ocrx_word' id='word_1_459' title='bbox 1439 2285 1462 2317; x_wconf 94' lang='lat'><strong>7</strong></span> <span class='ocrx_word' id='word_1_460' title='bbox 1493 2266 1528 2318; x_wconf 80' lang='lat'><strong>2’</strong></span> 
     </span>
     <span class='ocr_line' id='line_1_46' title="bbox 57 2309 1531 2367; baseline 0.011 -18"><span class='ocrx_word' id='word_1_461' title='bbox 57 2316 102 2350; x_wconf 88' lang='grc'><strong>52</strong></span> <span class='ocrx_word' id='word_1_462' title='bbox 126 2317 174 2350; x_wconf 88' lang='lat' dir='ltr'><strong>N.</strong></span> <span class='ocrx_word' id='word_1_463' title='bbox 218 2314 257 2359; x_wconf 78' lang='grc' dir='ltr'><strong>ῥ’)</strong></span> <span class='ocrx_word' id='word_1_464' title='bbox 279 2322 319 2349; x_wconf 86' lang='lat' dir='ltr'><strong>ut</strong></span> <span class='ocrx_word' id='word_1_465' title='bbox 344 2327 391 2351; x_wconf 87' lang='lat' dir='ltr'><strong>ne</strong></span> <span class='ocrx_word' id='word_1_466' title='bbox 415 2323 596 2350; x_wconf 87' lang='lat' dir='ltr'><strong>auctorem</strong></span> <span class='ocrx_word' id='word_1_467' title='bbox 622 2314 791 2359; x_wconf 76' lang='lat' dir='ltr'><strong>(alicujus</strong></span> <span class='ocrx_word' id='word_1_468' title='bbox 818 2319 948 2350; x_wconf 82' lang='lat' dir='ltr'><strong>ridiculi</strong></span> <span class='ocrx_word' id='word_1_469' title='bbox 975 2319 1078 2360; x_wconf 71' lang='lat' dir='ltr'><strong>dicti)</strong></span> <span class='ocrx_word' id='word_1_470' title='bbox 1110 2330 1240 2363; x_wconf 85' lang='lat' dir='ltr'><strong>ponam</strong></span> <span class='ocrx_word' id='word_1_471' title='bbox 1265 2323 1299 2366; x_wconf 89' lang='lat'><strong>6,</strong></span> <span class='ocrx_word' id='word_1_472' title='bbox 1317 2326 1352 2367; x_wconf 88' lang='lat'><strong>3,</strong></span> <span class='ocrx_word' id='word_1_473' title='bbox 1373 2325 1430 2362; x_wconf 86' lang='lat'><strong>64.</strong></span> <span class='ocrx_word' id='word_1_474' title='bbox 1461 2309 1531 2365; x_wconf 65' lang='lat' dir='ltr'><strong>im}</strong></span> 
     </span>
     <span class='ocr_line' id='line_1_47' title="bbox 55 2362 1531 2416; baseline 0.018 -32"><span class='ocrx_word' id='word_1_475' title='bbox 55 2366 233 2405; x_wconf 60' lang='lat' dir='ltr'><strong>pastorem</strong></span> <span class='ocrx_word' id='word_1_476' title='bbox 258 2362 399 2406; x_wconf 82' lang='lat' dir='ltr'><strong>populi,</strong></span> <span class='ocrx_word' id='word_1_477' title='bbox 438 2367 581 2396; x_wconf 85' lang='lat' dir='ltr'><strong>auctore</strong></span> <span class='ocrx_word' id='word_1_478' title='bbox 603 2363 781 2403; x_wconf 86' lang='lat' dir='ltr'><strong>Homero,</strong></span> <span class='ocrx_word' id='word_1_479' title='bbox 816 2362 968 2397; x_wconf 85' lang='lat' dir='ltr'><strong>dixerim</strong></span> <span class='ocrx_word' id='word_1_480' title='bbox 998 2365 1043 2406; x_wconf 89' lang='grc'><strong>8,</strong></span> <span class='ocrx_word' id='word_1_481' title='bbox 1065 2365 1104 2403; x_wconf 91' lang='grc'><strong>6,</strong></span> <span class='ocrx_word' id='word_1_482' title='bbox 1136 2367 1191 2400; x_wconf 90' lang='grc'><strong>18.</strong></span> <span class='ocrx_word' id='word_1_483' title='bbox 1231 2379 1318 2415; x_wconf 79' lang='lat' dir='ltr'><strong>ege,</strong></span> <span class='ocrx_word' id='word_1_484' title='bbox 1353 2383 1470 2416; x_wconf 86' lang='lat' dir='ltr'><strong>neque</strong></span> <span class='ocrx_word' id='word_1_485' title='bbox 1493 2376 1531 2410; x_wconf 89' lang='lat' dir='ltr'><strong>id</strong></span> 
     </span>
     <span class='ocr_line' id='line_1_48' title="bbox 59 2405 1532 2462; baseline 0.012 -23"><span class='ocrx_word' id='word_1_486' title='bbox 59 2405 136 2440; x_wconf 90' lang='lat' dir='ltr'><strong>sine</strong></span> <span class='ocrx_word' id='word_1_487' title='bbox 161 2407 382 2450; x_wconf 75' lang='lat' dir='ltr'><strong>auctoribus,</strong></span> <span class='ocrx_word' id='word_1_488' title='bbox 417 2408 536 2451; x_wconf 86' lang='lat' dir='ltr'><strong>judico</strong></span> <span class='ocrx_word' id='word_1_489' title='bbox 562 2410 596 2450; x_wconf 88' lang='grc'><strong>2,</strong></span> <span class='ocrx_word' id='word_1_490' title='bbox 610 2410 668 2450; x_wconf 89' lang='grc'><strong>21,</strong></span> <span class='ocrx_word' id='word_1_491' title='bbox 683 2407 718 2441; x_wconf 88' lang='lat'><strong>4.</strong></span> <span class='ocrx_word' id='word_1_492' title='bbox 749 2419 864 2443; x_wconf 83' lang='lat' dir='ltr'><strong>sermo</strong></span> <span class='ocrx_word' id='word_1_493' title='bbox 883 2409 959 2442; x_wconf 90' lang='lat' dir='ltr'><strong>sine</strong></span> <span class='ocrx_word' id='word_1_494' title='bbox 982 2410 1057 2442; x_wconf 90' lang='lat' dir='ltr'><strong>ullo</strong></span> <span class='ocrx_word' id='word_1_495' title='bbox 1075 2417 1173 2445; x_wconf 88' lang='lat' dir='ltr'><strong>certo</strong></span> <span class='ocrx_word' id='word_1_496' title='bbox 1189 2420 1333 2449; x_wconf 87' lang='lat' dir='ltr'><strong>auctore</strong></span> <span class='ocrx_word' id='word_1_497' title='bbox 1352 2418 1532 2462; x_wconf 82' lang='lat' dir='ltr'><strong>dispersus</strong></span> 
     </span>
     <span class='ocr_line' id='line_1_49' title="bbox 61 2451 1533 2504; baseline 0.02 -32"><span class='ocrx_word' id='word_1_498' title='bbox 61 2453 95 2492; x_wconf 53' lang='lat'><strong>5,</strong></span> <span class='ocrx_word' id='word_1_499' title='bbox 119 2453 153 2487; x_wconf 64' lang='lat'><strong>3,</strong></span> <span class='ocrx_word' id='word_1_500' title='bbox 196 2462 244 2485; x_wconf 67' lang='lat' dir='ltr'><strong>ne</strong></span> <span class='ocrx_word' id='word_1_501' title='bbox 265 2451 291 2486; x_wconf 77' lang='lat' dir='ltr'><strong>ii</strong></span> <span class='ocrx_word' id='word_1_502' title='bbox 318 2453 458 2497; x_wconf 79' lang='lat' dir='ltr'><strong>quidem</strong></span> <span class='ocrx_word' id='word_1_503' title='bbox 482 2455 557 2486; x_wconf 90' lang='lat' dir='ltr'><strong>ullo</strong></span> <span class='ocrx_word' id='word_1_504' title='bbox 581 2453 665 2487; x_wconf 84' lang='lat' dir='ltr'><strong>satis</strong></span> <span class='ocrx_word' id='word_1_505' title='bbox 689 2453 820 2488; x_wconf 88' lang='lat' dir='ltr'><strong>idoneo</strong></span> <span class='ocrx_word' id='word_1_506' title='bbox 846 2460 990 2488; x_wconf 84' lang='lat' dir='ltr'><strong>auctore</strong></span> <span class='ocrx_word' id='word_1_507' title='bbox 1009 2455 1168 2490; x_wconf 87' lang='lat' dir='ltr'><strong>nituntur</strong></span> <span class='ocrx_word' id='word_1_508' title='bbox 1189 2461 1223 2500; x_wconf 90' lang='grc'><strong>2,</strong></span> <span class='ocrx_word' id='word_1_509' title='bbox 1243 2458 1277 2501; x_wconf 83' lang='grc'><strong>4,</strong></span> <span class='ocrx_word' id='word_1_510' title='bbox 1298 2460 1364 2504; x_wconf 86' lang='grc'><strong>42;</strong></span> <span class='ocrx_word' id='word_1_511' title='bbox 1410 2466 1533 2501; x_wconf 87' lang='lat' dir='ltr'><strong>Tima-</strong></span> 
     </span>
     <span class='ocr_line' id='line_1_50' title="bbox 61 2498 1532 2548; baseline 0.02 -31"><span class='ocrx_word' id='word_1_512' title='bbox 61 2507 170 2544; x_wconf 66' lang='lat' dir='ltr'><strong>genes</strong></span> <span class='ocrx_word' id='word_1_513' title='bbox 193 2503 315 2532; x_wconf 73' lang='lat' dir='ltr'><strong>auctor</strong></span> <span class='ocrx_word' id='word_1_514' title='bbox 340 2504 416 2542; x_wconf 64' lang='lat' dir='ltr'><strong>est,</strong></span> <span class='ocrx_word' id='word_1_515' title='bbox 455 2498 612 2533; x_wconf 87' lang='lat' dir='ltr'><strong>omnium</strong></span> <span class='ocrx_word' id='word_1_516' title='bbox 639 2499 676 2533; x_wconf 86' lang='lat' dir='ltr'><strong>in</strong></span> <span class='ocrx_word' id='word_1_517' title='bbox 710 2499 820 2533; x_wconf 88' lang='lat' dir='ltr'><strong>literis</strong></span> <span class='ocrx_word' id='word_1_518' title='bbox 845 2500 1039 2534; x_wconf 80' lang='lat' dir='ltr'><strong>studiorum</strong></span> <span class='ocrx_word' id='word_1_519' title='bbox 1066 2502 1340 2547; x_wconf 77' lang='lat' dir='ltr'><strong>antiquissimam</strong></span> <span class='ocrx_word' id='word_1_520' title='bbox 1367 2509 1532 2548; x_wconf 84' lang='lat' dir='ltr'><strong>Musicen</strong></span> 
     </span>
    </p>

    <p class='ocr_par' dir='ltr' id='par_1_14' title="bbox 27 2542 1533 2593">
     <span class='ocr_line' id='line_1_51' title="bbox 27 2542 1533 2593; baseline 0.012 -19"><span class='ocrx_word' id='word_1_521' title='bbox 27 2564 29 2566; x_wconf 92' lang='lat'><em>-</em></span> <span class='ocrx_word' id='word_1_522' title='bbox 62 2542 219 2577; x_wconf 82' lang='lat' dir='ltr'><strong>extitisse</strong></span> <span class='ocrx_word' id='word_1_523' title='bbox 250 2546 299 2587; x_wconf 39' lang='lat'><strong>¹1,</strong></span> <span class='ocrx_word' id='word_1_524' title='bbox 333 2546 396 2587; x_wconf 90' lang='lat'><strong>10,</strong></span> <span class='ocrx_word' id='word_1_525' title='bbox 427 2547 483 2579; x_wconf 88' lang='lat'><strong>10.</strong></span> <span class='ocrx_word' id='word_1_526' title='bbox 527 2544 671 2579; x_wconf 89' lang='lat' dir='ltr'><strong>Latinos</strong></span> <span class='ocrx_word' id='word_1_527' title='bbox 703 2545 843 2579; x_wconf 86' lang='lat' dir='ltr'><strong>dicendi</strong></span> <span class='ocrx_word' id='word_1_528' title='bbox 874 2552 1121 2589; x_wconf 87' lang='lat' dir='ltr'><strong>praeceptores</strong></span> <span class='ocrx_word' id='word_1_529' title='bbox 1155 2552 1324 2585; x_wconf 78' lang='lat' dir='ltr'><strong>extremis</strong></span> <span class='ocrx_word' id='word_1_530' title='bbox 1347 2555 1390 2589; x_wconf 91' lang='lat' dir='ltr'><strong>L.</strong></span> <span class='ocrx_word' id='word_1_531' title='bbox 1416 2556 1533 2593; x_wconf 84' lang='lat' dir='ltr'><strong>Crassi</strong></span> 
     </span>
    </p>

    <p class='ocr_par' dir='ltr' id='par_1_15' title="bbox 0 2588 1534 2694">
     <span class='ocr_line' id='line_1_52' title="bbox 0 2588 1534 2645; baseline 0.014 -28"><span class='ocrx_word' id='word_1_532' title='bbox 0 2617 9 2624; x_wconf 79' lang='grc'><strong>,</strong></span> <span class='ocrx_word' id='word_1_533' title='bbox 60 2588 276 2632; x_wconf 82' lang='lat' dir='ltr'><strong>temporibus</strong></span> <span class='ocrx_word' id='word_1_534' title='bbox 301 2589 479 2634; x_wconf 87' lang='lat' dir='ltr'><strong>coepisse,</strong></span> <span class='ocrx_word' id='word_1_535' title='bbox 515 2589 643 2624; x_wconf 92' lang='lat' dir='ltr'><strong>Cicero</strong></span> <span class='ocrx_word' id='word_1_536' title='bbox 670 2597 795 2624; x_wconf 87' lang='lat' dir='ltr'><strong>auctor</strong></span> <span class='ocrx_word' id='word_1_537' title='bbox 817 2597 870 2625; x_wconf 90' lang='lat' dir='ltr'><strong>est</strong></span> <span class='ocrx_word' id='word_1_538' title='bbox 894 2594 926 2632; x_wconf 88' lang='lat'><strong>2,</strong></span> <span class='ocrx_word' id='word_1_539' title='bbox 950 2591 986 2632; x_wconf 88' lang='lat'><strong>4,</strong></span> <span class='ocrx_word' id='word_1_540' title='bbox 1009 2591 1066 2626; x_wconf 84' lang='lat'><strong>42.</strong></span> <span class='ocrx_word' id='word_1_541' title='bbox 1101 2593 1144 2635; x_wconf 85' lang='lat' dir='ltr'><strong>cs.</strong></span> <span class='ocrx_word' id='word_1_542' title='bbox 1173 2597 1228 2638; x_wconf 88' lang='lat'><strong>10,</strong></span> <span class='ocrx_word' id='word_1_543' title='bbox 1253 2599 1286 2640; x_wconf 89' lang='grc'><strong>3,</strong></span> <span class='ocrx_word' id='word_1_544' title='bbox 1303 2599 1336 2633; x_wconf 82' lang='grc'><strong>8.</strong></span> <span class='ocrx_word' id='word_1_545' title='bbox 1384 2603 1422 2645; x_wconf 84' lang='lat' dir='ltr'><strong>y)</strong></span> <span class='ocrx_word' id='word_1_546' title='bbox 1450 2614 1534 2639; x_wconf 86' lang='lat' dir='ltr'><strong>suos</strong></span> 
     </span>
     <span class='ocr_line' id='line_1_53' title="bbox 61 2634 1534 2694; baseline 0.012 -27"><span class='ocrx_word' id='word_1_547' title='bbox 61 2634 150 2668; x_wconf 85' lang='lat' dir='ltr'><strong>haec</strong></span> <span class='ocrx_word' id='word_1_548' title='bbox 175 2644 332 2688; x_wconf 47' lang='lat' dir='ltr'><strong>operum·</strong></span> <span class='ocrx_word' id='word_1_549' title='bbox 348 2646 478 2682; x_wconf 84' lang='lat' dir='ltr'><strong>genera</strong></span> <span class='ocrx_word' id='word_1_550' title='bbox 500 2641 540 2668; x_wconf 90' lang='lat' dir='ltr'><strong>ut</strong></span> <span class='ocrx_word' id='word_1_551' title='bbox 566 2641 804 2673; x_wconf 86' lang='lat' dir='ltr'><strong>auctores.</strong></span> <span class='ocrx_word' id='word_1_552' title='bbox 845 2636 898 2670; x_wconf 82' lang='lat' dir='ltr'><strong>sic</strong></span> <span class='ocrx_word' id='word_1_553' title='bbox 923 2637 1027 2676; x_wconf 80' lang='lat' dir='ltr'><strong>etiam</strong></span> <span class='ocrx_word' id='word_1_554' title='bbox 1061 2646 1284 2676; x_wconf 85' lang='lat' dir='ltr'><strong>amatores</strong></span> <span class='ocrx_word' id='word_1_555' title='bbox 1315 2645 1447 2681; x_wconf 88' lang='lat' dir='ltr'><strong>habent</strong></span> <span class='ocrx_word' id='word_1_556' title='bbox 1477 2653 1534 2694; x_wconf 87' lang='lat'><strong>12,</strong></span> 
     </span>
    </p>
   </div>
   <div class='ocr_carea' id='block_1_6' title="bbox 65 2681 1535 2743">
    <p class='ocr_par' dir='ltr' id='par_1_16' title="bbox 65 2681 1535 2743">
     <span class='ocr_line' id='line_1_54' title="bbox 65 2681 1535 2743; baseline 0.01 -29"><span class='ocrx_word' id='word_1_557' title='bbox 65 2681 127 2722; x_wconf 87' lang='grc'><strong>10,</strong></span> <span class='ocrx_word' id='word_1_558' title='bbox 154 2682 190 2714; x_wconf 91' lang='grc'><strong>2.</strong></span> <span class='ocrx_word' id='word_1_559' title='bbox 227 2691 420 2715; x_wconf 74' lang='lat' dir='ltr'><strong>carminum</strong></span> <span class='ocrx_word' id='word_1_560' title='bbox 445 2686 608 2721; x_wconf 83' lang='lat' dir='ltr'><strong>auctores</strong></span> <span class='ocrx_word' id='word_1_561' title='bbox 630 2682 668 2723; x_wconf 88' lang='grc'><strong>8,</strong></span> <span class='ocrx_word' id='word_1_562' title='bbox 692 2682 735 2726; x_wconf 89' lang='grc'><strong>6,</strong></span> <span class='ocrx_word' id='word_1_563' title='bbox 759 2685 817 2716; x_wconf 85' lang='grc'><strong>27.</strong></span> <span class='ocrx_word' id='word_1_564' title='bbox 842 2700 887 2708; x_wconf 87' lang='grc'><strong>-</strong></span> <span class='ocrx_word' id='word_1_565' title='bbox 910 2685 1116 2719; x_wconf 74' lang='lat' dir='ltr'><strong>comoediae</strong></span> <span class='ocrx_word' id='word_1_566' title='bbox 1141 2688 1206 2730; x_wconf 86' lang='grc'><strong>10,</strong></span> <span class='ocrx_word' id='word_1_567' title='bbox 1231 2690 1275 2730; x_wconf 90' lang='grc'><strong>1,</strong></span> <span class='ocrx_word' id='word_1_568' title='bbox 1299 2689 1356 2724; x_wconf 84' lang='grc'><strong>66.</strong></span> <span class='ocrx_word' id='word_1_569' title='bbox 1399 2693 1535 2743; x_wconf 83' lang='lat' dir='ltr'><strong>Elegia,</strong></span> 
     </span>
    </p>
   </div>
  </div>
 </body>
</html>
