<?xml version="1.0" encoding="UTF-8"?>
<!DOCTYPE html PUBLIC "-//W3C//DTD XHTML 1.0 Transitional//EN"
    "http://www.w3.org/TR/xhtml1/DTD/xhtml1-transitional.dtd">
<html xmlns="http://www.w3.org/1999/xhtml" xml:lang="en" lang="en">
 <head>
  <title>
</title>
<meta http-equiv="Content-Type" content="text/html;charset=utf-8" />
  <meta name='ocr-system' content='tesseract 3.04.00' />
  <meta name='ocr-capabilities' content='ocr_page ocr_carea ocr_par ocr_line ocrx_word'/>
</head>
<body>
  <div class='ocr_page' id='page_1' title='image "./lexiconquintilia06bonnuoft/lexiconquintilia06bonnuoft_0880.png"; bbox 0 0 1728 3002; ppageno 0'>
   <div class='ocr_carea' id='block_1_1' title="bbox 157 222 1227 307">
    <p class='ocr_par' dir='ltr' id='par_1_1' title="bbox 157 222 1227 307">
     <span class='ocr_line' id='line_1_1' title="bbox 157 222 1227 307; baseline -0.002 -11"><span class='ocrx_word' id='word_1_1' title='bbox 157 255 238 296; x_wconf 88' lang='grc'><strong>788</strong></span> <span class='ocrx_word' id='word_1_2' title='bbox 597 291 599 293; x_wconf 84' lang='grc'><em>,</em></span> <span class='ocrx_word' id='word_1_3' title='bbox 643 222 854 293; x_wconf 75' lang='lat' dir='ltr'><strong>Retundo</strong></span> <span class='ocrx_word' id='word_1_4' title='bbox 882 274 939 282; x_wconf 91' lang='lat'><strong>-—</strong></span> <span class='ocrx_word' id='word_1_5' title='bbox 968 235 1201 295; x_wconf 84' lang='lat' dir='ltr'><strong>Revocatio</strong></span> <span class='ocrx_word' id='word_1_6' title='bbox 1226 304 1227 307; x_wconf 7' lang='grc' dir='ltr'><strong>Ἰ</strong></span> 
     </span>
    </p>
   </div>
   <div class='ocr_carea' id='block_1_2' title="bbox 204 343 1694 456">
    <p class='ocr_par' dir='ltr' id='par_1_2' title="bbox 204 343 1694 456">
     <span class='ocr_line' id='line_1_2' title="bbox 204 343 1694 415; baseline -0.001 -12"><span class='ocrx_word' id='word_1_7' title='bbox 204 373 340 409; x_wconf 61' lang='grc' dir='ltr'><strong>τουπ,</strong></span> <span class='ocrx_word' id='word_1_8' title='bbox 368 366 467 411; x_wconf 79' lang='lat' dir='ltr'><strong>quod</strong></span> <span class='ocrx_word' id='word_1_9' title='bbox 488 364 583 400; x_wconf 86' lang='lat' dir='ltr'><strong>idem</strong></span> <span class='ocrx_word' id='word_1_10' title='bbox 604 375 625 399; x_wconf 81' lang='lat' dir='ltr'><strong>a</strong></span> <span class='ocrx_word' id='word_1_11' title='bbox 653 376 673 400; x_wconf 88' lang='lat' dir='ltr'><strong>c</strong></span> <span class='ocrx_word' id='word_1_12' title='bbox 688 366 815 411; x_wconf 85' lang='lat' dir='ltr'><strong>apite</strong></span> <span class='ocrx_word' id='word_1_13' title='bbox 838 365 992 412; x_wconf 82' lang='lat' dir='ltr'><strong>primum</strong></span> <span class='ocrx_word' id='word_1_14' title='bbox 1014 371 1070 401; x_wconf 81' lang='lat' dir='ltr'><strong>est</strong></span> <span class='ocrx_word' id='word_1_15' title='bbox 1094 369 1131 409; x_wconf 89' lang='lat'><strong>7,</strong></span> <span class='ocrx_word' id='word_1_16' title='bbox 1150 367 1184 409; x_wconf 89' lang='lat'><strong>1,</strong></span> <span class='ocrx_word' id='word_1_17' title='bbox 1205 366 1264 403; x_wconf 85' lang='lat'><strong>25.</strong></span> <span class='ocrx_word' id='word_1_18' title='bbox 1289 379 1322 402; x_wconf 83' lang='lat' dir='ltr'><strong>v.</strong></span> <span class='ocrx_word' id='word_1_19' title='bbox 1342 343 1542 414; x_wconf 40' lang='lat' dir='ltr'><strong>Quaero.</strong></span> <span class='ocrx_word' id='word_1_20' title='bbox 1565 369 1694 415; x_wconf 78' lang='lat' dir='ltr'><strong>quaed.</strong></span> 
     </span>
     <span class='ocr_line' id='line_1_3' title="bbox 204 412 747 456; baseline -0.006 -7"><span class='ocrx_word' id='word_1_21' title='bbox 204 420 240 449; x_wconf 91' lang='lat' dir='ltr'><strong>et</strong></span> <span class='ocrx_word' id='word_1_22' title='bbox 262 426 292 448; x_wconf 89' lang='lat' dir='ltr'><strong>r.</strong></span> <span class='ocrx_word' id='word_1_23' title='bbox 322 413 419 447; x_wconf 87' lang='lat' dir='ltr'><strong>idem</strong></span> <span class='ocrx_word' id='word_1_24' title='bbox 445 413 568 447; x_wconf 86' lang='lat' dir='ltr'><strong>valent</strong></span> <span class='ocrx_word' id='word_1_25' title='bbox 592 412 627 456; x_wconf 90' lang='lat'><strong>5,</strong></span> <span class='ocrx_word' id='word_1_26' title='bbox 650 412 687 456; x_wconf 85' lang='lat'><strong>9,</strong></span> <span class='ocrx_word' id='word_1_27' title='bbox 711 413 747 447; x_wconf 91' lang='grc'><strong>6.</strong></span> 
     </span>
    </p>
   </div>
   <div class='ocr_carea' id='block_1_3' title="bbox 160 469 1696 621">
    <p class='ocr_par' dir='ltr' id='par_1_3' title="bbox 160 469 1696 621">
     <span class='ocr_line' id='line_1_4' title="bbox 160 469 1696 528; baseline 0.003 -15"><span class='ocrx_word' id='word_1_28' title='bbox 160 469 369 512; x_wconf 81' lang='lat' dir='ltr'><strong>Retundo-</strong></span> <span class='ocrx_word' id='word_1_29' title='bbox 410 491 553 526; x_wconf 84' lang='lat' dir='ltr'><strong>quos—</strong></span> <span class='ocrx_word' id='word_1_30' title='bbox 567 480 696 515; x_wconf 86' lang='lat' dir='ltr'><strong>acriter</strong></span> <span class='ocrx_word' id='word_1_31' title='bbox 716 480 997 525; x_wconf 85' lang='lat' dir='ltr'>propulsare</span> <span class='ocrx_word' id='word_1_32' title='bbox 1024 479 1226 524; x_wconf 83' lang='lat' dir='ltr'><strong>oportebit3</strong></span> <span class='ocrx_word' id='word_1_33' title='bbox 1257 485 1293 515; x_wconf 91' lang='lat' dir='ltr'><strong>et</strong></span> <span class='ocrx_word' id='word_1_34' title='bbox 1312 480 1470 525; x_wconf 81' lang='lat' dir='ltr'><strong>ipsorum</strong></span> <span class='ocrx_word' id='word_1_35' title='bbox 1491 476 1696 528; x_wconf 54' lang='lat' dir='ltr'><strong>improbitas</strong></span> 
     </span>
     <span class='ocr_line' id='line_1_5' title="bbox 204 526 1695 574; baseline 0.001 -12"><span class='ocrx_word' id='word_1_36' title='bbox 204 528 495 562; x_wconf 87' lang='lat' dir='ltr'><strong>retundenda</strong></span> <span class='ocrx_word' id='word_1_37' title='bbox 519 527 572 571; x_wconf 87' lang='lat' dir='ltr'><strong>(a.</strong></span> <span class='ocrx_word' id='word_1_38' title='bbox 599 531 620 560; x_wconf 89' lang='grc'><strong>1.</strong></span> <span class='ocrx_word' id='word_1_39' title='bbox 648 527 873 571; x_wconf 85' lang='lat' dir='ltr'>improbitate</span> <span class='ocrx_word' id='word_1_40' title='bbox 896 526 1173 570; x_wconf 86' lang='lat' dir='ltr'><strong>retundendum)</strong></span> <span class='ocrx_word' id='word_1_41' title='bbox 1196 527 1232 571; x_wconf 86' lang='lat'><strong>6,</strong></span> <span class='ocrx_word' id='word_1_42' title='bbox 1251 526 1288 571; x_wconf 83' lang='lat'><strong>4,</strong></span> <span class='ocrx_word' id='word_1_43' title='bbox 1308 530 1362 562; x_wconf 86' lang='lat'><strong>11.</strong></span> <span class='ocrx_word' id='word_1_44' title='bbox 1388 527 1465 574; x_wconf 79' lang='lat' dir='ltr'><strong>ipse</strong></span> <span class='ocrx_word' id='word_1_45' title='bbox 1487 527 1550 564; x_wconf 77' lang='lat' dir='ltr'><strong>ille</strong></span> <span class='ocrx_word' id='word_1_46' title='bbox 1569 527 1695 566; x_wconf 64' lang='lat' dir='ltr'><strong>hacto</strong></span> 
     </span>
     <span class='ocr_line' id='line_1_6' title="bbox 203 573 1649 621; baseline -0.001 -14"><span class='ocrx_word' id='word_1_47' title='bbox 203 573 337 621; x_wconf 87' lang='lat' dir='ltr'><strong>ingenii</strong></span> <span class='ocrx_word' id='word_1_48' title='bbox 361 573 540 608; x_wconf 82' lang='lat' dir='ltr'><strong>cotidiana</strong></span> <span class='ocrx_word' id='word_1_49' title='bbox 562 584 682 621; x_wconf 86' lang='lat' dir='ltr'><strong>pugna</strong></span> <span class='ocrx_word' id='word_1_50' title='bbox 705 574 912 608; x_wconf 84' lang='lat' dir='ltr'><strong>retundatur</strong></span> <span class='ocrx_word' id='word_1_51' title='bbox 936 575 992 616; x_wconf 91' lang='lat'><strong>10,</strong></span> <span class='ocrx_word' id='word_1_52' title='bbox 1018 574 1052 616; x_wconf 82' lang='lat'><strong>5,</strong></span> <span class='ocrx_word' id='word_1_53' title='bbox 1077 573 1133 607; x_wconf 83' lang='lat'><strong>16.</strong></span> <span class='ocrx_word' id='word_1_54' title='bbox 1492 599 1494 604; x_wconf 76' lang='grc'>,</span> <span class='ocrx_word' id='word_1_55' title='bbox 1513 593 1515 598; x_wconf 43' lang='grc' dir='ltr'><em>ι</em></span> <span class='ocrx_word' id='word_1_56' title='bbox 1648 606 1649 609; x_wconf 64' lang='grc'><strong>,</strong></span> 
     </span>
    </p>
   </div>
   <div class='ocr_carea' id='block_1_4' title="bbox 160 629 1728 1975">
    <p class='ocr_par' dir='ltr' id='par_1_4' title="bbox 160 629 1728 1975">
     <span class='ocr_line' id='line_1_7' title="bbox 160 629 1696 687; baseline 0.003 -12"><span class='ocrx_word' id='word_1_57' title='bbox 160 629 291 672; x_wconf 79' lang='lat' dir='ltr'><strong>Reus·</strong></span> <span class='ocrx_word' id='word_1_58' title='bbox 336 642 377 682; x_wconf 85' lang='grc' dir='ltr'><strong>α)</strong></span> <span class='ocrx_word' id='word_1_59' title='bbox 404 655 433 676; x_wconf 84' lang='lat' dir='ltr'><strong>c.</strong></span> <span class='ocrx_word' id='word_1_60' title='bbox 453 643 586 677; x_wconf 65' lang='lat' dir='ltr'><strong>Genii„-</strong></span> <span class='ocrx_word' id='word_1_61' title='bbox 612 640 736 675; x_wconf 90' lang='lat' dir='ltr'><strong>similis</strong></span> <span class='ocrx_word' id='word_1_62' title='bbox 762 640 919 675; x_wconf 90' lang='lat' dir='ltr'><strong>criminis</strong></span> <span class='ocrx_word' id='word_1_63' title='bbox 943 652 1026 675; x_wconf 86' lang='lat' dir='ltr'><strong>reus</strong></span> <span class='ocrx_word' id='word_1_64' title='bbox 1051 646 1128 675; x_wconf 87' lang='lat' dir='ltr'><strong>erat</strong></span> <span class='ocrx_word' id='word_1_65' title='bbox 1155 642 1190 684; x_wconf 92' lang='lat'><strong>5,</strong></span> <span class='ocrx_word' id='word_1_66' title='bbox 1216 643 1273 685; x_wconf 84' lang='lat'><strong>12,</strong></span> <span class='ocrx_word' id='word_1_67' title='bbox 1302 643 1357 678; x_wconf 78' lang='lat'><strong>10.</strong></span> <span class='ocrx_word' id='word_1_68' title='bbox 1384 641 1430 684; x_wconf 66' lang='lat' dir='ltr'><strong>cf.</strong></span> <span class='ocrx_word' id='word_1_69' title='bbox 1455 644 1512 686; x_wconf 87' lang='lat'><strong>11,</strong></span> <span class='ocrx_word' id='word_1_70' title='bbox 1531 645 1565 687; x_wconf 86' lang='lat'><strong>1,</strong></span> <span class='ocrx_word' id='word_1_71' title='bbox 1581 636 1640 681; x_wconf 75' lang='lat'><strong>79.</strong></span> <span class='ocrx_word' id='word_1_72' title='bbox 1663 655 1696 680; x_wconf 68' lang='grc' dir='ltr'><strong>ι’.</strong></span> 
     </span>
     <span class='ocr_line' id='line_1_8' title="bbox 207 687 1698 732; baseline 0.001 -9"><span class='ocrx_word' id='word_1_73' title='bbox 207 687 326 723; x_wconf 83' lang='lat' dir='ltr'><strong>caedis</strong></span> <span class='ocrx_word' id='word_1_74' title='bbox 350 689 391 731; x_wconf 90' lang='grc'><strong>7,</strong></span> <span class='ocrx_word' id='word_1_75' title='bbox 417 690 463 732; x_wconf 87' lang='lat'><strong>2,</strong></span> <span class='ocrx_word' id='word_1_76' title='bbox 487 689 543 723; x_wconf 86' lang='lat'><strong>28.</strong></span> <span class='ocrx_word' id='word_1_77' title='bbox 569 699 598 722; x_wconf 88' lang='lat' dir='ltr'><strong>r.</strong></span> <span class='ocrx_word' id='word_1_78' title='bbox 623 687 748 732; x_wconf 84' lang='lat' dir='ltr'><strong>capitis</strong></span> <span class='ocrx_word' id='word_1_79' title='bbox 776 691 842 729; x_wconf 89' lang='lat'><strong>12,</strong></span> <span class='ocrx_word' id='word_1_80' title='bbox 870 690 931 729; x_wconf 89' lang='lat'><strong>10,</strong></span> <span class='ocrx_word' id='word_1_81' title='bbox 956 688 1013 722; x_wconf 81' lang='lat'><strong>70.</strong></span> <span class='ocrx_word' id='word_1_82' title='bbox 1048 688 1230 723; x_wconf 79' lang='lat' dir='ltr'><strong>Gracchus</strong></span> <span class='ocrx_word' id='word_1_83' title='bbox 1253 699 1282 722; x_wconf 86' lang='lat' dir='ltr'><strong>r.</strong></span> <span class='ocrx_word' id='word_1_84' title='bbox 1306 689 1467 724; x_wconf 79' lang='lat' dir='ltr'><strong>foederis</strong></span> <span class='ocrx_word' id='word_1_85' title='bbox 1493 689 1698 725; x_wconf 80' lang='lat' dir='ltr'><strong>Numantini</strong></span> 
     </span>
     <span class='ocr_line' id='line_1_9' title="bbox 204 731 1695 778; baseline 0.001 -8"><span class='ocrx_word' id='word_1_86' title='bbox 204 739 240 778; x_wconf 90' lang='lat'><strong>7,</strong></span> <span class='ocrx_word' id='word_1_87' title='bbox 263 735 299 777; x_wconf 89' lang='lat'><strong>4,</strong></span> <span class='ocrx_word' id='word_1_88' title='bbox 332 736 385 770; x_wconf 82' lang='grc'><strong>13.</strong></span> <span class='ocrx_word' id='word_1_89' title='bbox 411 745 443 768; x_wconf 86' lang='lat' dir='ltr'><strong>r.</strong></span> <span class='ocrx_word' id='word_1_90' title='bbox 466 734 639 769; x_wconf 89' lang='lat' dir='ltr'>lenocinii</span> <span class='ocrx_word' id='word_1_91' title='bbox 663 737 706 778; x_wconf 89' lang='lat'><strong>5,</strong></span> <span class='ocrx_word' id='word_1_92' title='bbox 735 736 798 777; x_wconf 92' lang='lat'><strong>10,</strong></span> <span class='ocrx_word' id='word_1_93' title='bbox 823 733 868 769; x_wconf 87' lang='grc'><strong>47</strong></span> <span class='ocrx_word' id='word_1_94' title='bbox 881 735 929 767; x_wconf 91' lang='grc' dir='ltr'><strong>Ν.</strong></span> <span class='ocrx_word' id='word_1_95' title='bbox 956 745 987 768; x_wconf 86' lang='lat' dir='ltr'><strong>r.</strong></span> <span class='ocrx_word' id='word_1_96' title='bbox 1011 733 1192 778; x_wconf 87' lang='lat' dir='ltr'><strong>parricidii</strong></span> <span class='ocrx_word' id='word_1_97' title='bbox 1219 736 1264 768; x_wconf 82' lang='lat' dir='ltr'><strong>ib.</strong></span> <span class='ocrx_word' id='word_1_98' title='bbox 1291 737 1337 778; x_wconf 93' lang='lat'><strong>7,</strong></span> <span class='ocrx_word' id='word_1_99' title='bbox 1360 738 1407 778; x_wconf 85' lang='lat'><strong>2,</strong></span> <span class='ocrx_word' id='word_1_100' title='bbox 1435 731 1490 771; x_wconf 67' lang='grc'><strong>17.</strong></span> <span class='ocrx_word' id='word_1_101' title='bbox 1514 736 1695 772; x_wconf 77' lang='lat' dir='ltr'><strong>manifesti</strong></span> 
     </span>
     <span class='ocr_line' id='line_1_10' title="bbox 201 780 1694 827; baseline 0.001 -12"><span class='ocrx_word' id='word_1_102' title='bbox 201 782 385 826; x_wconf 80' lang='lat' dir='ltr'>peculatus</span> <span class='ocrx_word' id='word_1_103' title='bbox 408 791 438 814; x_wconf 89' lang='lat' dir='ltr'><strong>r.</strong></span> <span class='ocrx_word' id='word_1_104' title='bbox 463 783 520 822; x_wconf 90' lang='lat'><strong>12,</strong></span> <span class='ocrx_word' id='word_1_105' title='bbox 547 784 580 825; x_wconf 90' lang='lat'><strong>1,</strong></span> <span class='ocrx_word' id='word_1_106' title='bbox 603 780 666 823; x_wconf 81' lang='lat'><strong>433</strong></span> <span class='ocrx_word' id='word_1_107' title='bbox 702 791 852 824; x_wconf 87' lang='lat' dir='ltr'><strong>causae,</strong></span> <span class='ocrx_word' id='word_1_108' title='bbox 878 791 948 825; x_wconf 80' lang='lat' dir='ltr'><strong>qua</strong></span> <span class='ocrx_word' id='word_1_109' title='bbox 970 791 1054 815; x_wconf 87' lang='lat' dir='ltr'><strong>reus</strong></span> <span class='ocrx_word' id='word_1_110' title='bbox 1078 781 1131 815; x_wconf 88' lang='lat' dir='ltr'><strong>de</strong></span> <span class='ocrx_word' id='word_1_111' title='bbox 1154 780 1194 816; x_wconf 78' lang='lat' dir='ltr'><strong>vi</strong></span> <span class='ocrx_word' id='word_1_112' title='bbox 1213 780 1282 815; x_wconf 81' lang='lat' dir='ltr'><strong>fuit</strong></span> <span class='ocrx_word' id='word_1_113' title='bbox 1305 784 1361 824; x_wconf 85' lang='lat'><strong>11,</strong></span> <span class='ocrx_word' id='word_1_114' title='bbox 1387 785 1420 824; x_wconf 90' lang='lat'><strong>1,</strong></span> <span class='ocrx_word' id='word_1_115' title='bbox 1445 783 1503 817; x_wconf 84' lang='lat'><strong>51.</strong></span> <span class='ocrx_word' id='word_1_116' title='bbox 1528 781 1574 824; x_wconf 71' lang='lat' dir='ltr'><strong>cf.</strong></span> <span class='ocrx_word' id='word_1_117' title='bbox 1597 781 1634 827; x_wconf 82' lang='grc'><strong>4,</strong></span> <span class='ocrx_word' id='word_1_118' title='bbox 1657 785 1694 827; x_wconf 92' lang='grc'><strong>2,</strong></span> 
     </span>
     <span class='ocr_line' id='line_1_11' title="bbox 202 825 1695 875; baseline 0.001 -13"><span class='ocrx_word' id='word_1_119' title='bbox 202 829 259 862; x_wconf 86' lang='grc'><strong>30.</strong></span> <span class='ocrx_word' id='word_1_120' title='bbox 307 826 349 872; x_wconf 84' lang='grc' dir='ltr'><strong>β)</strong></span> <span class='ocrx_word' id='word_1_121' title='bbox 374 828 568 861; x_wconf 76' lang='grc' dir='ltr'><strong>Νοηιὶηαι..·</strong></span> <span class='ocrx_word' id='word_1_122' title='bbox 600 826 631 861; x_wconf 82' lang='lat' dir='ltr'><strong>si</strong></span> <span class='ocrx_word' id='word_1_123' title='bbox 655 833 871 869; x_wconf 78' lang='lat' dir='ltr'><strong>contumax,</strong></span> <span class='ocrx_word' id='word_1_124' title='bbox 897 836 1090 873; x_wconf 81' lang='lat' dir='ltr'><strong>arrogans,</strong></span> <span class='ocrx_word' id='word_1_125' title='bbox 1120 826 1266 861; x_wconf 84' lang='lat' dir='ltr'><strong>securus</strong></span> <span class='ocrx_word' id='word_1_126' title='bbox 1292 825 1418 875; x_wconf 21' lang='lat' dir='ltr'><strong>sit⁴&lt;r.)</strong></span> <span class='ocrx_word' id='word_1_127' title='bbox 1444 828 1480 872; x_wconf 87' lang='grc'><strong>6,</strong></span> <span class='ocrx_word' id='word_1_128' title='bbox 1506 831 1539 872; x_wconf 90' lang='grc'><strong>1,</strong></span> <span class='ocrx_word' id='word_1_129' title='bbox 1566 827 1623 862; x_wconf 84' lang='grc'><strong>14.</strong></span> <span class='ocrx_word' id='word_1_130' title='bbox 1648 839 1695 864; x_wconf 87' lang='lat' dir='ltr'><strong>an</strong></span> 
     </span>
     <span class='ocr_line' id='line_1_12' title="bbox 201 871 1693 919; baseline 0.001 -12"><span class='ocrx_word' id='word_1_131' title='bbox 201 885 302 908; x_wconf 90' lang='lat' dir='ltr'><strong>reum</strong></span> <span class='ocrx_word' id='word_1_132' title='bbox 324 873 553 908; x_wconf 87' lang='lat' dir='ltr'><strong>infitiatorem</strong></span> <span class='ocrx_word' id='word_1_133' title='bbox 578 884 658 907; x_wconf 91' lang='lat' dir='ltr'><strong>esse</strong></span> <span class='ocrx_word' id='word_1_134' title='bbox 680 873 865 914; x_wconf 77' lang='lat' dir='ltr'><strong>(credibile</strong></span> <span class='ocrx_word' id='word_1_135' title='bbox 891 874 953 913; x_wconf 77' lang='lat' dir='ltr'><strong>sit)</strong></span> <span class='ocrx_word' id='word_1_136' title='bbox 978 876 1021 915; x_wconf 95' lang='lat'><strong>7,</strong></span> <span class='ocrx_word' id='word_1_137' title='bbox 1050 876 1091 916; x_wconf 84' lang='lat'><strong>2,</strong></span> <span class='ocrx_word' id='word_1_138' title='bbox 1116 873 1172 908; x_wconf 88' lang='grc'><strong>50.</strong></span> <span class='ocrx_word' id='word_1_139' title='bbox 1210 885 1245 907; x_wconf 79' lang='lat' dir='ltr'><strong>v.</strong></span> <span class='ocrx_word' id='word_1_140' title='bbox 1270 871 1475 912; x_wconf 82' lang='lat' dir='ltr'><strong>Petito&#39;r.</strong></span> <span class='ocrx_word' id='word_1_141' title='bbox 1503 884 1576 919; x_wconf 85' lang='lat' dir='ltr'><strong>quo</strong></span> <span class='ocrx_word' id='word_1_142' title='bbox 1602 872 1693 919; x_wconf 81' lang='lat' dir='ltr'><strong>pau-</strong></span> 
     </span>
     <span class='ocr_line' id='line_1_13' title="bbox 200 917 1691 965; baseline 0 -11"><span class='ocrx_word' id='word_1_143' title='bbox 200 920 315 954; x_wconf 90' lang='lat' dir='ltr'><strong>ciores</strong></span> <span class='ocrx_word' id='word_1_144' title='bbox 338 931 367 954; x_wconf 91' lang='lat' dir='ltr'><strong>r.</strong></span> <span class='ocrx_word' id='word_1_145' title='bbox 398 921 484 953; x_wconf 87' lang='lat' dir='ltr'><strong>fiant</strong></span> <span class='ocrx_word' id='word_1_146' title='bbox 507 920 541 963; x_wconf 87' lang='grc'><strong>5,</strong></span> <span class='ocrx_word' id='word_1_147' title='bbox 569 920 602 963; x_wconf 87' lang='grc'><strong>5,</strong></span> <span class='ocrx_word' id='word_1_148' title='bbox 631 922 661 955; x_wconf 90' lang='lat'><strong>1.</strong></span> <span class='ocrx_word' id='word_1_149' title='bbox 683 931 767 954; x_wconf 90' lang='lat' dir='ltr'><strong>reus</strong></span> <span class='ocrx_word' id='word_1_150' title='bbox 795 925 848 954; x_wconf 86' lang='lat' dir='ltr'><strong>est</strong></span> <span class='ocrx_word' id='word_1_151' title='bbox 874 925 975 963; x_wconf 80' lang='lat' dir='ltr'><strong>pater</strong></span> <span class='ocrx_word' id='word_1_152' title='bbox 998 921 1033 962; x_wconf 93' lang='lat'><strong>7,</strong></span> <span class='ocrx_word' id='word_1_153' title='bbox 1059 921 1092 963; x_wconf 90' lang='lat'><strong>1,</strong></span> <span class='ocrx_word' id='word_1_154' title='bbox 1118 920 1174 954; x_wconf 74' lang='lat'><strong>30;</strong></span> <span class='ocrx_word' id='word_1_155' title='bbox 1200 917 1248 961; x_wconf 81' lang='lat' dir='ltr'><strong>cs.</strong></span> <span class='ocrx_word' id='word_1_156' title='bbox 1272 922 1308 962; x_wconf 91' lang='lat'><strong>7,</strong></span> <span class='ocrx_word' id='word_1_157' title='bbox 1330 922 1366 963; x_wconf 86' lang='lat'><strong>2,</strong></span> <span class='ocrx_word' id='word_1_158' title='bbox 1390 922 1448 955; x_wconf 91' lang='grc'><strong>17.</strong></span> <span class='ocrx_word' id='word_1_159' title='bbox 1489 919 1691 965; x_wconf 70' lang='lat' dir='ltr'><strong>cornelius,</strong></span> 
     </span>
     <span class='ocr_line' id='line_1_14' title="bbox 199 963 1728 1012; baseline 0.001 -13"><span class='ocrx_word' id='word_1_160' title='bbox 199 967 383 1000; x_wconf 84' lang='lat' dir='ltr'><strong>Tribunus</strong></span> <span class='ocrx_word' id='word_1_161' title='bbox 407 965 542 1010; x_wconf 88' lang='lat' dir='ltr'><strong>plebis,</strong></span> <span class='ocrx_word' id='word_1_162' title='bbox 565 967 661 1010; x_wconf 80' lang='lat' dir='ltr'><strong>quod</strong></span> <span class='ocrx_word' id='word_1_163' title='bbox 688 965 849 1000; x_wconf 86' lang='lat' dir='ltr'><strong>codicem</strong></span> <span class='ocrx_word' id='word_1_164' title='bbox 875 965 1020 1012; x_wconf 87' lang='lat' dir='ltr'><strong>legerit,</strong></span> <span class='ocrx_word' id='word_1_165' title='bbox 1044 977 1075 999; x_wconf 88' lang='lat' dir='ltr'><strong>r.</strong></span> <span class='ocrx_word' id='word_1_166' title='bbox 1100 964 1147 999; x_wconf 88' lang='lat' dir='ltr'><strong>sit</strong></span> <span class='ocrx_word' id='word_1_167' title='bbox 1169 966 1234 1009; x_wconf 88' lang='lat'><strong>10,</strong></span> <span class='ocrx_word' id='word_1_168' title='bbox 1262 966 1302 1008; x_wconf 89' lang='grc'><strong>5,</strong></span> <span class='ocrx_word' id='word_1_169' title='bbox 1326 963 1382 1000; x_wconf 82' lang='grc'><strong>13.</strong></span> <span class='ocrx_word' id='word_1_170' title='bbox 1405 965 1544 1001; x_wconf 80' lang='lat' dir='ltr'><strong>invidia</strong></span> <span class='ocrx_word' id='word_1_171' title='bbox 1566 977 1622 1011; x_wconf 84' lang='lat' dir='ltr'><strong>r.,</strong></span> <span class='ocrx_word' id='word_1_172' title='bbox 1646 978 1693 1005; x_wconf 74' lang='lat' dir='ltr'><strong>an</strong></span> <span class='ocrx_word' id='word_1_173' title='bbox 1727 1006 1728 1012; x_wconf 20' lang='lat'>¹</span> 
     </span>
     <span class='ocr_line' id='line_1_15' title="bbox 200 1010 1728 1058; baseline 0 -12"><span class='ocrx_word' id='word_1_174' title='bbox 200 1012 299 1055; x_wconf 89' lang='lat' dir='ltr'><strong>odio,</strong></span> <span class='ocrx_word' id='word_1_175' title='bbox 327 1024 372 1046; x_wconf 91' lang='lat' dir='ltr'><strong>an</strong></span> <span class='ocrx_word' id='word_1_176' title='bbox 396 1018 577 1047; x_wconf 85' lang='lat' dir='ltr'><strong>contemtu</strong></span> <span class='ocrx_word' id='word_1_177' title='bbox 604 1013 742 1046; x_wconf 88' lang='lat' dir='ltr'><strong>laboret</strong></span> <span class='ocrx_word' id='word_1_178' title='bbox 767 1015 823 1055; x_wconf 90' lang='lat'><strong>12,</strong></span> <span class='ocrx_word' id='word_1_179' title='bbox 849 1013 904 1054; x_wconf 87' lang='grc'><strong>18,</strong></span> <span class='ocrx_word' id='word_1_180' title='bbox 933 1010 989 1045; x_wconf 89' lang='grc'><strong>14.</strong></span> <span class='ocrx_word' id='word_1_181' title='bbox 1016 1010 1286 1056; x_wconf 82' lang='lat' dir='ltr'><strong>[nonnunquam</strong></span> <span class='ocrx_word' id='word_1_182' title='bbox 1310 1011 1417 1046; x_wconf 78' lang='lat' dir='ltr'><strong>etiam</strong></span> <span class='ocrx_word' id='word_1_183' title='bbox 1441 1023 1525 1047; x_wconf 87' lang='lat' dir='ltr'><strong>reus</strong></span> <span class='ocrx_word' id='word_1_184' title='bbox 1549 1012 1611 1047; x_wconf 84' lang='lat' dir='ltr'><strong>hic</strong></span> <span class='ocrx_word' id='word_1_185' title='bbox 1634 1017 1693 1058; x_wconf 85' lang='lat' dir='ltr'><strong>to-</strong></span> <span class='ocrx_word' id='word_1_186' title='bbox 1727 1016 1728 1054; x_wconf 57' lang='grc' dir='ltr'>ξ</span> 
     </span>
     <span class='ocr_line' id='line_1_16' title="bbox 199 1056 1689 1104; baseline 0.001 -12"><span class='ocrx_word' id='word_1_187' title='bbox 199 1059 271 1092; x_wconf 85' lang='lat' dir='ltr'><strong>tius</strong></span> <span class='ocrx_word' id='word_1_188' title='bbox 294 1070 466 1092; x_wconf 87' lang='lat' dir='ltr'><strong>summam</strong></span> <span class='ocrx_word' id='word_1_189' title='bbox 493 1058 675 1092; x_wconf 82' lang='lat' dir='ltr'><strong>constituit</strong></span> <span class='ocrx_word' id='word_1_190' title='bbox 700 1060 754 1102; x_wconf 89' lang='lat' dir='ltr'><strong>(Z.</strong></span> <span class='ocrx_word' id='word_1_191' title='bbox 777 1057 831 1092; x_wconf 87' lang='lat' dir='ltr'><strong>rei</strong></span> <span class='ocrx_word' id='word_1_192' title='bbox 848 1057 956 1092; x_wconf 81' lang='lat' dir='ltr'><strong>totius</strong></span> <span class='ocrx_word' id='word_1_193' title='bbox 974 1058 1033 1091; x_wconf 88' lang='lat' dir='ltr'><strong>hic</strong></span> <span class='ocrx_word' id='word_1_194' title='bbox 1053 1069 1189 1092; x_wconf 81' lang='lat' dir='ltr'><strong>summa</strong></span> <span class='ocrx_word' id='word_1_195' title='bbox 1208 1056 1503 1103; x_wconf 60' lang='lat' dir='ltr'><strong>constituiturlff,</strong></span> <span class='ocrx_word' id='word_1_196' title='bbox 1521 1056 1689 1104; x_wconf 81' lang='lat' dir='ltr'><strong>4,·2oS.]</strong></span> 
     </span>
     <span class='ocr_line' id='line_1_17' title="bbox 199 1102 1692 1151; baseline -0.001 -12"><span class='ocrx_word' id='word_1_197' title='bbox 199 1103 234 1149; x_wconf 83' lang='lat' dir='ltr'><strong>y)</strong></span> <span class='ocrx_word' id='word_1_198' title='bbox 265 1107 387 1148; x_wconf 65' lang='lat' dir='ltr'><strong>Genii„</strong></span> <span class='ocrx_word' id='word_1_199' title='bbox 411 1108 509 1146; x_wconf 63' lang='lat' dir='ltr'><strong>Dat„</strong></span> <span class='ocrx_word' id='word_1_200' title='bbox 533 1109 719 1139; x_wconf 81' lang='lat' dir='ltr'><strong>Accusat..-</strong></span> <span class='ocrx_word' id='word_1_201' title='bbox 748 1104 900 1151; x_wconf 84' lang='lat' dir='ltr'><strong>pignora</strong></span> <span class='ocrx_word' id='word_1_202' title='bbox 923 1114 1066 1138; x_wconf 88' lang='lat' dir='ltr'><strong>reorum</strong></span> <span class='ocrx_word' id='word_1_203' title='bbox 1091 1105 1176 1148; x_wconf 84' lang='lat' dir='ltr'><strong>(Sp.</strong></span> <span class='ocrx_word' id='word_1_204' title='bbox 1204 1102 1634 1150; x_wconf 52' lang='lat' dir='ltr'><strong>eorumypmduoexeffi,</strong></span> <span class='ocrx_word' id='word_1_205' title='bbox 1657 1108 1692 1148; x_wconf 90' lang='lat'><strong>1,</strong></span> 
     </span>
     <span class='ocr_line' id='line_1_18' title="bbox 200 1148 1696 1195; baseline -0.001 -9"><span class='ocrx_word' id='word_1_206' title='bbox 200 1152 246 1186; x_wconf 84' lang='grc'><strong>28</strong></span> <span class='ocrx_word' id='word_1_207' title='bbox 265 1155 308 1185; x_wconf 93' lang='grc' dir='ltr'><strong>Ζ.</strong></span> <span class='ocrx_word' id='word_1_208' title='bbox 343 1150 430 1195; x_wconf 89' lang='lat' dir='ltr'><strong>ipsis</strong></span> <span class='ocrx_word' id='word_1_209' title='bbox 465 1151 571 1186; x_wconf 84' lang='lat' dir='ltr'><strong>etiam</strong></span> <span class='ocrx_word' id='word_1_210' title='bbox 594 1163 623 1185; x_wconf 88' lang='lat' dir='ltr'><strong>r.</strong></span> <span class='ocrx_word' id='word_1_211' title='bbox 650 1152 736 1187; x_wconf 75' lang='lat' dir='ltr'><strong>dare</strong></span> <span class='ocrx_word' id='word_1_212' title='bbox 759 1152 962 1185; x_wconf 80' lang='lat' dir='ltr'>laudatores</span> <span class='ocrx_word' id='word_1_213' title='bbox 985 1151 1071 1185; x_wconf 87' lang='lat' dir='ltr'><strong>licet</strong></span> <span class='ocrx_word' id='word_1_214' title='bbox 1092 1153 1139 1193; x_wconf 88' lang='lat'><strong>3,</strong></span> <span class='ocrx_word' id='word_1_215' title='bbox 1163 1153 1208 1194; x_wconf 91' lang='lat'><strong>7,</strong></span> <span class='ocrx_word' id='word_1_216' title='bbox 1231 1153 1276 1193; x_wconf 79' lang='lat'><strong>23</strong></span> <span class='ocrx_word' id='word_1_217' title='bbox 1313 1155 1355 1185; x_wconf 68' lang='lat' dir='ltr'><strong>us</strong></span> <span class='ocrx_word' id='word_1_218' title='bbox 1384 1148 1592 1190; x_wconf 70' lang='lat' dir='ltr'><strong>absolvatur</strong></span> <span class='ocrx_word' id='word_1_219' title='bbox 1610 1161 1696 1185; x_wconf 84' lang='lat' dir='ltr'><strong>reus</strong></span> 
     </span>
     <span class='ocr_line' id='line_1_19' title="bbox 199 1196 1695 1242; baseline 0.001 -12"><span class='ocrx_word' id='word_1_220' title='bbox 199 1196 337 1241; x_wconf 82' lang='lat' dir='ltr'><strong>(quibus</strong></span> <span class='ocrx_word' id='word_1_221' title='bbox 361 1200 458 1231; x_wconf 82' lang='lat' dir='ltr'><strong>rebus</strong></span> <span class='ocrx_word' id='word_1_222' title='bbox 475 1198 563 1240; x_wconf 78' lang='lat' dir='ltr'><strong>fiat)</strong></span> <span class='ocrx_word' id='word_1_223' title='bbox 587 1201 621 1237; x_wconf 91' lang='lat'><strong>7,</strong></span> <span class='ocrx_word' id='word_1_224' title='bbox 650 1201 684 1240; x_wconf 92' lang='lat'><strong>1,</strong></span> <span class='ocrx_word' id='word_1_225' title='bbox 709 1199 765 1232; x_wconf 84' lang='lat'><strong>32.</strong></span> <span class='ocrx_word' id='word_1_226' title='bbox 793 1208 865 1242; x_wconf 84' lang='lat' dir='ltr'><strong>quo</strong></span> <span class='ocrx_word' id='word_1_227' title='bbox 889 1197 1016 1231; x_wconf 83' lang='lat' dir='ltr'><strong>melius</strong></span> <span class='ocrx_word' id='word_1_228' title='bbox 1042 1197 1211 1231; x_wconf 83' lang='lat' dir='ltr'><strong>defendet</strong></span> <span class='ocrx_word' id='word_1_229' title='bbox 1233 1207 1336 1232; x_wconf 76' lang='lat' dir='ltr'><strong>reum</strong></span> <span class='ocrx_word' id='word_1_230' title='bbox 1359 1198 1476 1241; x_wconf 54' lang='lat' dir='ltr'><strong>1,&lt;1o,</strong></span> <span class='ocrx_word' id='word_1_231' title='bbox 1501 1199 1536 1232; x_wconf 85' lang='lat'><strong>3.</strong></span> <span class='ocrx_word' id='word_1_232' title='bbox 1559 1197 1606 1230; x_wconf 78' lang='lat' dir='ltr'><strong>ad</strong></span> <span class='ocrx_word' id='word_1_233' title='bbox 1628 1198 1695 1232; x_wconf 84' lang='lat' dir='ltr'><strong>de-</strong></span> 
     </span>
     <span class='ocr_line' id='line_1_20' title="bbox 199 1241 1694 1287; baseline 0 -11"><span class='ocrx_word' id='word_1_234' title='bbox 199 1243 374 1276; x_wconf 84' lang='lat' dir='ltr'><strong>ferendos</strong></span> <span class='ocrx_word' id='word_1_235' title='bbox 398 1254 482 1276; x_wconf 87' lang='lat' dir='ltr'><strong>reos</strong></span> <span class='ocrx_word' id='word_1_236' title='bbox 507 1243 666 1287; x_wconf 87' lang='lat' dir='ltr'><strong>praemio</strong></span> <span class='ocrx_word' id='word_1_237' title='bbox 692 1243 775 1277; x_wconf 93' lang='lat' dir='ltr'><strong>duci</strong></span> <span class='ocrx_word' id='word_1_238' title='bbox 798 1246 865 1286; x_wconf 91' lang='lat'><strong>12,</strong></span> <span class='ocrx_word' id='word_1_239' title='bbox 889 1246 932 1286; x_wconf 83' lang='lat'><strong>7,</strong></span> <span class='ocrx_word' id='word_1_240' title='bbox 957 1245 991 1277; x_wconf 89' lang='lat'><strong>3.</strong></span> <span class='ocrx_word' id='word_1_241' title='bbox 1019 1243 1063 1285; x_wconf 54' lang='lat' dir='ltr'><strong>cs:</strong></span> <span class='ocrx_word' id='word_1_242' title='bbox 1092 1246 1156 1286; x_wconf 90' lang='lat'><strong>11,</strong></span> <span class='ocrx_word' id='word_1_243' title='bbox 1180 1245 1222 1286; x_wconf 88' lang='lat'><strong>1,</strong></span> <span class='ocrx_word' id='word_1_244' title='bbox 1246 1243 1304 1279; x_wconf 87' lang='grc'><strong>79.</strong></span> <span class='ocrx_word' id='word_1_245' title='bbox 1351 1243 1425 1286; x_wconf 57' lang='grc'><strong>113,</strong></span> <span class='ocrx_word' id='word_1_246' title='bbox 1448 1242 1481 1277; x_wconf 79' lang='lat' dir='ltr'><strong>si</strong></span> <span class='ocrx_word' id='word_1_247' title='bbox 1502 1241 1694 1277; x_wconf 82' lang='lat' dir='ltr'><strong>dicendum</strong></span> 
     </span>
     <span class='ocr_line' id='line_1_21' title="bbox 198 1287 1703 1333; baseline 0.001 -12"><span class='ocrx_word' id='word_1_248' title='bbox 198 1288 237 1322; x_wconf 91' lang='lat' dir='ltr'><strong>in</strong></span> <span class='ocrx_word' id='word_1_249' title='bbox 264 1290 341 1322; x_wconf 88' lang='lat' dir='ltr'><strong>sole</strong></span> <span class='ocrx_word' id='word_1_250' title='bbox 364 1289 475 1322; x_wconf 86' lang='lat' dir='ltr'><strong>fuerit</strong></span> <span class='ocrx_word' id='word_1_251' title='bbox 498 1306 542 1313; x_wconf 87' lang='lat'><strong>—</strong></span> <span class='ocrx_word' id='word_1_252' title='bbox 565 1300 650 1323; x_wconf 85' lang='lat' dir='ltr'><strong>reos</strong></span> <span class='ocrx_word' id='word_1_253' title='bbox 676 1288 910 1323; x_wconf 82' lang='lat' dir='ltr'><strong>deseremus?</strong></span> <span class='ocrx_word' id='word_1_254' title='bbox 941 1292 996 1331; x_wconf 80' lang='lat'><strong>11,</strong></span> <span class='ocrx_word' id='word_1_255' title='bbox 1028 1291 1063 1332; x_wconf 90' lang='grc'><strong>3,</strong></span> <span class='ocrx_word' id='word_1_256' title='bbox 1087 1292 1144 1323; x_wconf 84' lang='grc'><strong>27.</strong></span> <span class='ocrx_word' id='word_1_257' title='bbox 1165 1299 1248 1324; x_wconf 83' lang='lat' dir='ltr'><strong>reos</strong></span> <span class='ocrx_word' id='word_1_258' title='bbox 1275 1288 1434 1323; x_wconf 77' lang='lat' dir='ltr'><strong>excitare</strong></span> <span class='ocrx_word' id='word_1_259' title='bbox 1457 1288 1508 1330; x_wconf 78' lang='lat' dir='ltr'><strong>(in</strong></span> <span class='ocrx_word' id='word_1_260' title='bbox 1529 1287 1703 1333; x_wconf 72' lang='lat' dir='ltr'><strong>perorat.)¹</strong></span> 
     </span>
     <span class='ocr_line' id='line_1_22' title="bbox 200 1333 1693 1380; baseline 0.003 -14"><span class='ocrx_word' id='word_1_261' title='bbox 200 1336 242 1367; x_wconf 85' lang='lat' dir='ltr'><strong>ib.</strong></span> <span class='ocrx_word' id='word_1_262' title='bbox 258 1333 336 1369; x_wconf 86' lang='grc'><strong>174.</strong></span> <span class='ocrx_word' id='word_1_263' title='bbox 363 1335 557 1368; x_wconf 87' lang='lat' dir='ltr'><strong>defendere</strong></span> <span class='ocrx_word' id='word_1_264' title='bbox 581 1345 665 1368; x_wconf 89' lang='lat' dir='ltr'><strong>reos</strong></span> <span class='ocrx_word' id='word_1_265' title='bbox 687 1346 793 1378; x_wconf 85' lang='lat' dir='ltr'><strong>quam</strong></span> <span class='ocrx_word' id='word_1_266' title='bbox 820 1336 940 1368; x_wconf 79' lang='lat' dir='ltr'><strong>facere</strong></span> <span class='ocrx_word' id='word_1_267' title='bbox 962 1334 1021 1369; x_wconf 81' lang='lat' dir='ltr'><strong>vir</strong></span> <span class='ocrx_word' id='word_1_268' title='bbox 1045 1336 1160 1368; x_wconf 89' lang='lat' dir='ltr'><strong>bonus</strong></span> <span class='ocrx_word' id='word_1_269' title='bbox 1180 1336 1291 1368; x_wconf 86' lang='lat' dir='ltr'><strong>malet</strong></span> <span class='ocrx_word' id='word_1_270' title='bbox 1314 1337 1371 1377; x_wconf 90' lang='lat'><strong>12,</strong></span> <span class='ocrx_word' id='word_1_271' title='bbox 1389 1333 1425 1377; x_wconf 86' lang='lat'><strong>7,</strong></span> <span class='ocrx_word' id='word_1_272' title='bbox 1441 1336 1474 1368; x_wconf 86' lang='lat'><strong>1.</strong></span> <span class='ocrx_word' id='word_1_273' title='bbox 1503 1340 1693 1380; x_wconf 77' lang='lat' dir='ltr'><strong>antequam</strong></span> 
     </span>
     <span class='ocr_line' id='line_1_23' title="bbox 195 1377 1687 1424; baseline 0.003 -12"><span class='ocrx_word' id='word_1_274' title='bbox 195 1379 419 1424; x_wconf 86' lang='lat' dir='ltr'><strong>pronuntiet.</strong></span> <span class='ocrx_word' id='word_1_275' title='bbox 444 1391 546 1414; x_wconf 89' lang='lat' dir='ltr'><strong>reum</strong></span> <span class='ocrx_word' id='word_1_276' title='bbox 574 1381 695 1414; x_wconf 83' lang='lat' dir='ltr'><strong>facere</strong></span> <span class='ocrx_word' id='word_1_277' title='bbox 718 1379 764 1422; x_wconf 82' lang='lat'><strong>4,</strong></span> <span class='ocrx_word' id='word_1_278' title='bbox 792 1382 832 1422; x_wconf 88' lang='lat'><strong>1,</strong></span> <span class='ocrx_word' id='word_1_279' title='bbox 857 1377 915 1413; x_wconf 67' lang='lat'><strong>22.⁴</strong></span> <span class='ocrx_word' id='word_1_280' title='bbox 940 1390 988 1412; x_wconf 84' lang='lat' dir='ltr'><strong>ex</strong></span> <span class='ocrx_word' id='word_1_281' title='bbox 1013 1380 1162 1423; x_wconf 86' lang='lat' dir='ltr'><strong>epistola</strong></span> <span class='ocrx_word' id='word_1_282' title='bbox 1184 1391 1286 1414; x_wconf 88' lang='lat' dir='ltr'><strong>reum</strong></span> <span class='ocrx_word' id='word_1_283' title='bbox 1308 1380 1442 1414; x_wconf 77' lang='lat' dir='ltr'><strong>sactum</strong></span> <span class='ocrx_word' id='word_1_284' title='bbox 1466 1382 1509 1423; x_wconf 87' lang='lat'><strong>5,</strong></span> <span class='ocrx_word' id='word_1_285' title='bbox 1535 1383 1603 1424; x_wconf 88' lang='lat'><strong>13,</strong></span> <span class='ocrx_word' id='word_1_286' title='bbox 1627 1378 1687 1416; x_wconf 83' lang='grc'><strong>20.</strong></span> 
     </span>
     <span class='ocr_line' id='line_1_24' title="bbox 195 1424 1689 1470; baseline 0.002 -12"><span class='ocrx_word' id='word_1_287' title='bbox 195 1437 225 1459; x_wconf 82' lang='grc' dir='ltr'><strong>ι·.</strong></span> <span class='ocrx_word' id='word_1_288' title='bbox 250 1425 339 1459; x_wconf 87' lang='lat' dir='ltr'><strong>facit</strong></span> <span class='ocrx_word' id='word_1_289' title='bbox 364 1425 510 1459; x_wconf 77' lang='lat' dir='ltr'><strong>Ulixem</strong></span> <span class='ocrx_word' id='word_1_290' title='bbox 538 1425 658 1468; x_wconf 77' lang='lat' dir='ltr'><strong>Aiacis</strong></span> <span class='ocrx_word' id='word_1_291' title='bbox 686 1425 798 1459; x_wconf 86' lang='lat' dir='ltr'><strong>occisi</strong></span> <span class='ocrx_word' id='word_1_292' title='bbox 819 1424 856 1468; x_wconf 86' lang='grc'><strong>4,</strong></span> <span class='ocrx_word' id='word_1_293' title='bbox 879 1428 914 1464; x_wconf 88' lang='grc'><strong>2,</strong></span> <span class='ocrx_word' id='word_1_294' title='bbox 941 1427 996 1459; x_wconf 90' lang='grc'><strong>13.</strong></span> <span class='ocrx_word' id='word_1_295' title='bbox 1023 1426 1084 1470; x_wconf 88' lang='lat' dir='ltr'><strong>qui</strong></span> <span class='ocrx_word' id='word_1_296' title='bbox 1110 1425 1285 1470; x_wconf 87' lang='lat' dir='ltr'><strong>Cynicum</strong></span> <span class='ocrx_word' id='word_1_297' title='bbox 1307 1436 1367 1470; x_wconf 81' lang='lat' dir='ltr'><strong>ap.</strong></span> <span class='ocrx_word' id='word_1_298' title='bbox 1393 1436 1564 1461; x_wconf 81' lang='lat' dir='ltr'><strong>censores</strong></span> <span class='ocrx_word' id='word_1_299' title='bbox 1585 1438 1689 1462; x_wconf 89' lang='lat' dir='ltr'><strong>reum</strong></span> 
     </span>
     <span class='ocr_line' id='line_1_25' title="bbox 196 1470 1688 1517; baseline 0.002 -13"><span class='ocrx_word' id='word_1_300' title='bbox 196 1473 246 1505; x_wconf 90' lang='lat' dir='ltr'><strong>de</strong></span> <span class='ocrx_word' id='word_1_301' title='bbox 269 1471 426 1506; x_wconf 87' lang='lat' dir='ltr'><strong>moribus</strong></span> <span class='ocrx_word' id='word_1_302' title='bbox 448 1471 537 1505; x_wconf 81' lang='lat' dir='ltr'><strong>facit</strong></span> <span class='ocrx_word' id='word_1_303' title='bbox 558 1472 601 1514; x_wconf 97' lang='lat'><strong>4,</strong></span> <span class='ocrx_word' id='word_1_304' title='bbox 630 1474 672 1514; x_wconf 91' lang='grc'><strong>2,</strong></span> <span class='ocrx_word' id='word_1_305' title='bbox 697 1474 753 1505; x_wconf 84' lang='grc'><strong>30.</strong></span> <span class='ocrx_word' id='word_1_306' title='bbox 782 1470 827 1512; x_wconf 85' lang='lat' dir='ltr'><strong>cs.</strong></span> <span class='ocrx_word' id='word_1_307' title='bbox 850 1474 886 1514; x_wconf 90' lang='lat'><strong>7,</strong></span> <span class='ocrx_word' id='word_1_308' title='bbox 911 1473 953 1513; x_wconf 91' lang='grc'><strong>2,</strong></span> <span class='ocrx_word' id='word_1_309' title='bbox 980 1473 1038 1505; x_wconf 85' lang='grc'><strong>23.</strong></span> <span class='ocrx_word' id='word_1_310' title='bbox 1085 1471 1146 1506; x_wconf 87' lang='lat' dir='ltr'><strong>An</strong></span> <span class='ocrx_word' id='word_1_311' title='bbox 1169 1472 1357 1517; x_wconf 78' lang='lat' dir='ltr'><strong>quisquam</strong></span> <span class='ocrx_word' id='word_1_312' title='bbox 1379 1472 1499 1506; x_wconf 82' lang='lat' dir='ltr'><strong>tulerit</strong></span> <span class='ocrx_word' id='word_1_313' title='bbox 1521 1484 1624 1507; x_wconf 87' lang='lat' dir='ltr'><strong>reum</strong></span> <span class='ocrx_word' id='word_1_314' title='bbox 1648 1473 1688 1508; x_wconf 85' lang='lat' dir='ltr'><strong>in</strong></span> 
     </span>
     <span class='ocr_line' id='line_1_26' title="bbox 196 1517 1688 1562; baseline 0.001 -11"><span class='ocrx_word' id='word_1_315' title='bbox 196 1517 400 1552; x_wconf 85' lang='lat' dir='ltr'><strong>discrimine</strong></span> <span class='ocrx_word' id='word_1_316' title='bbox 423 1517 548 1562; x_wconf 89' lang='lat' dir='ltr'><strong>capitis</strong></span> <span class='ocrx_word' id='word_1_317' title='bbox 571 1537 618 1543; x_wconf 92' lang='lat'>—</span> <span class='ocrx_word' id='word_1_318' title='bbox 644 1517 825 1562; x_wconf 83' lang='lat' dir='ltr'><strong>frequenti</strong></span> <span class='ocrx_word' id='word_1_319' title='bbox 846 1517 1099 1561; x_wconf 77' lang='lat' dir='ltr'><strong>translatione,</strong></span> <span class='ocrx_word' id='word_1_320' title='bbox 1123 1517 1214 1552; x_wconf 87' lang='lat' dir='ltr'><strong>fictis</strong></span> <span class='ocrx_word' id='word_1_321' title='bbox 1237 1524 1298 1552; x_wconf 86' lang='lat' dir='ltr'><strong>aut</strong></span> <span class='ocrx_word' id='word_1_322' title='bbox 1321 1518 1482 1562; x_wconf 86' lang='lat' dir='ltr'><strong>repetitis</strong></span> <span class='ocrx_word' id='word_1_323' title='bbox 1507 1529 1557 1553; x_wconf 76' lang='lat' dir='ltr'><strong>ex</strong></span> <span class='ocrx_word' id='word_1_324' title='bbox 1579 1525 1688 1554; x_wconf 82' lang='lat' dir='ltr'><strong>vetu-</strong></span> 
     </span>
     <span class='ocr_line' id='line_1_27' title="bbox 195 1562 1688 1606; baseline 0.002 -9"><span class='ocrx_word' id='word_1_325' title='bbox 195 1569 285 1598; x_wconf 83' lang='lat' dir='ltr'><strong>state</strong></span> <span class='ocrx_word' id='word_1_326' title='bbox 315 1563 436 1597; x_wconf 84' lang='lat' dir='ltr'><strong>verbis</strong></span> <span class='ocrx_word' id='word_1_327' title='bbox 471 1571 532 1597; x_wconf 73' lang='lat' dir='ltr'><strong>etc.</strong></span> <span class='ocrx_word' id='word_1_328' title='bbox 567 1563 745 1598; x_wconf 89' lang='lat' dir='ltr'><strong>dicentem</strong></span> <span class='ocrx_word' id='word_1_329' title='bbox 774 1565 840 1606; x_wconf 91' lang='lat'><strong>11,</strong></span> <span class='ocrx_word' id='word_1_330' title='bbox 869 1565 910 1604; x_wconf 93' lang='lat'><strong>1,</strong></span> <span class='ocrx_word' id='word_1_331' title='bbox 933 1562 990 1598; x_wconf 88' lang='lat'><strong>49.</strong></span> <span class='ocrx_word' id='word_1_332' title='bbox 1023 1563 1199 1598; x_wconf 85' lang='lat' dir='ltr'><strong>innocens</strong></span> <span class='ocrx_word' id='word_1_333' title='bbox 1225 1575 1256 1598; x_wconf 88' lang='lat' dir='ltr'><strong>r.</strong></span> <span class='ocrx_word' id='word_1_334' title='bbox 1281 1564 1403 1598; x_wconf 85' lang='lat' dir='ltr'><strong>multis</strong></span> <span class='ocrx_word' id='word_1_335' title='bbox 1433 1563 1688 1605; x_wconf 72' lang='lat' dir='ltr'><strong>verisimilibus</strong></span> 
     </span>
     <span class='ocr_line' id='line_1_28' title="bbox 193 1606 1687 1656; baseline 0.002 -12"><span class='ocrx_word' id='word_1_336' title='bbox 193 1609 366 1654; x_wconf 83' lang='lat' dir='ltr'><strong>premitur</strong></span> <span class='ocrx_word' id='word_1_337' title='bbox 383 1612 438 1652; x_wconf 89' lang='grc'><strong>12,</strong></span> <span class='ocrx_word' id='word_1_338' title='bbox 465 1612 497 1652; x_wconf 89' lang='grc'><strong>1,</strong></span> <span class='ocrx_word' id='word_1_339' title='bbox 521 1609 579 1644; x_wconf 80' lang='lat'><strong>45.</strong></span> <span class='ocrx_word' id='word_1_340' title='bbox 628 1606 666 1652; x_wconf 82' lang='grc' dir='ltr'><strong>δ)</strong></span> <span class='ocrx_word' id='word_1_341' title='bbox 689 1611 824 1643; x_wconf 80' lang='lat' dir='ltr'><strong>Ablat..·</strong></span> <span class='ocrx_word' id='word_1_342' title='bbox 859 1609 904 1642; x_wconf 89' lang='lat' dir='ltr'><strong>de</strong></span> <span class='ocrx_word' id='word_1_343' title='bbox 930 1619 1004 1642; x_wconf 90' lang='lat' dir='ltr'><strong>uno</strong></span> <span class='ocrx_word' id='word_1_344' title='bbox 1029 1620 1060 1642; x_wconf 87' lang='lat' dir='ltr'><strong>r.</strong></span> <span class='ocrx_word' id='word_1_345' title='bbox 1085 1609 1274 1643; x_wconf 86' lang='lat' dir='ltr'><strong>consilium</strong></span> <span class='ocrx_word' id='word_1_346' title='bbox 1297 1609 1441 1656; x_wconf 81' lang='lat' dir='ltr'><strong>cogitur</strong></span> <span class='ocrx_word' id='word_1_347' title='bbox 1462 1609 1571 1645; x_wconf 77' lang='lat' dir='ltr'><strong>etim</strong></span> <span class='ocrx_word' id='word_1_348' title='bbox 1589 1614 1626 1655; x_wconf 77' lang='lat'><strong>⁷,</strong></span> <span class='ocrx_word' id='word_1_349' title='bbox 1649 1614 1687 1655; x_wconf 88' lang='grc'><strong>2,</strong></span> 
     </span>
     <span class='ocr_line' id='line_1_29' title="bbox 195 1654 1687 1701; baseline 0.002 -12"><span class='ocrx_word' id='word_1_350' title='bbox 195 1657 251 1691; x_wconf 88' lang='grc'><strong>19.</strong></span> <span class='ocrx_word' id='word_1_351' title='bbox 298 1657 356 1690; x_wconf 89' lang='lat' dir='ltr'><strong>De</strong></span> <span class='ocrx_word' id='word_1_352' title='bbox 382 1655 751 1690; x_wconf 86' lang='lat' dir='ltr'><strong>accusatoribus</strong></span> <span class='ocrx_word' id='word_1_353' title='bbox 779 1661 815 1689; x_wconf 89' lang='lat' dir='ltr'><strong>et</strong></span> <span class='ocrx_word' id='word_1_354' title='bbox 839 1654 938 1689; x_wconf 87' lang='lat' dir='ltr'><strong>reis</strong></span> <span class='ocrx_word' id='word_1_355' title='bbox 961 1666 1040 1688; x_wconf 84' lang='lat' dir='ltr'><strong>sum</strong></span> <span class='ocrx_word' id='word_1_356' title='bbox 1065 1656 1229 1699; x_wconf 86' lang='lat' dir='ltr'><strong>locutus,</strong></span> <span class='ocrx_word' id='word_1_357' title='bbox 1253 1655 1336 1701; x_wconf 84' lang='lat' dir='ltr'><strong>quia</strong></span> <span class='ocrx_word' id='word_1_358' title='bbox 1355 1657 1394 1690; x_wconf 87' lang='lat' dir='ltr'><strong>in</strong></span> <span class='ocrx_word' id='word_1_359' title='bbox 1415 1655 1586 1700; x_wconf 83' lang='lat' dir='ltr'><strong>periculis</strong></span> <span class='ocrx_word' id='word_1_360' title='bbox 1606 1668 1687 1692; x_wconf 80' lang='lat' dir='ltr'><strong>ma-</strong></span> 
     </span>
     <span class='ocr_line' id='line_1_30' title="bbox 193 1699 1686 1748; baseline 0.002 -13"><span class='ocrx_word' id='word_1_361' title='bbox 193 1701 294 1735; x_wconf 83' lang='lat' dir='ltr'><strong>xime</strong></span> <span class='ocrx_word' id='word_1_362' title='bbox 326 1707 493 1737; x_wconf 81' lang='lat' dir='ltr'><strong>versatur</strong></span> <span class='ocrx_word' id='word_1_363' title='bbox 528 1702 688 1735; x_wconf 84' lang='lat' dir='ltr'><strong>affectus.</strong></span> <span class='ocrx_word' id='word_1_364' title='bbox 754 1701 828 1735; x_wconf 88' lang='lat' dir='ltr'><strong>Sed</strong></span> <span class='ocrx_word' id='word_1_365' title='bbox 858 1701 1089 1745; x_wconf 83' lang='lat' dir='ltr'><strong>privatae·</strong></span> <span class='ocrx_word' id='word_1_366' title='bbox 1112 1699 1254 1747; x_wconf 79' lang='lat' dir='ltr'><strong>quoque</strong></span> <span class='ocrx_word' id='word_1_367' title='bbox 1289 1713 1466 1736; x_wconf 79' lang='lat' dir='ltr'><strong>causae</strong></span> <span class='ocrx_word' id='word_1_368' title='bbox 1495 1707 1686 1748; x_wconf 76' lang='lat' dir='ltr'><strong>utrumque</strong></span> 
     </span>
     <span class='ocr_line' id='line_1_31' title="bbox 192 1747 1686 1794; baseline 0.001 -13"><span class='ocrx_word' id='word_1_369' title='bbox 192 1748 326 1782; x_wconf 86' lang='lat' dir='ltr'><strong>habent</strong></span> <span class='ocrx_word' id='word_1_370' title='bbox 348 1747 585 1792; x_wconf 81' lang='lat' dir='ltr'><strong>perorationis</strong></span> <span class='ocrx_word' id='word_1_371' title='bbox 609 1758 720 1794; x_wconf 85' lang='lat' dir='ltr'><strong>genus</strong></span> <span class='ocrx_word' id='word_1_372' title='bbox 745 1749 786 1789; x_wconf 91' lang='lat'><strong>6,</strong></span> <span class='ocrx_word' id='word_1_373' title='bbox 812 1750 856 1790; x_wconf 89' lang='lat'><strong>1,</strong></span> <span class='ocrx_word' id='word_1_374' title='bbox 880 1747 937 1781; x_wconf 87' lang='grc'><strong>36.</strong></span> <span class='ocrx_word' id='word_1_375' title='bbox 965 1758 1047 1781; x_wconf 87' lang='lat' dir='ltr'><strong>cum</strong></span> <span class='ocrx_word' id='word_1_376' title='bbox 1070 1758 1160 1783; x_wconf 84' lang='lat' dir='ltr'><strong>vero</strong></span> <span class='ocrx_word' id='word_1_377' title='bbox 1184 1749 1229 1782; x_wconf 91' lang='lat' dir='ltr'><strong>de</strong></span> <span class='ocrx_word' id='word_1_378' title='bbox 1251 1757 1331 1782; x_wconf 87' lang='lat' dir='ltr'><strong>reo</strong></span> <span class='ocrx_word' id='word_1_379' title='bbox 1355 1749 1460 1791; x_wconf 77' lang='lat' dir='ltr'><strong>(opit.</strong></span> <span class='ocrx_word' id='word_1_380' title='bbox 1490 1749 1596 1783; x_wconf 75' lang='lat' dir='ltr'><strong>Gadd-</strong></span> <span class='ocrx_word' id='word_1_381' title='bbox 1620 1748 1686 1791; x_wconf 86' lang='lat' dir='ltr'><strong>re)</strong></span> 
     </span>
     <span class='ocr_line' id='line_1_32' title="bbox 192 1788 1694 1840; baseline 0.001 -12"><span class='ocrx_word' id='word_1_382' title='bbox 192 1800 229 1828; x_wconf 91' lang='lat' dir='ltr'><strong>et</strong></span> <span class='ocrx_word' id='word_1_383' title='bbox 259 1794 303 1828; x_wconf 90' lang='lat' dir='ltr'><strong>de</strong></span> <span class='ocrx_word' id='word_1_384' title='bbox 330 1795 468 1828; x_wconf 83' lang='lat' dir='ltr'><strong>facto</strong></span> <span class='ocrx_word' id='word_1_385' title='bbox 497 1795 678 1838; x_wconf 81' lang='lat' dir='ltr'><strong>quaeritur</strong></span> <span class='ocrx_word' id='word_1_386' title='bbox 699 1797 740 1835; x_wconf 90' lang='lat'><strong>7,</strong></span> <span class='ocrx_word' id='word_1_387' title='bbox 763 1796 806 1836; x_wconf 94' lang='grc'><strong>2,</strong></span> <span class='ocrx_word' id='word_1_388' title='bbox 832 1794 886 1828; x_wconf 90' lang='grc'><strong>15.</strong></span> <span class='ocrx_word' id='word_1_389' title='bbox 915 1793 1102 1827; x_wconf 85' lang='lat' dir='ltr'><strong>criminum</strong></span> <span class='ocrx_word' id='word_1_390' title='bbox 1121 1793 1258 1829; x_wconf 73' lang='lat' dir='ltr'><strong>invidia</strong></span> <span class='ocrx_word' id='word_1_391' title='bbox 1281 1803 1347 1837; x_wconf 87' lang='lat' dir='ltr'><strong>pro</strong></span> <span class='ocrx_word' id='word_1_392' title='bbox 1372 1803 1437 1828; x_wconf 89' lang='lat' dir='ltr'><strong>reo</strong></span> <span class='ocrx_word' id='word_1_393' title='bbox 1466 1799 1540 1837; x_wconf 79' lang='lat' dir='ltr'><strong>est,</strong></span> <span class='ocrx_word' id='word_1_394' title='bbox 1566 1788 1694 1840; x_wconf 65' lang='lat' dir='ltr'><strong>prius-5</strong></span> 
     </span>
     <span class='ocr_line' id='line_1_33' title="bbox 192 1838 1685 1885; baseline 0.001 -12"><span class='ocrx_word' id='word_1_395' title='bbox 192 1851 297 1885; x_wconf 85' lang='lat' dir='ltr'><strong>quam</strong></span> <span class='ocrx_word' id='word_1_396' title='bbox 320 1839 530 1884; x_wconf 85' lang='lat' dir='ltr'><strong>probabitur</strong></span> <span class='ocrx_word' id='word_1_397' title='bbox 550 1839 594 1882; x_wconf 84' lang='lat'><strong>4,</strong></span> <span class='ocrx_word' id='word_1_398' title='bbox 620 1843 663 1882; x_wconf 84' lang='lat'><strong>3,</strong></span> <span class='ocrx_word' id='word_1_399' title='bbox 691 1841 714 1874; x_wconf 89' lang='grc'><strong>6</strong></span> <span class='ocrx_word' id='word_1_400' title='bbox 738 1843 781 1874; x_wconf 94' lang='grc' dir='ltr'><strong>Ζ.</strong></span> <span class='ocrx_word' id='word_1_401' title='bbox 804 1850 927 1883; x_wconf 84' lang='lat' dir='ltr'><strong>reum,</strong></span> <span class='ocrx_word' id='word_1_402' title='bbox 950 1849 1017 1883; x_wconf 89' lang='lat' dir='ltr'><strong>pro</strong></span> <span class='ocrx_word' id='word_1_403' title='bbox 1042 1849 1114 1885; x_wconf 81' lang='lat' dir='ltr'><strong>quo</strong></span> <span class='ocrx_word' id='word_1_404' title='bbox 1135 1841 1302 1884; x_wconf 80' lang='lat' dir='ltr'><strong>loquatur</strong></span> <span class='ocrx_word' id='word_1_405' title='bbox 1327 1842 1392 1884; x_wconf 90' lang='lat'><strong>12,</strong></span> <span class='ocrx_word' id='word_1_406' title='bbox 1417 1842 1474 1882; x_wconf 80' lang='lat'><strong>2„</strong></span> <span class='ocrx_word' id='word_1_407' title='bbox 1489 1838 1555 1882; x_wconf 79' lang='lat'><strong>243</strong></span> <span class='ocrx_word' id='word_1_408' title='bbox 1577 1847 1579 1849; x_wconf 84' lang='grc'><strong>’</strong></span> <span class='ocrx_word' id='word_1_409' title='bbox 1603 1843 1685 1875; x_wconf 73' lang='grc' dir='ltr'><strong>ΛΜ.</strong></span> 
     </span>
     <span class='ocr_line' id='line_1_34' title="bbox 192 1885 1683 1930; baseline 0.001 -10"><span class='ocrx_word' id='word_1_410' title='bbox 192 1888 318 1920; x_wconf 77' lang='grc' dir='ltr'><strong>αόεοῑ..·</strong></span> <span class='ocrx_word' id='word_1_411' title='bbox 364 1886 538 1920; x_wconf 88' lang='lat' dir='ltr'><strong>Pollionis</strong></span> <span class='ocrx_word' id='word_1_412' title='bbox 574 1892 610 1920; x_wconf 89' lang='lat' dir='ltr'><strong>et</strong></span> <span class='ocrx_word' id='word_1_413' title='bbox 643 1885 757 1920; x_wconf 90' lang='lat' dir='ltr'><strong>Cassii</strong></span> <span class='ocrx_word' id='word_1_414' title='bbox 791 1885 903 1929; x_wconf 84' lang='lat' dir='ltr'><strong>actio,</strong></span> <span class='ocrx_word' id='word_1_415' title='bbox 947 1895 1031 1920; x_wconf 90' lang='lat' dir='ltr'><strong>reo</strong></span> <span class='ocrx_word' id='word_1_416' title='bbox 1071 1885 1343 1930; x_wconf 80' lang='lat' dir='ltr'><strong>Asprenate</strong></span> <span class='ocrx_word' id='word_1_417' title='bbox 1366 1887 1498 1930; x_wconf 89' lang='grc'><strong>10,·1,</strong></span> <span class='ocrx_word' id='word_1_418' title='bbox 1519 1888 1580 1920; x_wconf 84' lang='grc'><strong>22.</strong></span> <span class='ocrx_word' id='word_1_419' title='bbox 1611 1896 1683 1922; x_wconf 75' lang='lat' dir='ltr'><strong>‘mo</strong></span> 
     </span>
     <span class='ocr_line' id='line_1_35' title="bbox 192 1930 1527 1975; baseline -0.001 -9"><span class='ocrx_word' id='word_1_420' title='bbox 192 1932 328 1966; x_wconf 87' lang='lat' dir='ltr'><strong>Scauro</strong></span> <span class='ocrx_word' id='word_1_421' title='bbox 352 1935 474 1966; x_wconf 80' lang='lat' dir='ltr'><strong>Asin.</strong></span> <span class='ocrx_word' id='word_1_422' title='bbox 499 1935 608 1966; x_wconf 84' lang='lat' dir='ltr'><em>Poll.</em></span> <span class='ocrx_word' id='word_1_423' title='bbox 634 1933 675 1975; x_wconf 89' lang='grc'><strong>9,</strong></span> <span class='ocrx_word' id='word_1_424' title='bbox 699 1935 741 1975; x_wconf 82' lang='lat'><strong>2,</strong></span> <span class='ocrx_word' id='word_1_425' title='bbox 766 1930 824 1965; x_wconf 80' lang='grc'><strong>24.</strong></span> <span class='ocrx_word' id='word_1_426' title='bbox 1522 1942 1527 1946; x_wconf 85' lang='grc'><em>“</em></span> 
     </span>
    </p>
   </div>
   <div class='ocr_carea' id='block_1_5' title="bbox 143 1987 1682 2229">
    <p class='ocr_par' dir='ltr' id='par_1_5' title="bbox 143 1987 1682 2229">
     <span class='ocr_line' id='line_1_36' title="bbox 143 1987 1682 2044; baseline 0.001 -11"><span class='ocrx_word' id='word_1_427' title='bbox 143 1987 414 2029; x_wconf 66' lang='lat' dir='ltr'><strong>Reverentia·</strong></span> <span class='ocrx_word' id='word_1_428' title='bbox 456 2001 571 2034; x_wconf 86' lang='lat' dir='ltr'><strong>obstat</strong></span> <span class='ocrx_word' id='word_1_429' title='bbox 596 1999 700 2034; x_wconf 89' lang='lat' dir='ltr'><strong>nobis</strong></span> <span class='ocrx_word' id='word_1_430' title='bbox 728 2010 904 2044; x_wconf 87' lang='lat' dir='ltr'><strong>personae</strong></span> <span class='ocrx_word' id='word_1_431' title='bbox 927 2010 1007 2035; x_wconf 85' lang='lat' dir='ltr'><strong>rev.</strong></span> <span class='ocrx_word' id='word_1_432' title='bbox 1031 1999 1075 2044; x_wconf 88' lang='lat'><strong>9,</strong></span> <span class='ocrx_word' id='word_1_433' title='bbox 1098 2001 1141 2042; x_wconf 86' lang='lat'><strong>2,</strong></span> <span class='ocrx_word' id='word_1_434' title='bbox 1164 1998 1222 2034; x_wconf 90' lang='grc'><strong>76.</strong></span> <span class='ocrx_word' id='word_1_435' title='bbox 1257 2009 1303 2033; x_wconf 87' lang='lat' dir='ltr'><strong>ne</strong></span> <span class='ocrx_word' id='word_1_436' title='bbox 1327 1998 1602 2042; x_wconf 76' lang='lat' dir='ltr'><strong>oblivisceretur</strong></span> <span class='ocrx_word' id='word_1_437' title='bbox 1622 2010 1682 2042; x_wconf 72' lang='lat' dir='ltr'><strong>re-</strong></span> 
     </span>
     <span class='ocr_line' id='line_1_37' title="bbox 189 2045 1678 2093; baseline 0 -13"><span class='ocrx_word' id='word_1_438' title='bbox 189 2045 375 2080; x_wconf 85' lang='lat' dir='ltr'><strong>verentiae</strong></span> <span class='ocrx_word' id='word_1_439' title='bbox 402 2048 458 2090; x_wconf 87' lang='lat'><strong>11,</strong></span> <span class='ocrx_word' id='word_1_440' title='bbox 485 2050 517 2090; x_wconf 87' lang='lat'><strong>1,</strong></span> <span class='ocrx_word' id='word_1_441' title='bbox 548 2047 604 2080; x_wconf 88' lang='grc'><strong>62.</strong></span> <span class='ocrx_word' id='word_1_442' title='bbox 636 2046 749 2093; x_wconf 82' lang='lat' dir='ltr'><strong>magis</strong></span> <span class='ocrx_word' id='word_1_443' title='bbox 776 2052 836 2080; x_wconf 87' lang='lat' dir='ltr'><strong>aut</strong></span> <span class='ocrx_word' id='word_1_444' title='bbox 857 2046 988 2089; x_wconf 85' lang='lat' dir='ltr'><strong>minus,</strong></span> <span class='ocrx_word' id='word_1_445' title='bbox 1013 2051 1053 2080; x_wconf 89' lang='lat' dir='ltr'><strong>ut</strong></span> <span class='ocrx_word' id='word_1_446' title='bbox 1076 2045 1206 2090; x_wconf 79' lang='lat' dir='ltr'><strong>cuique</strong></span> <span class='ocrx_word' id='word_1_447' title='bbox 1228 2055 1405 2088; x_wconf 86' lang='lat' dir='ltr'><strong>personae</strong></span> <span class='ocrx_word' id='word_1_448' title='bbox 1428 2046 1578 2080; x_wconf 83' lang='lat' dir='ltr'><strong>debetur</strong></span> <span class='ocrx_word' id='word_1_449' title='bbox 1599 2057 1678 2082; x_wconf 79' lang='lat' dir='ltr'><strong>rev.</strong></span> 
     </span>
     <span class='ocr_line' id='line_1_38' title="bbox 187 2089 1680 2138; baseline 0.001 -14"><span class='ocrx_word' id='word_1_450' title='bbox 187 2094 230 2126; x_wconf 83' lang='lat' dir='ltr'><strong>ib.</strong></span> <span class='ocrx_word' id='word_1_451' title='bbox 254 2093 309 2126; x_wconf 90' lang='grc'><strong>66.</strong></span> <span class='ocrx_word' id='word_1_452' title='bbox 339 2091 383 2132; x_wconf 91' lang='lat' dir='ltr'><strong>cs.</strong></span> <span class='ocrx_word' id='word_1_453' title='bbox 408 2092 452 2135; x_wconf 90' lang='grc'><strong>6,</strong></span> <span class='ocrx_word' id='word_1_454' title='bbox 479 2095 521 2135; x_wconf 96' lang='grc'><strong>1,</strong></span> <span class='ocrx_word' id='word_1_455' title='bbox 547 2093 604 2127; x_wconf 89' lang='grc'><strong>50.</strong></span> <span class='ocrx_word' id='word_1_456' title='bbox 629 2093 741 2136; x_wconf 82' lang='lat' dir='ltr'><strong>judex</strong></span> <span class='ocrx_word' id='word_1_457' title='bbox 765 2092 892 2126; x_wconf 85' lang='lat' dir='ltr'><strong>tacitus</strong></span> <span class='ocrx_word' id='word_1_458' title='bbox 917 2090 1155 2127; x_wconf 84' lang='lat' dir='ltr'><strong>reverentiam</strong></span> <span class='ocrx_word' id='word_1_459' title='bbox 1179 2092 1337 2135; x_wconf 81' lang='lat' dir='ltr'><strong>postulat</strong></span> <span class='ocrx_word' id='word_1_460' title='bbox 1362 2090 1398 2135; x_wconf 83' lang='lat'><strong>4,</strong></span> <span class='ocrx_word' id='word_1_461' title='bbox 1424 2094 1457 2135; x_wconf 93' lang='lat'><strong>1,</strong></span> <span class='ocrx_word' id='word_1_462' title='bbox 1481 2092 1538 2126; x_wconf 84' lang='lat'><strong>55.</strong></span> <span class='ocrx_word' id='word_1_463' title='bbox 1565 2089 1680 2138; x_wconf 83' lang='lat' dir='ltr'><strong>jud&#39;ex</strong></span> 
     </span>
     <span class='ocr_line' id='line_1_39' title="bbox 185 2137 1680 2182; baseline 0.001 -12"><span class='ocrx_word' id='word_1_464' title='bbox 185 2149 311 2181; x_wconf 86' lang='lat' dir='ltr'><strong>parum</strong></span> <span class='ocrx_word' id='word_1_465' title='bbox 343 2137 411 2171; x_wconf 86' lang='lat' dir='ltr'><strong>sibi</strong></span> <span class='ocrx_word' id='word_1_466' title='bbox 444 2137 616 2182; x_wconf 81' lang='lat' dir='ltr'><strong>praestari</strong></span> <span class='ocrx_word' id='word_1_467' title='bbox 648 2138 876 2174; x_wconf 83' lang='lat' dir='ltr'><strong>reverentiae</strong></span> <span class='ocrx_word' id='word_1_468' title='bbox 909 2138 1021 2172; x_wconf 85' lang='lat' dir='ltr'><strong>credit</strong></span> <span class='ocrx_word' id='word_1_469' title='bbox 1044 2140 1111 2180; x_wconf 89' lang='lat'><strong>11,</strong></span> <span class='ocrx_word' id='word_1_470' title='bbox 1139 2138 1181 2179; x_wconf 95' lang='lat'><strong>3,</strong></span> <span class='ocrx_word' id='word_1_471' title='bbox 1211 2139 1289 2173; x_wconf 88' lang='grc'><strong>133.</strong></span> <span class='ocrx_word' id='word_1_472' title='bbox 1318 2137 1426 2171; x_wconf 86' lang='lat' dir='ltr'><strong>animi</strong></span> <span class='ocrx_word' id='word_1_473' title='bbox 1452 2137 1680 2181; x_wconf 71' lang='lat' dir='ltr'><strong>praestantia,</strong></span> 
     </span>
     <span class='ocr_line' id='line_1_40' title="bbox 187 2182 1678 2229; baseline 0.001 -13"><span class='ocrx_word' id='word_1_474' title='bbox 187 2195 292 2229; x_wconf 86' lang='lat' dir='ltr'><strong>quam</strong></span> <span class='ocrx_word' id='word_1_475' title='bbox 316 2203 362 2210; x_wconf 92' lang='lat'><strong>-—-</strong></span> <span class='ocrx_word' id='word_1_476' title='bbox 389 2195 457 2218; x_wconf 90' lang='lat' dir='ltr'><strong>nec</strong></span> <span class='ocrx_word' id='word_1_477' title='bbox 490 2184 708 2219; x_wconf 86' lang='lat' dir='ltr'><strong>audientium</strong></span> <span class='ocrx_word' id='word_1_478' title='bbox 736 2184 928 2218; x_wconf 85' lang='lat' dir='ltr'><strong>auctoritas</strong></span> <span class='ocrx_word' id='word_1_479' title='bbox 951 2185 1043 2217; x_wconf 81' lang='lat' dir='ltr'><strong>ultra</strong></span> <span class='ocrx_word' id='word_1_480' title='bbox 1061 2182 1224 2226; x_wconf 73' lang='lat' dir='ltr'><strong>=debitam</strong></span> <span class='ocrx_word' id='word_1_481' title='bbox 1245 2194 1324 2220; x_wconf 76' lang='lat' dir='ltr'><strong>rev.</strong></span> <span class='ocrx_word' id='word_1_482' title='bbox 1349 2184 1466 2218; x_wconf 77' lang='lat' dir='ltr'><strong>tardet</strong></span> <span class='ocrx_word' id='word_1_483' title='bbox 1489 2186 1555 2228; x_wconf 87' lang='lat'><strong>12,</strong></span> <span class='ocrx_word' id='word_1_484' title='bbox 1580 2185 1619 2227; x_wconf 88' lang='grc'><strong>5,</strong></span> <span class='ocrx_word' id='word_1_485' title='bbox 1642 2186 1678 2217; x_wconf 87' lang='grc'><strong>1.</strong></span> 
     </span>
    </p>
   </div>
   <div class='ocr_carea' id='block_1_6' title="bbox 143 2229 1112 2344">
    <p class='ocr_par' dir='ltr' id='par_1_6' title="bbox 143 2229 1112 2344">
     <span class='ocr_line' id='line_1_41' title="bbox 184 2229 1001 2274; baseline 0.001 -11"><span class='ocrx_word' id='word_1_486' title='bbox 184 2229 388 2264; x_wconf 67' lang='lat' dir='ltr'><strong>reverentia</strong></span> <span class='ocrx_word' id='word_1_487' title='bbox 413 2230 572 2274; x_wconf 87' lang='lat' dir='ltr'><strong>judicum</strong></span> <span class='ocrx_word' id='word_1_488' title='bbox 597 2230 775 2265; x_wconf 85' lang='lat' dir='ltr'><strong>contineri</strong></span> <span class='ocrx_word' id='word_1_489' title='bbox 801 2234 857 2273; x_wconf 88' lang='lat'><strong>11,</strong></span> <span class='ocrx_word' id='word_1_490' title='bbox 885 2234 918 2273; x_wconf 92' lang='lat'><strong>1,</strong></span> <span class='ocrx_word' id='word_1_491' title='bbox 943 2231 1001 2265; x_wconf 79' lang='lat'><strong>29.</strong></span> 
     </span>
     <span class='ocr_line' id='line_1_42' title="bbox 143 2283 1112 2344; baseline 0.007 -19"><span class='ocrx_word' id='word_1_492' title='bbox 143 2283 355 2326; x_wconf 68' lang='lat' dir='ltr'><strong>SOVGI&#39;SiO·</strong></span> <span class='ocrx_word' id='word_1_493' title='bbox 404 2293 638 2344; x_wconf 57' lang='grc' dir='ltr'><strong>ἀναστροφὴ,</strong></span> <span class='ocrx_word' id='word_1_494' title='bbox 662 2311 741 2335; x_wconf 80' lang='lat' dir='ltr'><strong>rev.</strong></span> <span class='ocrx_word' id='word_1_495' title='bbox 768 2299 892 2344; x_wconf 83' lang='lat' dir='ltr'><strong>quaed·</strong></span> <span class='ocrx_word' id='word_1_496' title='bbox 917 2300 961 2342; x_wconf 82' lang='lat'><strong>8,</strong></span> <span class='ocrx_word' id='word_1_497' title='bbox 985 2297 1030 2341; x_wconf 77' lang='lat'><strong>6,</strong></span> <span class='ocrx_word' id='word_1_498' title='bbox 1053 2295 1112 2332; x_wconf 80' lang='lat'><strong>65·</strong></span> 
     </span>
    </p>
   </div>
   <div class='ocr_carea' id='block_1_7' title="bbox 137 2351 1679 2809">
    <p class='ocr_par' dir='ltr' id='par_1_7' title="bbox 137 2351 1679 2809">
     <span class='ocr_line' id='line_1_43' title="bbox 137 2351 1679 2408; baseline 0.001 -10"><span class='ocrx_word' id='word_1_499' title='bbox 137 2351 360 2394; x_wconf 72' lang='lat' dir='ltr'><strong>Revertor·</strong></span> <span class='ocrx_word' id='word_1_500' title='bbox 406 2365 445 2408; x_wconf 92' lang='lat' dir='ltr'><strong>I)</strong></span> <span class='ocrx_word' id='word_1_501' title='bbox 470 2367 513 2400; x_wconf 89' lang='lat' dir='ltr'><strong>ad</strong></span> <span class='ocrx_word' id='word_1_502' title='bbox 541 2373 699 2401; x_wconf 88' lang='lat' dir='ltr'><strong>assuetas</strong></span> <span class='ocrx_word' id='word_1_503' title='bbox 724 2366 793 2400; x_wconf 92' lang='lat' dir='ltr'><strong>sibi</strong></span> <span class='ocrx_word' id='word_1_504' title='bbox 818 2367 922 2400; x_wconf 88' lang='lat' dir='ltr'><strong>sedes</strong></span> <span class='ocrx_word' id='word_1_505' title='bbox 944 2369 1175 2400; x_wconf 79' lang='lat' dir='ltr'><strong>revertuntur</strong></span> <span class='ocrx_word' id='word_1_506' title='bbox 1199 2361 1388 2406; x_wconf 79' lang='lat' dir='ltr'><strong>(animalia)</strong></span> <span class='ocrx_word' id='word_1_507' title='bbox 1412 2365 1469 2407; x_wconf 89' lang='lat'><strong>11,</strong></span> <span class='ocrx_word' id='word_1_508' title='bbox 1488 2365 1524 2407; x_wconf 87' lang='lat'><strong>2,</strong></span> <span class='ocrx_word' id='word_1_509' title='bbox 1540 2363 1576 2398; x_wconf 88' lang='grc'><strong>6.</strong></span> <span class='ocrx_word' id='word_1_510' title='bbox 1595 2374 1679 2399; x_wconf 87' lang='lat' dir='ltr'><strong>cum</strong></span> 
     </span>
     <span class='ocr_line' id='line_1_44' title="bbox 180 2409 1676 2457; baseline 0.001 -14"><span class='ocrx_word' id='word_1_511' title='bbox 180 2409 219 2443; x_wconf 88' lang='lat' dir='ltr'><strong>in</strong></span> <span class='ocrx_word' id='word_1_512' title='bbox 244 2412 325 2444; x_wconf 86' lang='lat' dir='ltr'><strong>loca</strong></span> <span class='ocrx_word' id='word_1_513' title='bbox 349 2410 467 2455; x_wconf 82' lang='lat' dir='ltr'><strong>aliqua</strong></span> <span class='ocrx_word' id='word_1_514' title='bbox 490 2419 571 2456; x_wconf 87' lang='lat' dir='ltr'><strong>post</strong></span> <span class='ocrx_word' id='word_1_515' title='bbox 598 2419 736 2457; x_wconf 81' lang='lat' dir='ltr'><strong>tempus</strong></span> <span class='ocrx_word' id='word_1_516' title='bbox 760 2412 899 2447; x_wconf 77' lang='lat' dir='ltr'><strong>reversi</strong></span> <span class='ocrx_word' id='word_1_517' title='bbox 925 2422 1068 2453; x_wconf 86' lang='lat' dir='ltr'><strong>sumus,</strong></span> <span class='ocrx_word' id='word_1_518' title='bbox 1094 2413 1135 2444; x_wconf 88' lang='lat'><strong>11</strong></span> <span class='ocrx_word' id='word_1_519' title='bbox 1150 2436 1161 2453; x_wconf 93' lang='lat'><strong>,</strong></span> <span class='ocrx_word' id='word_1_520' title='bbox 1190 2412 1234 2452; x_wconf 89' lang='grc'><strong>2,</strong></span> <span class='ocrx_word' id='word_1_521' title='bbox 1260 2413 1315 2444; x_wconf 87' lang='grc'><strong>17.</strong></span> <span class='ocrx_word' id='word_1_522' title='bbox 1346 2419 1425 2446; x_wconf 79' lang='lat' dir='ltr'><strong>non</strong></span> <span class='ocrx_word' id='word_1_523' title='bbox 1450 2414 1507 2445; x_wconf 72' lang='lat' dir='ltr'><strong>&#39;est</strong></span> <span class='ocrx_word' id='word_1_524' title='bbox 1527 2420 1676 2447; x_wconf 69' lang='lat' dir='ltr'><strong>reversa</strong></span> 
     </span>
     <span class='ocr_line' id='line_1_45' title="bbox 181 2453 1674 2502; baseline 0 -14"><span class='ocrx_word' id='word_1_525' title='bbox 181 2457 331 2497; x_wconf 81' lang='lat' dir='ltr'><strong>(mulier)</strong></span> <span class='ocrx_word' id='word_1_526' title='bbox 356 2460 390 2499; x_wconf 88' lang='grc'><strong>7,</strong></span> <span class='ocrx_word' id='word_1_527' title='bbox 416 2459 450 2499; x_wconf 88' lang='grc'><strong>8,</strong></span> <span class='ocrx_word' id='word_1_528' title='bbox 476 2461 635 2502; x_wconf 64' lang='lat' dir='ltr'><strong>2.=pater</strong></span> <span class='ocrx_word' id='word_1_529' title='bbox 659 2470 827 2494; x_wconf 79' lang='lat' dir='ltr'><strong>reversus</strong></span> <span class='ocrx_word' id='word_1_530' title='bbox 852 2456 1004 2492; x_wconf 85' lang='lat' dir='ltr'><strong>decessit</strong></span> <span class='ocrx_word' id='word_1_531' title='bbox 1031 2456 1218 2490; x_wconf 82' lang='lat' dir='ltr'><strong>intestatus</strong></span> <span class='ocrx_word' id='word_1_532' title='bbox 1246 2459 1280 2499; x_wconf 91' lang='lat'><strong>7,</strong></span> <span class='ocrx_word' id='word_1_533' title='bbox 1306 2458 1340 2498; x_wconf 89' lang='lat'><strong>1,</strong></span> <span class='ocrx_word' id='word_1_534' title='bbox 1368 2453 1427 2489; x_wconf 91' lang='grc'><strong>42.</strong></span> <span class='ocrx_word' id='word_1_535' title='bbox 1452 2454 1533 2498; x_wconf 71' lang='lat'><strong>,11)</strong></span> <span class='ocrx_word' id='word_1_536' title='bbox 1558 2459 1674 2492; x_wconf 74' lang='lat' dir='ltr'><strong>transl.</strong></span> 
     </span>
     <span class='ocr_line' id='line_1_46' title="bbox 179 2500 1674 2549; baseline 0.001 -16"><span class='ocrx_word' id='word_1_537' title='bbox 179 2500 225 2542; x_wconf 80' lang='lat' dir='ltr'><strong>a)</strong></span> <span class='ocrx_word' id='word_1_538' title='bbox 251 2504 293 2535; x_wconf 77' lang='lat' dir='ltr'><strong>cle</strong></span> <span class='ocrx_word' id='word_1_539' title='bbox 316 2504 516 2536; x_wconf 78' lang='lat' dir='ltr'><strong>hominibus:</strong></span> <span class='ocrx_word' id='word_1_540' title='bbox 552 2512 590 2537; x_wconf 89' lang='lat' dir='ltr'><strong>ut</strong></span> <span class='ocrx_word' id='word_1_541' title='bbox 615 2515 669 2538; x_wconf 89' lang='lat' dir='ltr'><strong>eo</strong></span> <span class='ocrx_word' id='word_1_542' title='bbox 693 2510 875 2546; x_wconf 87' lang='lat' dir='ltr'><strong>revertar,</strong></span> <span class='ocrx_word' id='word_1_543' title='bbox 909 2504 1004 2537; x_wconf 87' lang='lat' dir='ltr'><strong>unde</strong></span> <span class='ocrx_word' id='word_1_544' title='bbox 1030 2514 1109 2536; x_wconf 85' lang='lat' dir='ltr'><strong>sum</strong></span> <span class='ocrx_word' id='word_1_545' title='bbox 1133 2501 1312 2548; x_wconf 83' lang='lat' dir='ltr'><strong>digressus</strong></span> <span class='ocrx_word' id='word_1_546' title='bbox 1335 2500 1423 2544; x_wconf 86' lang='lat' dir='ltr'><strong>(Sp.</strong></span> <span class='ocrx_word' id='word_1_547' title='bbox 1450 2501 1543 2549; x_wconf 84' lang='lat' dir='ltr'><strong>egr.)</strong></span> <span class='ocrx_word' id='word_1_548' title='bbox 1568 2503 1614 2544; x_wconf 86' lang='lat'><strong>2,</strong></span> <span class='ocrx_word' id='word_1_549' title='bbox 1636 2500 1674 2543; x_wconf 92' lang='grc'><strong>4,</strong></span> 
     </span>
     <span class='ocr_line' id='line_1_47' title="bbox 181 2546 1674 2594; baseline 0.001 -15"><span class='ocrx_word' id='word_1_550' title='bbox 181 2548 223 2580; x_wconf 83' lang='grc'><strong>15</strong></span> <span class='ocrx_word' id='word_1_551' title='bbox 240 2551 282 2580; x_wconf 93' lang='grc' dir='ltr'><strong>Ζ.</strong></span> <span class='ocrx_word' id='word_1_552' title='bbox 307 2550 350 2581; x_wconf 88' lang='lat' dir='ltr'><strong>ad</strong></span> <span class='ocrx_word' id='word_1_553' title='bbox 375 2548 455 2583; x_wconf 83' lang='lat' dir='ltr'><strong>illos</strong></span> <span class='ocrx_word' id='word_1_554' title='bbox 482 2549 687 2593; x_wconf 78' lang='lat' dir='ltr'><strong>(scriptores)</strong></span> <span class='ocrx_word' id='word_1_555' title='bbox 711 2551 781 2594; x_wconf 86' lang='lat' dir='ltr'><strong>jam</strong></span> <span class='ocrx_word' id='word_1_556' title='bbox 804 2548 974 2593; x_wconf 75' lang='lat' dir='ltr'><strong>perfectis</strong></span> <span class='ocrx_word' id='word_1_557' title='bbox 999 2548 1270 2592; x_wconf 82' lang='lat' dir='ltr'><strong>constitutisque</strong></span> <span class='ocrx_word' id='word_1_558' title='bbox 1293 2546 1429 2582; x_wconf 84' lang='lat' dir='ltr'><strong>viribus</strong></span> <span class='ocrx_word' id='word_1_559' title='bbox 1451 2551 1674 2582; x_wconf 67' lang='lat' dir='ltr'><strong>rava-tamur</strong></span> 
     </span>
     <span class='ocr_line' id='line_1_48' title="bbox 179 2591 1672 2642; baseline -0.001 -16"><span class='ocrx_word' id='word_1_560' title='bbox 179 2593 245 2632; x_wconf 90' lang='lat'><strong>10,</strong></span> <span class='ocrx_word' id='word_1_561' title='bbox 273 2596 290 2625; x_wconf 93' lang='lat'><strong>1</strong></span> <span class='ocrx_word' id='word_1_562' title='bbox 307 2618 317 2633; x_wconf 90' lang='lat'><strong>,</strong></span> <span class='ocrx_word' id='word_1_563' title='bbox 343 2597 397 2627; x_wconf 83' lang='lat'><strong>57.</strong></span> <span class='ocrx_word' id='word_1_564' title='bbox 454 2595 501 2638; x_wconf 81' lang='grc' dir='ltr'><strong>β)</strong></span> <span class='ocrx_word' id='word_1_565' title='bbox 534 2598 576 2629; x_wconf 83' lang='lat' dir='ltr'><strong>de</strong></span> <span class='ocrx_word' id='word_1_566' title='bbox 600 2599 716 2630; x_wconf 82' lang='lat' dir='ltr'><strong>rebus.—</strong></span> <span class='ocrx_word' id='word_1_567' title='bbox 748 2596 921 2642; x_wconf 84' lang='lat' dir='ltr'><strong>imagines</strong></span> <span class='ocrx_word' id='word_1_568' title='bbox 946 2594 1075 2628; x_wconf 84' lang='lat' dir='ltr'><strong>dilatae</strong></span> <span class='ocrx_word' id='word_1_569' title='bbox 1108 2604 1182 2628; x_wconf 89' lang='lat' dir='ltr'><strong>non</strong></span> <span class='ocrx_word' id='word_1_570' title='bbox 1205 2598 1434 2628; x_wconf 76' lang='lat' dir='ltr'><strong>revertuntur</strong></span> <span class='ocrx_word' id='word_1_571' title='bbox 1457 2595 1522 2636; x_wconf 91' lang='grc'><strong>10,</strong></span> <span class='ocrx_word' id='word_1_572' title='bbox 1545 2594 1587 2634; x_wconf 79' lang='lat' dir='ltr'><strong>z,</strong></span> <span class='ocrx_word' id='word_1_573' title='bbox 1613 2591 1672 2630; x_wconf 81' lang='lat'><strong>14.</strong></span> 
     </span>
     <span class='ocr_line' id='line_1_49' title="bbox 175 2639 1670 2687; baseline 0.001 -19"><span class='ocrx_word' id='word_1_574' title='bbox 175 2645 430 2681; x_wconf 86' lang='lat' dir='ltr'><strong>nonnunquam</strong></span> <span class='ocrx_word' id='word_1_575' title='bbox 455 2641 583 2675; x_wconf 83' lang='lat' dir='ltr'><strong>tacitae</strong></span> <span class='ocrx_word' id='word_1_576' title='bbox 606 2653 749 2686; x_wconf 82' lang='lat' dir='ltr'><strong>quoque</strong></span> <span class='ocrx_word' id='word_1_577' title='bbox 774 2641 1009 2687; x_wconf 82' lang='lat' dir='ltr'><strong>cogitationes</strong></span> <span class='ocrx_word' id='word_1_578' title='bbox 1033 2641 1077 2674; x_wconf 92' lang='lat' dir='ltr'><strong>in</strong></span> <span class='ocrx_word' id='word_1_579' title='bbox 1099 2645 1255 2674; x_wconf 89' lang='lat' dir='ltr'><strong>mentem</strong></span> <span class='ocrx_word' id='word_1_580' title='bbox 1278 2643 1527 2680; x_wconf 84' lang='lat' dir='ltr'><strong>revertuntur,</strong></span> <span class='ocrx_word' id='word_1_581' title='bbox 1553 2639 1610 2679; x_wconf 85' lang='lat'><strong>11,</strong></span> <span class='ocrx_word' id='word_1_582' title='bbox 1632 2640 1670 2680; x_wconf 89' lang='grc'><strong>2,</strong></span> 
     </span>
     <span class='ocr_line' id='line_1_50' title="bbox 177 2683 1668 2731; baseline 0.002 -17"><span class='ocrx_word' id='word_1_583' title='bbox 177 2683 220 2714; x_wconf 94' lang='grc'><strong>17</strong></span> <span class='ocrx_word' id='word_1_584' title='bbox 236 2694 244 2722; x_wconf 87' lang='grc'><strong>;</strong></span> <span class='ocrx_word' id='word_1_585' title='bbox 275 2684 326 2715; x_wconf 88' lang='lat' dir='ltr'><strong>ad</strong></span> <span class='ocrx_word' id='word_1_586' title='bbox 355 2687 451 2719; x_wconf 88' lang='lat' dir='ltr'><strong>easd.</strong></span> <span class='ocrx_word' id='word_1_587' title='bbox 477 2687 668 2730; x_wconf 84' lang='lat' dir='ltr'><strong>particulas</strong></span> <span class='ocrx_word' id='word_1_588' title='bbox 691 2689 782 2721; x_wconf 88' lang='lat' dir='ltr'><strong>haec</strong></span> <span class='ocrx_word' id='word_1_589' title='bbox 805 2697 961 2731; x_wconf 84' lang='lat' dir='ltr'><strong>quoque,</strong></span> <span class='ocrx_word' id='word_1_590' title='bbox 987 2697 1078 2730; x_wconf 80' lang='lat' dir='ltr'><strong>quae</strong></span> <span class='ocrx_word' id='word_1_591' title='bbox 1103 2697 1199 2719; x_wconf 86' lang='lat' dir='ltr'><strong>nunc</strong></span> <span class='ocrx_word' id='word_1_592' title='bbox 1223 2683 1451 2729; x_wconf 79' lang='lat' dir='ltr'><strong>praecipiam,</strong></span> <span class='ocrx_word' id='word_1_593' title='bbox 1477 2688 1668 2718; x_wconf 45' lang='lat' dir='ltr'><strong>reverte&amp;</strong></span> 
     </span>
     <span class='ocr_line' id='line_1_51' title="bbox 174 2729 1668 2809; baseline 0.003 -51"><span class='ocrx_word' id='word_1_594' title='bbox 174 2730 244 2804; x_wconf 53' lang='lat'><strong>{3¹¹⁸-</strong></span> <span class='ocrx_word' id='word_1_595' title='bbox 255 2729 288 2769; x_wconf 83' lang='grc'><strong>3,</strong></span> <span class='ocrx_word' id='word_1_596' title='bbox 315 2729 348 2805; x_wconf 54' lang='lat'><strong>613„</strong></span> <span class='ocrx_word' id='word_1_597' title='bbox 375 2730 433 2809; x_wconf 55' lang='lat' dir='ltr'><strong>{ig-</strong></span> <span class='ocrx_word' id='word_1_598' title='bbox 458 2743 516 2766; x_wconf 87' lang='lat' dir='ltr'><strong>res</strong></span> <span class='ocrx_word' id='word_1_599' title='bbox 545 2744 598 2767; x_wconf 90' lang='lat' dir='ltr'><strong>eo</strong></span> <span class='ocrx_word' id='word_1_600' title='bbox 623 2738 844 2776; x_wconf 85' lang='lat' dir='ltr'><strong>revertetur,</strong></span> <span class='ocrx_word' id='word_1_601' title='bbox 869 2738 909 2766; x_wconf 86' lang='lat' dir='ltr'><strong>ut</strong></span> <span class='ocrx_word' id='word_1_602' title='bbox 930 2733 1038 2766; x_wconf 90' lang='lat' dir='ltr'><strong>modo</strong></span> <span class='ocrx_word' id='word_1_603' title='bbox 1066 2731 1110 2774; x_wconf 89' lang='lat' dir='ltr'><strong>is,</strong></span> <span class='ocrx_word' id='word_1_604' title='bbox 1136 2730 1197 2775; x_wconf 80' lang='lat' dir='ltr'><strong>qui</strong></span> <span class='ocrx_word' id='word_1_605' title='bbox 1215 2729 1298 2776; x_wconf 78' lang='lat' dir='ltr'><strong>agit,</strong></span> <span class='ocrx_word' id='word_1_606' title='bbox 1322 2729 1430 2763; x_wconf 88' lang='lat' dir='ltr'><strong>modo</strong></span> <span class='ocrx_word' id='word_1_607' title='bbox 1449 2735 1512 2763; x_wconf 75' lang='lat' dir='ltr'><strong>eie.</strong></span> <span class='ocrx_word' id='word_1_608' title='bbox 1539 2733 1668 2762; x_wconf 78' lang='lat' dir='ltr'><strong>statum</strong></span> 
     </span>
     <span class='ocr_line' id='line_1_52' title="bbox 191 2775 430 2808; baseline 0.013 -3"><span class='ocrx_word' id='word_1_609' title='bbox 191 2778 282 2805; x_wconf 83' lang='lat' dir='ltr'><strong>aciat</strong></span> <span class='ocrx_word' id='word_1_610' title='bbox 310 2775 320 2804; x_wconf 85' lang='lat' dir='ltr'><strong>i</strong></span> <span class='ocrx_word' id='word_1_611' title='bbox 342 2796 351 2806; x_wconf 88' lang='lat'><strong>.</strong></span> <span class='ocrx_word' id='word_1_612' title='bbox 421 2800 430 2808; x_wconf 89' lang='lat'><em>.</em></span> 
     </span>
    </p>
   </div>
   <div class='ocr_carea' id='block_1_8' title="bbox 126 2825 1108 2888">
    <p class='ocr_par' dir='ltr' id='par_1_8' title="bbox 126 2825 1108 2888">
     <span class='ocr_line' id='line_1_53' title="bbox 126 2825 1108 2888; baseline 0.017 -22"><span class='ocrx_word' id='word_1_613' title='bbox 126 2825 371 2869; x_wconf 77' lang='lat' dir='ltr'><strong>Revocatio.</strong></span> <span class='ocrx_word' id='word_1_614' title='bbox 421 2852 447 2874; x_wconf 87' lang='lat' dir='ltr'><strong>r.</strong></span> <span class='ocrx_word' id='word_1_615' title='bbox 477 2843 578 2877; x_wconf 85' lang='lat' dir='ltr'><strong>verbi</strong></span> <span class='ocrx_word' id='word_1_616' title='bbox 605 2846 690 2887; x_wconf 75' lang='lat' dir='ltr'><em>(fig.</em></span> <span class='ocrx_word' id='word_1_617' title='bbox 717 2858 772 2888; x_wconf 83' lang='lat' dir='ltr'><strong>ap.</strong></span> <span class='ocrx_word' id='word_1_618' title='bbox 801 2843 902 2887; x_wconf 81' lang='lat' dir='ltr'><strong>Cic.)</strong></span> <span class='ocrx_word' id='word_1_619' title='bbox 925 2843 961 2887; x_wconf 85' lang='lat'><strong>9,</strong></span> <span class='ocrx_word' id='word_1_620' title='bbox 994 2846 1026 2885; x_wconf 86' lang='lat'><strong>1,</strong></span> <span class='ocrx_word' id='word_1_621' title='bbox 1051 2844 1108 2877; x_wconf 84' lang='lat'><strong>33·</strong></span> 
     </span>
    </p>
   </div>
  </div>
 </body>
</html>
