1728 3002
605 185 735 227 Pinus
762 207 820 215 —
851 183 988 226 Pietas
1475 186 1557 228 659

0 324 3 325 ν
66 303 136 340 n‘ui
166 313 257 348 quae
280 301 396 336 lineas
424 300 534 334 modo
557 305 736 333 extremas
760 299 906 333 umbrae
938 296 1248 333 circmnscriberet
1284 299 1340 340 10,
1363 300 1399 339 2,
1424 299 1460 332 7.
1508 297 1559 341 n)

69 351 174 395 opus.-
207 359 276 384 nec
297 356 347 390 p..
369 346 408 381 in
430 357 500 391 qua
520 345 610 379 nihil
630 345 866 379 circumlitum
891 350 967 388 est,
1000 344 1132 378 eminet
1166 345 1202 387 8,
1240 345 1274 386 5,
1301 344 1358 378 26.
1405 354 1485 377 cum
1506 353 1556 387 p.,

7 411 9 414 ·
69 400 193 431 tacens
220 403 312 436 opus
334 398 371 427 et
393 391 533 426 babitus
556 400 698 433 semper
720 391 846 434 ejusd„
886 390 940 425 sic
970 390 1007 424 in
1039 390 1183 424 intimos
1218 394 1380 431 penetret
1412 389 1559 424 affectus

36 446 38 453 '
69 445 127 481 11.
152 443 187 484 3,
209 440 267 475 67.
312 438 422 473 habet
446 437 483 472 in
511 436 649 480 pictura
673 437 829 479 speciem
853 441 927 470 tota
944 436 1059 470 facies
1085 439 1122 479 2,
1146 437 1202 477 13,
1229 438 1285 470 12.
1309 435 1349 469 iu
1377 436 1559 470 statuis

69 493 178 533 utque
199 482 415 528 picturis
440 483 574 519 variari
596 483 760 526 habitus,
791 484 932 524 vultus,
962 487 1074 516 status
1099 481 1190 526 (non
1210 488 1373 526 repugnat
1394 483 1448 514 hio
1468 486 1560 515 locus

0 551 3 554 >
70 535 220 578 proerime
245 531 469 573 antecedenti,
501 533 533 563 in
555 541 619 575 quo
645 531 688 563 de
712 541 781 562 una
805 531 986 572 eademqne
1017 531 1097 572 pict.
1131 540 1237 561 sermo
1273 529 1343 570 esi)
1365 530 1409 570 2,
1442 529 1505 570 13,
1535 529 1559 563 8

70 581 120 614 Ν.
146 579 243 613 illam
257 603 268 620 ,
291 587 381 622 quae
406 575 511 610 etiam
537 574 575 609 in
602 574 747 617 picturis
771 581 824 609 est
845 574 1064 622 gratissima,
1096 573 1286 609 vetustati·
1313 573 1560 608 inimitabilem

39 659 41 662 .
70 624 139 661 arti
161 622 405 669 auctoritatem
431 621 468 665 8,
492 623 526 664 3,
550 621 609 656 25.

24 670 178 714 Pietas·
225 678 341 723 (inter
358 679 454 723 justu
481 677 636 722 natura)
665 681 701 722 7,
733 676 770 720 4,
803 678 840 712 6.
886 676 956 711 nisi
987 676 1027 711 in
1057 687 1182 711 eornm
1215 674 1410 720 (metitum)
1440 676 1561 711 locum

70 727 169 770 piet,
195 725 368 760 fortitudo
392 731 453 758 etc.
491 724 703 758 successerit
738 723 785 767 (ι’.
814 736 844 757 e.
876 725 1037 767 proelium
1067 725 1280 764 ineuntibus)
1322 726 1387 764 12,
1426 724 1469 766 1,
1502 723 1560 757 28.

68 775 219 807 muttum
246 781 282 814 p.
307 771 449 806 confert
472 770 590 805 studio
613 774 648 813 2,
672 771 708 812 9,
733 772 766 803 2.
791 779 827 811 p.
851 769 1022 811 principis
1046 769 1161 804 nostri
1183 771 1218 811 3,
1244 770 1280 812 7,
1316 769 1340 804 9
1375 769 1423 803 Ν.
1472 777 1561 810 pro-

23 826 26 834 ’
69 819 183 862 posita
205 817 358 865 imagine
384 816 524 867 pietatis
548 819 605 860 12,
632 818 669 859 3,
693 814 751 850 40.
776 828 808 849 v.
835 817 884 849 lu
894 815 1033 850 stitia.
1081 817 1145 850 has
1170 816 1324 850 virtutes
1350 835 1396 840 —
1419 813 1560 856 pietatis

27 864 38 902 ζ
66 865 105 908 6,
126 866 184 899 Pr.
212 865 268 898 10.
292 863 539 905 praestandam
561 871 597 904 p.
626 860 831 904 parentibus
854 863 889 905 5,
914 863 971 905 10,
997 864 1052 896 13.
1100 862 1161 896 An
1185 862 1231 896 de
1258 880 1304 887 —
1328 860 1459 903 pietate
1483 870 1560 894 non

69 909 221 953 plurima
244 908 339 943 dicet
361 908 511 943 orator?
552 911 608 950 12,
642 911 676 951 2,
701 908 758 941 17.

22 954 166 1011 Piger.
222 975 370 1008 prorsus
396 963 691 1011 negligentis
727 969 787 998 aut
815 964 939 1011 pigri
962 969 1026 1000 -est
1059 965 1125 1006 11,
1159 965 1195 1006 3,
1231 962 1319 1007 1493
1362 962 1494 1008 pigra
1527 968 1564 996 et

69 1011 259 1054 trepida
282 1010 431 1055 (manus)
459 1013 514 1052 11,
538 1012 573 1052 3,
599 1012 666 1044 119
694 1011 740 1044 Ν.
760 1010 852 1058 pigri
876 1016 931 1045 est
957 1010 1095 1057 ingenii
1123 1007 1294 1053 1o‚2,4;
1326 1019 1373 1043 ne
1397 1009 1560 1055 pigra,
1627 1034 1629 1036 »

69 1069 118 1092 ne
146 1060 282 1104 longa
309 1057 380 1091 sint
402 1055 559 1100 (media)
588 1057 624 1099 9,
646 1054 681 1101 4,
705 1056 763 1090 66.

22 1105 159 1160 Piget.
200 1114 327 1159 quaed.
349 1113 474 1148 tertiae
498 1104 639 1146 de'mum
661 1122 835 1159 personae
858 1112 969 1159 figura
994 1111 1180 1153 dicuntur,
1228 1116 1269 1144 ut
1301 1109 1429 1158 piget
1459 1113 1495 1155 1,
1525 1110 1563 1156 4,

1 1190 5 1195 .
71 1161 135 1196 29³
168 1173 198 1195 c.
224 1159 315 1201 Ins..-
348 1158 387 1193 id
410 1159 440 1192 si
467 1165 674 1200 computare
699 1162 829 1203 quem
851 1159 948 1203 piget
979 1161 1014 1201 1,
1040 1160 1097 1200 10,
1129 1158 1197 1200 43;
1228 1156 1365 1190 utinam
1388 1163 1462 1191 tam
1487 1168 1563 1192 non

69 1206 231 1253 pigeat
250 1206 370 1239 facere
391 1204 504 1245 istud,
533 1216 638 1248 quam
661 1214 734 1238 non
759 1204 1047 1245 displicebit
1076 1206 1113 1246 2,
1149 1205 1183 1245 5,
1221 1206 1277 1237 17.
1322 1214 1396 1236 non
1428 1202 1563 1249 pigebit

66 1262 183 1287 meum
208 1251 372 1296 quibusd.
398 1250 489 1290 locis
511 1249 674 1291 posuisse
701 1250 912 1285 sententiam
936 1252 971 1290 3,
993 1253 1026 1293 1,
1047 1252 1106 1283 22.
1131 1260 1249 1293 neque
1272 1248 1406 1296 pigebit
1424 1251 1563 1285 referre

12 1327 14 1329 .
65 1300 102 1341 5,
126 1299 183 1340 13,
210 1297 268 1332 29.
296 1295 343 1338 cs.
368 1297 404 1339 8,
426 1297 462 1339 6,
488 1295 544 1331 74.
579 1301 620 1329 ut
642 1296 863 1330 subscribere
888 1295 1007 1330 audita
1031 1295 1149 1340 pigeat
1179 1297 1235 1339 12,
1260 1296 1296 1339 8,
1319 1296 1366 1339 83
1398 1296 1561 1340 Hecuba,

68 1343 285 1393 hoowdolet,
317 1341 434 1395 piget,
471 1343 581 1384 pudet
606 1345 663 1376 Tr
674 1345 786 1386 agic-
808 1343 844 1386 9,
868 1344 904 1385 3,
927 1345 987 1377 77.

23 1398 199 1456 Pigmffl·
245 1409 280 1454 1)
304 1415 458 1444 aratrum
482 1409 645 1451 accipere
671 1409 813 1455 pignori
836 1420 910 1444 non
932 1409 1017 1444 licet
1038 1413 1074 1452 7,
1098 1410 1134 1452 8,
1157 1409 1191 1443 4.
1216 1408 1263 1451 11)
1291 1414 1407 1444 transl.
1422 1424 1434 1444 .-
1459 1410 1562 1444 affert

18 1487 21 1491 ⁴
66 1457 106 1491 in
131 1457 190 1491 his
210 1462 428 1490 momentum
453 1462 490 1490 et
515 1473 556 1479 —
589 1457 818 1501 pignora3
852 1455 1016 1499 liberi,
1057 1455 1160 1498 dico,
1201 1462 1236 1490 et
1264 1462 1490 1497 parentes
1525 1463 1562 1490 et

5 1531 10 1543 ,
66 1501 329 1546 propinqui
359 1503 396 1545 6,
433 1504 467 1544 1,
495 1500 552 1535 24.
599 1502 801 1536 obsecratio
835 1502 994 1545 judicum
1030 1511 1096 1543 per
1127 1501 1309 1536 carissima
1339 1512 1375 1544 p.
1410 1505 1455 1537 ib.
1501 1504 1560 1537 33.

67 1548 216 1594 pignora
237 1559 357 1582 rerum
383 1549 432 1591 (S
440 1560 475 1590 p.
502 1549 671 1588 reorum)
694 1549 893 1589 producere
915 1547 952 1591 4,
979 1551 1010 1590 1,
1040 1549 1087 1582 28
1111 1550 1158 1583 Ν.
1184 1555 1215 1581 et
1237 1552 1282 1582 Z.

0 1594 214 1650 'Pigrius-
261 1603 320 1637 alii
343 1613 378 1645 p.
409 1603 662 1650 arrogantioris
698 1607 754 1647 12,
788 1606 824 1647 3,
858 1608 913 1638 12.
958 1604 1102 1639 interim
1138 1604 1314 1651 pigritiam
1349 1604 1560 1639 emendandi
1591 1618 1597 1621 ¹

33 1658 37 1665 “
69 1649 250 1697 augustiae
275 1650 523 1692 (tabellarum)
546 1650 684 1683 faciunt
709 1652 766 1693 10,
789 1653 824 1692 3,
848 1652 906 1686 32.

21 1694 130 1739 Pila·
166 1705 276 1747 pilam
299 1705 522 1752 negligenter
543 1705 679 1747 petenti
701 1707 736 1749 6,
762 1708 796 1749 3,
821 1707 878 1741 62.
904 1706 976 1748 pila
1000 1706 1069 1740 lusi
1095 1708 1138 1739 ib.
1163 1709 1222 1740 71.

23 1749 223 1797 Fuluius·
266 1761 439 1795 miracula
459 1761 522 1795 illa
543 1762 582 1796 in
606 1762 723 1796 scenis
747 1763 955 1804 pilariorum
980 1765 1037 1806 10,
1051 1766 1096 1804 ·7‚
1124 1765 1164 1796 11
1190 1763 1239 1796 Ν.

16 1805 180 1870 Pilurn.
216 1817 278 1870 qui
300 1817 446 1870 pilum
470 1818 525 1862 (a.
549 1823 572 1852 1.
598 1819 729 1861 pilam)
754 1826 814 1853 aut
837 1820 995 1854 sudem
1019 1819 1203 1864 (eminet),
1230 1817 1468 1861 appellatione
1489 1818 1565 1860 pri-

69 1869 183 1899 vatim
211 1864 278 1897 sibl
299 1870 475 1910 assignata
502 1870 598 1899 caret
627 1866 662 1908 8,
684 1868 721 1910 2,
748 1866 843 1900 5“Ν.
868 1878 917 1900 cr.

23 1921 174 1976 Pingo·
200 1930 364 1976 pingo,
394 1931 534 1973 pinxi
558 1935 591 1975 1,
615 1933 652 1975 6,
679 1935 743 1974 153
767 1944 837 1967 nec
858 1932 1007 1980 pingere
1024 1932 1209 1977 quisquam
1233 1930 1354 1972 coepit
1377 1942 1396 1964 a
1413 1930 1562 1972 pedibus

71 1980 106 2016 3,
131 1979 167 2020 9,
190 1978 225 2012 9.
274 1988 356 2010 cum
378 1976 415 2010 in
443 1977 648 2024 Iphigeniae
675 1975 919 2013 immolatione
943 1979 1191 2023 (szumhes)
1229 1977 1405 2018 pinxisset
1427 1976 1564 2010 tristem

71 2023 320 2065 Calchantem,
358 2023 553 2057 tristiorem
575 2024 709 2058 Ulixen
732 2027 767 2066 2,
794 2027 849 2067 13,
875 2027 930 2059 13.
957 2036 1036 2058 cum
1060 2028 1248 2057 accusator
1272 2024 1348 2065 ejus
1372 2022 1410 2055 in
1433 2022 1565 2063 sipario

71 2069 236 2104 omnibus
274 2067 366 2102 locis
390 2085 436 2092 —
468 2080 549 2103 eum
580 2069 754 2110 pinxisset
788 2071 822 2112 6,
854 2071 888 2111 3,
920 2072 967 2104 72
1001 2071 1047 2103 Ν.
1097 2068 1157 2112 qui
1190 2068 1338 2113 singulis
1372 2068 1564 2108 pinxerunt

72 2114 273 2155 coloribus,
305 2113 374 2147 alia
400 2118 518 2148 tamen
541 2115 796 2157 eminentiora,
830 2115 899 2148 alia
933 2113 1135 2148 reductiora
1167 2114 1332 2147 fecerunt
1356 2116 1412 2156 11,
1437 2116 1471 2155 3,
1494 2112 1561 2154 46;

0 2182 3 2185 ἡ
71 2162 221 2193 Par-tic„-
255 2158 444 2206 imaginem
475 2159 566 2194 Galli
597 2161 636 2193 in
669 2167 771 2194 scuto
810 2159 988 2194 Cimbrico
1021 2160 1152 2201 pictam
1187 2160 1224 2201 6,
1260 2161 1294 2202 3,
1325 2160 1382 2194 38.
1416 2159 1563 2200 pictai

69 2205 181 2241 vestis
208 2206 331 2247 Virg.
357 2207 391 2246 1,
411 2208 447 2247 7,
466 2207 527 2249 18;
554 2208 710 2240 Gerana.-
735 2206 956 2252 pingeudi
982 2205 1151 2252 singen
1167 2205 1282 2250 dique
1305 2205 1414 2239 mirus
1430 2205 1562 2239 artifex

72 2253 130 2294 12,
162 2253 218 2293 10,
244 2253 278 2284 6.
304 2263 338 2284 vo
364 2250 522 2298 Fing0·
1587 2258 1593 2261 ¹

24 2306 215 2361 Pinguis·
240 2317 276 2350 in
299 2327 370 2362 quo
384 2317 424 2361 (ἰ.
439 2331 469 2352 e.
486 2321 584 2352 verbo
602 2332 647 2352 cu
658 2319 691 2359 ἰ)
712 2320 754 2353 ad
769 2318 938 2365 pinguem
958 2313 1044 2352 sane
1060 2328 1200 2358 sonum,
1224 2328 1277 2361 qu
1295 2322 1331 2350 et
1348 2328 1372 2351 ο
1383 2318 1399 2350 i
1415 2318 1564 2351 uteban-

71 2369 130 2396 tur
153 2366 186 2405 1,
214 2365 250 2404 7,
272 2366 330 2398 27.
355 2363 600 2410 pinguioribus
623 2365 744 2399 verbis
770 2368 826 2417 12,
857 2367 913 2406 10,
938 2365 983 2399 35
1007 2377 1040 2398 v.
1068 2363 1244 2397 Fortis.
1273 2364 1442 2397 Rexus.

25 2407 295 2463 Pinguitudo.
352 2422 524 2464 quamnd.
559 2421 780 2464 (literarum)
818 2422 880 2456 vel
908 2421 1133 2455 exilitate
1162 2421 1224 2455 vel
1257 2419 1563 2467 pinguedine

71 2467 165 2508 (Sp.
191 2465 473 2511 pinguemdine)
496 2466 604 2501 nimia
626 2469 826 2502 laboramus
852 2470 884 2510 1,
909 2469 966 2510 11,
989 2466 1013 2500 4
1039 2468 1078 2500 S.

24 2511 174 2552 Pinna·
220 2533 289 2556 nec
312 2522 463 2556 miretur
485 2521 639 2566 (puer),
683 2535 746 2558 cur
779 2535 799 2558 a
830 2524 974 2565 pinna
1011 2523 1123 2567 (quod
1160 2528 1213 2556 est
1245 2521 1404 2556 aeutuml
1427 2522 1563 2555 securis

3 2609 5 2615 Α
71 2569 238 2611 utrinque
258 2569 395 2602 habeus
422 2568 534 2602 aciem
563 2569 783 2611 bipennis
815 2570 935 2612 (fia1);
964 2580 1010 2603 ne
1033 2569 1175 2602 illorum
1199 2574 1367 2612 sequatur
1388 2578 1562 2609 errorem,

73 2612 160 2656 qui,
186 2613 269 2657 quia
292 2625 312 2647 a
332 2613 460 2656 pennis
484 2615 620 2649 duabus
642 2617 713 2650 hoc
736 2626 867 2650 nomen
893 2626 972 2650 esse
996 2614 1224 2658 existimant,
1250 2614 1419 2656 pinnas
1442 2613 1559 2648 avium

73 2657 144 2692 dici
167 2660 295 2695 volunt
319 2663 353 2704 1,
376 2659 412 2703 4,
438 2663 494 2694 12.

0 2736 5 2743 -
27 2701 195 2796 Ρὶἑὶὓδὲο
221 2717 328 2751 arbor
351 2726 388 2759 p.
411 2719 450 2761 8,
472 2717 508 2760 6,
543 2718 613 2755 58.χ
631 2723 737 2760 caput
763 2716 905 2751 exemit
937 2715 1069 2750 mobile
1096 2725 1131 2758 p.
1154 2716 1316 2759 repetita.
1354 2727 1510 2749 versus
1532 2715 1566 2755 9,

105 2783 118 2804 ,
195 2785 208 2795 Ο

1136 2828 1181 2862 42
1202 2827 1220 2845 ’
