<?xml version="1.0" encoding="UTF-8"?>
<!DOCTYPE html PUBLIC "-//W3C//DTD XHTML 1.0 Transitional//EN"
    "http://www.w3.org/TR/xhtml1/DTD/xhtml1-transitional.dtd">
<html xmlns="http://www.w3.org/1999/xhtml" xml:lang="en" lang="en">
 <head>
  <title>
</title>
<meta http-equiv="Content-Type" content="text/html;charset=utf-8" />
  <meta name='ocr-system' content='tesseract 3.04.00' />
  <meta name='ocr-capabilities' content='ocr_page ocr_carea ocr_par ocr_line ocrx_word'/>
</head>
<body>
  <div class='ocr_page' id='page_1' title='image "./lexiconquintilia06bonnuoft_0969.png"; bbox 0 0 1728 3002; ppageno 0'>
   <div class='ocr_carea' id='block_1_1' title="bbox 480 90 1592 176">
    <p class='ocr_par' dir='ltr' id='par_1_1' title="bbox 480 90 1592 176">
     <span class='ocr_line' id='line_1_1' title="bbox 480 90 1592 176; baseline -0.011 -14"><span class='ocrx_word' id='word_1_1' title='bbox 480 117 747 176; x_wconf 82' lang='lat' dir='ltr'><strong>Superjectio</strong></span> <span class='ocrx_word' id='word_1_2' title='bbox 775 125 831 148; x_wconf 88' lang='lat'><strong>&#39;—·</strong></span> <span class='ocrx_word' id='word_1_3' title='bbox 859 113 1093 171; x_wconf 84' lang='lat' dir='ltr'><strong>Supersum</strong></span> <span class='ocrx_word' id='word_1_4' title='bbox 1464 110 1547 151; x_wconf 80' lang='lat'><strong>87⁷</strong></span> <span class='ocrx_word' id='word_1_5' title='bbox 1589 90 1592 94; x_wconf 14' lang='grc' dir='ltr'><strong>λ</strong></span> 
     </span>
    </p>
   </div>
   <div class='ocr_carea' id='block_1_2' title="bbox 0 0 131 2144">
    <p class='ocr_par' dir='ltr' id='par_1_2' title="bbox 0 0 131 2144">
     <span class='ocr_line' id='line_1_2' title="bbox 0 0 131 498; baseline 0 -248"><span class='ocrx_word' id='word_1_6' title='bbox 0 0 131 498; x_wconf 95' lang='lat' dir='ltr'><strong>     </strong></span> 
     </span>
     <span class='ocr_line' id='line_1_3' title="bbox 0 498 46 835; baseline 0 -229"><span class='ocrx_word' id='word_1_7' title='bbox 0 498 46 835; x_wconf 95' lang='lat' dir='ltr'><strong>   </strong></span> 
     </span>
     <span class='ocr_line' id='line_1_4' title="bbox 0 835 44 1190; baseline 0 -210"><span class='ocrx_word' id='word_1_8' title='bbox 0 835 44 1190; x_wconf 95' lang='lat' dir='ltr'><strong>    </strong></span> 
     </span>
     <span class='ocr_line' id='line_1_5' title="bbox 0 1190 45 2144; baseline 0 -617"><span class='ocrx_word' id='word_1_9' title='bbox 0 1190 45 2144; x_wconf 95' lang='lat' dir='ltr'><strong>     </strong></span> 
     </span>
    </p>
   </div>
   <div class='ocr_carea' id='block_1_3' title="bbox 133 225 895 282">
    <p class='ocr_par' dir='ltr' id='par_1_3' title="bbox 133 225 895 282">
     <span class='ocr_line' id='line_1_6' title="bbox 133 225 895 282; baseline -0.01 -10"><span class='ocrx_word' id='word_1_10' title='bbox 133 225 298 282; x_wconf 59' lang='lat' dir='ltr'><strong>finctio.</strong></span> <span class='ocrx_word' id='word_1_11' title='bbox 334 235 472 272; x_wconf 66' lang='lat' dir='ltr'><strong>decen·</strong></span> <span class='ocrx_word' id='word_1_12' title='bbox 490 232 572 270; x_wconf 78' lang='lat' dir='ltr'><strong>veri</strong></span> <span class='ocrx_word' id='word_1_13' title='bbox 591 244 622 268; x_wconf 73' lang='lat' dir='ltr'><strong>s.</strong></span> <span class='ocrx_word' id='word_1_14' title='bbox 646 232 690 277; x_wconf 84' lang='lat' dir='ltr'><strong>s,</strong></span> <span class='ocrx_word' id='word_1_15' title='bbox 712 231 760 275; x_wconf 82' lang='grc'><strong>6,</strong></span> <span class='ocrx_word' id='word_1_16' title='bbox 783 229 830 266; x_wconf 83' lang='grc'><strong>67</strong></span> <span class='ocrx_word' id='word_1_17' title='bbox 846 230 895 265; x_wconf 81' lang='grc' dir='ltr'><strong>Ν.</strong></span> 
     </span>
    </p>
   </div>
   <div class='ocr_carea' id='block_1_4' title="bbox 23 284 1549 446">
    <p class='ocr_par' dir='ltr' id='par_1_4' title="bbox 23 284 1549 446">
     <span class='ocr_line' id='line_1_7' title="bbox 48 284 1549 352; baseline -0.011 -10"><span class='ocrx_word' id='word_1_18' title='bbox 48 292 269 352; x_wconf 62' lang='lat' dir='ltr'><strong>up‘ffl&#39;lssfio·</strong></span> <span class='ocrx_word' id='word_1_19' title='bbox 313 303 484 349; x_wconf 83' lang='lat' dir='ltr'><strong>superi.</strong></span> <span class='ocrx_word' id='word_1_20' title='bbox 507 299 669 338; x_wconf 77' lang='lat' dir='ltr'><strong>veritatis</strong></span> <span class='ocrx_word' id='word_1_21' title='bbox 693 305 730 334; x_wconf 90' lang='lat' dir='ltr'><strong>et</strong></span> <span class='ocrx_word' id='word_1_22' title='bbox 753 284 1091 349; x_wconf 75' lang='lat' dir='ltr'><strong>trajectionem</strong></span> <span class='ocrx_word' id='word_1_23' title='bbox 1126 296 1211 347; x_wconf 60' lang='lat' dir='ltr'><strong>Cg&#39;c.</strong></span> <span class='ocrx_word' id='word_1_24' title='bbox 1235 293 1280 337; x_wconf 83' lang='lat'><strong>9,</strong></span> <span class='ocrx_word' id='word_1_25' title='bbox 1303 295 1348 336; x_wconf 84' lang='lat'><strong>2,</strong></span> <span class='ocrx_word' id='word_1_26' title='bbox 1372 294 1407 328; x_wconf 78' lang='lat'><strong>3.</strong></span> <span class='ocrx_word' id='word_1_27' title='bbox 1443 292 1488 335; x_wconf 62' lang='lat' dir='ltr'><strong>effi</strong></span> <span class='ocrx_word' id='word_1_28' title='bbox 1512 293 1549 346; x_wconf 70' lang='grc' dir='ltr'><strong>ξ),</strong></span> 
     </span>
     <span class='ocr_line' id='line_1_8' title="bbox 31 341 1549 396; baseline -0.011 -9"><span class='ocrx_word' id='word_1_29' title='bbox 31 364 39 367; x_wconf 89' lang='grc'>·</span> <span class='ocrx_word' id='word_1_30' title='bbox 58 355 101 395; x_wconf 74' lang='grc'><strong>1,,</strong></span> <span class='ocrx_word' id='word_1_31' title='bbox 115 353 175 389; x_wconf 80' lang='grc'><strong>29.</strong></span> <span class='ocrx_word' id='word_1_32' title='bbox 202 356 356 396; x_wconf 76' lang='lat' dir='ltr'><strong>(utroque</strong></span> <span class='ocrx_word' id='word_1_33' title='bbox 378 354 449 385; x_wconf 75' lang='grc' dir='ltr'><strong>Ιοω</strong></span> <span class='ocrx_word' id='word_1_34' title='bbox 473 356 566 394; x_wconf 73' lang='lat' dir='ltr'><strong>oppt-</strong></span> <span class='ocrx_word' id='word_1_35' title='bbox 600 348 704 382; x_wconf 80' lang='lat' dir='ltr'><strong>Codd.</strong></span> <span class='ocrx_word' id='word_1_36' title='bbox 739 345 890 390; x_wconf 85' lang='lat' dir='ltr'><strong>supral.)</strong></span> <span class='ocrx_word' id='word_1_37' title='bbox 916 341 978 387; x_wconf 85' lang='lat' dir='ltr'><strong>[m</strong></span> <span class='ocrx_word' id='word_1_38' title='bbox 1005 341 1281 393; x_wconf 74' lang='lat' dir='ltr'><strong>superlationetu</strong></span> <span class='ocrx_word' id='word_1_39' title='bbox 1310 350 1454 384; x_wconf 77' lang='lat' dir='ltr'><strong>quoque</strong></span> <span class='ocrx_word' id='word_1_40' title='bbox 1480 351 1549 374; x_wconf 80' lang='lat' dir='ltr'><strong>en-</strong></span> 
     </span>
     <span class='ocr_line' id='line_1_9' title="bbox 23 386 1549 446; baseline -0.01 -13"><span class='ocrx_word' id='word_1_41' title='bbox 23 426 35 438; x_wconf 24' lang='grc' dir='ltr'><strong>Ᾰ,</strong></span> <span class='ocrx_word' id='word_1_42' title='bbox 48 403 165 446; x_wconf 75' lang='lat' dir='ltr'><strong>²getur</strong></span> <span class='ocrx_word' id='word_1_43' title='bbox 179 396 325 441; x_wconf 73' lang='lat' dir='ltr'><strong>(orator)</strong></span> <span class='ocrx_word' id='word_1_44' title='bbox 343 399 400 440; x_wconf 91' lang='grc'><strong>12,</strong></span> <span class='ocrx_word' id='word_1_45' title='bbox 422 397 481 440; x_wconf 89' lang='grc'><strong>10,</strong></span> <span class='ocrx_word' id='word_1_46' title='bbox 503 395 551 430; x_wconf 85' lang='grc'><strong>62</strong></span> <span class='ocrx_word' id='word_1_47' title='bbox 563 394 613 428; x_wconf 76' lang='grc' dir='ltr'><strong>Ν.</strong></span> <span class='ocrx_word' id='word_1_48' title='bbox 630 391 720 437; x_wconf 79' lang='lat' dir='ltr'><strong>er.];</strong></span> <span class='ocrx_word' id='word_1_49' title='bbox 754 386 998 435; x_wconf 66' lang='lat' dir='ltr'><strong>(soloecismus)</strong></span> <span class='ocrx_word' id='word_1_50' title='bbox 1020 398 1087 432; x_wconf 89' lang='lat' dir='ltr'><strong>per</strong></span> <span class='ocrx_word' id='word_1_51' title='bbox 1105 387 1363 431; x_wconf 80' lang='lat' dir='ltr'><strong>superlationes</strong></span> <span class='ocrx_word' id='word_1_52' title='bbox 1382 389 1416 429; x_wconf 87' lang='lat'><strong>1,</strong></span> <span class='ocrx_word' id='word_1_53' title='bbox 1435 387 1470 430; x_wconf 88' lang='lat'><strong>5,</strong></span> <span class='ocrx_word' id='word_1_54' title='bbox 1489 386 1549 422; x_wconf 79' lang='grc'><strong>45.</strong></span> 
     </span>
    </p>
   </div>
   <div class='ocr_carea' id='block_1_5' title="bbox 76 451 1431 510">
    <p class='ocr_par' dir='ltr' id='par_1_5' title="bbox 76 451 1431 510">
     <span class='ocr_line' id='line_1_10' title="bbox 76 451 1431 510; baseline -0.01 -9"><span class='ocrx_word' id='word_1_55' title='bbox 76 451 276 510; x_wconf 65' lang='lat' dir='ltr'><strong>PthmS·</strong></span> <span class='ocrx_word' id='word_1_56' title='bbox 324 464 506 507; x_wconf 62' lang='lat' dir='ltr'><strong>mslnu,</strong></span> <span class='ocrx_word' id='word_1_57' title='bbox 527 462 704 508; x_wconf 75' lang='lat' dir='ltr'><strong>superlata</strong></span> <span class='ocrx_word' id='word_1_58' title='bbox 727 467 791 494; x_wconf 74' lang='lat' dir='ltr'><strong>etc.</strong></span> <span class='ocrx_word' id='word_1_59' title='bbox 814 459 949 504; x_wconf 56' lang='lat' dir='ltr'><strong>(verbm</strong></span> <span class='ocrx_word' id='word_1_60' title='bbox 974 469 1008 491; x_wconf 80' lang='grc' dir='ltr'><strong>α.</strong></span> <span class='ocrx_word' id='word_1_61' title='bbox 1031 460 1055 490; x_wconf 85' lang='grc' dir='ltr'><strong>Ι.</strong></span> <span class='ocrx_word' id='word_1_62' title='bbox 1079 453 1227 500; x_wconf 83' lang='lat' dir='ltr'><strong>supral.)</strong></span> <span class='ocrx_word' id='word_1_63' title='bbox 1254 456 1290 498; x_wconf 88' lang='lat'><strong>8,</strong></span> <span class='ocrx_word' id='word_1_64' title='bbox 1315 456 1349 497; x_wconf 80' lang='lat'><strong>3,</strong></span> <span class='ocrx_word' id='word_1_65' title='bbox 1371 456 1431 489; x_wconf 83' lang='lat'><strong>43.</strong></span> 
     </span>
    </p>
   </div>
   <div class='ocr_carea' id='block_1_6' title="bbox 25 525 1554 1391">
    <p class='ocr_par' dir='ltr' id='par_1_6' title="bbox 25 525 1552 1001">
     <span class='ocr_line' id='line_1_11' title="bbox 46 525 1549 579; baseline -0.011 -7"><span class='ocrx_word' id='word_1_66' title='bbox 46 534 199 579; x_wconf 67' lang='grc' dir='ltr'>ΠΡΘΙὮ·</span> <span class='ocrx_word' id='word_1_67' title='bbox 243 538 348 578; x_wconf 88' lang='lat' dir='ltr'><strong>turpe</strong></span> <span class='ocrx_word' id='word_1_68' title='bbox 371 532 476 567; x_wconf 83' lang='lat' dir='ltr'><strong>ducet</strong></span> <span class='ocrx_word' id='word_1_69' title='bbox 498 531 668 566; x_wconf 80' lang='lat' dir='ltr'><strong>cedere</strong></span> <span class='ocrx_word' id='word_1_70' title='bbox 692 528 791 574; x_wconf 82' lang='lat' dir='ltr'><strong>pari,</strong></span> <span class='ocrx_word' id='word_1_71' title='bbox 822 527 1008 572; x_wconf 86' lang='lat' dir='ltr'><strong>pulchrum</strong></span> <span class='ocrx_word' id='word_1_72' title='bbox 1037 525 1194 567; x_wconf 81' lang='lat' dir='ltr'><strong>majores</strong></span> <span class='ocrx_word' id='word_1_73' title='bbox 1223 533 1488 576; x_wconf 36' lang='lat' dir='ltr'><strong>supera-sse</strong></span> <span class='ocrx_word' id='word_1_74' title='bbox 1514 526 1549 567; x_wconf 86' lang='lat'><strong>1,</strong></span> 
     </span>
     <span class='ocr_line' id='line_1_12' title="bbox 58 571 1550 623; baseline -0.008 -9"><span class='ocrx_word' id='word_1_75' title='bbox 58 583 105 622; x_wconf 87' lang='grc'><strong>2,</strong></span> <span class='ocrx_word' id='word_1_76' title='bbox 126 581 186 614; x_wconf 88' lang='grc'><strong>21.</strong></span> <span class='ocrx_word' id='word_1_77' title='bbox 210 579 348 623; x_wconf 80' lang='lat' dir='ltr'><strong>priores</strong></span> <span class='ocrx_word' id='word_1_78' title='bbox 374 584 655 622; x_wconf 81' lang='lat' dir='ltr'><strong>superasse,</strong></span> <span class='ocrx_word' id='word_1_79' title='bbox 678 581 843 620; x_wconf 87' lang='lat' dir='ltr'><strong>posteros</strong></span> <span class='ocrx_word' id='word_1_80' title='bbox 866 571 1090 608; x_wconf 82' lang='lat' dir='ltr'><strong>docuisse</strong></span> <span class='ocrx_word' id='word_1_81' title='bbox 1115 573 1179 622; x_wconf 72' lang='grc'><strong>10,</strong></span> <span class='ocrx_word' id='word_1_82' title='bbox 1204 572 1247 612; x_wconf 90' lang='grc'><strong>2,</strong></span> <span class='ocrx_word' id='word_1_83' title='bbox 1272 571 1329 604; x_wconf 88' lang='grc'><strong>28.</strong></span> <span class='ocrx_word' id='word_1_84' title='bbox 1355 581 1415 613; x_wconf 81' lang='lat' dir='ltr'><strong>qui</strong></span> <span class='ocrx_word' id='word_1_85' title='bbox 1441 580 1550 614; x_wconf 85' lang='lat' dir='ltr'><strong>prae-</strong></span> 
     </span>
     <span class='ocr_line' id='line_1_13' title="bbox 25 617 1548 664; baseline -0.007 -3"><span class='ocrx_word' id='word_1_86' title='bbox 25 647 27 650; x_wconf 61' lang='lat'>&lt;</span> <span class='ocrx_word' id='word_1_87' title='bbox 57 625 142 660; x_wconf 86' lang='lat' dir='ltr'><strong>cisis</strong></span> <span class='ocrx_word' id='word_1_88' title='bbox 168 624 456 660; x_wconf 73' lang='lat' dir='ltr'><strong>conclusionibus</strong></span> <span class='ocrx_word' id='word_1_89' title='bbox 478 622 621 657; x_wconf 78' lang='lat' dir='ltr'>obscuri</span> <span class='ocrx_word' id='word_1_90' title='bbox 644 621 846 656; x_wconf 77' lang='lat' dir='ltr'><strong>Sallustium</strong></span> <span class='ocrx_word' id='word_1_91' title='bbox 867 624 936 664; x_wconf 82' lang='lat' dir='ltr'><strong>atq.</strong></span> <span class='ocrx_word' id='word_1_92' title='bbox 956 617 1208 660; x_wconf 79' lang='lat' dir='ltr'><strong>Thucydidem</strong></span> <span class='ocrx_word' id='word_1_93' title='bbox 1227 620 1397 660; x_wconf 86' lang='lat' dir='ltr'><strong>superant</strong></span> <span class='ocrx_word' id='word_1_94' title='bbox 1414 618 1458 650; x_wconf 78' lang='lat' dir='ltr'><strong>ib.</strong></span> <span class='ocrx_word' id='word_1_95' title='bbox 1484 619 1548 659; x_wconf 90' lang='lat'><strong>17;</strong></span> 
     </span>
     <span class='ocr_line' id='line_1_14' title="bbox 39 661 1551 716; baseline -0.007 -10"><span class='ocrx_word' id='word_1_96' title='bbox 39 670 152 706; x_wconf 77' lang='lat' dir='ltr'><strong>&#39;hunc</strong></span> <span class='ocrx_word' id='word_1_97' title='bbox 174 680 281 706; x_wconf 86' lang='lat' dir='ltr'><strong>nemo</strong></span> <span class='ocrx_word' id='word_1_98' title='bbox 303 671 343 704; x_wconf 87' lang='lat' dir='ltr'><strong>iu</strong></span> <span class='ocrx_word' id='word_1_99' title='bbox 366 669 502 716; x_wconf 83' lang='lat' dir='ltr'><strong>magnis</strong></span> <span class='ocrx_word' id='word_1_100' title='bbox 524 668 630 703; x_wconf 84' lang='lat' dir='ltr'><strong>rebus</strong></span> <span class='ocrx_word' id='word_1_101' title='bbox 654 667 887 708; x_wconf 85' lang='lat' dir='ltr'><strong>sublimitate,</strong></span> <span class='ocrx_word' id='word_1_102' title='bbox 912 665 950 699; x_wconf 88' lang='lat' dir='ltr'><strong>in</strong></span> <span class='ocrx_word' id='word_1_103' title='bbox 972 663 1093 708; x_wconf 81' lang='lat' dir='ltr'><strong>parvis</strong></span> <span class='ocrx_word' id='word_1_104' title='bbox 1117 661 1332 707; x_wconf 79' lang='lat' dir='ltr'><strong>proprietate</strong></span> <span class='ocrx_word' id='word_1_105' title='bbox 1354 673 1551 706; x_wconf 81' lang='lat' dir='ltr'><strong>superave-</strong></span> 
     </span>
     <span class='ocr_line' id='line_1_15' title="bbox 29 707 1549 761; baseline -0.007 -10"><span class='ocrx_word' id='word_1_106' title='bbox 29 736 33 744; x_wconf 83' lang='lat'><em>=</em></span> <span class='ocrx_word' id='word_1_107' title='bbox 56 717 104 752; x_wconf 82' lang='lat' dir='ltr'><strong>rit</strong></span> <span class='ocrx_word' id='word_1_108' title='bbox 129 719 195 761; x_wconf 90' lang='lat'><strong>10,</strong></span> <span class='ocrx_word' id='word_1_109' title='bbox 222 721 263 760; x_wconf 92' lang='grc'><strong>1,</strong></span> <span class='ocrx_word' id='word_1_110' title='bbox 284 715 343 751; x_wconf 83' lang='grc'><strong>46.</strong></span> <span class='ocrx_word' id='word_1_111' title='bbox 367 711 413 758; x_wconf 73' lang='lat' dir='ltr'><strong>cs.</strong></span> <span class='ocrx_word' id='word_1_112' title='bbox 439 718 502 758; x_wconf 96' lang='lat'><strong>12,</strong></span> <span class='ocrx_word' id='word_1_113' title='bbox 529 717 591 758; x_wconf 91' lang='grc'><strong>10,</strong></span> <span class='ocrx_word' id='word_1_114' title='bbox 613 717 680 758; x_wconf 85' lang='grc'><strong>23;</strong></span> <span class='ocrx_word' id='word_1_115' title='bbox 706 713 767 759; x_wconf 86' lang='lat' dir='ltr'><strong>qui</strong></span> <span class='ocrx_word' id='word_1_116' title='bbox 791 712 935 747; x_wconf 87' lang='lat' dir='ltr'><strong>insidias</strong></span> <span class='ocrx_word' id='word_1_117' title='bbox 958 710 1092 746; x_wconf 77' lang='lat' dir='ltr'><strong>virtute</strong></span> <span class='ocrx_word' id='word_1_118' title='bbox 1115 714 1319 752; x_wconf 74' lang='lat' dir='ltr'><strong>superasset</strong></span> <span class='ocrx_word' id='word_1_119' title='bbox 1347 711 1403 751; x_wconf 88' lang='lat'><strong>11,</strong></span> <span class='ocrx_word' id='word_1_120' title='bbox 1429 711 1463 751; x_wconf 86' lang='lat'><strong>1,</strong></span> <span class='ocrx_word' id='word_1_121' title='bbox 1488 707 1549 742; x_wconf 87' lang='lat'><strong>40.</strong></span> 
     </span>
     <span class='ocr_line' id='line_1_16' title="bbox 27 754 1527 808; baseline -0.009 -10"><span class='ocrx_word' id='word_1_122' title='bbox 27 763 172 808; x_wconf 51' lang='lat' dir='ltr'><strong>ipsam</strong></span> <span class='ocrx_word' id='word_1_123' title='bbox 199 762 275 798; x_wconf 77' lang='lat' dir='ltr'><strong>vim</strong></span> <span class='ocrx_word' id='word_1_124' title='bbox 298 761 440 797; x_wconf 85' lang='lat' dir='ltr'><strong>dicendi</strong></span> <span class='ocrx_word' id='word_1_125' title='bbox 465 759 624 805; x_wconf 76' lang='lat' dir='ltr'><strong>(pictura)</strong></span> <span class='ocrx_word' id='word_1_126' title='bbox 648 770 902 804; x_wconf 82' lang='lat' dir='ltr'><strong>nonnunquam</strong></span> <span class='ocrx_word' id='word_1_127' title='bbox 927 755 1085 801; x_wconf 88' lang='lat' dir='ltr'><strong>superari</strong></span> <span class='ocrx_word' id='word_1_128' title='bbox 1111 755 1277 790; x_wconf 73' lang='lat' dir='ltr'><strong>videatur</strong></span> <span class='ocrx_word' id='word_1_129' title='bbox 1307 756 1347 787; x_wconf 92' lang='grc'><strong>11</strong></span> <span class='ocrx_word' id='word_1_130' title='bbox 1363 780 1375 796; x_wconf 87' lang='grc'><strong>,</strong></span> <span class='ocrx_word' id='word_1_131' title='bbox 1398 755 1441 796; x_wconf 88' lang='grc'><strong>3,</strong></span> <span class='ocrx_word' id='word_1_132' title='bbox 1467 754 1527 789; x_wconf 85' lang='grc'><strong>67.</strong></span> 
     </span>
     <span class='ocr_line' id='line_1_17' title="bbox 46 811 1551 865; baseline -0.006 -11"><span class='ocrx_word' id='word_1_133' title='bbox 46 821 278 865; x_wconf 65' lang='grc' dir='ltr'><strong>ΠΡΕΙῬΟΠΟ.</strong></span> <span class='ocrx_word' id='word_1_134' title='bbox 323 821 358 852; x_wconf 81' lang='lat' dir='ltr'><strong>in</strong></span> <span class='ocrx_word' id='word_1_135' title='bbox 380 820 518 852; x_wconf 72' lang='lat' dir='ltr'><strong>«licendo</strong></span> <span class='ocrx_word' id='word_1_136' title='bbox 542 820 566 852; x_wconf 87' lang='grc' dir='ltr'><strong>ἰ.</strong></span> <span class='ocrx_word' id='word_1_137' title='bbox 596 811 627 863; x_wconf 72' lang='grc' dir='ltr'><strong>ᾇ.</strong></span> <span class='ocrx_word' id='word_1_138' title='bbox 654 822 777 852; x_wconf 72' lang='lat' dir='ltr'><strong>ultra</strong></span> <span class='ocrx_word' id='word_1_139' title='bbox 805 817 1002 859; x_wconf 78' lang='lat' dir='ltr'><strong>adjicio.-</strong></span> <span class='ocrx_word' id='word_1_140' title='bbox 1039 812 1123 857; x_wconf 84' lang='lat' dir='ltr'><strong>quia</strong></span> <span class='ocrx_word' id='word_1_141' title='bbox 1152 811 1294 845; x_wconf 84' lang='lat' dir='ltr'><strong>iuterim</strong></span> <span class='ocrx_word' id='word_1_142' title='bbox 1317 812 1398 854; x_wconf 89' lang='lat' dir='ltr'><strong>plus</strong></span> <span class='ocrx_word' id='word_1_143' title='bbox 1428 811 1551 846; x_wconf 78' lang='lat' dir='ltr'><strong>valent</strong></span> 
     </span>
     <span class='ocr_line' id='line_1_18' title="bbox 57 857 1552 912; baseline -0.007 -11"><span class='ocrx_word' id='word_1_144' title='bbox 57 871 140 901; x_wconf 77' lang='lat' dir='ltr'><strong>ante</strong></span> <span class='ocrx_word' id='word_1_145' title='bbox 170 871 296 912; x_wconf 78' lang='lat' dir='ltr'><strong>gesta,</strong></span> <span class='ocrx_word' id='word_1_146' title='bbox 335 864 490 908; x_wconf 85' lang='lat' dir='ltr'><strong>ideoque</strong></span> <span class='ocrx_word' id='word_1_147' title='bbox 523 863 718 899; x_wconf 69' lang='lat' dir='ltr'><strong>levioribus</strong></span> <span class='ocrx_word' id='word_1_148' title='bbox 751 857 1024 906; x_wconf 85' lang='lat' dir='ltr'><strong>superponenda</strong></span> <span class='ocrx_word' id='word_1_149' title='bbox 1051 864 1134 910; x_wconf 72' lang='lat' dir='ltr'><strong>sunt</strong></span> <span class='ocrx_word' id='word_1_150' title='bbox 1159 859 1193 900; x_wconf 88' lang='grc'><strong>9,</strong></span> <span class='ocrx_word' id='word_1_151' title='bbox 1221 857 1256 900; x_wconf 81' lang='lat'><strong>4,</strong></span> <span class='ocrx_word' id='word_1_152' title='bbox 1282 859 1327 892; x_wconf 83' lang='lat'><strong>25</strong></span> <span class='ocrx_word' id='word_1_153' title='bbox 1348 857 1394 891; x_wconf 84' lang='lat' dir='ltr'><strong>N.</strong></span> <span class='ocrx_word' id='word_1_154' title='bbox 1436 867 1552 890; x_wconf 87' lang='lat' dir='ltr'><strong>sum-</strong></span> 
     </span>
     <span class='ocr_line' id='line_1_19' title="bbox 44 902 1552 954; baseline -0.007 -8"><span class='ocrx_word' id='word_1_155' title='bbox 44 923 167 946; x_wconf 27' lang='lat' dir='ltr'><strong>rmum</strong></span> <span class='ocrx_word' id='word_1_156' title='bbox 190 917 246 946; x_wconf 87' lang='lat' dir='ltr'><strong>est</strong></span> <span class='ocrx_word' id='word_1_157' title='bbox 266 909 517 946; x_wconf 82' lang='lat' dir='ltr'><strong>enim—huic</strong></span> <span class='ocrx_word' id='word_1_158' title='bbox 542 910 669 944; x_wconf 90' lang='lat' dir='ltr'><strong>deinde</strong></span> <span class='ocrx_word' id='word_1_159' title='bbox 693 908 825 954; x_wconf 82' lang='lat' dir='ltr'><strong>aliquid</strong></span> <span class='ocrx_word' id='word_1_160' title='bbox 853 910 1231 952; x_wconf 79' lang='lat' dir='ltr'><strong>superp081tum</strong></span> <span class='ocrx_word' id='word_1_161' title='bbox 1261 902 1316 946; x_wconf 82' lang='lat' dir='ltr'><strong>(a.</strong></span> <span class='ocrx_word' id='word_1_162' title='bbox 1340 907 1363 937; x_wconf 82' lang='lat'><strong>1.</strong></span> <span class='ocrx_word' id='word_1_163' title='bbox 1388 905 1552 948; x_wconf 74' lang='lat' dir='ltr'><strong>supr-ap.)</strong></span> 
     </span>
     <span class='ocr_line' id='line_1_20' title="bbox 54 957 214 1001; baseline -0.006 -8"><span class='ocrx_word' id='word_1_164' title='bbox 54 959 92 1001; x_wconf 91' lang='grc'><strong>8,</strong></span> <span class='ocrx_word' id='word_1_165' title='bbox 114 957 151 1000; x_wconf 89' lang='grc'><strong>4,</strong></span> <span class='ocrx_word' id='word_1_166' title='bbox 175 958 214 993; x_wconf 88' lang='grc'><strong>6.</strong></span> 
     </span>
    </p>

    <p class='ocr_par' dir='ltr' id='par_1_7' title="bbox 31 1006 1554 1391">
     <span class='ocr_line' id='line_1_21' title="bbox 46 1006 1553 1060; baseline -0.007 -11"><span class='ocrx_word' id='word_1_167' title='bbox 46 1011 252 1060; x_wconf 72' lang='lat' dir='ltr'><strong>uperstes·</strong></span> <span class='ocrx_word' id='word_1_168' title='bbox 297 1024 327 1050; x_wconf 87' lang='lat' dir='ltr'><strong>s.</strong></span> <span class='ocrx_word' id='word_1_169' title='bbox 353 1011 510 1046; x_wconf 87' lang='lat' dir='ltr'><strong>omnium</strong></span> <span class='ocrx_word' id='word_1_170' title='bbox 532 1022 694 1046; x_wconf 85' lang='lat' dir='ltr'><strong>meorum</strong></span> <span class='ocrx_word' id='word_1_171' title='bbox 715 1011 760 1055; x_wconf 91' lang='grc'><strong>6,</strong></span> <span class='ocrx_word' id='word_1_172' title='bbox 783 1013 840 1046; x_wconf 85' lang='lat' dir='ltr'><strong>Pr.</strong></span> <span class='ocrx_word' id='word_1_173' title='bbox 865 1010 901 1045; x_wconf 80' lang='lat'><strong>4.</strong></span> <span class='ocrx_word' id='word_1_174' title='bbox 930 1009 981 1055; x_wconf 84' lang='lat' dir='ltr'><strong>[s.</strong></span> <span class='ocrx_word' id='word_1_175' title='bbox 1007 1020 1135 1054; x_wconf 83' lang='lat' dir='ltr'><strong>parens</strong></span> <span class='ocrx_word' id='word_1_176' title='bbox 1169 1012 1306 1040; x_wconf 83' lang='lat' dir='ltr'><strong>tantum</strong></span> <span class='ocrx_word' id='word_1_177' title='bbox 1335 1006 1386 1039; x_wconf 88' lang='lat' dir='ltr'><strong>ad</strong></span> <span class='ocrx_word' id='word_1_178' title='bbox 1416 1016 1553 1050; x_wconf 79' lang='lat' dir='ltr'><strong>poenas</strong></span> 
     </span>
     <span class='ocr_line' id='line_1_22' title="bbox 31 1052 1485 1104; baseline -0.005 -10"><span class='ocrx_word' id='word_1_179' title='bbox 31 1071 33 1073; x_wconf 89' lang='lat'>·</span> <span class='ocrx_word' id='word_1_180' title='bbox 57 1059 199 1104; x_wconf 73' lang='lat' dir='ltr'><strong>ib.&#39;13.]</strong></span> <span class='ocrx_word' id='word_1_181' title='bbox 224 1058 347 1093; x_wconf 84' lang='lat' dir='ltr'><strong>liberis</strong></span> <span class='ocrx_word' id='word_1_182' title='bbox 370 1058 615 1103; x_wconf 78' lang='lat' dir='ltr'><strong>superstitibus</strong></span> <span class='ocrx_word' id='word_1_183' title='bbox 636 1057 734 1101; x_wconf 71' lang='lat' dir='ltr'><em>(Am.</em></span> <span class='ocrx_word' id='word_1_184' title='bbox 761 1060 854 1100; x_wconf 76' lang='lat' dir='ltr'><strong>abs.;</strong></span> <span class='ocrx_word' id='word_1_185' title='bbox 882 1058 949 1099; x_wconf 84' lang='lat' dir='ltr'><strong>Sp.</strong></span> <span class='ocrx_word' id='word_1_186' title='bbox 975 1056 1046 1098; x_wconf 77' lang='lat' dir='ltr'><strong>adj.</strong></span> <span class='ocrx_word' id='word_1_187' title='bbox 1071 1052 1298 1095; x_wconf 86' lang='lat' dir='ltr'><strong>oblectabar)</strong></span> <span class='ocrx_word' id='word_1_188' title='bbox 1324 1054 1368 1085; x_wconf 83' lang='lat' dir='ltr'><strong>ib.</strong></span> <span class='ocrx_word' id='word_1_189' title='bbox 1393 1052 1415 1085; x_wconf 91' lang='grc'><strong>6</strong></span> <span class='ocrx_word' id='word_1_190' title='bbox 1440 1056 1485 1087; x_wconf 89' lang='grc' dir='ltr'><strong>Ζ.</strong></span> 
     </span>
     <span class='ocr_line' id='line_1_23' title="bbox 45 1106 1553 1162; baseline -0.003 -16"><span class='ocrx_word' id='word_1_191' title='bbox 45 1106 283 1161; x_wconf 79' lang='lat' dir='ltr'><strong>uperstitio.</strong></span> <span class='ocrx_word' id='word_1_192' title='bbox 328 1120 370 1149; x_wconf 86' lang='lat' dir='ltr'><strong>ut</strong></span> <span class='ocrx_word' id='word_1_193' title='bbox 391 1127 412 1149; x_wconf 85' lang='lat' dir='ltr'><strong>a</strong></span> <span class='ocrx_word' id='word_1_194' title='bbox 434 1115 671 1162; x_wconf 83' lang='lat' dir='ltr'><strong>religione</strong></span> <span class='ocrx_word' id='word_1_195' title='bbox 696 1119 893 1158; x_wconf 88' lang='lat' dir='ltr'><strong>superst.</strong></span> <span class='ocrx_word' id='word_1_196' title='bbox 919 1112 1026 1146; x_wconf 86' lang='lat' dir='ltr'><strong>distat</strong></span> <span class='ocrx_word' id='word_1_197' title='bbox 1050 1113 1093 1155; x_wconf 97' lang='grc'><strong>8,</strong></span> <span class='ocrx_word' id='word_1_198' title='bbox 1122 1113 1165 1153; x_wconf 82' lang='lat'><strong>3,</strong></span> <span class='ocrx_word' id='word_1_199' title='bbox 1194 1111 1251 1145; x_wconf 86' lang='lat'><strong>55.</strong></span> <span class='ocrx_word' id='word_1_200' title='bbox 1283 1120 1314 1142; x_wconf 88' lang='lat' dir='ltr'><strong>s.</strong></span> <span class='ocrx_word' id='word_1_201' title='bbox 1340 1109 1493 1161; x_wconf 55' lang='lat' dir='ltr'><strong>:Iudaica</strong></span> <span class='ocrx_word' id='word_1_202' title='bbox 1516 1110 1553 1151; x_wconf 78' lang='lat'><strong>3,</strong></span> 
     </span>
     <span class='ocr_line' id='line_1_24' title="bbox 39 1157 1554 1208; baseline -0.006 -10"><span class='ocrx_word' id='word_1_203' title='bbox 39 1167 92 1208; x_wconf 74' lang='grc'><strong>’7,</strong></span> <span class='ocrx_word' id='word_1_204' title='bbox 115 1166 158 1197; x_wconf 87' lang='grc'><strong>21</strong></span> <span class='ocrx_word' id='word_1_205' title='bbox 181 1163 228 1196; x_wconf 86' lang='grc' dir='ltr'><strong>Ν.</strong></span> <span class='ocrx_word' id='word_1_206' title='bbox 252 1161 340 1196; x_wconf 82' lang='lat' dir='ltr'><strong>illud</strong></span> <span class='ocrx_word' id='word_1_207' title='bbox 363 1161 494 1196; x_wconf 83' lang='lat' dir='ltr'><strong>nimiae</strong></span> <span class='ocrx_word' id='word_1_208' title='bbox 516 1161 780 1206; x_wconf 74' lang='lat' dir='ltr'><strong>superstitionis</strong></span> <span class='ocrx_word' id='word_1_209' title='bbox 801 1162 862 1201; x_wconf 82' lang='lat' dir='ltr'><strong>(sc.</strong></span> <span class='ocrx_word' id='word_1_210' title='bbox 887 1172 930 1193; x_wconf 80' lang='lat' dir='ltr'><strong>es</strong></span> <span class='ocrx_word' id='word_1_211' title='bbox 943 1158 972 1202; x_wconf 77' lang='lat'><strong>1)</strong></span> <span class='ocrx_word' id='word_1_212' title='bbox 996 1160 1030 1200; x_wconf 81' lang='lat'><strong>9,</strong></span> <span class='ocrx_word' id='word_1_213' title='bbox 1054 1157 1090 1200; x_wconf 80' lang='lat'><strong>4,</strong></span> <span class='ocrx_word' id='word_1_214' title='bbox 1114 1159 1171 1191; x_wconf 85' lang='lat'><strong>25.</strong></span> <span class='ocrx_word' id='word_1_215' title='bbox 1202 1166 1251 1189; x_wconf 91' lang='lat' dir='ltr'><strong>so</strong></span> <span class='ocrx_word' id='word_1_216' title='bbox 1262 1163 1492 1208; x_wconf 61' lang='lat' dir='ltr'><strong>urniorum</strong></span> <span class='ocrx_word' id='word_1_217' title='bbox 1516 1161 1554 1189; x_wconf 89' lang='lat' dir='ltr'><strong>et</strong></span> 
     </span>
     <span class='ocr_line' id='line_1_25' title="bbox 55 1202 1551 1253; baseline -0.006 -10"><span class='ocrx_word' id='word_1_218' title='bbox 55 1207 451 1253; x_wconf 71' lang='lat' dir='ltr'><strong>superstitionum</strong></span> <span class='ocrx_word' id='word_1_219' title='bbox 478 1209 617 1242; x_wconf 88' lang='lat' dir='ltr'><strong>colores</strong></span> <span class='ocrx_word' id='word_1_220' title='bbox 640 1207 687 1250; x_wconf 87' lang='lat'><strong>4,</strong></span> <span class='ocrx_word' id='word_1_221' title='bbox 710 1210 753 1249; x_wconf 83' lang='lat'><strong>2,</strong></span> <span class='ocrx_word' id='word_1_222' title='bbox 776 1205 824 1242; x_wconf 77' lang='lat'><strong>94</strong></span> <span class='ocrx_word' id='word_1_223' title='bbox 841 1206 886 1240; x_wconf 76' lang='lat' dir='ltr'><strong>N.</strong></span> <span class='ocrx_word' id='word_1_224' title='bbox 920 1209 1035 1238; x_wconf 89' lang='lat' dir='ltr'><strong>metus</strong></span> <span class='ocrx_word' id='word_1_225' title='bbox 1059 1202 1321 1247; x_wconf 69' lang='lat' dir='ltr'><strong>superstitionis</strong></span> <span class='ocrx_word' id='word_1_226' title='bbox 1347 1203 1410 1242; x_wconf 83' lang='lat'><strong>12,</strong></span> <span class='ocrx_word' id='word_1_227' title='bbox 1435 1204 1478 1244; x_wconf 85' lang='lat'><strong>2,</strong></span> <span class='ocrx_word' id='word_1_228' title='bbox 1504 1203 1551 1244; x_wconf 76' lang='lat'><strong>33</strong></span> 
     </span>
     <span class='ocr_line' id='line_1_26' title="bbox 34 1247 1553 1300; baseline -0.007 -11"><span class='ocrx_word' id='word_1_229' title='bbox 34 1255 152 1300; x_wconf 79' lang='lat' dir='ltr'><strong>&#39;quod</strong></span> <span class='ocrx_word' id='word_1_230' title='bbox 174 1264 288 1288; x_wconf 73' lang='lat' dir='ltr'><strong>novas</strong></span> <span class='ocrx_word' id='word_1_231' title='bbox 310 1265 389 1298; x_wconf 86' lang='lat' dir='ltr'><strong>sup.</strong></span> <span class='ocrx_word' id='word_1_232' title='bbox 408 1253 652 1288; x_wconf 83' lang='lat' dir='ltr'><strong>introduceret</strong></span> <span class='ocrx_word' id='word_1_233' title='bbox 674 1252 711 1295; x_wconf 89' lang='lat'><strong>4,</strong></span> <span class='ocrx_word' id='word_1_234' title='bbox 736 1251 773 1296; x_wconf 84' lang='lat'><strong>4,</strong></span> <span class='ocrx_word' id='word_1_235' title='bbox 797 1254 838 1294; x_wconf 80' lang='lat'><strong>53</strong></span> <span class='ocrx_word' id='word_1_236' title='bbox 862 1249 1115 1295; x_wconf 86' lang='lat' dir='ltr'><strong>superstitione</strong></span> <span class='ocrx_word' id='word_1_237' title='bbox 1138 1247 1321 1282; x_wconf 87' lang='lat' dir='ltr'><strong>constricti</strong></span> <span class='ocrx_word' id='word_1_238' title='bbox 1348 1250 1405 1289; x_wconf 84' lang='lat'><strong>12,</strong></span> <span class='ocrx_word' id='word_1_239' title='bbox 1430 1250 1466 1290; x_wconf 84' lang='lat'><strong>2,</strong></span> <span class='ocrx_word' id='word_1_240' title='bbox 1494 1247 1553 1282; x_wconf 86' lang='lat'><strong>26.</strong></span> 
     </span>
     <span class='ocr_line' id='line_1_27' title="bbox 53 1292 1550 1344; baseline -0.003 -11"><span class='ocrx_word' id='word_1_241' title='bbox 53 1302 157 1338; x_wconf 67' lang='lat' dir='ltr'><strong>velut</strong></span> <span class='ocrx_word' id='word_1_242' title='bbox 182 1300 288 1344; x_wconf 83' lang='lat' dir='ltr'><strong>quad.</strong></span> <span class='ocrx_word' id='word_1_243' title='bbox 303 1300 392 1344; x_wconf 77' lang='lat' dir='ltr'><strong>&#39;sup-</strong></span> <span class='ocrx_word' id='word_1_244' title='bbox 416 1297 571 1332; x_wconf 85' lang='lat' dir='ltr'><strong>imbutus</strong></span> <span class='ocrx_word' id='word_1_245' title='bbox 594 1300 627 1341; x_wconf 84' lang='lat'><strong>3,</strong></span> <span class='ocrx_word' id='word_1_246' title='bbox 654 1301 686 1340; x_wconf 90' lang='lat'><strong>1,</strong></span> <span class='ocrx_word' id='word_1_247' title='bbox 710 1301 767 1333; x_wconf 82' lang='lat'><strong>22.</strong></span> <span class='ocrx_word' id='word_1_248' title='bbox 794 1309 863 1342; x_wconf 85' lang='lat' dir='ltr'><strong>qua</strong></span> <span class='ocrx_word' id='word_1_249' title='bbox 886 1302 983 1330; x_wconf 83' lang='lat' dir='ltr'><strong>tanta</strong></span> <span class='ocrx_word' id='word_1_250' title='bbox 1005 1307 1082 1340; x_wconf 89' lang='lat' dir='ltr'><strong>sup.</strong></span> <span class='ocrx_word' id='word_1_251' title='bbox 1104 1294 1339 1340; x_wconf 87' lang='lat' dir='ltr'><strong>prohibemur</strong></span> <span class='ocrx_word' id='word_1_252' title='bbox 1366 1292 1402 1334; x_wconf 84' lang='lat'><strong>4,</strong></span> <span class='ocrx_word' id='word_1_253' title='bbox 1433 1296 1467 1337; x_wconf 87' lang='lat'><strong>1,</strong></span> <span class='ocrx_word' id='word_1_254' title='bbox 1490 1293 1550 1328; x_wconf 82' lang='lat'><strong>64.</strong></span> 
     </span>
     <span class='ocr_line' id='line_1_28' title="bbox 57 1339 1416 1391; baseline -0.006 -10"><span class='ocrx_word' id='word_1_255' title='bbox 57 1345 310 1391; x_wconf 75' lang='lat' dir='ltr'><strong>superstitione</strong></span> <span class='ocrx_word' id='word_1_256' title='bbox 334 1350 606 1390; x_wconf 80' lang='lat' dir='ltr'><strong>&#39;praeceptorum</strong></span> <span class='ocrx_word' id='word_1_257' title='bbox 629 1350 754 1378; x_wconf 85' lang='lat' dir='ltr'><strong>contra</strong></span> <span class='ocrx_word' id='word_1_258' title='bbox 773 1344 947 1378; x_wconf 86' lang='lat' dir='ltr'><strong>rationem</strong></span> <span class='ocrx_word' id='word_1_259' title='bbox 971 1352 1100 1376; x_wconf 88' lang='lat' dir='ltr'><strong>causae</strong></span> <span class='ocrx_word' id='word_1_260' title='bbox 1123 1340 1216 1375; x_wconf 86' lang='lat' dir='ltr'><strong>trahi</strong></span> <span class='ocrx_word' id='word_1_261' title='bbox 1237 1339 1276 1383; x_wconf 91' lang='lat'><strong>4,</strong></span> <span class='ocrx_word' id='word_1_262' title='bbox 1298 1342 1334 1383; x_wconf 86' lang='lat'><strong>2,</strong></span> <span class='ocrx_word' id='word_1_263' title='bbox 1358 1340 1416 1374; x_wconf 83' lang='grc'><strong>85.</strong></span> 
     </span>
    </p>
   </div>
   <div class='ocr_carea' id='block_1_7' title="bbox 36 1403 1553 1504">
    <p class='ocr_par' dir='ltr' id='par_1_8' title="bbox 36 1403 1553 1504">
     <span class='ocr_line' id='line_1_29' title="bbox 47 1403 1553 1459; baseline -0.005 -11"><span class='ocrx_word' id='word_1_264' title='bbox 47 1403 332 1459; x_wconf 68' lang='lat' dir='ltr'><strong>uperstifiose·</strong></span> <span class='ocrx_word' id='word_1_265' title='bbox 377 1414 449 1447; x_wconf 90' lang='lat' dir='ltr'><strong>hoc</strong></span> <span class='ocrx_word' id='word_1_266' title='bbox 482 1414 572 1448; x_wconf 81' lang='lat' dir='ltr'><strong>adeo</strong></span> <span class='ocrx_word' id='word_1_267' title='bbox 603 1424 634 1447; x_wconf 83' lang='lat' dir='ltr'><strong>s.</strong></span> <span class='ocrx_word' id='word_1_268' title='bbox 658 1411 738 1446; x_wconf 87' lang='lat' dir='ltr'><strong>fieri</strong></span> <span class='ocrx_word' id='word_1_269' title='bbox 761 1415 803 1455; x_wconf 91' lang='lat'><strong>1,</strong></span> <span class='ocrx_word' id='word_1_270' title='bbox 827 1414 870 1455; x_wconf 86' lang='lat'><strong>1,</strong></span> <span class='ocrx_word' id='word_1_271' title='bbox 896 1413 953 1446; x_wconf 92' lang='grc'><strong>13.</strong></span> <span class='ocrx_word' id='word_1_272' title='bbox 988 1421 1064 1444; x_wconf 87' lang='lat' dir='ltr'><strong>non</strong></span> <span class='ocrx_word' id='word_1_273' title='bbox 1086 1421 1117 1444; x_wconf 83' lang='lat' dir='ltr'><strong>s.</strong></span> <span class='ocrx_word' id='word_1_274' title='bbox 1141 1407 1306 1456; x_wconf 87' lang='lat' dir='ltr'><strong>cogitatis</strong></span> <span class='ocrx_word' id='word_1_275' title='bbox 1330 1408 1475 1442; x_wconf 88' lang='lat' dir='ltr'><strong>demum</strong></span> <span class='ocrx_word' id='word_1_276' title='bbox 1497 1413 1553 1442; x_wconf 88' lang='lat' dir='ltr'><strong>est</strong></span> 
     </span>
     <span class='ocr_line' id='line_1_30' title="bbox 36 1457 519 1504; baseline -0.002 -9"><span class='ocrx_word' id='word_1_277' title='bbox 36 1457 316 1504; x_wconf 53' lang='lat' dir='ltr'><strong>,iniiam-endum</strong></span> <span class='ocrx_word' id='word_1_278' title='bbox 338 1460 396 1502; x_wconf 89' lang='grc'><strong>10,</strong></span> <span class='ocrx_word' id='word_1_279' title='bbox 418 1460 457 1503; x_wconf 88' lang='grc'><strong>6,</strong></span> <span class='ocrx_word' id='word_1_280' title='bbox 484 1459 519 1494; x_wconf 88' lang='grc'><strong>5.</strong></span> 
     </span>
    </p>
   </div>
   <div class='ocr_carea' id='block_1_8' title="bbox 13 1517 1551 1674">
    <p class='ocr_par' dir='ltr' id='par_1_9' title="bbox 13 1517 1551 1674">
     <span class='ocr_line' id='line_1_31' title="bbox 46 1517 1551 1572; baseline -0.001 -14"><span class='ocrx_word' id='word_1_281' title='bbox 46 1517 358 1572; x_wconf 82' lang='lat' dir='ltr'><strong>uperstitiosus.</strong></span> <span class='ocrx_word' id='word_1_282' title='bbox 403 1523 485 1569; x_wconf 69' lang='grc' dir='ltr'><strong>ἤθη</strong></span> <span class='ocrx_word' id='word_1_283' title='bbox 515 1525 555 1559; x_wconf 88' lang='lat' dir='ltr'><strong>in</strong></span> <span class='ocrx_word' id='word_1_284' title='bbox 588 1525 744 1569; x_wconf 88' lang='lat' dir='ltr'><strong>scholis,</strong></span> <span class='ocrx_word' id='word_1_285' title='bbox 776 1524 905 1571; x_wconf 75' lang='lat' dir='ltr'><strong>quibus</strong></span> <span class='ocrx_word' id='word_1_286' title='bbox 940 1523 1150 1567; x_wconf 86' lang='lat' dir='ltr'><strong>plerumque</strong></span> <span class='ocrx_word' id='word_1_287' title='bbox 1188 1522 1457 1567; x_wconf 85' lang='lat' dir='ltr'><strong>superstitiosos</strong></span> <span class='ocrx_word' id='word_1_288' title='bbox 1487 1530 1551 1556; x_wconf 82' lang='lat' dir='ltr'><strong>etc.</strong></span> 
     </span>
     <span class='ocr_line' id='line_1_32' title="bbox 58 1572 1269 1617; baseline -0.011 -10"><span class='ocrx_word' id='word_1_289' title='bbox 58 1573 259 1617; x_wconf 77' lang='lat' dir='ltr'><strong>effingimus</strong></span> <span class='ocrx_word' id='word_1_290' title='bbox 280 1572 316 1614; x_wconf 88' lang='grc'><strong>6,</strong></span> <span class='ocrx_word' id='word_1_291' title='bbox 340 1574 376 1613; x_wconf 93' lang='grc'><strong>2,</strong></span> <span class='ocrx_word' id='word_1_292' title='bbox 400 1573 457 1604; x_wconf 89' lang='grc'><strong>17.</strong></span> <span class='ocrx_word' id='word_1_293' title='bbox 1264 1573 1269 1578; x_wconf 89' lang='lat'><strong>·</strong></span> 
     </span>
     <span class='ocr_line' id='line_1_33' title="bbox 13 1617 1423 1674; baseline -0.004 -13"><span class='ocrx_word' id='word_1_294' title='bbox 13 1617 286 1674; x_wconf 70' lang='lat' dir='ltr'><strong>superstruo.</strong></span> <span class='ocrx_word' id='word_1_295' title='bbox 324 1625 495 1671; x_wconf 81' lang='lat' dir='ltr'><strong>quidquid</strong></span> <span class='ocrx_word' id='word_1_296' title='bbox 521 1624 824 1669; x_wconf 78' lang='lat' dir='ltr'><strong>superstruxeris,</strong></span> <span class='ocrx_word' id='word_1_297' title='bbox 855 1630 999 1659; x_wconf 88' lang='lat' dir='ltr'><strong>corruet</strong></span> <span class='ocrx_word' id='word_1_298' title='bbox 1026 1628 1060 1668; x_wconf 87' lang='lat'><strong>1,</strong></span> <span class='ocrx_word' id='word_1_299' title='bbox 1083 1623 1119 1668; x_wconf 84' lang='lat'><strong>4,</strong></span> <span class='ocrx_word' id='word_1_300' title='bbox 1145 1625 1181 1659; x_wconf 90' lang='lat'><strong>5.</strong></span> <span class='ocrx_word' id='word_1_301' title='bbox 1412 1652 1423 1672; x_wconf 55' lang='grc' dir='ltr'>Ι</span> 
     </span>
    </p>
   </div>
   <div class='ocr_carea' id='block_1_9' title="bbox 0 1672 1556 2747">
    <p class='ocr_par' dir='ltr' id='par_1_10' title="bbox 0 1672 1556 2747">
     <span class='ocr_line' id='line_1_34' title="bbox 14 1672 1554 1740; baseline -0.001 -12"><span class='ocrx_word' id='word_1_302' title='bbox 14 1672 260 1740; x_wconf 59' lang='lat' dir='ltr'><strong>supersum.</strong></span> <span class='ocrx_word' id='word_1_303' title='bbox 300 1692 463 1738; x_wconf 80' lang='lat' dir='ltr'><strong>superfui</strong></span> <span class='ocrx_word' id='word_1_304' title='bbox 487 1695 532 1736; x_wconf 90' lang='lat'><strong>1,</strong></span> <span class='ocrx_word' id='word_1_305' title='bbox 555 1694 598 1736; x_wconf 90' lang='lat'><strong>5,</strong></span> <span class='ocrx_word' id='word_1_306' title='bbox 623 1693 683 1728; x_wconf 87' lang='grc'><strong>68.</strong></span> <span class='ocrx_word' id='word_1_307' title='bbox 729 1692 780 1736; x_wconf 69' lang='grc' dir='ltr'><strong>α)</strong></span> <span class='ocrx_word' id='word_1_308' title='bbox 804 1692 1072 1726; x_wconf 83' lang='lat' dir='ltr'><strong>amoliamur</strong></span> <span class='ocrx_word' id='word_1_309' title='bbox 1105 1697 1244 1734; x_wconf 81' lang='lat' dir='ltr'><strong>cetera,</strong></span> <span class='ocrx_word' id='word_1_310' title='bbox 1278 1697 1320 1726; x_wconf 89' lang='lat' dir='ltr'><strong>ut</strong></span> <span class='ocrx_word' id='word_1_311' title='bbox 1341 1692 1412 1726; x_wconf 91' lang='lat' dir='ltr'><strong>hoc</strong></span> <span class='ocrx_word' id='word_1_312' title='bbox 1436 1692 1554 1727; x_wconf 89' lang='lat' dir='ltr'><strong>solum</strong></span> 
     </span>
     <span class='ocr_line' id='line_1_35' title="bbox 58 1738 1556 1785; baseline -0.002 -10"><span class='ocrx_word' id='word_1_313' title='bbox 58 1740 279 1785; x_wconf 72' lang='lat' dir='ltr'><strong>supersit</strong></span> <span class='ocrx_word' id='word_1_314' title='bbox 301 1742 337 1782; x_wconf 85' lang='lat'><strong>9,</strong></span> <span class='ocrx_word' id='word_1_315' title='bbox 361 1742 398 1782; x_wconf 88' lang='grc'><strong>2,</strong></span> <span class='ocrx_word' id='word_1_316' title='bbox 422 1742 457 1773; x_wconf 83' lang='grc'><strong>7.</strong></span> <span class='ocrx_word' id='word_1_317' title='bbox 484 1739 530 1780; x_wconf 75' lang='lat' dir='ltr'><strong>cf.</strong></span> <span class='ocrx_word' id='word_1_318' title='bbox 554 1742 589 1781; x_wconf 91' lang='lat'><strong>7,</strong></span> <span class='ocrx_word' id='word_1_319' title='bbox 615 1742 649 1781; x_wconf 91' lang='lat'><strong>1,</strong></span> <span class='ocrx_word' id='word_1_320' title='bbox 677 1740 734 1772; x_wconf 84' lang='lat'><strong>31.</strong></span> <span class='ocrx_word' id='word_1_321' title='bbox 767 1750 859 1782; x_wconf 84' lang='lat' dir='ltr'><strong>quae</strong></span> <span class='ocrx_word' id='word_1_322' title='bbox 883 1739 914 1772; x_wconf 88' lang='lat' dir='ltr'><strong>si</strong></span> <span class='ocrx_word' id='word_1_323' title='bbox 943 1738 1200 1780; x_wconf 81' lang='lat' dir='ltr'><strong>detrahas,</strong></span> <span class='ocrx_word' id='word_1_324' title='bbox 1227 1739 1265 1772; x_wconf 85' lang='lat' dir='ltr'><strong>id</strong></span> <span class='ocrx_word' id='word_1_325' title='bbox 1287 1739 1365 1772; x_wconf 81' lang='lat' dir='ltr'><strong>fere</strong></span> <span class='ocrx_word' id='word_1_326' title='bbox 1394 1749 1556 1783; x_wconf 90' lang='lat' dir='ltr'><strong>super-</strong></span> 
     </span>
     <span class='ocr_line' id='line_1_36' title="bbox 60 1784 1553 1829; baseline -0.003 -8"><span class='ocrx_word' id='word_1_327' title='bbox 60 1787 148 1822; x_wconf 88' lang='lat' dir='ltr'><strong>erit</strong></span> <span class='ocrx_word' id='word_1_328' title='bbox 170 1788 207 1828; x_wconf 75' lang='lat'><strong>3,</strong></span> <span class='ocrx_word' id='word_1_329' title='bbox 228 1787 267 1829; x_wconf 85' lang='lat'><strong>8,</strong></span> <span class='ocrx_word' id='word_1_330' title='bbox 287 1786 346 1820; x_wconf 89' lang='grc'><strong>60.</strong></span> <span class='ocrx_word' id='word_1_331' title='bbox 370 1784 498 1820; x_wconf 80' lang='lat' dir='ltr'><strong>vitium</strong></span> <span class='ocrx_word' id='word_1_332' title='bbox 521 1784 608 1827; x_wconf 82' lang='lat' dir='ltr'><strong>erit,</strong></span> <span class='ocrx_word' id='word_1_333' title='bbox 632 1784 797 1829; x_wconf 84' lang='lat' dir='ltr'><strong>quotiens</strong></span> <span class='ocrx_word' id='word_1_334' title='bbox 821 1784 1030 1819; x_wconf 86' lang='lat' dir='ltr'><strong>otiosum</strong></span> <span class='ocrx_word' id='word_1_335' title='bbox 1053 1784 1211 1818; x_wconf 84' lang='lat' dir='ltr'><strong>fuerit</strong></span> <span class='ocrx_word' id='word_1_336' title='bbox 1237 1790 1274 1818; x_wconf 92' lang='lat' dir='ltr'><strong>et</strong></span> <span class='ocrx_word' id='word_1_337' title='bbox 1300 1784 1553 1828; x_wconf 81' lang='lat' dir='ltr'><strong>supererit,</strong></span> 
     </span>
     <span class='ocr_line' id='line_1_37' title="bbox 58 1829 1554 1875; baseline -0.003 -8"><span class='ocrx_word' id='word_1_338' title='bbox 58 1843 135 1867; x_wconf 83' lang='lat' dir='ltr'><strong>non</strong></span> <span class='ocrx_word' id='word_1_339' title='bbox 161 1842 243 1866; x_wconf 85' lang='lat' dir='ltr'><strong>cum</strong></span> <span class='ocrx_word' id='word_1_340' title='bbox 265 1830 522 1875; x_wconf 80' lang='lat' dir='ltr'><strong>adjicietur</strong></span> <span class='ocrx_word' id='word_1_341' title='bbox 544 1831 587 1873; x_wconf 93' lang='grc'><strong>8,</strong></span> <span class='ocrx_word' id='word_1_342' title='bbox 610 1832 652 1874; x_wconf 88' lang='grc'><strong>3,</strong></span> <span class='ocrx_word' id='word_1_343' title='bbox 676 1831 733 1865; x_wconf 90' lang='grc'><strong>55.</strong></span> <span class='ocrx_word' id='word_1_344' title='bbox 766 1830 798 1864; x_wconf 91' lang='lat' dir='ltr'><strong>si</strong></span> <span class='ocrx_word' id='word_1_345' title='bbox 831 1829 916 1875; x_wconf 85' lang='lat' dir='ltr'><strong>quid</strong></span> <span class='ocrx_word' id='word_1_346' title='bbox 945 1830 1163 1874; x_wconf 81' lang='lat' dir='ltr'><strong>superfuerit</strong></span> <span class='ocrx_word' id='word_1_347' title='bbox 1182 1833 1226 1872; x_wconf 90' lang='grc'><strong>2,</strong></span> <span class='ocrx_word' id='word_1_348' title='bbox 1249 1829 1295 1872; x_wconf 90' lang='grc'><strong>4,</strong></span> <span class='ocrx_word' id='word_1_349' title='bbox 1317 1829 1354 1863; x_wconf 86' lang='grc'><strong>4.</strong></span> <span class='ocrx_word' id='word_1_350' title='bbox 1382 1836 1554 1875; x_wconf 81' lang='lat' dir='ltr'><strong>quantum</strong></span> 
     </span>
     <span class='ocr_line' id='line_1_38' title="bbox 60 1874 1555 1922; baseline -0.001 -11"><span class='ocrx_word' id='word_1_351' title='bbox 60 1877 215 1922; x_wconf 78' lang='lat' dir='ltr'><strong>supersit</strong></span> <span class='ocrx_word' id='word_1_352' title='bbox 235 1874 273 1919; x_wconf 88' lang='lat'><strong>4,</strong></span> <span class='ocrx_word' id='word_1_353' title='bbox 298 1878 333 1919; x_wconf 90' lang='grc'><strong>5,</strong></span> <span class='ocrx_word' id='word_1_354' title='bbox 357 1878 414 1910; x_wconf 84' lang='grc'><strong>23.</strong></span> <span class='ocrx_word' id='word_1_355' title='bbox 443 1877 538 1919; x_wconf 89' lang='lat' dir='ltr'><strong>duo,</strong></span> <span class='ocrx_word' id='word_1_356' title='bbox 562 1887 655 1920; x_wconf 81' lang='lat' dir='ltr'><strong>quae</strong></span> <span class='ocrx_word' id='word_1_357' title='bbox 681 1877 758 1910; x_wconf 85' lang='lat' dir='ltr'><strong>sola</strong></span> <span class='ocrx_word' id='word_1_358' title='bbox 781 1882 990 1920; x_wconf 86' lang='lat' dir='ltr'><strong>supererant</strong></span> <span class='ocrx_word' id='word_1_359' title='bbox 1015 1879 1081 1918; x_wconf 86' lang='lat'><strong>11,</strong></span> <span class='ocrx_word' id='word_1_360' title='bbox 1107 1879 1151 1919; x_wconf 89' lang='lat'><strong>1,</strong></span> <span class='ocrx_word' id='word_1_361' title='bbox 1180 1876 1248 1918; x_wconf 80' lang='lat'><strong>623</strong></span> <span class='ocrx_word' id='word_1_362' title='bbox 1281 1876 1449 1920; x_wconf 86' lang='lat' dir='ltr'><strong>quamdiu</strong></span> <span class='ocrx_word' id='word_1_363' title='bbox 1472 1876 1555 1920; x_wconf 84' lang='lat' dir='ltr'><strong>qui-</strong></span> 
     </span>
     <span class='ocr_line' id='line_1_39' title="bbox 60 1921 1556 1967; baseline -0.002 -7"><span class='ocrx_word' id='word_1_364' title='bbox 60 1925 148 1960; x_wconf 88' lang='lat' dir='ltr'><strong>libet</strong></span> <span class='ocrx_word' id='word_1_365' title='bbox 175 1933 269 1956; x_wconf 85' lang='lat' dir='ltr'><strong>unus</strong></span> <span class='ocrx_word' id='word_1_366' title='bbox 302 1921 518 1966; x_wconf 83' lang='lat' dir='ltr'><strong>superfuerit</strong></span> <span class='ocrx_word' id='word_1_367' title='bbox 540 1923 585 1965; x_wconf 90' lang='grc'><strong>5,</strong></span> <span class='ocrx_word' id='word_1_368' title='bbox 610 1925 674 1965; x_wconf 92' lang='grc'><strong>10,</strong></span> <span class='ocrx_word' id='word_1_369' title='bbox 708 1925 787 1957; x_wconf 92' lang='grc'><strong>117.</strong></span> <span class='ocrx_word' id='word_1_370' title='bbox 821 1927 986 1967; x_wconf 85' lang='lat' dir='ltr'><strong>superest</strong></span> <span class='ocrx_word' id='word_1_371' title='bbox 1024 1923 1142 1956; x_wconf 85' lang='lat' dir='ltr'><strong>adhuc</strong></span> <span class='ocrx_word' id='word_1_372' title='bbox 1172 1927 1209 1956; x_wconf 89' lang='lat' dir='ltr'><strong>et</strong></span> <span class='ocrx_word' id='word_1_373' title='bbox 1242 1928 1398 1956; x_wconf 83' lang='lat' dir='ltr'><strong>exornat</strong></span> <span class='ocrx_word' id='word_1_374' title='bbox 1428 1922 1556 1957; x_wconf 84' lang='lat' dir='ltr'><strong>aetatis</strong></span> 
     </span>
     <span class='ocr_line' id='line_1_40' title="bbox 60 1966 1555 2015; baseline -0.001 -10"><span class='ocrx_word' id='word_1_375' title='bbox 60 1976 206 2005; x_wconf 85' lang='lat' dir='ltr'><strong>nostrae</strong></span> <span class='ocrx_word' id='word_1_376' title='bbox 229 1966 380 2015; x_wconf 83' lang='lat' dir='ltr'><strong>gloriam</strong></span> <span class='ocrx_word' id='word_1_377' title='bbox 401 1967 462 2003; x_wconf 79' lang='lat' dir='ltr'><strong>vir</strong></span> <span class='ocrx_word' id='word_1_378' title='bbox 483 1975 544 2002; x_wconf 79' lang='lat' dir='ltr'><strong>etc.</strong></span> <span class='ocrx_word' id='word_1_379' title='bbox 570 1970 638 2012; x_wconf 87' lang='grc'><strong>10,</strong></span> <span class='ocrx_word' id='word_1_380' title='bbox 661 1971 705 2010; x_wconf 93' lang='grc'><strong>1,</strong></span> <span class='ocrx_word' id='word_1_381' title='bbox 725 1966 793 2002; x_wconf 88' lang='grc'><strong>104</strong></span> <span class='ocrx_word' id='word_1_382' title='bbox 814 1969 887 2012; x_wconf 89' lang='grc' dir='ltr'><strong>Ν.;</strong></span> <span class='ocrx_word' id='word_1_383' title='bbox 917 1979 1000 2002; x_wconf 81' lang='lat' dir='ltr'><strong>cum</strong></span> <span class='ocrx_word' id='word_1_384' title='bbox 1022 1973 1123 2002; x_wconf 87' lang='lat' dir='ltr'><strong>tanto</strong></span> <span class='ocrx_word' id='word_1_385' title='bbox 1146 1969 1249 2012; x_wconf 88' lang='lat' dir='ltr'><strong>plura</strong></span> <span class='ocrx_word' id='word_1_386' title='bbox 1273 1970 1436 2012; x_wconf 86' lang='lat' dir='ltr'><strong>exempla</strong></span> <span class='ocrx_word' id='word_1_387' title='bbox 1458 1968 1555 2003; x_wconf 84' lang='lat' dir='ltr'><strong>bene</strong></span> 
     </span>
     <span class='ocr_line' id='line_1_41' title="bbox 61 2013 1555 2061; baseline -0.001 -11"><span class='ocrx_word' id='word_1_388' title='bbox 61 2014 205 2050; x_wconf 87' lang='lat' dir='ltr'><strong>dicendi</strong></span> <span class='ocrx_word' id='word_1_389' title='bbox 226 2013 489 2057; x_wconf 86' lang='lat' dir='ltr'><strong>supersint,</strong></span> <span class='ocrx_word' id='word_1_390' title='bbox 512 2025 615 2058; x_wconf 87' lang='lat' dir='ltr'><strong>quam</strong></span> <span class='ocrx_word' id='word_1_391' title='bbox 639 2013 1002 2061; x_wconf 86' lang='lat' dir='ltr'><strong>illis—contigerunt</strong></span> <span class='ocrx_word' id='word_1_392' title='bbox 1025 2017 1081 2057; x_wconf 91' lang='grc'><strong>10,</strong></span> <span class='ocrx_word' id='word_1_393' title='bbox 1106 2017 1143 2056; x_wconf 88' lang='grc'><strong>2,</strong></span> <span class='ocrx_word' id='word_1_394' title='bbox 1166 2015 1225 2049; x_wconf 89' lang='grc'><strong>28.</strong></span> <span class='ocrx_word' id='word_1_395' title='bbox 1248 2013 1280 2047; x_wconf 86' lang='lat' dir='ltr'><strong>si</strong></span> <span class='ocrx_word' id='word_1_396' title='bbox 1302 2015 1397 2047; x_wconf 86' lang='lat' dir='ltr'><strong>nuda</strong></span> <span class='ocrx_word' id='word_1_397' title='bbox 1420 2013 1555 2048; x_wconf 83' lang='lat' dir='ltr'><strong>infitia-</strong></span> 
     </span>
     <span class='ocr_line' id='line_1_42' title="bbox 59 2059 1554 2105; baseline -0.001 -9"><span class='ocrx_word' id='word_1_398' title='bbox 59 2063 114 2096; x_wconf 87' lang='lat' dir='ltr'><strong>tio</strong></span> <span class='ocrx_word' id='word_1_399' title='bbox 137 2065 297 2105; x_wconf 86' lang='lat' dir='ltr'><strong>superest</strong></span> <span class='ocrx_word' id='word_1_400' title='bbox 323 2061 358 2103; x_wconf 86' lang='lat'><strong>5,</strong></span> <span class='ocrx_word' id='word_1_401' title='bbox 384 2060 440 2103; x_wconf 83' lang='lat'><strong>13,</strong></span> <span class='ocrx_word' id='word_1_402' title='bbox 464 2063 499 2094; x_wconf 88' lang='lat'><strong>7.</strong></span> <span class='ocrx_word' id='word_1_403' title='bbox 525 2059 556 2094; x_wconf 91' lang='lat' dir='ltr'><strong>si</strong></span> <span class='ocrx_word' id='word_1_404' title='bbox 577 2080 624 2086; x_wconf 97' lang='lat'><strong>—</strong></span> <span class='ocrx_word' id='word_1_405' title='bbox 648 2059 797 2094; x_wconf 86' lang='lat' dir='ltr'><strong>actionis</strong></span> <span class='ocrx_word' id='word_1_406' title='bbox 820 2060 996 2104; x_wconf 82' lang='lat' dir='ltr'><strong>supererit</strong></span> <span class='ocrx_word' id='word_1_407' title='bbox 1016 2061 1120 2094; x_wconf 84' lang='lat' dir='ltr'><strong>locus</strong></span> <span class='ocrx_word' id='word_1_408' title='bbox 1137 2061 1172 2103; x_wconf 84' lang='grc'><strong>6,</strong></span> <span class='ocrx_word' id='word_1_409' title='bbox 1197 2063 1230 2103; x_wconf 92' lang='grc'><strong>1,</strong></span> <span class='ocrx_word' id='word_1_410' title='bbox 1252 2061 1290 2094; x_wconf 86' lang='grc'><strong>6.</strong></span> <span class='ocrx_word' id='word_1_411' title='bbox 1319 2061 1437 2093; x_wconf 85' lang='lat' dir='ltr'><strong>adhuc</strong></span> <span class='ocrx_word' id='word_1_412' title='bbox 1462 2071 1554 2104; x_wconf 90' lang='lat' dir='ltr'><strong>opus</strong></span> 
     </span>
     <span class='ocr_line' id='line_1_43' title="bbox 25 2105 1551 2151; baseline -0.002 -9"><span class='ocrx_word' id='word_1_413' title='bbox 25 2140 31 2144; x_wconf 75' lang='grc'><strong>,</strong></span> <span class='ocrx_word' id='word_1_414' title='bbox 61 2111 224 2151; x_wconf 85' lang='lat' dir='ltr'><strong>superest</strong></span> <span class='ocrx_word' id='word_1_415' title='bbox 242 2106 279 2148; x_wconf 85' lang='lat'><strong>6,</strong></span> <span class='ocrx_word' id='word_1_416' title='bbox 299 2107 336 2148; x_wconf 90' lang='grc'><strong>2,</strong></span> <span class='ocrx_word' id='word_1_417' title='bbox 357 2107 391 2138; x_wconf 90' lang='grc'><strong>1.</strong></span> <span class='ocrx_word' id='word_1_418' title='bbox 413 2116 495 2140; x_wconf 89' lang='lat' dir='ltr'><strong>cum</strong></span> <span class='ocrx_word' id='word_1_419' title='bbox 521 2105 637 2139; x_wconf 83' lang='lat' dir='ltr'><strong>oratio</strong></span> <span class='ocrx_word' id='word_1_420' title='bbox 657 2111 733 2139; x_wconf 86' lang='lat' dir='ltr'><strong>tota</strong></span> <span class='ocrx_word' id='word_1_421' title='bbox 756 2111 918 2149; x_wconf 87' lang='lat' dir='ltr'><strong>superest</strong></span> <span class='ocrx_word' id='word_1_422' title='bbox 939 2106 976 2149; x_wconf 88' lang='lat'><strong>6,</strong></span> <span class='ocrx_word' id='word_1_423' title='bbox 1000 2109 1033 2148; x_wconf 89' lang='lat'><strong>1,</strong></span> <span class='ocrx_word' id='word_1_424' title='bbox 1054 2108 1111 2140; x_wconf 91' lang='grc'><strong>10.</strong></span> <span class='ocrx_word' id='word_1_425' title='bbox 1138 2115 1213 2139; x_wconf 89' lang='lat' dir='ltr'><strong>non</strong></span> <span class='ocrx_word' id='word_1_426' title='bbox 1236 2105 1285 2139; x_wconf 88' lang='lat' dir='ltr'><strong>ita</strong></span> <span class='ocrx_word' id='word_1_427' title='bbox 1311 2105 1467 2139; x_wconf 85' lang='lat' dir='ltr'><strong>difficilis</strong></span> <span class='ocrx_word' id='word_1_428' title='bbox 1490 2117 1551 2139; x_wconf 90' lang='lat' dir='ltr'><strong>su-</strong></span> 
     </span>
     <span class='ocr_line' id='line_1_44' title="bbox 60 2150 1554 2199; baseline -0.001 -12"><span class='ocrx_word' id='word_1_429' title='bbox 60 2152 195 2199; x_wconf 80' lang='lat' dir='ltr'><strong>pererit</strong></span> <span class='ocrx_word' id='word_1_430' title='bbox 217 2150 376 2196; x_wconf 81' lang='lat' dir='ltr'><strong>quaestio</strong></span> <span class='ocrx_word' id='word_1_431' title='bbox 397 2153 440 2193; x_wconf 85' lang='lat'><strong>2,</strong></span> <span class='ocrx_word' id='word_1_432' title='bbox 464 2151 505 2190; x_wconf 89' lang='grc'><strong>5,</strong></span> <span class='ocrx_word' id='word_1_433' title='bbox 530 2152 586 2186; x_wconf 89' lang='grc'><strong>18.</strong></span> <span class='ocrx_word' id='word_1_434' title='bbox 611 2163 654 2185; x_wconf 89' lang='lat' dir='ltr'><strong>ea</strong></span> <span class='ocrx_word' id='word_1_435' title='bbox 675 2157 857 2195; x_wconf 86' lang='lat' dir='ltr'><strong>tempora,</strong></span> <span class='ocrx_word' id='word_1_436' title='bbox 879 2163 971 2197; x_wconf 78' lang='lat' dir='ltr'><strong>quae</strong></span> <span class='ocrx_word' id='word_1_437' title='bbox 992 2157 1182 2196; x_wconf 88' lang='lat' dir='ltr'><strong>supersunt</strong></span> <span class='ocrx_word' id='word_1_438' title='bbox 1207 2154 1270 2194; x_wconf 90' lang='grc'><strong>12,</strong></span> <span class='ocrx_word' id='word_1_439' title='bbox 1295 2154 1351 2193; x_wconf 89' lang='grc'><strong>11,</strong></span> <span class='ocrx_word' id='word_1_440' title='bbox 1377 2153 1433 2186; x_wconf 88' lang='grc'><strong>18.</strong></span> <span class='ocrx_word' id='word_1_441' title='bbox 1455 2153 1554 2197; x_wconf 84' lang='lat' dir='ltr'><strong>quod</strong></span> 
     </span>
     <span class='ocr_line' id='line_1_45' title="bbox 61 2196 1553 2242; baseline -0.001 -9"><span class='ocrx_word' id='word_1_442' title='bbox 61 2203 225 2242; x_wconf 83' lang='lat' dir='ltr'><strong>superest</strong></span> <span class='ocrx_word' id='word_1_443' title='bbox 245 2196 349 2232; x_wconf 81' lang='lat' dir='ltr'><strong>vocis</strong></span> <span class='ocrx_word' id='word_1_444' title='bbox 371 2199 427 2239; x_wconf 90' lang='lat'><strong>11,</strong></span> <span class='ocrx_word' id='word_1_445' title='bbox 449 2198 483 2237; x_wconf 83' lang='lat'><strong>3,</strong></span> <span class='ocrx_word' id='word_1_446' title='bbox 502 2197 569 2239; x_wconf 83' lang='lat'><strong>16;</strong></span> <span class='ocrx_word' id='word_1_447' title='bbox 594 2199 628 2230; x_wconf 73' lang='lat' dir='ltr'><strong>in</strong></span> <span class='ocrx_word' id='word_1_448' title='bbox 652 2199 873 2231; x_wconf 75' lang='lat' dir='ltr'><strong>continuanda</strong></span> <span class='ocrx_word' id='word_1_449' title='bbox 897 2200 1064 2231; x_wconf 74' lang='lat' dir='ltr'><strong>oratione.-</strong></span> <span class='ocrx_word' id='word_1_450' title='bbox 1090 2198 1261 2240; x_wconf 89' lang='lat' dir='ltr'><strong>Superest</strong></span> <span class='ocrx_word' id='word_1_451' title='bbox 1280 2196 1388 2231; x_wconf 86' lang='lat' dir='ltr'><strong>lectio</strong></span> <span class='ocrx_word' id='word_1_452' title='bbox 1407 2200 1441 2239; x_wconf 90' lang='lat'><strong>1,</strong></span> <span class='ocrx_word' id='word_1_453' title='bbox 1462 2198 1498 2241; x_wconf 87' lang='lat'><strong>8,</strong></span> <span class='ocrx_word' id='word_1_454' title='bbox 1518 2200 1553 2232; x_wconf 86' lang='lat'><strong>1.</strong></span> 
     </span>
     <span class='ocr_line' id='line_1_46' title="bbox 27 2242 1553 2288; baseline -0.001 -9"><span class='ocrx_word' id='word_1_455' title='bbox 27 2273 31 2280; x_wconf 88' lang='lat'>.</span> <span class='ocrx_word' id='word_1_456' title='bbox 62 2244 107 2287; x_wconf 79' lang='lat' dir='ltr'><strong>es.</strong></span> <span class='ocrx_word' id='word_1_457' title='bbox 131 2245 177 2286; x_wconf 85' lang='lat'><strong>6,</strong></span> <span class='ocrx_word' id='word_1_458' title='bbox 203 2245 245 2286; x_wconf 83' lang='lat'><strong>3,</strong></span> <span class='ocrx_word' id='word_1_459' title='bbox 269 2242 328 2278; x_wconf 85' lang='grc'><strong>84.</strong></span> <span class='ocrx_word' id='word_1_460' title='bbox 360 2242 577 2286; x_wconf 86' lang='lat' dir='ltr'><strong>Supersunt,</strong></span> <span class='ocrx_word' id='word_1_461' title='bbox 610 2242 671 2286; x_wconf 83' lang='lat' dir='ltr'><strong>qui</strong></span> <span class='ocrx_word' id='word_1_462' title='bbox 693 2244 738 2277; x_wconf 88' lang='lat' dir='ltr'><strong>de</strong></span> <span class='ocrx_word' id='word_1_463' title='bbox 761 2243 988 2288; x_wconf 84' lang='lat' dir='ltr'><strong>philosophia</strong></span> <span class='ocrx_word' id='word_1_464' title='bbox 1008 2242 1215 2287; x_wconf 85' lang='lat' dir='ltr'><strong>scripserint</strong></span> <span class='ocrx_word' id='word_1_465' title='bbox 1245 2245 1308 2284; x_wconf 85' lang='lat'><strong>10,</strong></span> <span class='ocrx_word' id='word_1_466' title='bbox 1338 2245 1372 2285; x_wconf 90' lang='lat'><strong>1,</strong></span> <span class='ocrx_word' id='word_1_467' title='bbox 1399 2245 1479 2278; x_wconf 83' lang='grc'><strong>123.</strong></span> <span class='ocrx_word' id='word_1_468' title='bbox 1506 2243 1553 2285; x_wconf 68' lang='lat' dir='ltr'><strong>qs.</strong></span> 
     </span>
     <span class='ocr_line' id='line_1_47' title="bbox 62 2286 1556 2333; baseline 0 -10"><span class='ocrx_word' id='word_1_469' title='bbox 62 2288 132 2325; x_wconf 80' lang='lat'><strong>104</strong></span> <span class='ocrx_word' id='word_1_470' title='bbox 149 2289 196 2323; x_wconf 78' lang='lat' dir='ltr'><strong>N.</strong></span> <span class='ocrx_word' id='word_1_471' title='bbox 243 2286 284 2333; x_wconf 78' lang='grc' dir='ltr'><strong>β)</strong></span> <span class='ocrx_word' id='word_1_472' title='bbox 308 2300 338 2321; x_wconf 77' lang='grc' dir='ltr'><strong>ο.</strong></span> <span class='ocrx_word' id='word_1_473' title='bbox 359 2291 443 2321; x_wconf 77' lang='lat' dir='ltr'><strong>Dat.</strong></span> <span class='ocrx_word' id='word_1_474' title='bbox 456 2303 467 2322; x_wconf 93' lang='lat'><strong>.·</strong></span> <span class='ocrx_word' id='word_1_475' title='bbox 487 2293 522 2321; x_wconf 89' lang='lat' dir='ltr'><strong>et</strong></span> <span class='ocrx_word' id='word_1_476' title='bbox 538 2288 640 2322; x_wconf 85' lang='lat' dir='ltr'><strong>vocis</strong></span> <span class='ocrx_word' id='word_1_477' title='bbox 658 2288 812 2323; x_wconf 83' lang='lat' dir='ltr'><strong>felicitas</strong></span> <span class='ocrx_word' id='word_1_478' title='bbox 829 2296 912 2330; x_wconf 63' lang='lat' dir='ltr'><strong>eim,</strong></span> <span class='ocrx_word' id='word_1_479' title='bbox 934 2289 1054 2324; x_wconf 82' lang='lat' dir='ltr'><strong>omnia</strong></span> <span class='ocrx_word' id='word_1_480' title='bbox 1074 2289 1229 2333; x_wconf 88' lang='lat' dir='ltr'><strong>denique</strong></span> <span class='ocrx_word' id='word_1_481' title='bbox 1249 2288 1283 2322; x_wconf 90' lang='lat' dir='ltr'><strong>ei</strong></span> <span class='ocrx_word' id='word_1_482' title='bbox 1301 2290 1556 2333; x_wconf 84' lang='lat' dir='ltr'><strong>superfuerunt</strong></span> 
     </span>
     <span class='ocr_line' id='line_1_48' title="bbox 64 2333 1555 2379; baseline 0 -9"><span class='ocrx_word' id='word_1_483' title='bbox 64 2339 123 2378; x_wconf 90' lang='grc'><strong>10,</strong></span> <span class='ocrx_word' id='word_1_484' title='bbox 138 2338 174 2378; x_wconf 90' lang='grc'><strong>1,</strong></span> <span class='ocrx_word' id='word_1_485' title='bbox 194 2335 273 2369; x_wconf 90' lang='grc'><strong>119.</strong></span> <span class='ocrx_word' id='word_1_486' title='bbox 298 2333 450 2368; x_wconf 84' lang='lat' dir='ltr'><strong>consilio</strong></span> <span class='ocrx_word' id='word_1_487' title='bbox 467 2335 568 2368; x_wconf 86' lang='lat' dir='ltr'><strong>locus</strong></span> <span class='ocrx_word' id='word_1_488' title='bbox 591 2340 752 2378; x_wconf 86' lang='lat' dir='ltr'><strong>superest</strong></span> <span class='ocrx_word' id='word_1_489' title='bbox 766 2335 801 2378; x_wconf 91' lang='grc'><strong>5,</strong></span> <span class='ocrx_word' id='word_1_490' title='bbox 829 2334 884 2378; x_wconf 89' lang='grc'><strong>14,</strong></span> <span class='ocrx_word' id='word_1_491' title='bbox 902 2337 962 2370; x_wconf 85' lang='grc'><strong>27.</strong></span> <span class='ocrx_word' id='word_1_492' title='bbox 986 2335 1072 2369; x_wconf 89' lang='lat' dir='ltr'><strong>huic</strong></span> <span class='ocrx_word' id='word_1_493' title='bbox 1093 2335 1147 2369; x_wconf 91' lang='lat' dir='ltr'><strong>rei</strong></span> <span class='ocrx_word' id='word_1_494' title='bbox 1174 2340 1338 2378; x_wconf 84' lang='lat' dir='ltr'><strong>superest</strong></span> <span class='ocrx_word' id='word_1_495' title='bbox 1361 2341 1500 2379; x_wconf 88' lang='lat' dir='ltr'><strong>tempus</strong></span> <span class='ocrx_word' id='word_1_496' title='bbox 1519 2339 1555 2379; x_wconf 92' lang='lat'><strong>1,</strong></span> 
     </span>
     <span class='ocr_line' id='line_1_49' title="bbox 62 2379 1555 2424; baseline 0.001 -10"><span class='ocrx_word' id='word_1_497' title='bbox 62 2383 106 2424; x_wconf 75' lang='grc'><strong>8,</strong></span> <span class='ocrx_word' id='word_1_498' title='bbox 124 2381 155 2417; x_wconf 84' lang='grc'><strong>5.</strong></span> <span class='ocrx_word' id='word_1_499' title='bbox 183 2379 292 2414; x_wconf 81' lang='lat' dir='ltr'><strong>satius</strong></span> <span class='ocrx_word' id='word_1_500' title='bbox 317 2385 372 2414; x_wconf 87' lang='lat' dir='ltr'><strong>est</strong></span> <span class='ocrx_word' id='word_1_501' title='bbox 397 2379 529 2424; x_wconf 82' lang='lat' dir='ltr'><strong>aliquid</strong></span> <span class='ocrx_word' id='word_1_502' title='bbox 556 2380 708 2414; x_wconf 84' lang='lat' dir='ltr'><strong>orationi</strong></span> <span class='ocrx_word' id='word_1_503' title='bbox 729 2391 995 2424; x_wconf 87' lang='lat' dir='ltr'><strong>superesse</strong></span> <span class='ocrx_word' id='word_1_504' title='bbox 1024 2392 1130 2424; x_wconf 89' lang='lat' dir='ltr'><strong>quam</strong></span> <span class='ocrx_word' id='word_1_505' title='bbox 1161 2381 1332 2414; x_wconf 89' lang='lat' dir='ltr'><strong>deesse</strong></span> <span class='ocrx_word' id='word_1_506' title='bbox 1354 2379 1404 2424; x_wconf 85' lang='lat'><strong>4,</strong></span> <span class='ocrx_word' id='word_1_507' title='bbox 1425 2384 1472 2424; x_wconf 90' lang='grc'><strong>2,</strong></span> <span class='ocrx_word' id='word_1_508' title='bbox 1495 2380 1555 2416; x_wconf 89' lang='grc'><strong>44.</strong></span> 
     </span>
     <span class='ocr_line' id='line_1_50' title="bbox 63 2425 1554 2470; baseline 0.001 -10"><span class='ocrx_word' id='word_1_509' title='bbox 63 2438 98 2460; x_wconf 76' lang='lat' dir='ltr'><strong>v.</strong></span> <span class='ocrx_word' id='word_1_510' title='bbox 126 2427 302 2460; x_wconf 75' lang='lat' dir='ltr'><strong>nesam.</strong></span> <span class='ocrx_word' id='word_1_511' title='bbox 331 2425 417 2460; x_wconf 81' lang='lat' dir='ltr'><strong>hinc</strong></span> <span class='ocrx_word' id='word_1_512' title='bbox 447 2435 590 2470; x_wconf 84' lang='lat' dir='ltr'><strong>quoque</strong></span> <span class='ocrx_word' id='word_1_513' title='bbox 613 2426 836 2460; x_wconf 83' lang='lat' dir='ltr'><strong>exclusis</strong></span> <span class='ocrx_word' id='word_1_514' title='bbox 859 2426 1044 2461; x_wconf 83' lang='lat' dir='ltr'><strong>excusatio</strong></span> <span class='ocrx_word' id='word_1_515' title='bbox 1068 2432 1289 2470; x_wconf 88' lang='lat' dir='ltr'><strong>superest</strong></span> <span class='ocrx_word' id='word_1_516' title='bbox 1310 2430 1353 2470; x_wconf 93' lang='lat'><strong>7,</strong></span> <span class='ocrx_word' id='word_1_517' title='bbox 1377 2425 1422 2470; x_wconf 89' lang='grc'><strong>4,</strong></span> <span class='ocrx_word' id='word_1_518' title='bbox 1447 2427 1494 2461; x_wconf 90' lang='grc'><strong>14</strong></span> <span class='ocrx_word' id='word_1_519' title='bbox 1508 2431 1554 2462; x_wconf 91' lang='grc' dir='ltr'><strong>Ζ.</strong></span> 
     </span>
     <span class='ocr_line' id='line_1_51' title="bbox 0 2470 1554 2530; baseline 0.001 -24"><span class='ocrx_word' id='word_1_520' title='bbox 0 2496 2 2530; x_wconf 56' lang='lat'><em>5</em></span> <span class='ocrx_word' id='word_1_521' title='bbox 64 2470 153 2518; x_wconf 73' lang='lat' dir='ltr'><strong>y).o.</strong></span> <span class='ocrx_word' id='word_1_522' title='bbox 168 2474 343 2515; x_wconf 82' lang='lat' dir='ltr'><strong>Praepos..·</strong></span> <span class='ocrx_word' id='word_1_523' title='bbox 367 2470 456 2504; x_wconf 84' lang='lat' dir='ltr'><strong>nihil</strong></span> <span class='ocrx_word' id='word_1_524' title='bbox 467 2471 642 2516; x_wconf 85' lang='lat' dir='ltr'><strong>supererit</strong></span> <span class='ocrx_word' id='word_1_525' title='bbox 659 2472 711 2505; x_wconf 85' lang='lat' dir='ltr'><strong>ad</strong></span> <span class='ocrx_word' id='word_1_526' title='bbox 734 2473 1047 2506; x_wconf 84' lang='lat' dir='ltr'><strong>demonstrandum</strong></span> <span class='ocrx_word' id='word_1_527' title='bbox 1064 2473 1098 2515; x_wconf 88' lang='lat'><strong>5,</strong></span> <span class='ocrx_word' id='word_1_528' title='bbox 1114 2475 1169 2515; x_wconf 90' lang='grc'><strong>10,</strong></span> <span class='ocrx_word' id='word_1_529' title='bbox 1186 2473 1250 2510; x_wconf 77' lang='grc'><strong>56;</strong></span> <span class='ocrx_word' id='word_1_530' title='bbox 1274 2483 1321 2506; x_wconf 88' lang='lat' dir='ltr'><strong>ue</strong></span> <span class='ocrx_word' id='word_1_531' title='bbox 1341 2473 1427 2518; x_wconf 88' lang='lat' dir='ltr'><strong>quid</strong></span> <span class='ocrx_word' id='word_1_532' title='bbox 1445 2473 1490 2507; x_wconf 90' lang='lat' dir='ltr'><strong>in</strong></span> <span class='ocrx_word' id='word_1_533' title='bbox 1509 2485 1554 2508; x_wconf 90' lang='lat' dir='ltr'><strong>ea</strong></span> 
     </span>
     <span class='ocr_line' id='line_1_52' title="bbox 0 2516 1554 2564; baseline 0.002 -14"><span class='ocrx_word' id='word_1_534' title='bbox 0 2532 2 2561; x_wconf 56' lang='grc' dir='ltr'>ῃ</span> <span class='ocrx_word' id='word_1_535' title='bbox 66 2516 319 2562; x_wconf 75' lang='lat' dir='ltr'><strong>(propositione)</strong></span> <span class='ocrx_word' id='word_1_536' title='bbox 347 2516 496 2560; x_wconf 79' lang='lat' dir='ltr'><strong>(lesit,</strong></span> <span class='ocrx_word' id='word_1_537' title='bbox 521 2528 568 2551; x_wconf 87' lang='lat' dir='ltr'><strong>ne</strong></span> <span class='ocrx_word' id='word_1_538' title='bbox 594 2517 679 2562; x_wconf 84' lang='lat' dir='ltr'><strong>quid</strong></span> <span class='ocrx_word' id='word_1_539' title='bbox 702 2518 921 2561; x_wconf 88' lang='lat' dir='ltr'><strong>supersit</strong></span> <span class='ocrx_word' id='word_1_540' title='bbox 946 2517 989 2560; x_wconf 91' lang='lat'><strong>4,</strong></span> <span class='ocrx_word' id='word_1_541' title='bbox 1014 2519 1055 2561; x_wconf 87' lang='grc'><strong>5,</strong></span> <span class='ocrx_word' id='word_1_542' title='bbox 1078 2519 1135 2551; x_wconf 88' lang='grc'><strong>27.</strong></span> <span class='ocrx_word' id='word_1_543' title='bbox 1161 2519 1258 2562; x_wconf 85' lang='lat' dir='ltr'><strong>quod</strong></span> <span class='ocrx_word' id='word_1_544' title='bbox 1282 2525 1554 2564; x_wconf 87' lang='lat' dir='ltr'><strong>superesset</strong></span> 
     </span>
     <span class='ocr_line' id='line_1_53' title="bbox 0 2563 1555 2609; baseline 0.001 -11"><span class='ocrx_word' id='word_1_545' title='bbox 0 2570 3 2604; x_wconf 46' lang='lat' dir='ltr'><strong>t</strong></span> <span class='ocrx_word' id='word_1_546' title='bbox 31 2589 36 2593; x_wconf 83' lang='grc'>-</span> <span class='ocrx_word' id='word_1_547' title='bbox 64 2574 115 2598; x_wconf 83' lang='lat' dir='ltr'><strong>ex</strong></span> <span class='ocrx_word' id='word_1_548' title='bbox 135 2563 234 2607; x_wconf 74' lang='lat' dir='ltr'><strong>vita,</strong></span> <span class='ocrx_word' id='word_1_549' title='bbox 268 2574 370 2607; x_wconf 83' lang='lat' dir='ltr'><strong>quam</strong></span> <span class='ocrx_word' id='word_1_550' title='bbox 395 2563 491 2606; x_wconf 83' lang='lat' dir='ltr'><strong>quod</strong></span> <span class='ocrx_word' id='word_1_551' title='bbox 514 2563 859 2607; x_wconf 72' lang='lat' dir='ltr'><strong>praeterisset</strong></span> <span class='ocrx_word' id='word_1_552' title='bbox 883 2566 948 2605; x_wconf 88' lang='lat'><strong>11,</strong></span> <span class='ocrx_word' id='word_1_553' title='bbox 974 2567 1014 2603; x_wconf 94' lang='grc'><strong>1,</strong></span> <span class='ocrx_word' id='word_1_554' title='bbox 1039 2566 1105 2605; x_wconf 84' lang='grc' dir='ltr'><strong>1ος</strong></span> <span class='ocrx_word' id='word_1_555' title='bbox 1141 2566 1175 2596; x_wconf 79' lang='lat' dir='ltr'><strong>in</strong></span> <span class='ocrx_word' id='word_1_556' title='bbox 1197 2567 1358 2598; x_wconf 74' lang='lat' dir='ltr'><strong>transitu.-</strong></span> <span class='ocrx_word' id='word_1_557' title='bbox 1384 2565 1555 2609; x_wconf 86' lang='lat' dir='ltr'><strong>Superest</strong></span> 
     </span>
     <span class='ocr_line' id='line_1_54' title="bbox 0 2604 1556 2656; baseline 0.001 -13"><span class='ocrx_word' id='word_1_558' title='bbox 0 2608 19 2630; x_wconf 78' lang='lat'><strong>&#39;&#39;</strong></span> <span class='ocrx_word' id='word_1_559' title='bbox 65 2619 123 2643; x_wconf 81' lang='lat' dir='ltr'><strong>ex</strong></span> <span class='ocrx_word' id='word_1_560' title='bbox 142 2609 222 2652; x_wconf 83' lang='lat' dir='ltr'><strong>his,</strong></span> <span class='ocrx_word' id='word_1_561' title='bbox 246 2620 337 2654; x_wconf 86' lang='lat' dir='ltr'><strong>quae</strong></span> <span class='ocrx_word' id='word_1_562' title='bbox 360 2608 463 2643; x_wconf 85' lang='lat' dir='ltr'><strong>aliter</strong></span> <span class='ocrx_word' id='word_1_563' title='bbox 487 2607 705 2655; x_wconf 80' lang='lat' dir='ltr'><strong>significant,</strong></span> <span class='ocrx_word' id='word_1_564' title='bbox 726 2604 932 2652; x_wconf 77' lang='grc' dir='ltr'><strong><em>μετάληψις</em></strong></span> <span class='ocrx_word' id='word_1_565' title='bbox 953 2610 989 2652; x_wconf 89' lang='grc'><strong>8,</strong></span> <span class='ocrx_word' id='word_1_566' title='bbox 1012 2609 1049 2652; x_wconf 86' lang='grc'><strong>6,</strong></span> <span class='ocrx_word' id='word_1_567' title='bbox 1072 2611 1130 2645; x_wconf 86' lang='grc'><strong>37,</strong></span> <span class='ocrx_word' id='word_1_568' title='bbox 1176 2607 1215 2652; x_wconf 78' lang='grc' dir='ltr'><strong>δ)</strong></span> <span class='ocrx_word' id='word_1_569' title='bbox 1237 2622 1305 2656; x_wconf 81' lang='lat' dir='ltr'><strong>seq.</strong></span> <span class='ocrx_word' id='word_1_570' title='bbox 1330 2617 1394 2645; x_wconf 75' lang='lat' dir='ltr'><strong>ut.-</strong></span> <span class='ocrx_word' id='word_1_571' title='bbox 1427 2622 1468 2645; x_wconf 80' lang='lat' dir='ltr'><strong>su</strong></span> <span class='ocrx_word' id='word_1_572' title='bbox 1494 2623 1556 2646; x_wconf 88' lang='lat' dir='ltr'><strong>er-</strong></span> 
     </span>
     <span class='ocr_line' id='line_1_55' title="bbox 0 2653 1554 2701; baseline 0.003 -13"><span class='ocrx_word' id='word_1_573' title='bbox 0 2664 1 2667; x_wconf 76' lang='grc'>’</span> <span class='ocrx_word' id='word_1_574' title='bbox 19 2685 23 2692; x_wconf 89' lang='grc'><strong>,</strong></span> <span class='ocrx_word' id='word_1_575' title='bbox 63 2660 137 2700; x_wconf 85' lang='lat' dir='ltr'><strong>est,</strong></span> <span class='ocrx_word' id='word_1_576' title='bbox 158 2660 211 2688; x_wconf 88' lang='lat' dir='ltr'><strong>ut</strong></span> <span class='ocrx_word' id='word_1_577' title='bbox 233 2655 349 2690; x_wconf 85' lang='lat' dir='ltr'><strong>dicam</strong></span> <span class='ocrx_word' id='word_1_578' title='bbox 372 2657 430 2697; x_wconf 85' lang='lat'><strong>12,</strong></span> <span class='ocrx_word' id='word_1_579' title='bbox 454 2656 513 2698; x_wconf 91' lang='lat'><strong>10,</strong></span> <span class='ocrx_word' id='word_1_580' title='bbox 536 2657 568 2691; x_wconf 91' lang='lat'><strong>1.</strong></span> <span class='ocrx_word' id='word_1_581' title='bbox 591 2654 678 2700; x_wconf 84' lang='lat' dir='ltr'><strong>quid</strong></span> <span class='ocrx_word' id='word_1_582' title='bbox 700 2660 881 2699; x_wconf 88' lang='lat' dir='ltr'><strong>superest,</strong></span> <span class='ocrx_word' id='word_1_583' title='bbox 903 2653 974 2689; x_wconf 84' lang='lat' dir='ltr'><strong>nisi</strong></span> <span class='ocrx_word' id='word_1_584' title='bbox 995 2660 1047 2688; x_wconf 89' lang='lat' dir='ltr'><strong>ut</strong></span> <span class='ocrx_word' id='word_1_585' title='bbox 1069 2661 1106 2689; x_wconf 88' lang='lat' dir='ltr'><strong>te</strong></span> <span class='ocrx_word' id='word_1_586' title='bbox 1130 2655 1248 2700; x_wconf 84' lang='lat' dir='ltr'><strong>puniri</strong></span> <span class='ocrx_word' id='word_1_587' title='bbox 1271 2662 1439 2701; x_wconf 84' lang='lat' dir='ltr'><strong>oporteat</strong></span> <span class='ocrx_word' id='word_1_588' title='bbox 1484 2683 1495 2701; x_wconf 97' lang='lat'><strong>,</strong></span> <span class='ocrx_word' id='word_1_589' title='bbox 1517 2657 1554 2700; x_wconf 86' lang='lat'><strong>4,</strong></span> 
     </span>
     <span class='ocr_line' id='line_1_56' title="bbox 63 2698 1325 2747; baseline 0.002 -11.905"><span class='ocrx_word' id='word_1_590' title='bbox 63 2698 102 2735; x_wconf 73' lang='lat'><strong>4.</strong></span> <span class='ocrx_word' id='word_1_591' title='bbox 125 2699 172 2743; x_wconf 65' lang='lat' dir='ltr'><strong>‹ff-</strong></span> <span class='ocrx_word' id='word_1_592' title='bbox 194 2704 231 2745; x_wconf 88' lang='grc'><strong>7,</strong></span> <span class='ocrx_word' id='word_1_593' title='bbox 255 2704 289 2745; x_wconf 78' lang='grc'><strong>1,</strong></span> <span class='ocrx_word' id='word_1_594' title='bbox 311 2703 371 2737; x_wconf 83' lang='lat'><strong>32.</strong></span> <span class='ocrx_word' id='word_1_595' title='bbox 393 2699 493 2737; x_wconf 80' lang='lat' dir='ltr'><strong>victo</strong></span> <span class='ocrx_word' id='word_1_596' title='bbox 516 2705 701 2747; x_wconf 89' lang='lat' dir='ltr'><strong>superest,</strong></span> <span class='ocrx_word' id='word_1_597' title='bbox 727 2706 781 2736; x_wconf 89' lang='lat' dir='ltr'><strong>ut</strong></span> <span class='ocrx_word' id='word_1_598' title='bbox 803 2700 896 2736; x_wconf 84' lang='lat' dir='ltr'><strong>tueri</strong></span> <span class='ocrx_word' id='word_1_599' title='bbox 922 2712 962 2736; x_wconf 90' lang='lat' dir='ltr'><strong>se</strong></span> <span class='ocrx_word' id='word_1_600' title='bbox 985 2701 1099 2746; x_wconf 87' lang='lat' dir='ltr'><strong>possit</strong></span> <span class='ocrx_word' id='word_1_601' title='bbox 1119 2705 1155 2745; x_wconf 86' lang='lat'><strong>7,</strong></span> <span class='ocrx_word' id='word_1_602' title='bbox 1180 2704 1216 2746; x_wconf 88' lang='grc'><strong>2,</strong></span> <span class='ocrx_word' id='word_1_603' title='bbox 1241 2702 1296 2740; x_wconf 91' lang='grc'><strong>16.</strong></span> <span class='ocrx_word' id='word_1_604' title='bbox 1320 2736 1325 2737; x_wconf 23' lang='lat'><em>⁷</em></span> 
     </span>
    </p>
   </div>
  </div>
 </body>
</html>
