1728 3002
171 163 256 207 588
684 158 882 202 Observo
913 127 978 190 *-
998 159 1199 203 Obtendo

165 275 378 320 Observo.
426 285 468 331 α)
483 287 584 328 haec,
614 296 694 320 cum
718 286 858 327 fierent,
882 285 1073 321 observata
1098 297 1178 321 esse
1205 283 1242 329 8,
1266 285 1330 321 Pr.
1354 290 1411 326 12.
1458 287 1536 324 sive
1559 288 1639 323 finis
1662 291 1708 324 ab

207 335 372 370 omnibus
398 334 476 367 sere
501 334 670 377 probatus
698 333 911 366 observatur
936 335 971 375 2,
1004 336 1059 375 17,
1082 331 1142 369 41.
1167 345 1271 378 quae,
1300 334 1382 378 quia
1410 336 1618 380 plerumque
1641 337 1708 370 ob-

208 387 350 417 servata
375 385 468 423 sunt,
493 381 605 426 vulgo
632 378 733 427 signa
759 379 954 412 creduntur
977 379 1010 421 5,
1035 380 1070 421 9,
1096 381 1152 414 15.
1177 380 1430 416 Membrorum,
1443 381 1708 427 incisorumque

207 429 373 473 junctura
396 437 470 460 non
499 437 543 459 ea
566 426 675 459 modo
704 431 759 459 est
783 426 1027 467 observanda,
1053 436 1144 469 quae
1167 427 1362 460 verborum
1389 429 1424 470 9,
1448 426 1483 470 4,
1507 426 1554 462 44
1577 430 1624 463 Ν.
1657 442 1705 463 cr.

209 475 306 519 quod
330 483 447 517 neque
476 473 788 515 observatur,
823 481 942 516 neque
965 471 1077 505 fieri
1100 478 1262 516 potest
1300 475 1356 516 11,
1387 474 1422 516 3,
1447 475 1526 510 107.
1574 485 1643 520 qua
1667 475 1708 508 fi-

206 532 295 568 gura
320 519 477 564 quidque
502 518 640 552 dicatur
667 538 713 544 —-
737 518 775 552 in
799 517 936 551 animos
960 518 1140 561 judicum,
1176 530 1246 564 qua
1269 529 1344 553 non
1368 520 1592 564 observatur,
1613 521 1708 555 irre-

206 567 259 612 pit
282 566 317 608 9,
345 568 375 603 1.
401 567 458 601 19.
506 576 549 600 ea
573 565 764 600 observata
789 560 982 608 scriptores
1006 564 1195 599 ediderunt
1219 566 1253 609 5,
1279 567 1335 608 10,
1364 567 1442 599 120.
1470 567 1514 610 β)
1538 581 1567 601 c.
1600 570 1708 601 Prae-

207 626 302 658 pos..·
338 612 435 646 idem
459 612 725 647 observandum
749 612 804 645 de
830 610 994 654 judicatis
1020 610 1088 645 erit
1112 613 1147 656 5,
1173 613 1230 656 13,
1254 610 1321 653 243
1353 613 1431 646 ead.
1467 612 1516 646 in
1549 613 1606 655 iis,
1641 624 1708 658 pro

205 659 334 704 quibus
359 669 526 708 agemus,
563 658 790 693 observanda
814 663 896 692 sunt
923 659 979 700 11,
1006 659 1039 700 1,
1063 657 1120 692 42.
1145 657 1195 693 in
1220 658 1370 702 pedibus
1398 658 1612 694 observatur
1635 665 1708 694 sta-

205 712 261 740 tus
287 710 322 739 et
346 704 508 739 incessus
534 706 590 748 11,
617 707 652 748 3,
678 702 763 747 1243
802 703 851 738 in
876 703 1067 738 scribendo
1091 704 1390 748 praepositiones,
1426 715 1566 748 sonum,
1599 716 1707 750 quem

204 753 348 797 junctae
370 750 555 794 efficiunt,
587 762 661 793 an,
695 761 799 795 quem
837 755 1042 794 separatae,
1076 751 1271 786 observare
1303 750 1495 785 conveniat
1527 755 1561 795 1,
1599 754 1635 796 7,
1670 755 1708 788 7.

204 798 239 845 y)
265 811 334 843 seq.
373 805 419 830 ut
463 801 516 831 vel
539 809 609 838 ne,
642 796 727 838 Ins.
753 800 807 830 vel
834 799 1088 839 Interroga:
1124 797 1399 837 Observandum
1423 797 1491 831 erit
1515 798 1634 840 etiam,
1661 803 1708 832 ut

204 850 303 880 recta
329 843 374 878 sit
403 843 535 886 facies,
571 854 626 878 ne
650 844 758 877 labra*
774 842 1064 887 distorqueamur
1088 850 1150 877 etc.
1183 846 1218 886 1,
1243 846 1299 885 11,
1331 844 1364 878 9.
1394 842 1440 884 cf.
1471 846 1526 886 ¹1,
1551 846 1586 887 3,
1614 846 1705 888 1223

205 892 438 927 observatum
461 891 541 924 fere
571 895 650 932 est,
682 889 835 924 celerius
873 890 1040 924 occidere
1074 889 1278 923 festinatam
1310 889 1550 924 maturitatem
1584 890 1619 933 6,
1649 891 1708 926 Pr.

206 941 262 972 10.
311 937 588 972 Observandum
613 935 739 980 etiam,
770 945 860 981 quo
883 936 967 970 loco
997 936 1223 970 sustinendus
1246 945 1364 971 sermo
1389 934 1454 977 sit,
1478 945 1571 985 ‹Luo
1595 937 1709 981 ‹lepo-

202 985 342 1019 nendus
372 984 573 1026 11,.3‚,35.

155 1041 312 1083 Obses.
361 1050 524 1085 obsidem
546 1050 636 1094 reip.
663 1051 750 1084 dare
774 1051 948 1084 malorum
974 1049 1108 1086 civium
1132 1049 1394 1085 accusationem
1418 1052 1475 1094 12,
1499 1053 1535 1096 7,
1559 1052 1594 1086 3.

156 1098 356 1141 Obsidio.
405 1107 632 1142 obsidionem
657 1107 696 1142 in
723 1107 867 1155 longius
894 1107 1010 1142 traxit
1035 1110 1068 1150 1,
1093 1109 1151 1151 10,
1176 1106 1235 1143 48.

155 1165 362 1208 Obsideo-
420 1176 617 1211 obsidenda
640 1175 770 1210 itinera
794 1179 829 1219 7,
857 1178 912 1219 10,
939 1178 995 1211 13.
1043 1175 1182 1210 obsessi
1205 1177 1240 1218 3,
1265 1177 1300 1219 8,
1329 1177 1386 1210 12.
1418 1175 1457 1210 in
1481 1174 1604 1212 metris
1627 1186 1704 1213 om-

200 1235 266 1257 nes
290 1225 420 1256 breves
445 1224 648 1269 longaeque
675 1222 770 1257 inter
797 1234 837 1257 se
862 1224 1030 1256 obsessae
1045 1222 1138 1256 ‘sunt
1171 1233 1276 1267 pares
1317 1221 1432 1266 (locus
1456 1225 1625 1258 obscurus.
1647 1225 1709 1257 Fit

195 1270 441 1351 ἐῖίῑιηιῗνφέἰνᾱειπ
468 1271 502 1301 in
526 1271 673 1302 terminis
697 1281 878 1313 versuum,
910 1270 970 1302 sed
1004 1271 1077 1314 quis
1100 1270 1163 1302 hoc
1198 1271 1248 1302 ita
1271 1269 1559 1313 significaveriiss
1600 1271 1636 1314 9,
1667 1268 1702 1313 4,

152 1369 401 1413 Obsoletus.
450 1382 529 1416 obs.
552 1387 714 1416 vetustas
729 1380 766 1424 4,
791 1384 823 1422 1,
847 1382 905 1416 58.

153 1439 424 1481 Obstinatus.
473 1451 565 1484 adeo
591 1455 762 1484 contra
794 1448 983 1484 veritatem
1010 1450 1101 1483 obst.
1129 1451 1185 1491 12,
1211 1451 1246 1492 1,
1276 1450 1332 1486 10.
1722 1461 1728 1479 ε

152 1496 305 1539 Obsto.
353 1508 387 1549 Ι)
413 1510 568 1551 proprie.-
605 1506 635 1541 si
660 1506 792 1540 flumen
819 1505 975 1540 obstabit
997 1509 1033 1549 2,
1059 1508 1115 1549 13,
1150 1509 1184 1541 3.
1232 1505 1333 1551 quasi
1366 1505 1530 1541 faucibus
1568 1507 1726 1553 aliquid<

198 1554 375 1589 obstiterit
401 1556 457 1597 11,
482 1556 517 1596 3,
543 1555 623 1588 121.
671 1551 916 1587 obstantia
938 1563 1024 1586 saxa
1046 1553 1082 1594 9,
1115 1550 1151 1595 4,
1187 1555 1223 1587 7.
1270 1550 1318 1594 ΙΙ)
1353 1554 1376 1587 ί.
1435 1579 1444 1588 .
1478 1566 1728 1597 repugnet<

197 1600 239 1645 α)
266 1601 460 1643 Obstat,
490 1598 662 1644 quidquid
686 1608 762 1632 non
785 1599 981 1642 adjuvat
1003 1599 1038 1641 8,
1061 1598 1099 1642 6,
1124 1598 1183 1633 61.
1219 1596 1263 1639 qs.
1291 1597 1328 1641 4,
1353 1600 1386 1641 1,
1461 1621 1471 1632 .
1493 1597 1529 1642 4,
1553 1601 1589 1643 2,
1619 1603 1728 1655 1024,

199 1647 357 1681 densitas
382 1647 500 1680 obstat
522 1646 679 1680 invicem
703 1647 738 1688 8,
751 1644 785 1688 5,
796 1645 854 1680 26.
876 1644 920 1686 cf.
934 1643 970 1688 4,
981 1645 1083 1687 5‚13.
1110 1643 1142 1678 si
1166 1643 1444 1679 inemendabilia
1466 1645 1540 1683 oris
1559 1645 1699 1688 incom-

196 1694 303 1727 moda
327 1693 518 1727 obstabunt
542 1695 598 1736 11,
623 1694 658 1735 3,
702 1694 760 1726 12.
808 1702 890 1725 cum
917 1701 1099 1734 personae
1128 1695 1295 1735 potentes
1330 1691 1474 1726 obstant
1500 1692 1540 1734 9,
1566 1694 1603 1736 2,
1637 1693 1697 1728 68.

197 1742 296 1774 nulla
320 1745 477 1783 potestas
501 1737 698 1773 obstitit
723 1737 781 1781 (a.
807 1742 830 1771 1.
856 1735 1025 1780 obsistit)
1051 1739 1088 1779 7,
1113 1739 1147 1780 1,
1172 1739 1231 1772 32.
1274 1736 1396 1772 minus
1426 1735 1608 1783 obstitisse
1637 1738 1698 1773 vi-

198 1787 304 1820 detur
326 1787 442 1829 pudor
467 1787 500 1828 5,
525 1788 560 1828 7,
585 1787 627 1827 1;
670 1784 800 1831 Quod
824 1794 916 1819 vero
944 1784 990 1818 de
1013 1783 1112 1817 bono
1144 1790 1206 1817 etc.
1240 1782 1418 1818 disserere
1449 1782 1728 1835 philosophiae„

197 1832 356 1866 officium
380 1843 460 1866 esse
486 1830 672 1875 dicunt,
704 1841 798 1864 non
822 1830 995 1864 obstat
1016 1832 1053 1871 2,
1073 1832 1132 1872 21,
1161 1832 1226 1872 12;
1261 1828 1330 1864 alia
1353 1830 1451 1864 nulla
1481 1827 1603 1874 (lege)
1629 1831 1698 1865 ob-
1720 1839 1728 1890 4

196 1885 313 1913 stante
337 1881 372 1921 7,
400 1881 436 1921 7,
463 1876 497 1911 4.
520 1883 658 1912 tantum
685 1878 807 1910 lumen
833 1875 989 1919 dicendi,
1012 1880 1052 1909 ut
1079 1874 1187 1909 etiam
1207 1886 1291 1919 per
1317 1873 1554 1910 obstan‘tin
1577 1887 1697 1912 erum-
1721 1895 1728 1920 ,-

195 1931 298 1969 peret
323 1927 380 1967 12,
406 1925 441 1966 9,
463 1925 499 1961 5.
544 1924 588 1968 ῥ’)
619 1937 648 1958 c.
671 1926 780 1958 Dat„-
814 1928 1005 1967 utrumque
1028 1921 1131 1956 alteri
1154 1922 1272 1956 obstat
1297 1924 1353 1964 12,
1375 1922 1412 1964 9,
1437 1922 1493 1957 18.
1530 1921 1575 1963 cf.
1601 1924 1638 1966 9,
1659 1924 1728 1966 2,ῇ

194 1972 252 2006 76.
283 1974 340 2015 10,
366 1971 400 2013 5,
423 1973 482 2004 21.
528 1980 645 2014 neque
669 1969 709 2003 in
733 1979 795 2011 e0,
825 1968 885 2003 cui
909 1974 1070 2002 naturam
1093 1969 1235 2005 obstare
1257 1966 1412 2011 viderit,
1443 1968 1619 2004 laborabit
1640 1971 1696 2012 10,
1720 1963 1728 2015 1

195 2021 231 2060 2,
259 2019 317 2051 21.
365 2017 492 2051 Obstat
515 2018 588 2050 hoc
614 2014 788 2062 agnitioni
814 2026 939 2050 earum
962 2015 1186 2060 (literarum)
1211 2016 1245 2056 1,
1282 2016 1316 2057 1,
1349 2014 1406 2049 25.
1454 2014 1586 2049 obstat*
1604 2014 1696 2050 scri-

194 2064 306 2098 bendi
330 2063 493 2110 fatigatio
517 2062 723 2110 diligentiae
752 2064 810 2104 10,
836 2064 871 2104 3,
894 2064 952 2096 27.
981 2060 1026 2104 cs.
1054 2063 1111 2103 11,
1137 2063 1174 2103 2,
1197 2058 1256 2094 43.
1304 2060 1401 2105 quod
1432 2059 1600 2106 legitimis
1626 2061 1696 2098 ob-,
1718 2018 1728 2115 Ξ

194 2115 264 2144 stet
289 2113 325 2152 2,
350 2111 385 2152 4,
411 2110 467 2143 35.
518 2121 608 2154 quae
633 2108 664 2143 si
687 2114 747 2142 aut
777 2107 902 2142 inter
925 2119 974 2142 se
997 2111 1223 2154 pugnent,
1259 2112 1320 2140 aut
1343 2107 1534 2140 obstent
1555 2107 1694 2153 legibus
1725 2126 1728 2132 ·

193 2160 228 2199 7,
253 2159 288 2199 7,
310 2158 369 2190 20.
395 2154 440 2196 cf.
467 2158 511 2189 ib.
542 2158 575 2189 1.
625 2156 767 2189 obstare
795 2154 991 2189 memoriae
1013 2165 1116 2187 usum
1138 2152 1321 2186 literarum
1343 2154 1400 2195 11,
1426 2154 1462 2195 2,
1487 2154 1523 2188 9.
1551 2152 1583 2187 si
1608 2164 1694 2198 per-
1718 2139 1728 2176 l

195 2212 287 2236 sona
314 2204 472 2236 obstaret
493 2208 614 2236 rectae
637 2200 795 2243 orationi
815 2202 851 2243 9,
876 2204 912 2244 2,
937 2202 993 2236 79.
1041 2198 1256 2233 dementiam
1278 2197 1410 2232 rationi
1433 2198 1576 2248 obstare
1599 2198 1694 2242 7,.4,

195 2250 252 2282 30.
281 2248 327 2290 cs.
353 2249 388 2289 6,
415 2250 450 2290 3,
477 2250 533 2282 10.
581 2249 672 2281 duae
705 2246 810 2280 simul
837 2245 1042 2290 hujusmodi
1072 2255 1248 2289 personae
1281 2243 1449 2279 Ciceroni
1483 2244 1694 2280 obstite-

193 2300 298 2327 runt
321 2297 378 2337 11,
409 2297 442 2337 1,
465 2295 532 2336 69;
558 2295 684 2338 quosd.
708 2293 747 2327 in
769 2293 848 2338 ipso
873 2292 990 2327 statim
1012 2291 1134 2326 limine
1159 2292 1440 2325 obstaturos
1462 2289 1550 2325 mihi
1571 2293 1609 2335 2,
1634 2293 1693 2332 11,

194 2343 213 2373 1
241 2342 287 2373 N.
337 2341 373 2385 y)
398 2353 465 2385 seq.
494 2354 577 2385 quo
602 2343 772 2373 minus:
809 2339 909 2373 Nihil
933 2340 1070 2381 obstat,
1112 2348 1196 2381 quo
1226 2337 1376 2371 minus
1405 2336 1537 2380 justum
1566 2297 1728 2413 unffi-⁴

192 2386 353 2420 monium
378 2386 424 2420 sit
446 2393 566 2421 mente
593 2385 802 2420 coeuntium
830 2388 864 2428 5,
890 2387 947 2427 11,
974 2386 1030 2419 32.
1054 2394 1173 2428 neque
1192 2394 1283 2419 vero
1308 2383 1424 2428 pudor
1440 2383 1573 2428 obstet,
1600 2383 1728 2428 qno)

192 2431 352 2466 minus
376 2439 578 2477 susceptam
602 2433 703 2467 litem
727 2430 879 2466 dimittat
903 2434 958 2473 12,
980 2434 1015 2474 7,
1040 2430 1076 2465 6-
1718 2430 1728 2455 ⁴

148 2485 392 2553 obstrepo..
421 2500 451 2534 si
479 2500 564 2545 quid
589 2502 856 2555 obstrepo-ayo,
879 2502 914 2543 3,
944 2501 1002 2534 28.
1050 2497 1277 2534 adversarius
1311 2495 1485 2542 obstrepit
1516 2498 1574 2550 12,
1595 2496 1633 2541 6,
1655 2496 1713 2555 5.,

193 2556 284 2624 33:111]
287 2546 681 2635 ἔξξρέἱιεξῦἰῖῗθρθιιῑι
721 2548 790 2582 εὼι
823 2547 958 2581 diceret
994 2545 1030 2588 6,
1066 2547 1101 2588 3,
1136 2545 1196 2580 38·
1239 2549 1279 2578 ut
1310 2545 1518 2589 obstrepant
1555 2539 1691 2610 angaltii

148 2644 443 2739 0?{ugl·⁷non
457 2666 539 2739 ltram
572 2662 676 2696 obest
708 2661 832 2697 audire
864 2670 1107 2706 supervacua,
1152 2669 1259 2713 quam
1290 2657 1458 2705 ignorare
1487 2640 1690 2695 necessasia
1718 2706 1728 2710 ν

242 2730 252 2747 ,
302 2730 312 2746 ,
360 2728 371 2741 .
394 2717 428 2739 v.
499 2717 628 2741 oceo.
1634 2715 1639 2723 ¹

149 2747 364 2791 Obtendo·
414 2773 499 2796 suae
523 2763 756 2798 imbecillitati
781 2762 940 2798 sanitatis
960 2761 1236 2808 appellationem
1249 2749 1527 2802 obtenduntlz
1551 2761 1607 2801 10,
1633 2736 1728 3002 15.Ιε
