1728 3002
167 207 249 245 200
469 203 474 206 ’
716 203 969 261 Cymbalum
997 231 1054 237 —-
1081 207 1150 251 De

170 304 435 362 cymbalum.
487 329 551 354 cur
582 329 656 353 non
690 319 785 354 illam
820 320 923 355 vocis
958 323 1232 359 modulationem
1270 340 1311 351 «-
1347 326 1519 372 cymbalis
1554 328 1703 373 adjuve-

214 365 321 401 mus?
346 369 412 406 11,
439 367 480 410 3,
509 366 554 402 59
581 367 628 400 N.
909 413 957 461 D

170 476 227 519 D·
270 491 304 524 T
327 490 452 525 literae
481 501 562 525 cum
586 491 620 524 D
646 492 821 535 quaedam
844 493 1012 538 cognatio
1035 497 1071 538 7,
1098 492 1141 538 4,
1169 495 1223 530 16.
1260 506 1340 530 cum
1365 494 1394 531 C
1418 508 1461 531 ac
1485 491 1646 532 similiter
1670 499 1702 532 G

214 546 289 570 non
313 538 526 580 valuerunt,
552 537 591 570 in
613 538 646 570 T
671 549 712 570 ac
736 539 769 571 D
796 538 1004 573 molliuntur
1027 543 1060 583 1,
1087 544 1143 584 11,
1169 542 1192 576 5
1216 541 1263 576 N.
1301 541 1439 577 Latinis
1463 544 1644 578 veteribus
1666 545 1701 578 D

216 582 378 626 plurimis
408 583 447 617 in
473 583 595 618 verbis
620 583 783 617 ultimum
810 585 985 628 adjectum
1016 587 1085 629 (sic
1107 589 1225 622 Amb.
1251 590 1295 629 1;
1328 590 1401 632 Sp.
1424 589 1583 623 ultimam
1607 591 1704 634 adje-

216 630 320 664 ctam)
347 633 380 671 1,
403 633 438 673 7,
465 633 518 664 12.
553 630 710 673 syllabae
735 636 878 665 nostrae
902 630 940 664 in
964 632 993 665 B
1016 633 1155 666 literam
1176 639 1212 667 et
1227 634 1262 667 D
1278 634 1477 669 innituntur
1493 639 1550 678 12,
1569 638 1625 679 10,
1645 638 1703 671 32.

171 671 392 728 Dactylus.
425 687 515 721 dact.
531 688 636 733 longa
653 687 857 731 duabusque
877 687 1046 722 brevibus
1065 688 1242 734 (constare)
1261 692 1296 734 9,
1311 690 1346 734 4,
1359 693 1414 727 81,
1440 694 1622 738 herous,
1644 695 1706 740 qui

216 737 270 764 est
291 733 385 766 idem
409 734 652 778 dactylus,
684 733 836 776 amplior
854 732 1039 769 Aristoteli
1056 735 1222 771 videatur
1245 739 1287 772 ib.
1307 738 1363 773 88.
1393 740 1484 774 dact.
1506 751 1614 774 unam
1631 742 1707 786 syl-

215 778 334 812 labam
358 790 479 822 parem
504 779 673 813 brevibus
697 780 805 813 habet
828 782 870 814 ib.
889 780 946 815 46.
979 779 1124 824 ῥυθμὸς
1147 788 1202 817 est
1225 789 1285 817 aut
1306 795 1383 828 par,
1407 791 1447 819 ut
1472 787 1635 831 dactylus
1661 789 1706 821 ib.

215 823 273 858 47.
309 825 479 869 rhythmo
503 825 711 859 indifferens
738 831 808 868 est,
844 827 1054 871 dactylusne
1090 828 1199 873 (opti.
1230 831 1332 864 Codd.
1364 831 1620 876 dactilicusne)
1648 832 1710 868 ille

217 870 355 914 priores
378 872 509 905 habeat
534 873 662 906 breves
691 883 736 905 an
759 878 950 916 sequentes
973 875 1017 907 ib.
1039 873 1086 908 48
1110 876 1156 909 N.
1180 886 1227 909 cr.
1262 886 1329 920 pro
1353 877 1501 923 dactylo
1527 879 1613 922 poni
1635 889 1711 913 non

217 917 349 960 poterit
374 923 655 961 anapaestus
685 924 745 952 aut
772 920 1005 962 spondeus
1030 922 1074 953 ib.
1113 933 1145 955 v.
1171 922 1477 966 Anapaestus.
1516 935 1563 958 ne
1589 925 1709 961 dact.

217 963 361 1006 quidem
389 974 474 1007 spo
489 976 510 997 n
524 965 610 998 deo
643 965 735 998 bene
760 965 991 1009 praeponitur
1022 968 1065 999 ib.
1096 969 1174 1001 102.
1217 967 1281 1002 illa
1303 968 1468 1004 sublimia
1491 975 1610 1004 amant
1630 982 1709 1006 am-

215 1009 427 1053 plitudinem
451 1010 585 1055 dactyli
609 1012 650 1044 ib.
674 1011 751 1045 136.
778 1012 898 1045 cludet
920 1017 956 1045 et
980 1012 1070 1046 dact.
1097 1015 1140 1048 ib.
1166 1013 1247 1048 104.
1274 1013 1307 1048 si
1329 1015 1488 1060 quinque
1511 1018 1708 1051 confundas

217 1056 410 1090 continuos
434 1058 597 1101 dactylos
625 1057 778 1091 solveris
801 1068 948 1092 versum
974 1060 1018 1092 ib.
1041 1057 1099 1094 49.

171 1099 325 1142 Dama·
364 1113 479 1148 timidi
505 1114 630 1147 damae
653 1116 689 1158 9,
715 1117 750 1159 3,
774 1116 797 1150 6
842 1121 914 1149 tam
937 1126 1053 1149 mares
1078 1127 1158 1151 esse
1182 1117 1304 1151 damas
1330 1122 1439 1163 quam
1461 1117 1616 1153 feminas
1638 1121 1684 1154 ib.

168 1157 376 1200 Damnas.
407 1171 516 1204 herus
539 1182 640 1204 meus
667 1173 752 1206 dare
773 1172 825 1206 illi
849 1174 996 1206 damnas
1019 1179 1097 1207 esto
1121 1174 1242 1208 omnia
1265 1185 1330 1209 sua
1351 1178 1388 1219 7,
1411 1176 1447 1219 9,
1473 1178 1528 1209 12.
1557 1175 1603 1218 ej:
1625 1177 1662 1212 9.

169 1213 356 1256 Damno.
410 1225 439 1269 1)
467 1229 601 1260 verbum
619 1228 796 1271 judiciale.
845 1228 888 1272 α)
911 1235 1048 1273 patrem
1072 1230 1133 1273 qui
1157 1231 1340 1267 damnavit
1363 1232 1409 1276 (a.
1431 1236 1454 1266 l.
1477 1232 1711 1277 dampnavit),

216 1278 334 1315 optat,
364 1285 410 1307 ne
429 1273 461 1306 is
484 1279 693 1317 torqueatur
715 1275 751 1318 9,
768 1277 803 1317 2,
822 1276 881 1309 81.
926 1275 1002 1321 Ego
1026 1277 1277 1319 accusavi,
1304 1287 1373 1311 vos
1400 1278 1648 1312 damnastis
1674 1282 1710 1322 5,

217 1320 274 1360 10,
291 1320 346 1354 79.
372 1331 456 1353 reus
479 1319 668 1354 videbatur
692 1322 956 1354 damnatum
979 1320 1038 1354 iri
1062 1322 1097 1364 9,
1119 1325 1155 1365 2,
1174 1323 1304 1366 88N.,·
1338 1322 1479 1367 [Neque
1497 1323 1593 1358 enim
1607 1329 1711 1369 pote*

214 1370 297 1398 rant
319 1364 453 1408 judicio
478 1371 513 1399 et
536 1365 573 1399 hi
598 1367 837 1410 damnari,
875 1366 934 1411 qui
959 1366 1231 1410 judicabant
1257 1368 1321 1411 (sic
1345 1373 1388 1403 Ζ.
1414 1371 1458 1403 de
1480 1370 1589 1414 conj.;
1615 1375 1708 1414 vulg.

215 1409 287 1443 ind.
313 1417 349 1444 et
372 1411 428 1446 his
444 1412 631 1456 damnatis,
657 1413 718 1457 qui
739 1411 1003 1455 indicabantur)
1030 1416 1076 1447 Ci
1089 1427 1118 1448 c.
1143 1415 1180 1458 9,
1203 1416 1238 1458 3,
1262 1413 1308 1448 42
1333 1413 1390 1460 S.]
1404 1430 1417 1459 ,-
1451 1420 1590 1450 transl..·
1618 1427 1709 1462 quos

214 1455 413 1492 immeritos
440 1459 569 1492 acerba
594 1469 691 1492 mors
721 1459 902 1493 damnavit
924 1460 960 1501 6,
987 1459 1046 1493 Pr.
1070 1458 1106 1494 4.
1171 1459 1216 1506 β)
1241 1461 1313 1504 adj.
1339 1462 1470 1498 Gonu..-
1497 1473 1616 1507 neque
1639 1473 1710 1497 nos

214 1503 391 1537 tarditatis
423 1509 549 1537 natura
579 1505 762 1540 damnavit
785 1508 829 1547 2,
860 1507 900 1548 5,
928 1503 986 1539 24.
1028 1505 1228 1550 tyrannidis
1255 1507 1438 1542 affectatae
1463 1508 1647 1549 damnatus
1670 1510 1708 1553 9,

214 1551 250 1590 2,
275 1550 332 1584 81.
368 1550 494 1584 incesti
523 1551 686 1584 damnata
709 1554 744 1594 7,
773 1552 808 1594 8,
830 1553 864 1585 3.
900 1557 1023 1585 nostra
1047 1557 1208 1596 tempora
1231 1553 1436 1588 damnamus
1459 1554 1563 1598 hujus
1586 1554 1710 1595 infeli-

215 1594 331 1630 citatis
352 1598 409 1638 10,
432 1599 468 1639 2,
489 1598 522 1631 8.
574 1596 626 1640 Il)
650 1600 674 1631 i.
693 1611 723 1642 q.
747 1600 953 1640 improbo.
1000 1596 1042 1641 α)
1066 1600 1109 1631 de
1124 1602 1290 1642 personis.-
1314 1610 1382 1634 nec
1405 1599 1591 1647 ignoro,
1667 1611 1710 1636 os

213 1646 360 1676 transeo
388 1643 631 1687 (scriptores),
669 1654 737 1677 nec
759 1643 882 1687 utique
910 1644 1071 1677 damno
1099 1645 1157 1685 (α.
1185 1649 1207 1679 1.
1235 1655 1310 1679 non
1332 1645 1491 1692 agnovi)
1518 1649 1579 1689 10,
1626 1673 1638 1690 ,
1662 1647 1709 1682 57

213 1688 261 1722 Ν.
289 1701 336 1722 cr.
382 1690 600 1723 damnare
632 1701 713 1723 eum
740 1687 946 1733 (Senecam)
978 1695 1014 1723 et
1040 1689 1247 1725 invisum
1275 1702 1417 1736 quoque
1439 1692 1621 1726 habere
1649 1694 1708 1735 10,

215 1736 248 1777 1,
277 1734 355 1769 125.
388 1745 607 1782 magnopere
635 1735 846 1779 damnandi,
873 1735 934 1779 qui
955 1741 1071 1769 totum
1090 1737 1162 1770 hoc
1185 1747 1298 1784 genus
1321 1748 1343 1770 a
1365 1737 1564 1781 praeceptis
1586 1748 1708 1772 remo-

211 1786 344 1814 verunt
369 1782 403 1824 5,
429 1784 463 1824 1,
489 1784 524 1815 2.
578 1780 621 1825 β)
648 1784 690 1815 cle
713 1784 831 1815 rebus.-
869 1793 916 1815 ne
940 1782 1124 1822 damnent,
1149 1793 1239 1826 quae
1261 1792 1337 1816 non
1360 1781 1563 1829 intelligunt
1589 1785 1647 1826 10,
1672 1786 1707 1827 1,

212 1827 269 1861 26.
303 1827 375 1861 hoc
402 1827 531 1861 merito
559 1828 745 1861 damnetur
767 1829 807 1868 9,
831 1825 876 1869 4,
901 1829 959 1861 83.
1001 1833 1040 1861 ut
1063 1839 1159 1861 nunc
1184 1827 1369 1863 evaluit
1392 1831 1522 1862 rebus
1547 1833 1707 1872 agenti-

213 1874 303 1915 bus,
333 1874 430 1916 quod
452 1873 570 1907 Pollio
596 1873 634 1906 in
658 1873 816 1906 Labieno
845 1873 1025 1906 damnat
1047 1874 1088 1915 9,
1115 1875 1157 1916 3,
1183 1877 1238 1908 13.
1276 1885 1368 1918 quae
1392 1880 1456 1908 aut
1480 1875 1706 1919 damnare,

212 1924 274 1952 aut
299 1929 372 1952 non
397 1920 682 1961 concedere,
709 1924 769 1952 aut
794 1930 814 1952 a
838 1918 943 1952 nobis
966 1929 1202 1954 removere
1226 1920 1406 1963 oportebit
1434 1922 1490 1963 11,
1518 1922 1554 1963 3,
1578 1923 1635 1956 70.
1670 1926 1708 1956 et

213 1965 465 1998 damnanda
488 1970 591 2007 sunt,
620 1975 711 2008 quae
733 1965 1030 2008 placuerant,
1059 1971 1095 1998 et
1122 1965 1436 2009 invenienda,
1465 1977 1557 2012 quae
1582 1968 1708 2014 fuge-

211 2016 320 2043 rant
347 2013 403 2053 10,
429 2009 465 2053 4,
488 2014 523 2044 2.
562 2010 592 2043 si
612 2011 785 2055 quaedam
808 2010 901 2044 bene
923 2011 1021 2044 facta
1044 2012 1274 2046 damnaturus
1298 2018 1352 2047 est
1374 2013 1487 2056 judex
1511 2015 1566 2056 12,
1592 2015 1626 2056 1,
1646 2012 1706 2047 41.

210 2056 319 2090 finem
350 2067 478 2090 versus
514 2057 719 2090 damnamus
754 2055 792 2089 in
819 2056 890 2090 fine
923 2056 1096 2091 orationis
1126 2059 1171 2100 9,
1200 2058 1244 2100 4,
1282 2061 1360 2093 10².
1411 2069 1499 2102 quas
1527 2058 1707 2107 (figuras)

210 2103 429 2137 transeundo
451 2102 595 2137 videtur
616 2102 694 2146 ipse
718 2103 902 2135 damnasse
924 2104 959 2143 9,
982 2105 1016 2145 3,
1040 2105 1096 2138 90.
1131 2103 1271 2148 aliquos
1293 2115 1379 2138 suos
1402 2104 1514 2138 libros
1540 2105 1708 2139 damnare

210 2150 246 2190 3,
273 2149 309 2191 6,
335 2147 392 2183 64.
432 2150 524 2183 hanc
551 2148 732 2183 scribendi
756 2148 1007 2195 negligentiam
1029 2150 1159 2184 damno
1186 2153 1240 2194 10,
1266 2151 1302 2193 3,
1328 2151 1384 2185 18.
1422 2155 1462 2183 ut
1483 2149 1572 2184 alios
1595 2151 1706 2195 pedes

211 2194 469 2241 eligerent,
505 2194 667 2239 aliosque
702 2196 981 2228 damnarent
1009 2196 1053 2236 9,
1084 2194 1127 2238 4,
1161 2197 1218 2231 87.
1259 2206 1335 2230 ιιοιι
1370 2196 1613 2239 damnasse
1646 2207 1707 2230 eas

212 2239 461 2284 (quaestiones)
489 2242 554 2275 sed
581 2240 809 2275 omisisse
836 2244 871 2283 7,
899 2243 942 2284 1,
971 2242 1027 2276 19.
1069 2241 1218 2276 omnino
1246 2241 1487 2276 damnantium
1514 2241 1706 2276 sententias

209 2286 250 2326 8,
280 2287 321 2327 5,
350 2288 406 2321 25.
447 2298 566 2332 neque
590 2287 691 2321 illum
715 2286 879 2321 ordinem
907 2287 1236 2322 damnaverim
1262 2287 1305 2329 4,
1331 2287 1373 2330 5,
1401 2287 1458 2322 16.
1497 2287 1705 2322 trochaeum

210 2337 258 2363 ut
286 2332 390 2365 nimis
418 2339 622 2367 currentem
645 2335 789 2367 damnet
810 2334 845 2376 9,
867 2331 903 2376 4,
927 2333 985 2368 88.
1023 2333 1168 2368 alterius
1190 2332 1376 2377 tarditate,
1408 2332 1554 2367 alterius
1575 2333 1706 2368 celeri-

211 2381 284 2409 tate
312 2378 475 2412 damnata
501 2382 544 2413 ib.

169 2419 362 2463 Dativus.
410 2440 492 2468 utor
519 2435 632 2471 dativi
656 2440 784 2469 natura
811 2437 853 2478 1,
878 2433 923 2475 4,
951 2435 1010 2470 26.
1046 2445 1128 2469 eum
1154 2434 1194 2469 in
1222 2434 1380 2471 dativum
1405 2446 1530 2471 casum
1555 2433 1704 2472 incidis-

213 2483 292 2511 sent
318 2481 350 2520 1,
374 2483 409 2521 7,
437 2481 490 2514 18.
528 2492 613 2515 casu
639 2481 761 2515 dativo
786 2484 820 2523 7,
845 2481 880 2523 9,
905 2482 959 2514 13.

163 2522 246 2564 De·
311 2534 345 2578 l)
373 2538 560 2580 sipiificam
595 2540 682 2571 unde
712 2539 841 2581 aliquid
870 2538 1059 2570 deducitur.
1114 2534 1155 2580 α)
1180 2539 1340 2572 deloco:
1374 2549 1482 2572 unam
1505 2538 1550 2572 de
1578 2537 1702 2571 schola

209 2581 494 2615 controversiam
509 2586 544 2624 7,
568 2585 599 2625 1,
621 2584 679 2618 41.
705 2584 802 2617 nulla
816 2582 856 2616 fit
876 2582 909 2616 ei
929 2583 973 2616 de
994 2593 1058 2616 sua
1078 2588 1179 2626 parte
1196 2589 1362 2619 controv.
1389 2586 1433 2617 ι’ὀ.
1457 2584 1523 2625 59;
1549 2582 1579 2616 si
1599 2583 1703 2617 exci-

209 2631 304 2659 tatus
322 2627 427 2660 fuerit
454 2628 498 2660 de
524 2629 739 2671 spectaculis
759 2631 792 2671 3,
814 2629 849 2670 6,
874 2629 930 2663 19.
961 2628 1063 2662 exire
1086 2629 1130 2662 de
1155 2630 1292 2675 gremio
1314 2632 1347 2671 1,
1368 2632 1403 2671 2,
1429 2631 1460 2662 1.
1502 2640 1536 2662 υ.
1560 2629 1701 2664 Exeo.

208 2683 285 2706 rem
304 2683 440 2707 sacram
455 2674 498 2707 de
511 2675 644 2716 templo
662 2674 840 2718 surripere
858 2677 893 2716 7,
912 2675 948 2716 3,
966 2676 1020 2708 10.
1045 2673 1090 2715 cs.
1106 2677 1164 2708 21.
1191 2676 1370 2709 schemata
1385 2675 1429 2708 de
1444 2684 1564 2708 rerum
1577 2680 1703 2709 natura

207 2718 287 2752 tolli
307 2720 344 2762 9,
363 2721 397 2761 2,
420 2719 478 2754 95.
511 2718 554 2762 β)
573 2724 710 2753 transl„-
736 2730 864 2754 versus
880 2718 1001 2753 dicere
1016 2720 1060 2752 de
1075 2719 1167 2754 libro
1180 2720 1288 2754 Ennii
1303 2719 1423 2754 annali
1435 2725 1540 2754 sexto
1552 2720 1587 2763 6,
1598 2723 1633 2763 3,
1642 2721 1700 2755 86.

205 2775 253 2797 ne
278 2765 360 2808 quid
386 2765 429 2798 de
458 2764 562 2799 bonis
588 2765 705 2808 capiat
731 2767 766 2806 3,
795 2766 831 2808 6,
858 2765 916 2800 96.
951 2765 1053 2800 stilus
1078 2767 1262 2809 paululum
1289 2767 1334 2800 de
1364 2765 1547 2800 celeritate
1571 2766 1701 2810 deper-

206 2809 255 2844 dit
284 2814 345 2854 10,
370 2815 404 2855 7,
434 2810 494 2851 243
539 2809 835 2855 contrapositum,
872 2810 964 2844 sicut
988 2809 1063 2846 Cic.
1091 2811 1196 2855 dicit,
1234 2813 1288 2846 de
1314 2811 1461 2859 singulis
1484 2812 1590 2846 rebus
1614 2822 1698 2856 pro-
