1728 3002
599 135 768 179 Numen
795 159 851 167 —
880 134 1095 178 Numerus
1544 139 1620 178 581

336 228 355 237 s
658 219 665 235 Ι

133 265 220 289 num
245 251 454 294 diversitas,
492 261 577 285 num
601 250 698 285 idem
730 250 886 286 diversi·
912 249 1035 286 verbio
1068 250 1389 294 comprehendatur
1422 252 1458 291 7,
1489 251 1523 290 3,
1566 251 1621 281 12.

133 310 240 345 quam
261 309 338 333 rem
360 297 518 340 dederit,
544 317 591 324 -
614 302 651 332 et
674 307 746 341 quo
772 296 912 339 animo,
942 296 981 330 id
1011 302 1084 339 est,
1116 307 1218 329 num
1239 295 1278 329 in
1300 295 1500 340 aliquam
1522 304 1623 338 spem

131 357 232 380 suam
255 348 290 388 7,
314 343 351 387 4,
378 345 436 378 23.
465 353 502 378 υς
522 342 731 388 Aliquis.
776 354 878 377 num
901 343 1023 377 forte
1046 345 1082 384 7,
1109 343 1144 386 3,
1172 344 1220 376 20
1241 353 1276 376 v.
1298 341 1370 376 An
1391 342 1421 383 1,
1443 353 1480 375 α.

84 387 269 433 Numen·
312 400 491 435 familiare
510 410 641 434 numen
662 398 831 434 Minerva
859 398 918 443 (α.
959 402 982 432 1.
1005 409 1138 433 nomen
1174 397 1387 441 Minervae)
1416 400 1472 440 10,
1502 399 1535 439 1,
1561 398 1619 431 91.

128 447 401 494 prudentissima
425 445 550 480 civitas
573 445 848 480 Atheniensium
871 455 946 479 non
968 455 1047 479 eam
1069 456 1135 490 pro
1165 445 1315 488 affectu,
1363 445 1427 478 sed
1452 454 1519 487 pro
1551 453 1620 476 nu-

129 494 226 528 mine
251 493 387 537 accepit
415 492 463 537 (ἱ.
487 505 517 527 e.
541 490 931 545 misericordiam)
957 492 992 534 5,
1014 493 1073 534 11,
1097 492 1154 526 38.
1181 501 1278 525 nunc
1302 501 1428 525 omnes
1453 490 1491 523 in
1515 488 1621 530 auxi-

128 539 216 573 lium
243 540 356 573 deos
379 539 564 582 ipsumque
585 538 768 583 inprimis,
807 548 879 582 quo
902 548 1020 582 neque
1047 538 1268 581 praesentius
1301 537 1417 579 aliud,
1448 546 1517 570 nec
1545 541 1620 568 stu-

129 585 199 620 diis
223 584 335 632 magis
357 583 550 629 propitium
572 582 803 629 (proprium)
841 594 1012 618 numen
1034 589 1094 618 est
1144 585 1189 626 (ἰ.
1217 597 1245 618 e.
1275 581 1617 623 Domitianum),
1660 611 1663 618 ,

125 630 294 711 invoitrem
322 630 360 675 4,
392 631 454 665 Pr·
486 632 510 666 5
539 633 584 665 Ζ.
630 641 695 676 per
724 630 808 664 illos
844 641 992 673 manes,
1028 628 1174 663 numina
1208 629 1281 664 mei
1312 628 1446 663 doloris
1475 628 1523 677 6,
1558 627 1618 660 Pr.

57 767 59 772 .
79 729 285 776 Numero·
331 742 372 786 a)
398 746 430 776 in
453 756 491 777 re
513 745 733 787 pecuniaria.-
770 754 810 778 se
832 742 1004 788 pecunias
1025 753 1092 778 reo
1114 753 1318 777 numerasse
1350 743 1385 784 5,
1409 744 1445 784 7,
1469 740 1503 776 5.
1537 739 1617 784 quis

124 788 354 825 numeravit?
387 791 431 824 ib.
459 791 525 832 373
559 793 694 824 traua:
728 788 911 837 ingenium
934 789 984 824 in
1005 794 1253 824 numerato
1275 788 1409 831 habere
1428 787 1465 830 6,
1489 788 1524 829 3,
1550 788 1614 819 111

59 858 62 860 -
96 837 175 872 -Ν,
221 834 266 880 β)
287 838 408 869 inter
432 837 632 880 aliquid„-
673 834 803 870 inter
826 847 917 880 quae
947 834 1209 871 numeraverim
1231 826 1458 881 ingean
1486 842 1618 867 monu-
1647 868 1655 876 ,

121 886 244 962 ζωὴ
260 882 304 961 3,
327 884 361 923 7,
378 882 442 961 518.
479 881 588 962 8quod
609 887 734 925 posset
755 881 883 916 inter
904 880 1056 916 ridicula
1081 880 1262 915 numerari
1284 881 1321 924 6,
1346 881 1381 923 3,
1406 881 1485 916 111.
1510 877 1554 920 cjl
1580 878 1616 921 6,

171 952 181 962 .
204 929 239 962 5.
285 953 296 970 ‚
319 929 355 969 2,
401 928 433 961 5.
456 929 478 961 5
503 951 513 960 .

78 983 456 1027 Numerosissime·
494 999 535 1028 ut
561 1005 623 1028 eas
648 992 875 1038 (sententias)
891 993 1086 1030 ‘frenemus
1112 1005 1218 1038 quam
1238 1004 1263 1026 n
1300 995 1357 1036 10,
1382 991 1417 1035 5,
1442 993 1476 1028 9.

77 1040 358 1095 Numerone.
394 1050 431 1096 1)
456 1053 499 1084 «le
520 1054 639 1094 copia.-
675 1051 713 1085 ni
735 1052 831 1086 forte
864 1056 938 1086 tam
969 1062 1067 1085 num.
1104 1048 1257 1094 (heus),
1290 1054 1330 1083 nt
1360 1048 1438 1094 ipse
1470 1058 1615 1093 quoque

124 1097 239 1134 dividi
262 1097 391 1132 debeat
413 1099 469 1141 11,
493 1099 529 1139 2,
551 1100 610 1134 27.
656 1108 775 1142 neque
798 1096 894 1132 enim
917 1097 1035 1131 minus
1056 1107 1152 1130 num.
1175 1101 1258 1130 sunt
1281 1094 1368 1138 loci,
1404 1106 1452 1129 ex
1485 1093 1614 1140 quibus

116 1151 188 1179 «εἰσ.
216 1144 252 1186 6,
277 1145 312 1186 3,
335 1143 393 1178 36.
419 1180 421 1182 ,
442 1141 673 1187 [difficultate
694 1142 925 1178 institutionis
948 1149 1018 1179 tam
1040 1152 1316 1176 numerosae
1342 1141 1401 1184 (de
1424 1141 1510 1184 conj.
1534 1142 1614 1174 Re-

121 1192 207 1234 gi1‘5
241 1190 347 1224 eada.
389 1188 661 1232 innumerosae,
693 1193 738 1222 ul.
778 1189 967 1230 sinuosae)
1000 1193 1070 1233 atq.
1109 1189 1380 1233 perplexae
1417 1188 1458 1229 8,
1491 1187 1550 1220 Pr.
1589 1188 1613 1219 2

113 1236 172 1270 ’Μ
189 1233 284 1280 σν.];
307 1236 425 1279 paulo,
437 1233 662 1269 numerosius
679 1245 770 1279 opus
790 1237 892 1278 5,10,
909 1237 964 1268 10.
989 1245 1111 1280 sparsa
1134 1233 1342 1278 compositis
1364 1231 1614 1266 numerosiora

123 1282 316 1316 creduntur
338 1282 375 1322 2,
404 1283 463 1325 12,
479 1282 501 1315 3
525 1281 573 1315 N.
598 1279 650 1323 11)
671 1282 714 1314 ‹le
738 1282 883 1324 rhythmo
908 1281 985 1314 Nec
1010 1279 1107 1314 aliud
1123 1284 1241 1324 potest
1265 1289 1466 1313 sermonem
1491 1279 1615 1312 facere

121 1337 236 1371 amm,
257 1336 367 1371 quum
387 1332 586 1371 opportuna
610 1326 753 1361 ordinis'
763 1325 924 1361 mutatio.
947 1327 1074 1371 Neque
1089 1326 1161 1360 alio
1176 1325 1269 1359 ceris
1286 1324 1443 1359 Platonis
1462 1324 1612 1360 inventa

120 1378 207 1408 sunt
229 1377 395 1418 quattuor
441 1372 504 1406 illa
533 1373 647 1408 verba
684 1393 731 1399 —
762 1372 922 1417 plurimis
959 1372 1073 1406 modis
1097 1371 1249 1416 scripta,
1282 1372 1378 1416 quod
1413 1371 1477 1413 (Z.
1503 1381 1610 1415 quam

167 1417 243 1463 od)
266 1429 348 1453 eum
377 1429 519 1463 quoque
542 1417 700 1452 maxime
722 1419 843 1453 facere
867 1418 1093 1463 experiretur
1115 1418 1178 1462 (sc.
1202 1415 1498 1459 numerosum)
1523 1417 1559 1458 8,
1574 1417 1610 1458 6,

167 1489 178 1500 .
202 1475 254 1508 se,
283 1464 380 1510 qnod
402 1475 631 1499 numerosum
647 1464 712 1507 sit,
740 1476 912 1509 quaerere
937 1467 972 1507 9,
996 1463 1032 1504 4,
1057 1464 1113 1499 56.
1145 1464 1265 1508 verbax
1281 1473 1424 1508 quoque
1449 1461 1611 1507 exquisi-

117 1509 211 1546 tiora
232 1515 270 1545 et
292 1510 503 1554 compositio
527 1521 716 1544 numerosa
737 1511 800 1544 tali
821 1510 1006 1555 proposito
1030 1510 1173 1544 diversa
1199 1513 1254 1553 11,
1280 1512 1314 1552 1,
1342 1510 1399 1543 33.

74 1567 302 1612 Numerus·
342 1576 432 1621 1)ae
457 1580 566 1621 copia.
590 1577 632 1619 a)
660 1581 920 1622 quantitas.-
944 1589 979 1612 n.
997 1577 1156 1611 infinitus
1183 1578 1218 1620 5,
1243 1578 1302 1619 10,
1325 1576 1384 1612 92.
1410 1574 1550 1609 medius
1572 1586 1608 1608 n.

116 1624 287 1661 videntur
314 1629 481 1668 quattuor
502 1624 538 1664 9,
560 1622 598 1665 4,
625 1624 703 1659 125.
747 1623 788 1657 id
809 1623 842 1657 si
867 1629 1073 1668 computare
1098 1634 1203 1668 quem
1227 1622 1345 1669 piget,
1380 1621 1608 1657 brevioribus

45 1674 50 1676 ’
118 1669 274 1705 umeris
295 1669 392 1704 idem
413 1669 528 1703 discet
551 1672 585 1711 1,
614 1672 669 1712 10,
691 1667 750 1703 43.
778 1681 869 1713 quae
893 1669 964 1703 sint
985 1680 1140 1716 genera,
1163 1688 1210 1695 -
1233 1669 1295 1712 qui
1317 1678 1487 1701 numerus
1508 1666 1610 1711 (tro-

120 1714 286 1759 porum)?
322 1717 358 1758 8,
381 1716 418 1758 6,
447 1718 481 1749 1.
525 1714 661 1748 utinam
693 1715 835 1758 parcius
869 1725 1020 1749 numero
1053 1714 1284 1748 indulsissent
1313 1714 1349 1756 6,
1382 1715 1418 1755 3,
1450 1713 1494 1754 5;
1533 1711 1609 1746 Alii

119 1771 254 1800 novem
277 1761 454 1794 elementa
475 1765 671 1804 posuerunt
694 1761 944 1805 (quaestionis)
965 1762 1160 1795 Personam
1181 1777 1228 1782 —
1258 1760 1453 1793 Numerum
1488 1765 1548 1792 etc.
1572 1761 1607 1800 3,

120 1806 156 1848 6,
183 1806 241 1840 26.
287 1806 468 1849 quaeritur
488 1817 555 1849 per
577 1806 820 1850 conjecturam
845 1813 882 1841 et
909 1807 1192 1850 qualitatem
1219 1804 1316 1839 circa
1340 1805 1501 1846 modum,
1525 1815 1608 1847 spe-

120 1851 234 1892 ciem,
266 1861 510 1884 numerum
533 1854 570 1893 7,
596 1854 632 1893 2,
660 1853 695 1886 6.
721 1852 767 1892 ό.
793 1856 828 1894 7,
853 1852 888 1894 4,
918 1856 950 1885 1.
989 1853 1044 1887 16.
1068 1853 1136 1894 433
1172 1851 1299 1895 quibus
1332 1849 1608 1893 (declamationi-

119 1894 206 1939 bus)
230 1901 327 1930 certe
364 1901 656 1940 quantuscunque
684 1908 781 1931 num.
813 1897 1041 1940 adhibeatur,
1076 1903 1195 1931 tamen
1227 1895 1472 1939 unusquisqne
1495 1900 1608 1929 totum

115 1944 211 1978 feret
234 1944 268 1984 1,
286 1944 323 1983 2,
347 1943 404 1975 13.
451 1952 600 1985 quarum
621 1952 717 1975 num.
741 1948 891 1989 augetur
910 1944 947 1985 8,
969 1945 1005 1985 3,
1030 1944 1100 1978 63..
1128 1943 1283 1976 siderum
1324 1951 1449 1974 cursus
1483 1951 1610 1993 nume-

115 1989 770 2074 ?fiffssmii‘gfffffi‘i133’misserfflss
792 1998 1009 2066 03:3¹:ss
1031 1994 1333 2077 ῧέᾗῖῖἰοῖἑῖῗδ
1343 1987 1460 2073 ῗῖἱῗ.
1475 1987 1607 2079 ‘33¹2ss

119 2079 270 2115 ometria
287 2077 402 2113 divisa
423 2077 462 2110 in
486 2088 701 2111 numeros
726 2082 798 2121 atq.
821 2079 996 2112 formas
1021 2082 1055 2121 1,
1068 2081 1124 2121 10,
1135 2080 1191 2112 35.
1206 2083 1308 2111 acuta
1322 2077 1415 2111 intra
1431 2089 1469 2110 n.
1495 2078 1602 2112 trium

120 2126 336 2172 syllabarum
361 2122 564 2157 continetur
586 2125 619 2166 1,
643 2123 678 2165 5,
701 2125 763 2165 30;
790 2123 982 2168 aliquando
1003 2134 1070 2167 pro
1093 2135 1130 2157 n.
1156 2129 1210 2157 est
1232 2122 1378 2166 (digitu-
1401 2122 1522 2166 index)
1546 2127 1602 2166 11,

118 2174 155 2215 3,
178 2170 224 2206 94
250 2171 299 2204 Ν.
345 2170 471 2212 Koppa
494 2180 551 2213 ap.
577 2167 734 2202 Graecos
758 2180 854 2203 nunc
876 2175 1012 2203 tantum
1033 2169 1073 2204 in
1109 2179 1259 2203 numero
1281 2174 1403 2203 manet
1438 2171 1471 2210 1,
1502 2168 1539 2212 4,
1568 2172 1601 2204 6.

118 2219 191 2251 hoc
215 2221 274 2249 aut
298 2214 367 2248 alio
389 2225 560 2257 numero,
592 2215 694 2249 velut
725 2215 830 2262 lege,
861 2225 936 2248 non
974 2221 1028 2249 est
1061 2215 1237 2263 alliganda
1281 2213 1468 2257 (partitio)
1499 2214 1534 2257 4,
1567 2216 1602 2258 5,

118 2265 153 2298 3.
200 2261 231 2296 si
255 2259 518 2295 deficietur
540 2270 733 2294 numero
755 2272 837 2304 pars
861 2260 1004 2296 diversa
1025 2279 1071 2286 —
1094 2262 1124 2295 si
1147 2260 1402 2296 abundabit
1425 2260 1460 2301 5,
1483 2264 1519 2304 7,
1542 2264 1602 2297 23.

118 2307 180 2342 ubi
206 2316 357 2341 numero
378 2306 561 2343 laboratur
582 2307 619 2349 8,
647 2308 681 2348 5,
703 2307 763 2340 30.
806 2306 889 2340 illos
912 2306 1125 2350 (semones)
1158 2316 1307 2341 numero
1330 2317 1500 2341 versuum
1524 2318 1602 2341 me·-

117 2353 270 2388 tiebatur
293 2354 350 2394 10,
373 2353 408 2395 3,
431 2353 489 2386 32.
535 2353 670 2396 majore
692 2363 742 2394 n.‚
767 2363 874 2395 quam
898 2352 1074 2390 sustinete
1101 2352 1234 2397 possit,
1275 2363 1315 2386 se
1349 2351 1511 2392 onerabit
1543 2355 1599 2396 10,

118 2401 153 2441 5,
179 2401 243 2440 22;
277 2408 382 2442 quam
405 2397 586 2440 (rationem
607 2397 819 2439 inveniendi)
844 2408 934 2442 per
956 2409 1115 2433 omnes
1138 2408 1353 2432 numeros
1374 2397 1516 2441 penitus
1540 2410 1600 2433 co-

118 2454 292 2491 gnoscere
320 2444 355 2485 8,
378 2444 436 2478 Pr.
460 2445 493 2476 1.
538 2443 756 2477 omnibus
787 2444 938 2478 oratoris
973 2455 1074 2478 num
1088 2444 1178 2479 eris
1211 2449 1294 2478 stmt
1325 2444 1507 2485 absolutae
1542 2447 1598 2488 10,

120 2493 154 2533 1,
181 2492 238 2524 70.
283 2489 381 2535 Quid
405 2488 615 2524 omnibus
637 2484 754 2524 num.
777 2489 1010 2534 praestantius
1037 2493 1080 2525 ib.
1107 2491 1175 2532 913
1206 2491 1309 2524 Falsa
1340 2489 1440 2525 venis
1470 2489 1600 2525 similia

120 2534 316 2583 geometria
337 2533 476 2569 ratione
508 2534 754 2579 deprehendit.
796 2535 854 2569 Fit
877 2536 955 2579 >hob
985 2541 1022 2570 et
1055 2536 1102 2570 in
1130 2535 1336 2570 numeris
1366 2547 1434 2581 per
1460 2537 1599 2581 quasd.,

123 2592 211 2626 quas
234 2575 599 2636 ‹pa-vdoypaqzcae
619 2591 670 2615 vo
738 2586 774 2624 t,
797 2581 924 2626 quibus
945 2581 1048 2625 pueri
1069 2583 1195 2617 ludere
1219 2582 1431 2617 solebamus.
1480 2586 1513 2625 1,
1539 2586 1596 2625 10,

0 2630 31 2668 ξ.
62 2669 66 2672 ,
122 2629 179 2662 39.
225 2627 261 2672 β)
289 2639 313 2659 ι.
337 2638 369 2671 «1.
395 2627 524 2660 ordo.-
558 2627 679 2661 nemin
758 2626 814 2660 sui
843 2627 1013 2671 temporis
1042 2627 1091 2662 in
1119 2639 1351 2663 numerum
1381 2629 1598 2676 redegerunt

122 2674 180 2715 10,
204 2675 239 2716 1,
264 2672 322 2708 53.
366 2677 530 2706 auctores
552 2672 642 2707 alios
666 2672 704 2707 in
731 2672 943 2708 ordinem
966 2673 1182 2720 redegerint,
1214 2674 1302 2710 alios
1331 2674 1477 2709 omnino
1510 2686 1601 2709 exe-

53 2736 55 2738 ·
122 2717 252 2753 merint
275 2721 534 2761 sumai-0¹1,
556 2716 593 2762 4,
617 2721 651 2754 3.
696 2717 728 2752 si
754 2724 849 2754 esset
875 2730 1023 2754 numero
1045 2720 1245 2755 alienon-mn
1274 2723 1309 2764 3,
1331 2722 1368 2764 6,
1394 2723 1472 2755 102.
1521 2732 1599 2755 eum
