1728 3002
114 171 180 258 Ἰτες
679 210 825 268 Asguo
855 233 911 243 -
938 209 1095 254 Asidus

172 338 247 376 arg.
274 328 319 362 ad
343 338 454 362 unum
476 326 639 362 effectum
666 325 887 360 deducuntur
908 323 951 367 9,
974 324 1018 367 2,
1049 322 1129 356 103.
1157 330 1236 369 arg.
1262 321 1516 370 duonum-rai:
1537 320 1659 370 causi!

171 375 349 408 factorum
371 375 433 409 vel
457 374 657 407 futurorum
679 372 717 414 5,
744 374 806 414 10,
831 373 886 405 33.
922 379 996 415 arg.
1025 369 1106 402 duc.
1134 379 1182 403 ex
1209 378 1445 412 personarum
1466 375 1658 414 ‹impara-

173 420 269 455 tione
293 427 354 454 etc.
383 419 416 461 4,
432 423 466 463 2,
482 421 539 454 99.
565 435 610 443 —-
633 429 681 451 ex
707 417 884 451 contrario
907 418 942 457 7,
958 420 992 458 3,
1005 415 1063 448 30.
1089 434 1138 440 -
1161 425 1211 448 ex
1233 415 1312 467 jure
1337 411 1446 448 simili
1491 422 1495 425 ·
1520 417 1579 464 11,
1595 416 1656 450 32.

171 482 218 490 -—
241 477 299 500 ex
317 467 474 510 pluribus
499 466 550 499 ad
575 475 685 497 unum
708 471 769 497 etc.
796 466 830 506 5,
849 464 902 504 10,
921 462 980 496 90.
1004 477 1051 485 -
1075 473 1098 494 a
1120 470 1300 505 personis,
1324 470 1455 504 causis,
1527 503 1529 506 Α
1590 463 1659 503 jere.

172 513 217 545 ib.
240 511 299 546 94.
339 518 374 545 et
406 522 462 545 ex
497 521 649 555 persona
680 515 716 543 et
748 520 803 543 ex
835 519 875 541 re
906 517 981 553 arg.
1018 507 1217 549 ducuntur,
1253 506 1319 550 secl
1349 505 1398 540 in
1425 516 1536 540 unam
1561 503 1666 545 ’facti

173 557 418 601 quaestionem
439 560 480 599 7,
504 560 544 599 2,
571 557 625 590 16.
664 565 757 601 arg.,
795 555 891 598 quod
922 563 971 586 ex
1001 553 1082 599 lege
1115 552 1193 597 ipsa
1223 551 1300 597 peti
1326 557 1454 597 posset
1483 554 1529 596 7,
1550 551 1595 595 6,
1619 550 1674 598 6.

171 603 417 647 potentissima
441 613 513 650 arg.
538 602 696 646 primone
720 601 885 644 ponenda
908 598 978 632 sint
1002 600 1086 632 loco
1110 599 1143 641 5,
1170 601 1224 640 12,
1248 597 1303 632 14.
1321 609 1395 646 ὶ1)ιό
1421 596 1655 632 sententia

172 648 260 692 poni
293 658 387 696 arg.
424 650 466 691 8,
491 650 532 691 5,
556 650 612 682 30.
652 657 724 693 arg.
751 646 978 690 reperiuntur
1003 651 1064 679 aut
1094 643 1132 678 in
1159 643 1427 689 quaestionibus
1453 660 1498 669 —
1523 649 1586 678 aut
1615 642 1662 678 in·

171 694 250 738 ipsa
277 705 382 729 causa
405 696 442 736 5,
466 695 507 738 8,
532 694 566 728 6.
595 694 688 726 unde
718 703 790 739 arg.
821 691 911 726 sumi
937 696 1088 735 possunt
1114 691 1155 733 5,
1181 693 1246 734 10,
1271 691 1328 726 23.
1363 694 1413 725 ex
1438 689 1658 724 anteceden-

173 740 264 773 tibus
295 747 329 774 et
356 740 484 785 junctis
513 745 548 773 et
575 738 801 782 sequentibus
827 738 1000 771 trahenda
1025 748 1104 770 esse
1128 747 1204 784 arg.
1237 736 1282 770 ib:
1305 738 1395 780 1023
1429 740 1557 771 Aecus.
1582 737 1658 780 post

172 789 372 830 Prueposs..·
412 797 492 820 cum
529 786 582 818 ad
619 790 899 831 argumenta
934 789 972 817 et
1005 783 1141 817 locos
1172 788 1322 818 ventum
1348 787 1404 818 est
1429 784 1486 827 11,
1511 784 1548 825 3,
1572 778 1655 816 144.

173 842 254 865 cum
281 833 450 875 objiceret
475 831 520 864 in
548 835 789 876 argumentum
813 831 988 863 factarum
1014 827 1223 862 insidiarum
1245 830 1287 872 6,
1311 831 1355 872 3,
1380 827 1440 864 49.
1490 827 1542 862 in

173 878 335 911 coelestis
361 884 457 911 ortus
480 877 535 910 liis
559 882 675 909 utatur
702 879 743 918 3,
769 879 803 918 7,
829 876 862 910 5.
906 875 1046 909 ducitur
1068 874 1115 908 in
1139 885 1215 922 arg.
1241 874 1381 919 species
1406 873 1566 908 libidinis
1587 880 1654 910 etc.

173 924 213 966 5,
239 925 300 966 10,
325 924 381 957 26.
422 923 468 956 in
506 933 579 968 arg.
602 921 700 955 ’facti
726 921 948 956 convertitur
969 924 1016 964 7,
1040 923 1083 964 2,
1107 923 1165 956 32.
1207 931 1294 966 quas
1322 919 1496 966 (causas)
1516 919 1558 957 in
1579 929 1656 967 wg-

172 975 286 1002 sumet
308 973 351 1013 7,
375 972 416 1012 2,
441 968 498 1003 35.
537 967 732 1002 adversarii
763 973 953 1011 patronum
985 967 1116 1001 inter
1150 973 1358 1014 argumenta
1382 967 1499 1001 malae
1525 975 1657 1002 causae

171 1015 290 1057 posuit
313 1014 349 1057 4,
376 1019 407 1057 1,
436 1018 488 1048 11.
527 1025 633 1057 saepe
656 1014 780 1050 inter
807 1015 962 1047 testes
986 1018 1022 1047 et
1049 1023 1143 1060 arg.
1174 1013 1373 1058 quaesitum
1395 1012 1452 1047 est
1476 1012 1512 1054 5,
1537 1014 1574 1055 7,
1597 1011 1655 1046 33-

173 1059 234 1104 [in
262 1060 552 1104 disputationibus
576 1071 655 1104 per
680 1065 885 1106 argumenta
912 1058 973 1104 (Z.
1003 1061 1045 1092 de
1069 1059 1155 1103 conj.
1179 1059 1300 1104 potius
1324 1057 1467 1106 arguta)
1491 1058 1528 1102 7,
1542 1057 1657 1100 3,¹14.

171 1118 206 1140 v.
232 1105 476 1153 Argutus}
525 1104 560 1147 ὃ)
584 1108 724 1140 Ablata
759 1106 894 1140 eisdem
919 1105 1055 1152 colligit
1078 1105 1294 1152 argumentis
1317 1107 1352 1148 3,
1375 1106 1411 1148 6,
1436 1105 1516 1139 103.
1550 1105 1658 1151 ᾳῐξῐὶ-

170 1158 292 1185 mento
314 1153 431 1196 aliquo
449 1151 731 1186 confirmabimus
742 1177 751 1195 ,
781 1153 875 1196 quod
891 1151 1182 1196 proposuerimus
1201 1150 1237 1194 4,
1252 1154 1288 1194 2,
1302 1150 1360 1186 54.
1390 1149 1556 1197 probatio
1572 1148 1661 1184 arti-

171 1197 296 1231 ficialis
315 1204 452 1233 constat
468 1203 527 1231 aut
551 1198 698 1244 signis
719 1204 779 1231 aut
803 1208 894 1245 arg.
916 1203 977 1231 aut
1001 1197 1238 1241 exemplis
1261 1199 1296 1240 5,
1314 1198 1349 1240 9,
1367 1199 1402 1231 1.
1438 1195 1470 1230 si
1491 1206 1568 1231 non
1589 1205 1656 1229 ar-

172 1244 400 1289 gumentis
433 1262 472 1268 —
512 1245 574 1277 sed
600 1243 753 1277 oculis
781 1244 1082 1288 deprehendenda
1098 1248 1181 1276 sunt
1207 1245 1244 1286 7,
1261 1246 1298 1285 2,
1314 1242 1352 1277 4.
1401 1241 1522 1276 dicere
1637 1261 1657 1268 -

172 1297 293 1323 mento
309 1293 342 1332 1,
358 1292 392 1332 6,
410 1290 463 1324 36.
503 1290 532 1323 si
550 1295 755 1336 argumento
778 1290 932 1332 nitemur
953 1289 1005 1334 (a.
1018 1293 1040 1323 l.
1062 1287 1222 1333 utemur)
1242 1288 1316 1323 odii
1337 1288 1372 1332 5,
1386 1291 1443 1331 12,
1454 1291 1490 1322 7.
1507 1287 1571 1324 vel
1636 1297 1658 1321 ο

173 1346 247 1381 arg.
261 1341 355 1379 patet
376 1339 408 1378 1,
426 1338 479 1378 12,
494 1338 527 1371 9.
549 1336 760 1382 argumentis
780 1338 933 1380 probare
948 1337 983 1379 9,
1003 1335 1039 1378 4,
1051 1333 1096 1378 4;
1131 1334 1206 1369 loci
1219 1335 1264 1369 de
1275 1332 1584 1382 argumentis2,4‚
1595 1335 1655 1367 27.

173 1382 272 1415 sine
292 1387 408 1414 teste
428 1387 487 1414 aut
506 1393 593 1428 arg.
611 1384 743 1415 factum
757 1383 790 1424 5,
806 1385 860 1424 13,
875 1383 932 1416 16.
952 1381 991 1415 in
1007 1381 1286 1415 narratione
1307 1386 1344 1415 et
1358 1380 1398 1415 iii
1421 1380 1656 1427 argumen-

172 1426 233 1460 tis
256 1426 292 1468 4,
321 1430 353 1468 1,
374 1429 430 1461 73.
464 1427 502 1460 in
529 1434 722 1474 argument.
752 1428 847 1462 citati
873 1434 978 1472 atque
1003 1429 1140 1461 celeres
1161 1428 1197 1470 9,
1219 1425 1254 1470 4,
1277 1427 1371 1462 138:
1402 1425 1435 1467 ε)
1463 1439 1493 1460 c.
1520 1427 1654 1474 Graiu:

171 1483 246 1518 arg.
270 1483 407 1506 morum
431 1473 463 1515 5,
491 1476 544 1516 10,
571 1478 626 1508 31.
660 1485 733 1521 arg.
760 1474 834 1508 odii
859 1474 892 1516 5,
920 1477 976 1517 12,
1000 1477 1036 1508 7·.
1076 1483 1150 1520 arg.
1177 1472 1359 1508 coelestis*
1371 1477 1472 1508 ortus
1497 1473 1579 1515 8,-’7
1610 1470 1656 1513 ⁷5.

173 1528 268 1565 arg„
300 1519 436 1561 species
459 1519 629 1562 libidinis,
658 1522 768 1554 robur
793 1520 1010 1564 petulantiae
1035 1520 1069 1562 5,
1091 1522 1147 1562 10,
1169 1519 1227 1554 26.
1265 1530 1301 1554 v.
1324 1531 1430 1564 supra
1450 1517 1511 1563 ρ),
1547 1497 1598 1565 ’ὁ
1624 1519 1656 1551 σι’

173 1566 369 1597 Auributis:
399 1575 471 1610 arg.
498 1566 591 1599 acria
615 1570 650 1599 et
673 1566 778 1600 citata
801 1566 951 1610 pedibus
975 1576 1120 1610 quoque
1144 1566 1187 1598 ad
1209 1566 1302 1599 hanc
1325 1570 1489 1599 naturam
1511 1563 1656 1598 acobm-
1720 1559 1725 1561 ’

173 1609 324 1643 medatis
349 1615 491 1643 utentur
511 1614 545 1654 9,
561 1610 595 1654 4,
615 1614 691 1646 135.
729 1623 802 1659 arg.
832 1611 984 1656 simplici
1010 1618 1046 1645 et
1073 1611 1177 1646 brevi
1194 1609 1229 1653 4,
1245 1612 1281 1654 2,
1298 1609 1356 1646 54.
1385 1621 1460 1659 arg.
1487 1607 1658 1655 mttere

174 1666 253 1689 esse
279 1657 479 1689 confessum
506 1658 539 1700 5,
559 1660 614 1699 12,
632 1660 666 1691 2.
709 1670 782 1704 arg.
809 1659 909 1693 velut
931 1658 1079 1692 horrida
1102 1662 1138 1691 et
1161 1657 1378 1704 confragosa
1401 1657 1436 1699 5,
1452 1657 1489 1699 8,
1506 1658 1541 1690 1.
1578 1655 1655 1701 arg.

174 1701 318 1734 dubium
346 1712 410 1744 pro
435 1703 656 1746 necessario,
681 1711 954 1738 controversum
975 1714 1040 1748 pro
1067 1703 1255 1745 confesso,
1283 1712 1473 1736 commune
1497 1699 1658 1746 pluribus

173 1757 239 1790 pro
270 1747 435 1790 proprio,
465 1750 624 1794 vulgare,
652 1761 931 1793 supervacuum,
975 1749 1088 1783 serius
1115 1749 1364 1791 constitutum,
1400 1752 1525 1782 contra
1549 1746 1659 1780 fidem

174 1794 215 1834 5,
239 1795 302 1835 13,
324 1792 379 1826 34.
425 1804 497 1839 arg.
532 1795 726 1829 firmissima
757 1810 833 1840 opp.
861 1795 1057 1829 infirmiora
1078 1796 1120 1837 5,
1146 1797 1208 1837 12,
1231 1792 1267 1827 4.
1303 1795 1380 1840 arg.
1407 1791 1658 1846 persuasibilia

172 1841 208 1880 2,
226 1841 282 1880 21,
302 1842 334 1871 2.
371 1840 611 1882 potentissima
639 1853 711 1888 arg.
742 1843 774 1884 5,
797 1846 851 1884 12,
876 1841 931 1875 14.
972 1852 1045 1875 arv.
1073 1840 1232 1875 invicem
1254 1837 1442 1884 probantia
1465 1839 1500 1881 5,
1521 1839 1580 1882 10,
1597 1841 1656 1874 71.

173 1884 310 1929 singula
336 1895 409 1930 arg.
437 1898 512 1928 opp.
543 1887 698 1930 quaestio
723 1888 930 1932 principalis
951 1886 987 1930 4,
1005 1870 1041 1929 E,
1065 1890 1096 1920 1.
1124 1897 1247 1930 sparsa
1270 1895 1344 1932 arg.
1374 1885 1409 1928 5,
1423 1887 1462 1928 7,
1478 1885 1523 1919 18
1541 1885 1590 1919 Ν.
1607 1897 1656 1924 σν,
1675 1906 1684 1919 .

172 1940 304 1964 vanum
331 1942 403 1976 arg.
430 1934 465 1973 7,
490 1935 523 1974 2,
548 1931 604 1966 34.
643 1945 716 1980 arg.
741 1932 990 1969 vehementius
1013 1936 1048 1975 7,
1073 1932 1108 1975 6,
1132 1935 1168 1967 7.
1215 1931 1355 1966 Graeco
1379 1941 1451 1978 arg.
1477 1933 1511 1974 1,
1537 1929 1575 1974 6,
1597 1929 1657 1967 36·

271 1976 318 2011 11]
346 1980 497 2009 Materia
525 1980 569 2010 ad
591 1981 792 2012 scribendum
817 1982 1005 2013 destinam.-
1034 1978 1230 2011 fabulae
1255 1978 1299 2011 ad
1326 1983 1445 2011 actum
1467 1982 1658 2013 s'cenanml

173 2021 391 2072 compositae
419 2033 568 2068 argum
583 2031 687 2058 enta
712 2026 878 2059 dicuntur
897 2026 931 2068 5,
948 2027 1005 2068 10,
1019 2025 1053 2059 9.
1089 2024 1335 2057 narrationum
1355 2028 1429 2057 tres
1454 2020 1657 2076 accepimus

171 2077 332 2109 species.-
362 2068 576 2101 fabulam
603 2087 642 2093 —
673 2076 939 2116 argumenta
966 2088 1006 2094 -
1034 2069 1290 2103 historiam
1311 2071 1348 2112 2,
1372 2067 1408 2112 4,
1432 2071 1467 2103 2.
1501 2074 1656 2103 utinam-

173 2123 242 2155 que
268 2123 339 2145 non
366 2113 585 2157 inquinasset
619 2116 823 2160 (Afranius)
853 2121 1061 2163 argumenta
1094 2126 1289 2160 puerorum
1325 2114 1443 2157 foedis
1478 2113 1659 2157 amoribus

175 2161 231 2199 10,
256 2162 287 2199 1,
307 2161 390 2201 1003
429 2170 501 2205 arg.
531 2161 653 2207 ingens
684 2164 804 2205 VIrg.
828 2164 862 2205 5,
886 2164 940 2206 10,
963 2164 1018 2196 10.

131 2205 291 2256 Arguo·
338 2227 418 2249 cum
442 2228 480 2250 se
513 2223 662 2261 uterque
690 2219 947 2262 defendat,
982 2218 1188 2263 priusquam
1214 2215 1459 2258 adversarium
1490 2213 1658 2263 'arguat

176 2262 210 2300 7,
239 2263 270 2301 1,
295 2263 329 2293 3.
368 2273 545 2295 venenum
572 2264 687 2309 arguis
712 2267 746 2307 5,
770 2268 806 2308 7,
832 2268 889 2300 37.
930 2265 991 2310 qui
1015 2263 1328 2311 arguitur‘fecisse
1349 2265 1386 2305 7,
1408 2265 1444 2304 2,
1466 2262 1523 2296 18.
1560 2261 1657 2305 qnod

176 2305 302 2337 eodem
328 2308 438 2340 verbo
464 2308 561 2351 quasi
586 2311 713 2342 falsum
739 2311 898 2357 arguitur
925 2311 986 2355 (a.
1013 2315 1035 2344 1.
1063 2315 1214 2356 negatur
1237 2322 1272 2342 a.
1300 2308 1471 2355 augetur)
1491 2308 1532 2350 ⁴9,
1547 2309 1584 2350 3,
1595 2307 1655 2342 ‹57-

175 2359 263 2400 non·
281 2350 347 2384 rite
385 2359 521 2385 creatus
552 2354 711 2388 tribunus
746 2358 961 2402 arguebatur
986 2360 1029 2399 2,
1053 2355 1096 2398 4,
1123 2356 1180 2390 35.
1217 2355 1456 2398 (percontari)
1487 2351 1671 2400 arguendi,

176 2401 290 2441 gratia
312 2398 347 2438 9,
371 2401 404 2438 2,
428 2399 460 2430 6.
489 2409 703 2442 provocare,
733 2413 823 2445 quae
849 2402 932 2436 inde
959 2402 1026 2445 (ab
1052 2406 1162 2434 altera
1183 2400 1305 2444 parte)
1330 2399 1402 2434 sint
1423 2398 1551 2442 fortia,
1582 2408 1660 2434 non

177 2442 422 2492 arguentis
449 2445 509 2475 sed
535 2447 775 2479 monentis
804 2453 858 2481 est
884 2450 925 2492 6,
952 2452 994 2491 1,
1017 2448 1040 2483 6
1066 2447 1116 2482 Ν.
1156 2456 1231 2481 non
1262 2445 1560 2493 arguentium
1581 2443 1658 2488 iiia,

174 2487 237 2519 sed
263 2488 607 2521 confitentium
632 2492 665 2532 5,
689 2494 724 2533 7,
755 2496 807 2526 12,
1083 2493 1093 2499 ”

130 2528 354 2594 ,ΑΙ-311686..
384 2554 509 2594 ‘neque
536 2545 573 2577 in
599 2552 699 2590 gestu
725 2542 979 2592 pers'equemur
1005 2558 1128 2583 omnes
1151 2547 1303 2596 argutias
1329 2549 1392 2591 11,
1415 2549 1460 2590 3,
1485 2547 1564 2581 181.
1598 2555 1659 2579 ar-

133 2594 293 2688 [ξιιίιειε
322 2589 509 2635 digitorum
538 2593 580 2623 ib.
609 2594 686 2624 122.

198 2642 361 2687 rgutus.
409 2650 446 2676 ut
484 2644 521 2677 in
556 2645 847 2689 (lisputationibus
883 2649 1001 2694 potius
1040 2656 1165 2696 arguta
1201 2649 1278 2694 (sic
1300 2653 1343 2684 Z.
1370 2650 1413 2681 de
1436 2646 1546 2689 corii-2
1587 2646 1658 2689 SP-

173 2700 259 2741 per,
290 2692 377 2741 qum-l
401 2702 422 2722 a
449 2692 551 2741 ‘'051‘1-
581 2700 660 2733 opu.
688 2696 800 2736 abest,
828 2695 1051 2741 argumenta)
1075 2697 1268 2731 verborum
1295 2692 1519 2736 cavillatrix,
1553 2703 1659 2737 quam

175 2746 213 2767 in
239 2740 391 2769 oratoris
414 2735 554 2777 officio,
589 2739 736 2771 multum
760 2742 907 2774 allatura
932 2743 1103 2775 momenti
1127 2745 1164 2784 7,
1189 2744 1222 2784 3,
1251 2739 1332 2787 14.]
1415 2743 1417 2746 ⁴

110 2775 299 2841 ¹Aridus·
323 2809 365 2818 —
397 2791 563 2839 magister
582 2797 616 2836 2,
631 2793 666 2839 4,
679 2797 715 2830 8.
744 2806 880 2842 neque,
909 2808 999 2842 quos
1028 2798 1192 2833 aridos
1219 2807 1416 2846 vocamus,
1445 2793 1578 2830 stulti
1601 2798 1664 2828 aut
