1728 3002
157 195 241 235 (306
840 193 991 237 Oratio

203 317 255 342 ex
287 306 388 342 varia
422 308 561 343 ratione
590 307 790 355 linguarum
815 317 870 342 or.
897 308 934 351 8,
957 309 993 352 3,
1009 308 1066 344 59.
1091 308 1253 354 praecisa
1275 310 1376 347 velut
1398 315 1482 346 ante
1503 309 1699 358 legitimum

202 354 310 389 finem
335 365 389 389 or.
413 356 449 398 9,
472 358 507 398 2,
540 357 597 391 57.
612 352 654 389 ‘o
665 366 697 390 r.
728 354 886 398 scripta,
921 362 1191 390 monumentum
1221 356 1435 392 actionis
1465 358 1608 392 habitae
1641 360 1698 401 12,

204 402 263 444 10,
290 401 346 436 51.
374 400 419 442 cs.
443 404 479 444 2,
504 401 539 444 5,
562 405 597 436 7.
622 402 738 435 soluta
760 401 838 435 fere
866 411 919 434 or.
945 402 980 444 8,
1004 401 1038 444 5,
1063 405 1119 437 27.
1145 401 1183 437 in
1209 413 1263 437 or.
1287 413 1409 448 sparsa
1433 402 1497 448 (α.
1521 407 1544 438 1.
1566 403 1698 448 prosa)

203 447 238 488 5,
262 449 297 489 7,
324 447 368 481 18
392 448 439 485 N.
466 461 513 481 cr.
559 448 596 490 c)
624 449 736 482 Verbo
766 447 900 490 junctis:
935 452 970 481 et
1005 448 1220 483 sanctiorem
1249 454 1286 483 et
1317 449 1429 495 magis
1458 449 1699 484 admirabilem

202 491 340 526 faciunt
364 502 418 527 or.
443 494 479 536 8,
505 493 538 535 3,
562 492 620 528 24.
642 493 686 535 cs:
712 495 747 536 8,
770 494 827 528 Pr.
855 494 913 528 33.
960 495 1116 528 celerem
1140 505 1181 528 ac
1207 494 1376 530 mobilem
1415 494 1552 530 faciunt
1584 505 1638 531 or.
1662 496 1698 539 9,

204 536 241 581 4,
265 539 322 572 83.
345 548 398 573 or.
434 538 546 585 magis
573 540 773 573 deformem
796 541 876 573 fore
903 540 946 573 ib.
976 541 1032 575 15.
1060 551 1113 575 or.
1144 542 1342 585 emendata,
1369 540 1536 585 dilucida,
1561 547 1699 585 ornata,

203 589 287 628 apta
330 595 410 619 esse
448 586 554 619 debet
584 589 639 629 11,
666 588 702 628 3,
727 588 784 620 30.
812 584 857 627 cs.
883 587 916 628 1,
941 586 976 629 5,
1001 589 1035 622 1.
1081 587 1119 620 fit
1146 598 1271 631 aspera
1294 593 1330 622 et
1354 588 1442 621 dura
1466 592 1502 622 et
1530 586 1700 621 dissoluta

176 647 182 664 t
204 635 242 664 et
264 629 367 664 hians
394 641 447 665 or.
459 632 493 674 8,
502 632 536 674 6,
550 631 607 666 62.
633 632 737 666 aliam
749 642 802 666 or.
825 642 904 666 esse
922 627 1210 676 ἀσχημάτιστον,
1240 633 1353 676 idest,
1370 633 1491 680 figuris
1501 638 1697 678 carentem,

202 675 307 710 aliam
334 674 665 721 ἐσχηματισμένην,
695 678 732 712 id
767 683 844 721 est,
877 677 1060 724 figuratam
1082 679 1118 721 9,
1139 681 1172 721 1,
1201 681 1256 714 13.
1283 679 1464 714 videbitur
1490 690 1566 714 non
1584 681 1701 714 solum

205 722 405 766 composita
429 733 499 767 or.,
524 724 587 758 sed
615 725 721 758 etiam
751 724 919 759 continua
942 727 977 766 7,
997 727 1052 767 10,
1081 727 1135 759 17.
1163 730 1238 759 tota
1266 735 1322 762 or.
1347 725 1501 770 simplex
1526 731 1562 760 et
1579 725 1700 772 gravis

203 769 312 802 debet
341 780 421 803 esse
442 771 478 813 3,
504 770 539 812 8,
563 770 620 804 65.
645 769 690 812 cs.
718 772 754 813 9,
780 770 816 813 4,
844 772 900 806 83.
950 771 1080 815 quaed.
1104 770 1229 812 hebes,
1251 771 1408 816 sordida,
1434 772 1565 816 jejuna,
1589 771 1700 806 tristis

202 814 358 862 ingrata,
381 815 465 850 vilis
491 826 545 850 or.
572 822 625 850 est
646 818 681 860 8,
707 819 740 859 3,
772 815 831 852 49.
879 821 933 851 est
967 821 1002 850 et
1037 822 1159 851 sancta
1194 823 1230 852 et
1266 817 1385 864 gravis
1418 817 1478 861 (α.
1502 821 1524 852 1.
1547 817 1701 862 brevis)

203 871 259 895 or.
282 868 318 895 et
342 862 517 896 custodita
542 861 600 906 (a.
627 867 650 896 l.
676 862 870 910 castigata)
895 868 932 897 et
953 863 1164 906 frequenter
1189 864 1385 899 vehemens
1417 874 1560 908 quoque
1585 865 1643 907 10,
1665 866 1700 906 1,

205 908 287 942 115.
333 908 462 952 quibus
485 908 657 942 illustrem
686 910 763 943 fieri
791 919 844 943 or.
869 909 905 952 8,
930 911 964 952 3,
989 908 1047 944 43.
1093 915 1134 942 ut
1155 908 1234 944 sine
1256 909 1425 955 appositis
1459 911 1554 943 nuda
1585 909 1631 944 sit
1664 914 1701 943 et

203 955 304 988 velut
328 953 486 989 incomta
511 965 589 998 or.;
623 966 669 989 ne
692 961 813 990 tamen
838 955 958 989 multis
987 955 1034 988 sit
1075 956 1184 1002 longa
1221 961 1258 990 et
1302 955 1471 1000 impedita
1502 955 1576 1000 (sic
1608 960 1701 989 locus

203 1002 448 1034 constituendus
469 1003 546 1034 mihi
575 1003 728 1044 videtur;
760 1006 849 1043 vulg.
886 1007 1057 1036 oneretur
1078 1007 1197 1036 tamen
1232 1002 1363 1036 multis.
1398 1003 1490 1035 Nam
1510 1001 1558 1041 ,fit
1590 998 1700 1048 longa

204 1045 285 1089 etc.)
312 1047 347 1091 8,
371 1047 407 1090 6,
431 1047 489 1080 41.
534 1047 620 1081 facit
644 1058 697 1081 or.
725 1048 935 1090 sublimem,
969 1047 1153 1090 floridam,
1188 1048 1398 1092 jucundam,
1435 1047 1632 1093 mirabilem
1663 1049 1700 1090 8,

202 1094 240 1135 3,
263 1091 322 1127 74.
369 1093 526 1127 maxime
556 1094 747 1137 jucundam
771 1099 806 1128 et
841 1100 1001 1128 ornatam
1037 1094 1173 1128 faciunt
1203 1103 1256 1128 or.
1287 1094 1324 1138 4,
1354 1096 1390 1138 3,
1421 1094 1478 1129 15.
1517 1092 1561 1135 cfi
1595 1094 1631 1137 9,
1667 1096 1703 1135 2,

202 1139 263 1173 63.
308 1139 347 1172 fit
369 1141 477 1186 longa
501 1145 538 1174 et
564 1139 734 1184 impedita
759 1150 812 1174 or.
836 1141 871 1183 8,
897 1140 934 1183 6,
968 1139 1027 1174 42.
1073 1139 1217 1174 mollior
1247 1142 1268 1181 (
1281 1153 1314 1175 a.
1338 1144 1362 1174 l.
1402 1139 1544 1184 melior)
1575 1139 1616 1174 fit
1645 1149 1701 1174 or.

202 1185 240 1227 9,
264 1186 299 1227 2,
323 1187 379 1219 32.
429 1191 589 1219 ornatam
611 1187 716 1230 fore,
752 1197 843 1231 quae
866 1185 1061 1230 probabilis
1086 1197 1158 1220 non
1182 1186 1272 1230 erit,
1297 1197 1350 1220 or.
1376 1187 1412 1230 8,
1438 1188 1473 1230 3,
1496 1185 1555 1219 42.
1582 1191 1621 1220 ut
1645 1195 1700 1220 or.

203 1231 365 1274 Romana
388 1232 495 1275 plane
519 1231 706 1275 videatur,
743 1243 817 1266 non
849 1232 995 1267 civitate
1027 1233 1158 1266 donata
1189 1233 1225 1275 8,
1260 1236 1294 1276 1,
1329 1234 1364 1267 3.
1410 1237 1451 1265 ut
1485 1242 1565 1266 eam
1598 1229 1700 1274 (or.)

203 1276 342 1320 judices
367 1276 520 1310 similem
547 1277 677 1324 agmini
701 1279 736 1321 8,
762 1279 798 1321 6,
821 1276 879 1311 42.
905 1279 981 1312 Nec
1005 1278 1242 1323 argumentis,
1266 1289 1334 1313 nec
1351 1277 1544 1312 narrationi
1576 1276 1701 1312 similis

204 1333 286 1356 esse
309 1322 347 1355 in
371 1322 557 1366 prooemio
585 1324 690 1357 debet
717 1333 792 1366 or.,
837 1335 955 1367 neque
989 1329 1107 1358 tamen
1138 1325 1290 1358 deducta
1319 1334 1483 1368 semper,
1524 1329 1596 1369 atq.
1629 1322 1702 1358 cir-

205 1369 376 1411 cumlata,
409 1369 472 1402 sed
498 1379 610 1412 saepe
629 1369 779 1412 simplici
806 1375 876 1413 atq.
904 1369 1111 1403 illaboratae
1136 1369 1280 1413 similis,
1323 1381 1392 1404 nec
1420 1369 1544 1405 verbis
1578 1370 1702 1404 vultu-

203 1425 275 1458 que
298 1413 406 1448 nimia
429 1414 639 1458 promittens
662 1413 698 1458 4,
724 1418 756 1457 1,
781 1414 827 1448 60
856 1415 928 1456 Ν.;
964 1414 1047 1448 licet
1073 1420 1108 1448 et
1134 1415 1256 1450 vincta
1281 1414 1337 1455 (a.
1361 1419 1384 1449 2.
1406 1414 1551 1458 juncta)
1579 1416 1636 1458 sit,
1665 1421 1702 1450 et

203 1466 287 1504 apte
313 1461 444 1495 cadens
469 1470 538 1503 or.,
563 1466 679 1494 tamen
703 1459 831 1494 merito
855 1459 1093 1504 incomposita
1118 1461 1256 1494 dicatur
1281 1461 1316 1503 9,
1340 1459 1376 1503 4,
1400 1463 1457 1495 32.
1499 1471 1590 1505 quae
1610 1471 1702 1495 con-

202 1517 302 1541 nexa
325 1512 400 1550 est,
443 1512 479 1540 et
512 1506 596 1541 totis
624 1505 763 1541 viribus
794 1505 893 1548 fluit,
925 1504 985 1550 (a.
1021 1510 1044 1540 l.
1074 1505 1187 1550 furit)
1219 1507 1366 1553 fragosa
1400 1513 1473 1550 atq.
1504 1507 1701 1551 interrupti

202 1552 333 1587 melior
355 1563 408 1587 or.
439 1553 474 1595 9,
500 1552 534 1590 4.
560 1556 595 1591 7.
642 1559 681 1587 ut
707 1552 751 1586 sit
778 1562 832 1586 or.
858 1552 1023 1586 distincta
1047 1555 1104 1595 11,
1130 1554 1165 1597 3,
1188 1554 1246 1587 35.
1293 1558 1418 1586 natura
1438 1552 1617 1597 permixta
1645 1557 1701 1587 est

204 1598 370 1633 omnibus
399 1598 476 1633 istis
511 1609 565 1633 or.
599 1601 655 1643 12,
686 1602 723 1642 2,
755 1601 814 1633 20.
859 1598 946 1632 facit
974 1609 1033 1632 res
1064 1599 1142 1633 ead.
1179 1597 1362 1634 concisam
1397 1608 1540 1645 quoque
1574 1609 1629 1633 or.
1665 1600 1701 1641 8,

234 1671 246 1688 ⁹
295 1690 336 1736 β)
361 1691 556 1726 Nominat„-
589 1690 710 1735 opus,
743 1690 838 1735 quod
867 1689 1020 1724 efficitur
1048 1689 1092 1723 ab
1122 1687 1278 1733 artifice,
1299 1688 1338 1723 id
1365 1694 1438 1731 est,
1460 1689 1555 1724 bo'na
1583 1688 1700 1723 oratio

201 1740 239 1781 2,
277 1736 334 1782 14,
370 1739 404 1772 5.
427 1748 497 1781 or.,
522 1737 622 1780 cnjus
648 1736 801 1772 virtutes
817 1737 1028 1781 frequenter
1046 1746 1094 1770 ex
1120 1734 1294 1770 industria
1311 1746 1456 1780 quoque
1475 1735 1710 1770 occultantur

203 1786 261 1826 10,
288 1786 322 1826 1,
347 1786 406 1818 20.
434 1794 499 1826 or.,
525 1794 617 1827 quae
642 1781 784 1827 quidem
808 1793 861 1817 or.
887 1788 942 1816 est
964 1792 1052 1817 vere
1077 1784 1132 1825 12,
1162 1784 1197 1825 2,
1221 1783 1268 1816 20
1294 1783 1341 1816 Ν.
1387 1782 1470 1825 illa,
1509 1791 1578 1826 qua
1610 1781 1702 1816 nihi!
1719 1820 1728 1833 (Ἰ

202 1830 389 1874 pulchrius
416 1829 538 1863 auditu
562 1835 628 1872 est,
654 1839 705 1863 or.
733 1831 841 1872 10,1,
860 1831 938 1863 111.
966 1838 1021 1862 or.
1038 1834 1119 1862 ante
1146 1834 1259 1862 artem
1287 1827 1396 1862 fuisse
1424 1831 1457 1869 2,
1486 1830 1542 1868 17,
1569 1829 1604 1862 7.
1626 1830 1683 1861 ma'
1716 1830 1728 1855 ·1

202 1876 330 1910 teriam
353 1876 552 1910 rhetorices
584 1886 663 1910 esse
698 1885 752 1909 or.
787 1878 823 1918 2,
854 1878 913 1918 21,
946 1877 980 1908 1.
1028 1885 1109 1908 cum
1140 1873 1187 1907 sit
1223 1873 1423 1908 rhetorices
1453 1879 1524 1918 atq.
1548 1873 1701 1908 oratoris

201 1933 293 1966 opus
322 1933 375 1956 or.
404 1925 460 1963 12,
484 1924 540 1965 10,
569 1925 601 1955 1.
649 1922 822 1955 moralem
846 1922 999 1964 (partem
1013 1921 1040 1963 ),
1065 1920 1142 1954 sine
1170 1931 1239 1964 qua
1263 1921 1362 1954 nulla
1386 1930 1465 1954 esse
1490 1930 1544 1954 or.
1570 1924 1719 1963 potests

202 1972 260 2012 12,
284 1971 320 2012 2,
345 1970 403 2003 20.
450 1967 489 2002 in
515 1979 584 2012 qua
609 1965 774 2011 (materia
800 1965 922 2010 Arati)
946 1967 1044 2000 nulla
1075 1966 1286 2010 cujusquam
1313 1967 1358 2000 sit
1395 1976 1448 2000 or.
1482 1967 1539 2008 10,
1574 1969 1608 2008 1,
1639 1965 1717 2015 55η,ἱ

201 2025 346 2048 omnem
370 2025 424 2048 or.
448 2015 507 2055 (a.
533 2018 556 2048 l.
587 2012 789 2055 oratorem)
815 2012 853 2046 id
877 2023 997 2059 agere,
1020 2018 1060 2046 ut
1086 2011 1207 2056 judici,
1233 2023 1323 2056 quae
1346 2011 1530 2056 proposita
1552 2008 1717 2055 fuerint-,³2

202 2072 293 2096 vera
316 2067 351 2095 et
380 2062 532 2095 honesta
553 2059 744 2095 videantur
770 2062 825 2102 12,
851 2061 887 2103 1,
911 2062 968 2093 11.
1013 2069 1069 2093 or.
1095 2069 1194 2092 suam
1220 2058 1382 2102 coepisse
1416 2067 1607 2098 canescere
1641 2059 1714 2104 ¹¹1·

202 2110 238 2150 1,
266 2109 325 2142 31.
371 2117 426 2141 or.
450 2117 576 2141 carens
605 2107 672 2140 hac
695 2105 829 2141 virtute
856 2104 906 2148 (ἰ.
932 2117 960 2139 e.
986 2106 1086 2138 ordi
1094 2103 1166 2146 ne)
1202 2106 1435 2142 tumultuetur
1456 2114 1605 2138 necesse
1630 2103 1715 2148 esti}

202 2159 240 2187 et
262 2153 340 2187 sine
362 2158 504 2187 rectore
527 2152 663 2195 fluitet,
693 2163 762 2186 nec
788 2152 980 2186 cohaereat
1002 2149 1093 2192 sibi,
1125 2150 1235 2183 multa
1261 2155 1420 2194 repetat,
1444 2150 1553 2183 multa
1578 2147 1712 2200 trans-'3

201 2205 262 2233 eat
295 2202 331 2241 7,
362 2200 418 2233 Pr.
446 2202 479 2234 3.
507 2209 574 2239 or.,
599 2209 691 2242 quae
714 2197 802 2232 ferri
828 2198 956 2231 debeat
979 2207 1022 2230 ac
1049 2196 1174 2238 fluere,
1209 2200 1446 2230 consenescat
1481 2196 1518 2239 9,
1548 2193 1586 2238 4,
1618 2194 1709 2245 1129,Ι

203 2244 285 2289 [or.
316 2255 460 2279 omnem
483 2244 619 2290 (Codd.
646 2254 788 2278 omnem
825 2242 1035 2284 oratoriam,
1079 2243 1147 2285 Sp.
1182 2242 1299 2285 conjic.
1334 2242 1710 2285 compositionem

202 2294 478 2334 oratoriam,·
500 2297 634 2334 recepta
658 2298 706 2324 est
730 2303 771 2323 ex
796 2287 959 2332 Basiz.)
983 2293 1150 2322 constare
1167 2288 1317 2331 pedibus
1341 2290 1384 2321 ib.
1403 2289 1451 2322 79
1466 2285 1531 2331 Ν.]
1556 2286 1648 2320 actio
1686 2305 1703 2335 (μ

201 2342 361 2380 constat,
394 2347 467 2371 non
491 2336 707 2379 imitatione,
735 2346 790 2370 or.
819 2338 874 2377 11,
897 2337 933 2376 3,
958 2335 1037 2369 182..
1085 2333 1215 2367 crescit
1241 2344 1294 2367 or.
1324 2334 1360 2375 8,
1385 2331 1422 2375 4,
1449 2334 1484 2368 8.
1521 2331 1567 2374 cs.
1600 2333 1636 2375 6,

199 2384 259 2418 29.
304 2394 351 2417 ne
375 2384 559 2417 decrescat
585 2393 639 2416 or.
667 2384 704 2425 9,
731 2381 768 2425 4,
800 2382 858 2416 23.
891 2385 1038 2421 orator,
1084 2390 1191 2423 quem
1221 2390 1295 2413 non
1325 2379 1438 2426 magis
1469 2389 1627 2422 unquam
1656 2376 1696 2411 in

200 2428 317 2462 causis
342 2428 522 2472 oratio,
548 2440 655 2472 quam
677 2428 716 2462 in
741 2427 848 2462 rebus
873 2425 1059 2460 cotidianis
1087 2436 1233 2460 sermo
1257 2425 1399 2459 deficiet
1422 2426 1478 2467 12,
1501 2427 1537 2467 9,
1557 2427 1615 2459 21.
1638 2432 1694 2457 or.

202 2484 279 2507 non
303 2475 486 2509 descendit
513 2475 558 2508 ad
582 2474 767 2518 strepitum
790 2471 977 2518 digitorum
1002 2472 1039 2515 9,
1079 2472 1115 2515 4,
1149 2471 1205 2506 55.
1252 2471 1359 2504 animi
1394 2475 1533 2504 secreta
1563 2467 1694 2515 detegit,

203 2529 257 2554 or.
282 2523 339 2562 11,
367 2523 400 2563 1,
437 2523 493 2555 30.
540 2531 615 2554 non
639 2520 724 2554 satis
754 2519 884 2560 efficit,
925 2527 1044 2561 neque
1073 2518 1179 2561 plene
1211 2517 1303 2560 (Sp.
1337 2517 1465 2560 plane)
1497 2514 1696 2550 dominatur

201 2575 256 2598 or.
280 2567 315 2607 8,
339 2568 373 2607 3,
399 2567 445 2600 62
474 2571 515 2601 Ζ.
561 2566 699 2600 habitas
722 2565 760 2599 in
784 2563 924 2608 judiciis
949 2573 1002 2597 or.
1026 2564 1184 2597 eminere
1208 2562 1400 2597 virtutibus
1423 2564 1457 2604 3,
1479 2563 1514 2605 8,
1537 2562 1593 2596 65.
1627 2565 1694 2597 1100

202 2610 419 2653 mirabimur,
455 2612 485 2646 si
511 2622 579 2654 or.,
601 2623 670 2656 qua
692 2611 781 2645 nihil
805 2608 1042 2655 praestantius
1066 2607 1205 2643 homini
1232 2608 1329 2643 dedit
1352 2606 1590 2652 providentis,
1613 2607 1696 2649 pln-

202 2655 302 2690 ribus
327 2657 460 2701 egeat?
489 2660 521 2697 1,
548 2660 604 2700 10,
642 2661 676 2692 7.
725 2667 840 2701 aequo
865 2666 1057 2702 congressa
1084 2665 1210 2698 campo
1234 2660 1327 2688 totas
1357 2654 1455 2689 vires
1479 2651 1654 2696 populari(
1716 2663 1718 2665 ’

203 2701 397 2745 explicabit
421 2713 473 2735 or.
500 2706 555 2745 12,
583 2705 619 2746 9,
643 2706 677 2739 2.
724 2703 801 2746 ipsa
825 2701 1091 2746 quodammodo
1120 2712 1160 2734 se
1181 2711 1262 2733 cum
1283 2704 1384 2746 gestu
1416 2696 1533 2730 fundit
1555 2706 1610 2731 or.
1636 2700 1692 2742 11,

203 2749 239 2790 3,
264 2746 321 2781 84.
346 2758 399 2781 οι·.
421 2749 588 2793 gaudebit
611 2749 802 2782 occasione
836 2747 963 2781 laetius
1001 2745 1213 2781 decurrendi
1249 2748 1304 2787 12,
1339 2745 1375 2786 9,
1409 2745 1443 2775 2.
1488 2743 1551 2778 vel
1579 2741 1691 2778 medie

202 2803 325 2828 ocrem
347 2802 414 2836 or.,
441 2795 724 2831 commendatam
748 2793 885 2831 viribus
909 2791 1061 2828 actionis
1084 2809 1130 2819 —
1159 2791 1240 2836 plus
1271 2787 1469 2825 habituram
1499 2798 1580 2824 esse
1614 2782 1690 2838 ιιιῷ
