1794 2976
15 2617 29 2642 :n

573 201 783 246 Tumulus
810 228 866 234 —-
883 169 1055 258 'Turpis
1495 203 1578 242 913

56 306 279 350 Tumulus.
325 318 480 361 tumulo,
514 328 617 362 quem
650 321 907 359 extruxerant,
944 314 1197 359 inscripserunt
1223 313 1368 358 (nomen)
1391 317 1425 357 7,
1451 315 1494 358 3,
1518 316 1575 348 31.

57 409 206 462 Tunc-³
236 422 277 460 α)
299 421 511 464 simpliciter.-
537 426 564 454 t.
588 419 748 454 div-idere
772 418 942 464 optimum
970 419 1038 452 erit
1063 416 1108 461 4,
1139 420 1184 460 2,
1211 419 1287 451 101.
1323 418 1447 461 justius
1468 424 1495 453 t.
1516 430 1577 462 pe-

100 473 179 502 tere
199 471 244 503 ea
266 467 415 512 quisque
441 466 582 500 videtur
607 477 627 499 a
650 465 791 508 judice,
827 476 918 510 quae
946 464 1023 498 aliis
1047 464 1122 508 ipse
1149 463 1359 507 praestiterit
1383 466 1427 503 6,
1454 467 1496 507 1,
1519 468 1575 499 22.

97 512 149 558 F)
171 525 259 557 resp.
285 525 395 547 cum.-
427 512 544 546 Deum
575 517 690 545 tunc
714 511 873 554 affuisse,
906 522 1003 546 cum
1031 509 1067 543 id
1091 510 1271 544 evenisset
1294 513 1357 553 10,
1382 514 1421 553 7,
1449 511 1502 544 14.
1530 511 1575 552 cs.

101 558 176 601 1²,·
193 562 237 602 1,
260 558 319 594 89.
342 563 366 591 t.
397 563 451 592 est
473 558 767 592 commovendum
795 558 990 599 theatrum,
1023 567 1122 597 cum
1146 562 1291 590 ventum
1318 562 1372 589 est
1397 557 1440 590 ad
1463 556 1577 600 ipsum

100 604 191 638 illud
207 614 249 628 ὲ
271 603 442 639 Plaudite.
466 605 510 647 6,
536 608 587 646 1,,
602 606 658 639 52.
685 602 730 645 cs.
757 604 797 646 6,
823 604 867 645 4,
895 606 926 645 1,
949 613 1031 640 reus
1056 607 1081 638 t.
1115 602 1351 636 narrationem
1381 603 1576 647 subtrahet,

103 660 199 684 cum
220 650 258 684 id
282 649 469 694 objicitur,
491 660 561 684 nec
585 648 705 696 negari
729 657 790 683 etc.
815 648 944 693 poterit
968 647 1002 690 4,
1026 651 1060 690 2,
1087 650 1120 683 8.
1146 647 1189 689 cs.
1218 651 1273 690 12,
1300 651 1355 691 11,
1383 652 1417 683 7.

56 693 238 738 Tunica·
284 706 342 740 cui
365 706 427 740 lati
456 706 561 740 clavi·
576 706 630 750 jus
657 716 730 739 uon
758 705 845 748 erit,
875 705 925 739 ita
954 705 1135 751 cingatur,
1164 710 1202 738 ut
1227 705 1368 738 tunicae
1399 704 1576 749 prioribus

99 752 174 787 oris
194 750 290 786 infra
335 763 426 786 enua
447 754 610 796 paulum,
637 751 890 796 posterioribus
913 752 956 785 ad
979 751 1115 785 medios
1137 750 1289 794 poplites
1312 762 1423 795 usque
1446 763 1579 795 perve-

98 762 373 879 ἒίῗηῑὲιὲἐὲ
383 799 451 879 1ὲὲ8
471 800 516 832 Ν.
546 798 771 832 subducenda
803 808 885 841 pars
915 797 1032 842 aliqua
1063 797 1204 830 tunicae
1231 799 1274 831 ib.
1301 797 1368 830 140
1386 799 1432 831 N.
1459 798 1578 832 tunica

161 855 238 882 uc„
293 869 305 888 ,
330 847 346 877 1
375 870 386 887 ,
439 867 448 877 .

56 885 218 931 Turba·
262 900 314 942 d)
338 901 521 933 hominum.-
553 898 668 932 omnis
691 898 787 934 Circi
809 905 835 933 t.
862 902 894 942 1,
920 899 955 942 6,
978 899 1036 933 45.
1061 903 1087 932 t.
1114 898 1366 943 discipulorum
1392 902 1447 942 10,
1473 902 1506 942 5,
1530 903 1572 933 21

102 947 150 980 Ν.
176 959 223 979 σν.
251 955 331 979 oum
361 947 463 980 turba
496 945 712 979 laudantium
739 946 930 979 oestituunt
956 945 1120 978 subsellia
1147 947 1191 987 6,
1214 945 1259 988 4,
1284 946 1306 980 6
1329 947 1375 979 Ν.
1408 946 1578 980 deformis

102 998 139 1026 et
159 991 383 1025 incommoda
406 991 530 1025 turbae
553 990 767 1024 conflictatio
790 991 840 1034 (in
866 990 1018 1034 theatris)
1046 993 1089 1032 3,
1110 991 1154 1033 8,
1180 992 1226 1025 29
1247 992 1295 1025 Ν.
1319 998 1492 1034 meretur,
1517 991 1577 1035 qni

102 1037 228 1071 turbae
258 1037 418 1082 quamvis
452 1038 627 1071 bonorum
662 1042 743 1080 post
780 1047 842 1070 eos
875 1042 1056 1070 auctorum
1080 1036 1259 1070 eximatur
1284 1039 1347 1079 10,
1374 1041 1390 1070 1
1406 1064 1416 1079 ,
1441 1037 1498 1071 74.
1523 1039 1579 1070 fu-

102 1083 234 1130 giendo
257 1084 394 1117 turbam
420 1082 602 1116 hominum
627 1082 703 1124 ejus
727 1082 851 1116 aetatis
877 1086 918 1125 1,
942 1085 983 1124 2,
1011 1085 1044 1116 2.
1078 1093 1145 1115 nec
1176 1082 1445 1116 seditiones
1470 1085 1577 1117 modo

103 1128 353 1173 turbaeque
383 1130 572 1173 populares
606 1128 811 1162 excitentur
836 1131 878 1170 2,
906 1128 968 1170 16,
999 1130 1032 1161 2.
1076 1139 1192 1171 neque
1222 1129 1337 1162 bonus
1370 1135 1579 1174 praeceptor

102 1176 237 1218 majore
261 1186 300 1209 se
324 1175 446 1217 turba,
470 1186 574 1219 quam
597 1180 635 1207 ut
659 1174 833 1208 sustinere
859 1185 937 1207 eam
957 1172 1086 1216 possit,
1108 1174 1311 1208 oneraverit
1337 1177 1370 1217 1,
1394 1177 1428 1216 2,
1456 1177 1510 1210 15.
1531 1175 1580 1209 ita

102 1230 283 1264 nunquam
304 1219 435 1255 erimus
457 1219 495 1253 in
519 1220 622 1254 turba
644 1222 687 1253 ib.
714 1220 768 1254 16.
796 1218 841 1260 ej}
867 1222 925 1262 10,
949 1222 995 1262 3,
1018 1221 1074 1254 30.
1108 1230 1188 1253 cum
1213 1231 1262 1254 ex
1289 1226 1316 1253 t.
1341 1221 1581 1264 prospexisset

102 1267 139 1308 6,
163 1269 197 1308 1,
219 1264 278 1301 48.
331 1265 375 1313 β)
405 1268 594 1300 verborum.-
625 1271 679 1299 est
700 1264 736 1299 in
764 1265 924 1309 quibusd.
951 1266 1054 1300 turba
1075 1264 1231 1298 inanium
1258 1266 1450 1300 verborum
1474 1268 1520 1310 8,
1545 1271 1578 1309 2,

106 1315 161 1346 17.
187 1313 324 1346 turbam
344 1311 440 1345 enim
462 1312 513 1354 (a.
533 1315 556 1345 1.
580 1311 857 1354 turbamentum)
881 1316 1085 1356 congregat,
1110 1321 1158 1344 ex
1182 1323 1250 1355 qua
1276 1312 1352 1345 sine
1379 1312 1580 1347 discrimine

104 1363 257 1403 occupet
279 1356 483 1402 proximmn
513 1357 678 1401 quodque
704 1360 770 1400 10,
795 1360 833 1399 1,
863 1360 896 1391 7.
936 1357 1062 1401 quaed.
1094 1363 1298 1402 argumenta
1328 1359 1428 1392 turba
1459 1361 1579 1393 valent

101 1403 144 1446 4,
168 1405 214 1446 2,
238 1405 285 1438 82
301 1403 348 1436 Ν.
374 1413 493 1437 rerum
518 1402 683 1446 repetitio
703 1422 750 1428 -
770 1402 905 1436 etiamsi
934 1414 1018 1445 per
1041 1401 1236 1449 singula
1267 1403 1382 1438 minus
1405 1411 1579 1448 moverat,

102 1449 239 1528 turlza
260 1450 357 1484 valet
377 1449 423 1493 6,
454 1452 495 1492 1,
525 1452 557 1483 1.
583 1448 627 1490 cs.
652 1448 695 1492 4,
721 1449 757 1492 5,
784 1451 818 1484 7.
848 1449 889 1492 5,
917 1451 978 1492 13,
1005 1451 1059 1483 12.
1083 1451 1189 1483 rebus
1212 1451 1311 1485 velut
1334 1461 1381 1484 ex
1404 1456 1429 1484 t.
1459 1457 1579 1485 extra-

101 1495 166 1529 ctis
253 1496 287 1538 5,
310 1497 368 1528 22.

0 1564 6 1570 ’
59 1520 291 1582 Turbidus.
324 1549 541 1585 turbidus
565 1555 601 1584 et
628 1551 870 1590 clamosus
893 1551 1081 1584 altercator
1101 1552 1137 1593 6,
1160 1551 1195 1592 4,
1223 1554 1283 1593 153
1310 1563 1426 1596 neq-ue
1449 1553 1579 1596 puris

104 1595 263 1630 fontibus
290 1606 406 1639 neque
428 1595 641 1629 torrentibus
660 1596 875 1628 turbidis
899 1596 1031 1630 similes
1056 1600 1121 1639 12,
1147 1600 1212 1639 10,
1239 1599 1304 1639 19;
1330 1599 1359 1631 si
1384 1598 1467 1642 quid
1490 1598 1581 1632 suis-

105 1647 160 1676 set
181 1639 415 1675 turbidiorum
439 1640 714 1687 cogitationum,
738 1647 993 1684 componerent
1015 1642 1056 1684 9,
1083 1642 1127 1684 4,
1153 1646 1206 1676 12.
1233 1645 1407 1676 tumult
1421 1655 1443 1677 u
1457 1644 1581 1679 osius

3 1735 7 1737 λ
61 1687 181 1775 Tang
199 1687 303 1724 turb
313 1686 324 1720 i
336 1686 377 1719 di
388 1697 438 1719 us
453 1688 487 1729 3,
500 1687 535 1727 8,
552 1688 608 1720 60.
637 1698 671 1719 v.
683 1686 748 1721 Ae
758 1698 781 1730 q
793 1698 817 1719 u
829 1686 929 1720 alis.
952 1687 1211 1722 turbidissimae
1229 1688 1388 1739 actiones
1409 1693 1441 1732 1,
1454 1692 1508 1733 10,
1521 1692 1577 1725 28.

103 1747 154 1775 ul·

185 1746 225 1775 ⁰·
272 1742 320 1787 a)
345 1745 387 1776 de
407 1745 605 1776 homibus:
641 1748 764 1777 contra
790 1744 971 1777 turbantes
995 1744 1192 1777 audendum
1219 1751 1273 1779 est
1295 1746 1333 1788 6,
1358 1745 1401 1788 4,
1426 1748 1482 1780 10.
1513 1758 1579 1781 nec

107 1790 307 1834 quenquam
333 1789 469 1828 turbet,
494 1789 589 1832 quod
614 1795 675 1821 etc.
699 1790 734 1831 3,
760 1790 795 1831 6,
820 1792 899 1823 101.
922 1790 1186 1823 turbantur
1208 1790 1334 1834 (testes)
1358 1797 1392 1826 et
1416 1803 1435 1825 a
1459 1798 1579 1836 patro-

106 1835 164 1869 nis
189 1834 352 1871 diversae
383 1834 491 1878 partis
516 1833 810 1868 inducuntur
832 1834 878 1868 in
901 1836 1097 1879 laqueos
1127 1834 1184 1879 (5,
1208 1840 1248 1879 7,
1277 1840 1332 1872 11.
1366 1850 1400 1870 υ.
1422 1837 1577 1884 Agito.

106 1881 252 1927 ignaros
268 1881 451 1914 literarum
476 1890 727 1924 nonnunquam
748 1881 927 1920 turbamus
951 1881 1132 1914 affectibus
1155 1883 1197 1924 5,
1223 1882 1284 1924 14,
1313 1884 1368 1918 29.
1398 1884 1580 1924 affectibus

109 1926 301 1960 turbandus
323 1926 418 1968 (Sp.
446 1926 563 1968 pert.)
588 1931 626 1958 et
655 1926 698 1959 ab
723 1925 920 1960 intentione
952 1928 1165 1962 auferendus
1194 1928 1333 1962 auditor
1353 1927 1400 1971 4,
1425 1932 1467 1973 5,
1494 1932 1516 1964 6
1539 1935 1580 1964 Z.

108 1983 177 2007 nec
200 1971 429 2006 offerentibus
452 1982 491 2004 se
518 1970 659 2005 aliunde
681 1972 827 2005 testibus
853 1973 1086 2006 turbabuntur
1110 1976 1172 2016 10,
1197 1977 1236 2015 7,
1262 1975 1295 2009 6.
1322 1974 1451 2008 turbati
1477 1986 1583 2010 exer·-

107 2018 198 2052 citus
218 2020 264 2059 7,
287 2017 346 2054 Pr,
369 2019 404 2050 2.
460 2017 510 2061 β)
538 2018 581 2050 de
606 2019 720 2050 rebus.-
758 2026 805 2050 ne
830 2029 952 2052 comae
984 2020 1314 2062 turbarentur,
1346 2031 1432 2064 quas
1464 2032 1581 2055 com-

63 2078 71 2081 ⁷
107 2062 213 2109 poni
241 2081 282 2087 -
306 2061 420 2097 vetuit
447 2065 511 2104 11,
535 2064 578 2104 3,
599 2061 678 2096 148.
705 2064 842 2097 turbata
866 2075 946 2098 cera
971 2067 1034 2107 12,
1059 2065 1100 2106 8,
1127 2067 1170 2099 13
1196 2066 1243 2098 N.
1281 2065 1341 2110 qui
1365 2067 1583 2101 turbaverint
1626 2068 1628 2070 ’

111 2107 305 2143 civitatium
334 2113 443 2140 status
464 2109 510 2149 2,
535 2108 599 2151 16,
626 2106 661 2141 4.
693 2113 733 2141 ut
757 2115 848 2143 artes
871 2129 917 2136 —
938 2109 1016 2153 ipsa
1039 2121 1179 2157 pugnae
1202 2109 1412 2145 necessitate
1435 2114 1582 2147 turben—

60 2149 67 2164 '
108 2162 166 2189 tur
189 2155 233 2196 5,
258 2155 325 2195 13,
347 2154 406 2188 59.
437 2152 599 2196 partitio,
635 2153 665 2186 si
688 2154 834 2188 nimium
864 2154 910 2190 sit
939 2156 1145 2200 multipleX‚
1175 2157 1329 2191 turbabit
1351 2157 1582 2192 intentionem

110 2200 146 2244 4,
171 2202 205 2242 5,
232 2201 264 2232 3.
291 2210 378 2243 quas
401 2198 587 2242 (periodos)
607 2199 642 2235 si
668 2201 713 2247 ad
734 2199 833 2234 illum
856 2202 1000 2245 modum
1023 2203 1144 2236 turbes
1166 2203 1206 2245 9,
1231 2204 1270 2246 4,
1297 2201 1350 2236 14.
1376 2204 1583 2251 ambiguitas

110 2265 153 2272 -
182 2245 318 2279 etiamsi
340 2244 481 2278 turbare
504 2255 578 2278 non
598 2250 716 2290 potest
741 2257 887 2285 sensum,
906 2248 943 2290 8,
970 2250 1006 2290 2,
1034 2248 1089 2282 16.

0 2324 33 2352 f
63 2288 367 2333 Turbulentus-
408 2305 436 2334 t.
455 2301 641 2336 contiones
662 2303 697 2346 5,
723 2305 778 2346 13,
803 2304 859 2339 39.
883 2304 1106 2338 turbulentae
1128 2303 1250 2348 populi
1273 2303 1390 2340 minae
1410 2307 1445 2348 2,
1469 2308 1525 2346 20,
1550 2307 1584 2342 8.

64 2356 252 2416 Turdus·
294 2368 389 2401 turdi
413 2367 531 2412 pisces
556 2369 599 2412 8,
622 2371 666 2412 2,
689 2370 724 2404 8.

65 2424 301 2488 Τυιῑςθεοο.
330 2435 402 2487 lioc
423 2434 598 2487 (hamore)
624 2441 718 2470 aetas
745 2436 806 2470 illa
833 2438 1008 2481 (puerilis)
1038 2439 1205 2484 turgescit
1237 2444 1297 2483 11,
1321 2442 1363 2484 3,
1391 2443 1447 2476 28.
1472 2451 1584 2488 genus

109 2483 191 2524 dic„
217 2481 311 2525 quod
337 2481 528 2515 unmodico
552 2486 691 2515 tumore
713 2483 882 2528 turgescit
906 2487 969 2526 12,
995 2487 1050 2524 10,
1073 2487 1129 2519 73.

15 2570 29 2583 ..
64 2536 234 2593 Turpis·
280 2547 316 2591 α)
342 2549 384 2581 de
406 2543 604 2581 hom‘inibus:
628 2553 795 2592 turpes
823 2561 863 2584 ao
885 2557 1116 2585 nocentes
1138 2550 1174 2593 4,
1201 2554 1234 2593 1,
1262 2550 1313 2586 14.
1338 2565 1414 2597 opp.
1439 2555 1585 2589 hone-

113 2594 181 2628 sti
204 2596 247 2638 3,
271 2595 318 2636 8,
342 2594 398 2628 38.
434 2606 466 2628 v.
490 2593 806 2628 Perniciosus.
844 2597 1025 2629 hominum
1054 2603 1113 2630 aut
1136 2596 1266 2641 alioqui
1291 2599 1502 2644 turpium
1526 2608 1585 2635 aut

47 2665 50 2667 v
96 2639 226 2674 -nobis
253 2639 518 2673 invisorum
558 2642 623 2681 11,
653 2643 692 2683 1,
722 2637 779 2675 73.
812 2643 839 2674 ί.
869 2648 1081 2691 praeceptor
1105 2646 1150 2685 1,
1181 2645 1221 2684 2,
1244 2642 1277 2676 4.
1334 2646 1373 2687 ῥ’)
1410 2647 1452 2679 de
1475 2649 1584 2682 rebus.

115 2683 148 2727 a)
171 2688 378 2728 simpliciter.-
413 2686 492 2719 esse
515 2684 551 2718 in
575 2685 717 2728 verbis,
748 2687 842 2730 quod
867 2688 1047 2730 deceat,
1075 2693 1135 2721 aut
1158 2693 1293 2732 turpe
1317 2689 1365 2726 sit
1387 2693 1442 2734 11,
1470 2695 1502 2735 1,
1528 2694 1585 2728 60.

116 2730 147 2769 si
173 2730 257 2775 quid
280 2730 583 2782 objecerit,·non
615 2732 729 2767 solum
760 2737 902 2776 turpe
929 2733 994 2775 sit,
1029 2734 1091 2767 sed
1125 2733 1230 2768 etiam
1262 2734 1448 2771 crimini
1482 2750 1587 2781 quam

114 2776 271 2810 maxime
302 2782 554 2812 conveniat
577 2779 623 2820 7,
646 2779 687 2819 2,
707 2777 766 2827 28.
804 2783 830 2810 t.
858 2778 963 2812 etiam
994 2778 1081 2813 illud
1113 2785 1187 2822 est,
1222 2785 1427 2816 contentum
1449 2794 1529 2818 esse
1551 2784 1587 2818 id

161 2847 243 2877 Lex.
272 2847 383 2888 Quint.
1225 2848 1269 2882 58
