1728 3002
123 196 204 236 578
687 186 847 230 Notrix
883 212 940 218 —
969 186 1093 231 Novo

160 304 273 351 'gines
296 310 439 339 notae
474 308 576 348 sunt,
614 302 743 348 quibus
775 315 840 346 ea,
879 315 971 348 quae
1009 304 1202 340 ediscenda
1232 310 1338 348 sunt,
1378 311 1588 341 notamus
1625 308 1670 341 ib.

169 357 230 387 21.
257 352 303 386 Ν.
337 364 381 384 cr.
432 353 458 385 S
467 353 627 392 ubura.
662 361 745 384 cum
765 350 880 385 tribus
904 350 1018 385 literis
1042 357 1206 395 notatur,
1235 351 1264 386 C
1287 351 1430 386 tertiam
1457 353 1613 387 ostendit
1637 355 1672 396 1,

173 402 208 442 7,
233 399 291 433 29.
321 410 352 431 υ.
379 396 540 444 Signis
547 397 589 430 ic
602 406 637 431 o.
682 402 805 431 notata
830 396 1009 442 inscriptis
1035 398 1213 443 lapidibus
1237 398 1349 442 spatia
1373 397 1409 441 4,
1433 398 1468 441 5,
1494 401 1560 443 223
1585 399 1673 432 alte-

174 456 254 479 rum
282 443 445 486 (librum)
469 443 629 487 pluribus
654 454 741 477 sane
776 443 927 487 diebus,
976 450 1145 489 quantum
1175 443 1537 489 notando„conse‹1ui
1567 451 1673 489 pote-

175 496 281 532 rant,
309 490 545 533 interceptum
566 491 625 523 Pr.
652 493 686 524 7.
711 489 754 534 β)
779 492 944 525 verbis.
968 495 1006 530 a)
1031 493 1172 525 breviter
1187 506 1196 524 .-
1240 492 1311 525 hoc
1338 501 1482 535 quoque
1505 496 1673 526 notare

176 542 367 572 contentus
391 547 469 569 sum
494 540 528 580 1,
553 537 587 579 5,
614 538 656 570 17
683 536 730 571 N.
759 535 803 578 cf.
831 537 867 580 9,
892 534 929 579 4,
963 539 1018 572 15.
1044 550 1123 581 opp.
1162 538 1254 572 haec
1285 536 1436 584 dilige
1449 536 1580 570 ntius
1611 536 1673 570 di-

179 595 274 618 cem
285 594 334 615 us
357 583 390 624 6,
414 586 449 625 2,
475 584 532 617 23.
579 587 718 626 partem
740 584 834 617 hanc
856 584 958 618 velut
992 589 1118 618 notare
1152 582 1248 618 inter
1278 589 1513 630 agnoscentes
1547 585 1605 625 11,
1638 585 1673 625 1,

175 631 211 665 4.
235 630 325 663 haec
354 629 704 671 ostenduntur,
741 634 802 663 aut
824 635 1106 673 narrantur,
1148 634 1208 663 aut
1246 629 1371 664 dicto
1394 634 1615 663 notantur
1638 629 1675 671 6,

177 678 211 719 3,
240 677 284 710 37
314 675 357 708 N.
404 676 561 708 notanda
584 674 743 710 breviter
768 678 804 718 2,
831 678 867 718 2,
894 676 947 711 15.
996 674 1032 718 b)
1059 687 1123 710 cur
1155 677 1247 711 haec
1276 675 1339 710 tali
1369 674 1515 710 nomine
1545 674 1677 709 notarit

175 724 212 765 9,
237 724 272 765 3,
299 720 357 755 47.
405 727 573 755 notarunt
596 732 639 755 ea
663 722 707 755 ad
730 721 937 756 imitandum
968 722 1225 767 vitandumque
1249 724 1284 764 3,
1319 725 1356 764 2,
1389 723 1422 756 3.
1471 721 1576 768 Quod
1607 731 1678 754 no*

175 768 269 811 tavi,
304 772 344 800 ut
370 773 555 811 appareret
580 769 637 811 11,
664 769 698 810 3,
724 768 786 810 51;
829 780 1031 813 quanquam
1054 768 1110 813 his
1133 780 1239 802 usiun
1264 767 1304 804 C.
1341 767 1531 802 caesarem
1553 767 1592 801 in
1617 766 1681 801 vi-

176 814 373 858 tuperando
400 813 536 848 Catone
563 813 744 849 notaverit
768 813 896 850 Cicero
921 817 954 858 3,
981 818 1016 859 7,
1039 816 1097 850 28.
1125 813 1170 856 cs.
1211 815 1247 858 9,
1277 813 1313 857 4,
1340 814 1395 849 15.
1444 813 1478 858 y)
1507 827 1535 847 c.
1562 825 1677 857 repre-

176 863 350 894 hensione:
386 872 477 905 quae
500 860 644 894 Persius
672 866 773 894 notat
798 863 854 904 10,
879 863 913 903 3,
937 864 993 896 21.
1045 860 1115 904 [ad
1148 861 1326 895 notandos
1348 860 1534 894 hominum
1556 869 1676 893 mores

176 906 391 951 praecipuus
420 905 592 951 (Horat.)
619 909 675 947 10,
701 909 735 950 1,
759 905 806 942 94
827 919 860 941 υ.
886 906 1059 952 Amor.]
1110 917 1201 952 quae
1224 912 1307 940 sunt
1340 907 1365 941 a'
1396 905 1560 951 quibusd.
1585 904 1678 939 scri-

179 953 340 998 ptoribus
366 959 490 987 notata
517 955 572 995 11,
597 954 630 996 3,
657 955 736 987 117.
782 958 928 987 notatur
950 953 1094 987 interim
1124 951 1341 1000 negligentia
1374 954 1419 986 ib.
1455 953 1535 987 139.
1583 961 1677 996 quo-

176 1012 256 1033 rum
281 999 450 1033 naturalis
475 999 618 1036 ubertas
641 998 822 1033 licentiam
846 1000 950 1034 verbi
973 999 1091 1035 notari
1118 999 1336 1034 circumfuso
1364 998 1482 1033 nitore
1509 1007 1585 1032 non
1609 1008 1678 1042 pa-

175 1046 261 1079 titur
287 1044 322 1087 4,
349 1049 382 1088 1,
408 1047 462 1081 59.
510 1055 585 1079 non
613 1056 739 1080 versus
762 1046 871 1080 modo
898 1046 1062 1080 censoria
1087 1047 1236 1090 quadam
1259 1045 1557 1092 virgulatnotare
1582 1045 1615 1086 1,
1639 1042 1677 1087 4,

179 1094 213 1126 3.
240 1093 291 1132 11)
318 1094 341 1126 i.
369 1105 400 1135 q.
427 1094 630 1125 observo.-
664 1092 749 1126 Sola
773 1098 849 1135 est,
882 1104 973 1136 quae
1000 1092 1118 1126 notari
1141 1092 1275 1136 possit,
1313 1092 1416 1127 velut
1441 1089 1618 1126 vocalitas
1643 1092 1677 1132 1,

176 1139 211 1181 5,
235 1138 270 1172 4.
321 1137 510 1184 diligenter
532 1138 580 1171 in
607 1137 669 1181 iis,
705 1148 796 1182 quos
822 1138 1038 1172 erudiendos
1073 1137 1290 1183 susceperit,
1322 1143 1449 1178 notare
1473 1135 1679 1171 discrimina

176 1183 403 1231 ingeniorum
426 1187 462 1227 2,
486 1185 522 1226 8,
550 1187 581 1217 1.
614 1189 790 1218 ,notatum
812 1183 860 1218 in
884 1195 1073 1228 sermone,
1112 1185 1198 1229 quid
1228 1194 1372 1229 quoque
1397 1183 1506 1218 modo
1531 1181 1679 1217 caderet

178 1233 212 1272 1,
236 1231 272 1273 6,
303 1230 358 1265 16.
407 1240 427 1263 a
456 1239 528 1273 quo
554 1230 704 1263 fratrem
740 1237 906 1264 necatum
939 1230 1127 1266 Ciceronis
1165 1230 1262 1265 dicto
1291 1235 1456 1266 notatum
1485 1233 1540 1264 est
1573 1229 1609 1272 8,
1641 1228 1679 1270 3,

176 1277 234 1311 29.
282 1276 346 1309 Ex
372 1276 443 1309 hoc
479 1275 671 1309 Simonidis
694 1276 792 1310 facto
827 1282 989 1310 notatum
1020 1277 1184 1320 videtur,
1221 1275 1340 1320 juvari
1371 1274 1582 1310 memoriam
1615 1279 1678 1308 etc.

179 1324 236 1364 11,
261 1324 297 1364 2,
322 1325 379 1356 17.
427 1321 518 1353 Illud
542 1326 662 1354 tamen
686 1323 901 1366 notandum,
934 1322 1034 1357 coire
1056 1324 1266 1367 frequenter
1290 1322 1331 1356 in
1354 1322 1453 1357 easd-
1481 1318 1676 1357 sententias

176 1372 212 1401 et
235 1363 374 1413 τρόπον
397 1372 433 1400 et
456 1366 606 1414 figuram
629 1368 664 1410 9,
691 1369 724 1410 1,
755 1369 789 1402 9.

130 1421 302 1465 Nutrix.
349 1433 562 1479 (vetustum)
588 1437 621 1479 1,
645 1433 682 1479 4,
707 1435 764 1470 16.

130 1478 342 1522 Novercfl·
400 1491 583 1527 saeviores
606 1492 751 1540 tragicis
774 1503 951 1528 novercas
975 1491 1031 1537 (in
1055 1492 1267 1536 acclamati.)
1293 1493 1329 1535 2,
1354 1493 1413 1535 10,
1438 1490 1461 1526 5
1488 1490 1538 1525 N.
1566 1489 1615 1532 ‘d'-
1636 1488 1674 1534 4,

175 1541 212 1581 2,
235 1539 293 1573 98.
323 1538 360 1581 9,
385 1540 420 1582 2,
446 1538 504 1572 42.
551 1550 598 1572 an
621 1539 793 1574 credibile
818 1539 864 1574 sit
886 1559 933 1566 —
955 1539 1171 1575 veneficium
1193 1539 1232 1573 in
1256 1548 1415 1574 noverca
1448 1537 1484 1580 5,
1519 1538 1576 1579 10,
1607 1539 1673 1576 19:

175 1595 298 1618 rerum
320 1584 397 1628 ipsa
421 1590 549 1618 natura
569 1585 609 1618 in
634 1595 679 1620 eo
704 1596 780 1620 non
808 1596 978 1630 parens
1005 1586 1071 1620 sed
1095 1584 1311 1621 noverc‘a
1335 1582 1446 1618 fuerit
1468 1585 1526 1626 12,
1554 1585 1589 1626 1,
1612 1586 1646 1617 2.

130 1628 389 1671 Novissime·
435 1640 470 1686 1)
510 1643 552 1675 de
586 1649 753 1687 tempore.-
817 1642 1011 1687 eloquendi
1051 1642 1229 1677 rationem
1270 1652 1357 1678 nov.
1398 1645 1577 1685 repertam
1617 1641 1676 1683 12,

175 1688 233 1721 Pr.
258 1689 292 1721 3.
340 1688 399 1729 ΙΙ)
415 1690 449 1720 in
474 1691 708 1722 enumerando.
754 1688 796 1731 α)
820 1701 902 1724 cum
925 1691 1027 1734 plura
1059 1689 1314 1735 interrogasset
1346 1690 1394 1714 —-‘-
1422 1697 1510 1723 nov.
1543 1685 1583 1720 id
1616 1685 1676 1719 in-

175 1733 315 1767 serebat
347 1735 381 1775 5,
416 1736 472 1777 11,
497 1736 530 1768 3.
579 1734 801 1769 declamandi
827 1735 968 1769 ratione
991 1754 1038 1761 -—
1061 1747 1113 1770 ex
1143 1734 1310 1769 omnibus
1342 1744 1430 1770 nov.
1463 1732 1614 1768 inventa
1634 1733 1674 1780 2,

178 1782 235 1821 10,
261 1782 294 1813 1.
324 1781 462 1823 prolata
498 1790 586 1815 nov.
620 1779 771 1825 (imago)
803 1781 1032 1826 praeteritam
1059 1791 1203 1826 quoque
1225 1779 1397 1815 orationis
1421 1777 1689 1830 gratiam'per-j

177 1824 266 1859 didit
291 1826 326 1868 6,
352 1829 385 1868 1,
411 1825 469 1860 40.
518 1826 579 1871 qui
609 1827 837 1862 scribendum
862 1827 1087 1871 prooemium
1111 1838 1200 1863 nov.
1227 1832 1353 1872 putant
1374 1828 1410 1870 3,
1436 1827 1472 1869 9,
1498 1826 1532 1860 8.
1578 1822 1618 1868 β)
1647 1836 1678 1857 c.

180 1874 434 1914 Contraposiiis:
472 1878 519 1906 et
547 1873 758 1918 desperant,
792 1879 839 1908 et
863 1875 1007 1916 dolent,
1043 1880 1090 1908 et
1112 1884 1219 1909 nov.
1243 1874 1396 1907 oderunt
1422 1875 1459 1915 2,
1483 1869 1520 1914 4,
1545 1872 1600 1905 10.
1619 1868 1675 1911 ό.

175 1921 211 1961 7,
241 1917 277 1960 4,
301 1920 358 1954 30.
382 1920 479 1962 quod
502 1920 584 1953 vel
606 1920 791 1954 atrocitate
814 1920 1073 1963 formularum,
1107 1921 1188 1955 vel
1210 1919 1319 1953 modo
1342 1917 1569 1963 petitionum,
1591 1916 1676 1951 vel

175 1974 278 1998 nov.
304 1970 400 1998 sorte
426 1964 637 2008 dijudicatur
660 1969 694 2009 7,
720 1970 753 2010 1,
786 1968 844 2001 37.
889 1966 1087 2010 primum
1114 1986 1162 1992 —-
1187 1967 1302 2000 Post
1330 1965 1451 1999 haec
1481 1979 1528 1985 —
1555 1963 1676 1996 Nov-

175 2012 210 2051 3,
236 2010 269 2052 6,
295 2009 351 2044 24.
400 2011 543 2054 poetica
570 2011 717 2055 prius,
753 2018 847 2046 tum
871 2018 1079 2056 oratorum,
1101 2023 1204 2047 nov.
1228 2011 1335 2046 etiam
1358 2009 1530 2045 solutiora
1551 2018 1676 2042 nume—

175 2056 224 2089 ris
251 2059 307 2098 11,
331 2059 364 2097 2,
386 2056 444 2090 41.
492 2058 594 2091 Haec
615 2069 663 2091 ex
689 2065 748 2092 tua
770 2059 957 2093 voluntate
978 2058 1180 2092 maxime
1206 2057 1411 2104 ingressus,
1434 2061 1524 2090 tum
1547 2053 1578 2088 si
1604 2065 1675 2098 qua
1696 2084 1701 2092 Ι

176 2112 222 2135 ex
244 2101 348 2136 nobis
376 2104 421 2136 ad
443 2103 594 2146 juvenes
618 2105 734 2138 bonos
758 2104 949 2148 pervenire
972 2109 1095 2149 posset
1120 2103 1274 2147 utilitas,
1306 2113 1407 2138 nov.
1430 2111 1545 2147 paene
1569 2098 1676 2134 etiam

174 2147 517 2237 Refiissffltgtgtffilad‘
543 2150 655 2184 officii
681 2150 770 2184 mihi
793 2150 968 2198 delegati,
1001 2151 1128 2186 sedulo
1160 2149 1370 2194 laborabam
1399 2148 1436 2192 6,
1471 2148 1530 2182 Pr.
1550 2207 1553 2210 ἡ
1576 2148 1604 2181 t.
1638 2156 1675 2180 v.

131 2236 325 2280 NOVitaS·
372 2251 411 2285 in
436 2263 505 2296 qua
529 2252 650 2297 (arie)
674 2254 865 2298 praecipue
894 2253 1080 2288 laudabilis
1110 2258 1163 2287 est
1195 2251 1274 2296 ipsa
1309 2251 1373 2285 illa
1404 2249 1597 2286 novitas
1631 2259 1676 2283 ac
1726 2249 1728 2251 ’

175 2296 462 2348 difficultas
486 2301 521 2341 2,
550 2301 606 2342 13,
634 2302 690 2334 10.
737 2301 800 2334 Est
828 2300 923 2334 enim
948 2305 1048 2346 grata
1070 2299 1109 2332 in
1133 2299 1338 2342 eloquendo
1363 2307 1462 2332 nov.
1490 2301 1526 2330 et
1551 2305 1674 2348 etun·-

175 2346 299 2376 tatio
328 2344 362 2385 8,
391 2344 425 2386 6,
455 2345 511 2380 51.
559 2346 670 2379 nimia
699 2346 870 2381 novitatis
895 2345 1086 2389 cupiditate
1115 2345 1240 2378 ductus
1263 2345 1298 2387 9,
1325 2347 1359 2386 1,
1385 2344 1442 2378 18.
1487 2343 1674 2376 brevitatis

175 2388 417 2433 novitatisque
443 2390 592 2436 gratiam
616 2393 651 2435 9,
674 2393 709 2434 3,
726 2393 784 2427 58.
812 2391 857 2433 cs.
873 2390 909 2434 4,
929 2392 963 2434 5,
980 2391 1014 2424 4.
1039 2402 1073 2426 υ.
1100 2390 1396 2434 Antiquitas.
1422 2387 1542 2433 cupidi
1564 2386 1674 2423 novi-
1719 2416 1728 2429 Α

176 2432 256 2466 tatis
281 2433 427 2478 alicujus
452 2439 485 2480 3,
511 2439 544 2480 3,
576 2438 610 2472 8.
657 2438 728 2471 hoc
753 2439 831 2482 plus
855 2437 957 2471 affert
980 2436 1170 2479 novitatis,
1207 2442 1277 2481 atq.
1310 2436 1538 2480 inexpectata
1560 2431 1672 2478 magis
1716 2430 1722 2443 ³

175 2483 228 2510 est
256 2478 408 2530 (prasio)
433 2483 468 2524 8,
493 2484 527 2524 3,
553 2482 610 2517 74.
660 2494 708 2517 ex
732 2483 861 2528 quibus
884 2482 1081 2518 novitatem
1108 2482 1183 2525 peti
1208 2484 1243 2525 9,
1272 2485 1307 2526 3,
1333 2485 1388 2516 12.
1411 2478 1566 2524 (figura)
1589 2478 1674 2532 ‘ipsi'

175 2530 385 2611 ¹112()'Vb},t}}e
418 2539 459 2561 ac
493 2528 740 2564 varietate
775 2528 886 2576 magis
917 2530 1071 2564 delectat
1101 2529 1137 2572 9,
1169 2531 1204 2571 2,
1233 2529 1292 2564 66.
1339 2531 1483 2572 stupent
1511 2529 1673 2561 novitate

126 2620 341 2665 Novitius·
389 2639 430 2670 de
460 2643 587 2675 servis.-
613 2643 761 2677 venales
786 2642 946 2679 novitios
970 2641 1162 2686 accipimus
1185 2644 1222 2686 8,
1246 2645 1281 2686 2,
1308 2643 1344 2677 8.
1371 2638 1518 2676 novitiis
1539 2634 1673 2673 nostri·

169 2691 235 2723 per
262 2686 348 2725 quot
374 2694 486 2717 annos
510 2696 628 2721 sermo
651 2689 848 2735 repugnat?
888 2693 922 2732 1,
951 2692 1008 2732 12,
1031 2689 1068 2724 9.

1708 2529 1728 2626 Ξ

124 2721 262 2789 ΝΟῩΟ·
319 2739 389 2772 hoc
411 2750 554 2791 quoque
578 2742 673 2777 idem
698 2743 941 2788 (Aristoteles)
969 2744 1201 2789 aliquatenus
1231 2748 1365 2787 novat,
1409 2740 1507 2787 quod
1537 2746 1670 2783 prooe-
1713 2728 1728 2752 ‘⁵

167 2793 240 2817 mlo
264 2794 336 2817 non
360 2791 598 2820 narrationem
623 2790 815 2836 subjungit,
840 2792 903 2824 sed
926 2790 1212 2836 propositionem
1243 2792 1279 2833 3,
1316 2790 1353 2833 9,
1388 2789 1422 2824 5-
1467 2785 1579 2819 multa
1600 2790 1668 2816 ¹¹⁰·
1718 2802 1723 2805 ·
