1728 3002
566 166 716 211 Statua
742 189 792 196 —
824 165 968 208 Status
1446 168 1526 208 855

70 345 129 367 un
183 357 197 374 ,
217 310 260 374 4,
282 329 342 366 76.
366 334 402 365 et
424 328 456 364 si
482 338 575 362 non
601 332 651 361 st.
674 325 892 367 rectissima,
919 323 1063 360 facilior
1089 330 1205 360 tamen
1227 331 1263 360 et
1287 326 1444 370 apertior
1465 326 1527 361 via

0 292 6 313 f
46 298 113 332 pus
138 287 174 329 1,
196 287 217 320 1
258 285 314 321 19.
346 295 381 318 o.
400 281 594 319 Primus·
623 278 731 316 utin
753 277 999 324 principio
1020 284 1072 314 st.
1100 277 1272 314 orationis
1294 278 1333 314 ln
1355 281 1397 314 1..
1421 279 1524 315 Piso-

43 345 70 368 n

20 381 82 421 ,3,
103 378 140 421 6,
163 379 221 412 83.
245 387 267 411 a
288 374 411 422 primis
433 380 484 409 st.
506 372 743 418 positionibus
769 375 801 415 1,
824 372 860 414 6,
883 372 941 406 25.
966 383 1000 404 v.
1017 370 1093 405 Ab.
1127 371 1259 406 ibidem
1281 378 1326 407 st.
1350 374 1386 416 9,
1409 374 1444 415 3,
1468 371 1526 407 45.

43 425 87 470 β)
111 434 205 468 quae
232 433 291 457 ars
316 427 360 456 st.
383 420 476 456 tuit?
499 421 543 463 9,
565 418 612 459 4.
635 421 669 454 5.
699 417 940 466 generosioris
963 417 1100 451 arboris
1129 423 1172 452 st.
1201 416 1319 462 planta
1341 429 1422 453 cum
1448 419 1526 452 sru-

44 475 107 504 ctu
127 475 183 504 est
202 469 240 511 8,
254 469 298 511 3,
319 467 379 502 76.
403 467 443 501 in
464 465 627 501 omnibus
650 469 694 499 st.
723 463 920 499 actionibus
944 463 1138 511 agendum,
1162 475 1209 497 ne
1233 471 1296 498 etc.
1321 466 1378 508 11,
1404 467 1438 507 1,
1466 466 1524 499 57.

42 514 228 560 incipienti
254 519 298 548 st.
322 509 529 559 contingere
555 509 751 555 (ingenium)
779 513 834 552 10,
851 512 887 549 7,
913 510 967 544 18.
991 520 1066 543 non
1090 514 1133 543 st.
1156 527 1202 533 -—-
1224 509 1255 543 is
1279 509 1437 545 damnari
1461 512 1525 544 de-

43 562 106 596 bet
126 564 166 605 7,
188 562 224 599 3.
247 561 305 595 33.
329 570 402 593 non
427 558 665 605 cogitandum,
689 557 753 590 sed
772 555 963 590 dicendum
985 560 1028 589 st.
1051 555 1087 598 6,
1110 554 1146 598 4,
1164 556 1198 590 8.
1220 561 1264 593 st.
1291 555 1383 590 dicta
1406 557 1440 598 5,
1467 558 1524 599 13,

42 607 103 661 51.
124 609 162 651 7,
188 609 256 650 10,
284 607 340 639 12.
368 604 470 649 pueri
491 610 536 638 st.
564 613 670 648 quam
698 601 847 646 plurima
873 601 1034 636 ediscant
1057 604 1114 640 11.
1137 603 1180 644 2,
1202 600 1263 636 41.
1287 612 1366 636 eam
1389 601 1525 646 (perso-

42 653 174 695 m),
205 651 237 687 si
259 657 382 685 nostra
403 650 468 694 sit,
500 650 717 691 ornandam,
754 648 784 683 si
808 647 944 690 aliena,
972 652 1016 681 st.
1043 646 1282 681 infamandam
1308 647 1351 690 4,
1375 650 1417 690 2,
1443 647 1523 682 129.

0 723 6 732 ,
38 699 143 745 quod
166 697 206 732 in
227 708 334 738 aura,
349 697 457 739 ,velut
481 697 589 741 quod.
613 694 812 737 vestibulo,
840 699 882 730 st.
906 692 1055 728 offendit
1078 695 1114 735 9,
1136 693 1173 736 4,
1198 695 1252 728 10.
1278 704 1346 728 nec
1372 699 1416 728 st.
1442 693 1524 728 dili-

0 738 3 743 *
41 749 186 792 gentem
210 743 361 787 putabo,
438 742 447 749 ‘
470 761 517 769 -
539 741 733 779 ostenderit
759 744 792 783 1,
817 740 853 782 4,
876 740 934 774 24.
955 750 1073 784 neque
1095 739 1131 774 id
1155 744 1198 774 st.
1222 739 1352 786 legenti
1378 750 1525 783 persua-

42 800 123 825 sum
144 789 191 824 sit
215 791 279 832 10,
303 791 319 823 1
332 813 345 831 ,
367 754 450 822 24ἷα
462 799 555 832 quae
585 793 627 822 st.
653 786 780 821 referri
802 796 879 820 non
901 791 1083 830 poterant,
1119 791 1360 820 contexuntur
1381 791 1524 830 postera

41 836 103 871 die
129 838 196 878 11,
218 837 261 877 2,
283 833 343 870 43.
372 834 556 869 infantiam
585 839 629 868 st.
664 832 837 869 solvimus
862 835 906 874 1,
931 834 979 874 2,
1002 832 1036 867 6.
1065 830 1148 876 quia
1179 831 1328 877 singulis
1357 837 1401 866 st.
1430 832 1523 866 ratio

42 881 249 924 subjiciatur
270 881 315 923 9,
337 882 382 922 3,
405 879 463 916 94.
504 892 538 915 v.
556 879 813 921 ·-Protinus;
853 888 928 912 non
953 883 1018 920 31.,
1044 879 1074 912 si
1099 876 1183 922 quid
1205 878 1407 922 obstrepet,
1434 877 1523 921 abji-

43 927 163 962 ciendi
184 925 327 961 codices
351 932 454 960 erunt
478 929 534 967 10,
552 927 588 968 3,
603 926 659 960 28.
682 930 739 968 st„
762 925 888 958 sinon
910 929 1150 966 succurratur,
1173 922 1341 967 perituris
1358 925 1413 966 10,
1434 926 1469 966 7,
1487 926 1523 958 2.

0 974 163 1017 Statua.
209 993 256 1016 ne
284 987 433 1016 statuam
456 981 600 1027 quidem
621 981 801 1023 inchoari,
827 991 909 1013 cum
931 981 1008 1023 eius
1030 980 1188 1014 membra
1209 981 1406 1015 fundentur
1427 982 1462 1022 2,
1487 982 1523 1022 1,

44 1033 100 1065 12.
126 1039 245 1072 neque
273 1027 363 1061 fusis
396 1028 562 1062 omnibus
584 1026 751 1060 membris
783 1031 897 1060 statua
920 1026 986 1070 sit,
1018 1026 1089 1060 nisi
1111 1027 1311 1060 collocetur
1335 1029 1377 1067 7,
1401 1026 1460 1059 Pr.
1487 1028 1524 1059 2.

40 1082 81 1110 ut
99 1073 246 1110 Graecis
264 1073 488 1108 Tuscanicae
504 1078 547 1107 st.
565 1071 751 1116 (afferunt)
765 1075 821 1115 12,
840 1074 898 1114 10,
913 1075 944 1105 1.
971 1071 1016 1113 cs.
1041 1075 1078 1106 7.
1101 1077 1295 1105 statuarum
1317 1071 1470 1105 artifices
1486 1071 1522 1114 5,

3 1154 6 1156 ,
44 1124 106 1164 12,
129 1123 188 1155 21.
215 1118 339 1153 statuis
362 1117 416 1162 (a.
446 1123 467 1152 1.
490 1113 633 1159 stratis)
662 1125 724 1151 etc.
752 1116 974 1152 committunt
1005 1117 1156 1160 (sensum
1178 1118 1371 1150 meditantes
1396 1119 1427 1149 in
1453 1123 1525 1150 arie

42 1164 233 1208 memoriae)
252 1167 308 1207 11,
327 1167 362 1206 2,
380 1167 437 1199 20.
463 1163 526 1198 ille
549 1163 663 1207 dives,
691 1163 751 1208 qui
774 1169 924 1197 statuam
949 1163 1084 1197 inimici
1103 1162 1269 1207 pauperis
1290 1162 1439 1210 flagellis
1463 1173 1524 1196 ce-

42 1212 129 1247 cidit
151 1211 196 1254 4,
219 1214 265 1254 2,
291 1212 370 1244 100.
397 1210 540 1254 publice
573 1215 616 1244 st.
647 1209 859 1243 constitutae
883 1211 929 1252 3,
951 1212 995 1252 7,
1018 1212 1075 1243 17.
1124 1210 1356 1243 Testamento
1382 1207 1526 1253 quidam

42 1258 146 1302 jussit
166 1256 252 1301 poni
277 1261 427 1290 statuam
450 1267 593 1290 auream
614 1256 752 1290 hastam
779 1261 973 1290 tenentem.
1011 1254 1223 1300 Quaeritur,
1250 1260 1366 1288 statua
1387 1256 1523 1288 hastam

40 1309 168 1338 tenens
190 1313 299 1336 aurea
322 1312 402 1336 esse
424 1302 573 1343 debeat,
603 1313 650 1335 an
673 1302 775 1334 hasta
801 1311 881 1335 esse
904 1312 1011 1335 aurea
1034 1300 1073 1334 in
1096 1306 1211 1334 statua
1243 1301 1389 1334 alterius
1411 1305 1524 1334 mate-

39 1349 116 1384 riae
139 1350 235 1391 ¹7,⁷9,
258 1348 294 1382 8.
321 1347 468 1382 amictus
492 1358 604 1394 genus
628 1347 667 1380 in
690 1346 814 1381 statuis
839 1349 895 1389 11,
923 1349 959 1390 3,
985 1347 1063 1380 143.
1087 1345 1148 1381 ille
1171 1345 1333 1390 habitus,
1359 1346 1419 1392 qui
1445 1357 1525 1380 esse

42 1395 82 1429 in
104 1393 227 1428 statuis
247 1392 454 1438 pacificator
475 1394 567 1435 solet
590 1395 636 1426 ib.
660 1394 739 1428 119.
772 1405 807 1426 v.
823 1392 1022 1426 Pictura.

0 1440 252 1482 Statual'ius·
283 1449 442 1484 statuarii
465 1460 556 1494 opus
582 1454 698 1484 statua
722 1453 758 1494 2,
780 1453 839 1493 21,
864 1452 896 1484 1.
921 1449 952 1483 si
976 1460 1162 1495 quaeram,
1193 1460 1285 1494 quae
1310 1447 1356 1482 sit
1379 1447 1525 1482 materia

39 1495 215 1539 statuarii,
240 1495 378 1530 dicetur
403 1507 464 1530 aes
490 1499 535 1530 ib.
562 1498 617 1530 10.

0 1542 162 1584 Statum
208 1553 254 1589 ad
274 1553 545 1586 formandos
574 1551 710 1585 animos
733 1551 1092 1594 statuendasque
1123 1549 1351 1603 vitae'leges
1382 1551 1441 1583 Pr.
1467 1547 1523 1582 14.

42 1597 120 1642 quis
142 1598 214 1630 hoo
236 1596 406 1630 statuit
429 1608 606 1640 unquam,
640 1602 699 1629 ant
727 1596 786 1629 cui
812 1596 1010 1640 concedi
1033 1596 1111 1629 sine
1135 1607 1269 1629 summa
1292 1595 1420 1638 injuria
1442 1600 1525 1639 pot-

42 1649 117 1686 est,
152 1647 192 1675 ut
218 1652 300 1675 eum
327 1642 406 1684 jure
429 1641 585 1685 potuerit
616 1641 799 1683 occidere,
832 1653 853 1674 a
880 1651 951 1685 quo
974 1641 1144 1675 metuisse
1169 1652 1209 1674 se
1236 1641 1352 1683 dicut,
1386 1651 1433 1674 ne
1463 1648 1524 1674 ete.

43 1691 88 1732 5,
112 1690 176 1731 13,
199 1690 257 1721 21.
283 1686 371 1730 juris
395 1686 620 1731 quaestiones
643 1687 851 1731 plerumque
874 1688 971 1733 leges
993 1698 1223 1730 praecurrere
1246 1688 1382 1730 solent,
1414 1691 1450 1720 et
1474 1697 1524 1720 ex

43 1734 171 1779 quibus
196 1732 312 1767 causis
334 1743 409 1777 11011
431 1733 503 1777 fiat,
526 1738 691 1766 statutum
714 1731 780 1776 (sic
803 1734 844 1766 de
867 1733 1003 1775 conjeci.
1031 1735 1131 1774 Regii
1137 1748 1151 1776 ‚-
1176 1734 1280 1767 Codd.
1305 1743 1353 1766 ex
1375 1743 1411 1775 q.
1439 1742 1525 1764 cau-

44 1790 166 1858 saeNn.
191 1779 218 1812 f.
243 1783 380 1856 guttam,
405 1791 503 1823 quam
528 1781 716 1822 lectionem,
743 1779 850 1812 deleto
872 1788 971 1822 non,
994 1780 1145 1824 equidem
1167 1776 1399 1823 probaverim)
1420 1780 1466 1821 7,
1487 1775 1524 1821 4,

43 1827 90 1860 25
145 1848 156 1857 .
186 1836 221 1857 v.
272 1835 297 1855 u
341 1823 430 1857 ico.

0 1870 187 1960 Statura&
223 1883 357 1914 statura
382 1885 419 1914 et
442 1878 532 1917 mira
554 1878 673 1925 specie
699 1879 935 1924 adjuvabatur
959 1882 1024 1923 11,
1050 1881 1092 1924 3,
1115 1880 1195 1915 179.
1228 1882 1361 1914 statura
1393 1880 1524 1914 breves

42 1930 78 1970 2,
104 1929 141 1970 3,
188 1950 197 1959 .

0 1971 161 2014 Status.
208 1979 246 2025 1)
270 1983 314 2015 de
335 1983 466 2015 habau:
494 1987 540 2015 st.
566 1980 758 2016 indecorus
782 1984 824 2024 1,
850 1984 912 2025 11,
940 1983 994 2017 16.
1018 1987 1061 2015 st.
1085 1981 1131 2016 sit
1156 1987 1276 2016 rectus
1301 1985 1357 2023 11,
1382 1983 1417 2024 3,
1445 1980 1522 2016 1⁵9.

46 2029 218 2074 effingere
241 2033 351 2061 status
376 2028 502 2071 quoad.
532 2030 579 2062 ib.
599 2029 659 2063 89.
693 2028 732 2062 in
753 2028 904 2072 pedibus
926 2029 1137 2063 observatur
1159 2033 1211 2061 st.
1239 2034 1274 2062 et
1305 2027 1524 2060 incessus

47 2077 114 2116 11,
139 2077 182 2115 3,
208 2072 289 2106 124.
322 2086 355 2107 v.
379 2073 582 2108 Habitus.
628 2073 683 2115 11)
709 2077 733 2107 ι’.
758 2088 790 2119 q.
817 2076 1036 2108 condicio.-
1073 2075 1117 2107 ad
1148 2078 1372 2117 praesentem
1403 2084 1524 2105 rerum

45 2126 90 2154 st.
114 2120 150 2162 6,
175 2122 208 2161 1,
233 2119 289 2152 35.
315 2118 359 2159 cs.
378 2117 413 2161 4,
437 2122 472 2161 1,
495 2121 550 2154 52.
574 2119 613 2154 in
635 2119 775 2154 solicito
797 2119 951 2155 civitatis
980 2125 1023 2154 st.
1048 2122 1092 2152 ib.
1115 2121 1171 2153 16.
1197 2118 1392 2154 civitatium
1415 2123 1525 2152 status

47 2166 191 2199 turbare
210 2164 272 2197 vel
296 2170 460 2198 evertere
480 2167 523 2207 2,
550 2166 614 2205 16,
635 2165 671 2199 4.
695 2165 742 2206 cs.
767 2169 835 2209 11,
860 2169 901 2207 1,
926 2166 984 2200 85.
1009 2170 1053 2198 st.
1079 2164 1166 2208 reip.
1193 2166 1228 2206 8,
1250 2164 1286 2206 4,
1310 2164 1375 2206 14;
1411 2163 1443 2197 si
1465 2169 1525 2197 aut

50 2216 179 2245 statu
202 2209 394 2254 periclitari
420 2215 480 2243 aut
505 2210 725 2254 opinione
748 2211 904 2258 litigator
923 2211 1067 2246 videtur
1088 2211 1124 2253 6,
1151 2213 1183 2247 1.
1206 2211 1252 2244 36
1266 2211 1331 2251 Ν.;
1358 2213 1391 2243 in
1411 2221 1525 2252 gram-

0 2275 2 2283 ,
50 2259 193 2290 matica:
234 2256 494 2290 transferuntur
527 2262 564 2289 et
593 2262 809 2300 tempora
840 2262 878 2291 et
909 2263 1067 2290 status
1090 2257 1135 2298 9,
1160 2257 1200 2298 3,
1226 2259 1267 2290 11
1296 2257 1344 2289 N.
1374 2267 1408 2289 v.
1433 2256 1525 2289 Mo-

51 2304 136 2335 dus
160 2301 223 2335 IV.
280 2300 412 2344 111)1·n
437 2304 565 2335 causis.-
594 2300 700 2346 (quid
722 2304 789 2343 sit)
813 2305 855 2345 3,
880 2302 926 2345 6,
948 2301 985 2336 4.
1017 2314 1051 2335 v.
1077 2301 1233 2345 Caput.
1289 2301 1336 2344 α)
1361 2314 1390 2334 c.
1416 2301 1524 2341 Adi..-

51 2353 97 2381 st.
122 2347 373 2388 coniecturalis
395 2348 436 2389 3,
465 2347 506 2389 6,
530 2349 563 2382 5.
588 2350 645 2382 29.
667 2350 726 2384 31.
748 2347 804 2383 45.
828 2350 864 2390 9,
888 2350 923 2390 1,
946 2349 981 2382 8.
1005 2353 1048 2381 st.
1077 2347 1326 2381 exhortativus
1349 2349 1384 2388 3,
1407 2347 1443 2389 6,
1466 2346 1523 2380 47.

51 2398 95 2426 st.
121 2392 279 2427 finitivus
301 2394 345 2433 3,
370 2393 413 2435 6,
437 2392 471 2427 5.
495 2394 553 2426 31.
581 2396 659 2427 102.
689 2396 745 2436 12,
769 2397 803 2436 2,
829 2395 885 2429 19.
908 2398 950 2427 st.
976 2394 1160 2440 generales
1183 2395 1219 2437 3,
1245 2393 1282 2435 6,
1304 2395 1361 2426 22.
1385 2393 1441 2426 38.
1467 2391 1527 2426 44.

50 2439 111 2473 86.
136 2443 181 2484 st.
203 2437 358 2472 infitialis
379 2439 423 2481 3,
451 2438 499 2480 6,
523 2438 579 2473 15.
603 2441 659 2473 32.
684 2440 728 2481 9,
754 2442 795 2482 1,
817 2441 852 2474 8.
877 2444 920 2472 st.
943 2438 1148 2481 juridicialis
1169 2441 1212 2482 3,
1235 2439 1280 2481 6,
1304 2440 1361 2472 32.
1386 2436 1442 2472 45.
1469 2438 1526 2472 47.

51 2485 110 2519 62.
131 2489 174 2518 st.
199 2483 324 2531 legalis
354 2486 399 2516 ib.
430 2481 488 2518 45.
520 2485 579 2518 66.
609 2486 666 2519 89.
702 2485 772 2519 duo
805 2483 952 2531 legitimi
983 2490 1025 2518 st.
1051 2484 1175 2528 scripti
1200 2490 1236 2518 et
1258 2483 1452 2520 voluntatis
1481 2486 1525 2517 ib.

0 2547 26 2567 ,Α
54 2531 135 2572 103.
163 2535 207 2564 st.
229 2527 497 2564 ratiocinativus
518 2528 640 2573 scripti
664 2535 700 2564 et
721 2530 915 2566 voluntatis
940 2533 984 2563 ib.
1009 2529 1067 2564 43.
1098 2535 1171 2564 tres
1202 2530 1394 2564 rationales
1418 2535 1460 2563 st.
1484 2532 1526 2562 ib.

0 2596 6 2605 ι
52 2575 111 2610 66.
137 2574 183 2616 cs.
208 2575 263 2611 55.
288 2580 332 2609 st.
356 2573 526 2619 speciales
548 2576 591 2608 ih.
616 2578 674 2612 22.
698 2580 742 2609 st.
767 2576 1024 2621 syllogisticum
1046 2576 1121 2610 Cic.
1150 2575 1432 2611 ratiocinativum
1460 2587 1525 2619 ap-

52 2621 163 2665 pellat
186 2621 230 2663 5,
255 2623 318 2663 10,
341 2621 375 2655 6.
421 2621 462 2665 β)
489 2634 516 2655 c.
539 2622 666 2655 Genii„-
691 2627 735 2656 st.
756 2621 860 2664 facti,
887 2623 932 2655 de
955 2622 1148 2656 substantia
1169 2624 1213 2666 9,
1239 2626 1254 2656 1
1269 2648 1281 2666 ,
1302 2623 1337 2657 8.
1361 2623 1456 2655 hunc
1479 2626 1521 2654 st.

4 2700 7 2702 ,
52 2666 150 2710 plani
169 2672 203 2699 et
228 2666 420 2702 voluntatis
448 2667 666 2711 appellarunt
686 2670 734 2711 7,
757 2669 802 2711 6,
819 2666 844 2701 4
860 2669 908 2702 Ν.
930 2668 1063 2704 diversi
1086 2669 1326 2713 quaestionum
1349 2673 1394 2702 st.
1421 2669 1464 2709 3,
1488 2669 1523 2710 6,

56 2715 116 2746 21.
136 2713 314 2756 qualitatis
335 2719 379 2746 st.
404 2715 439 2755 3,
463 2714 498 2754 6,
527 2715 582 2746 10.
616 2715 651 2755 3,
678 2714 713 2757 8,
735 2712 770 2748 4.
796 2716 830 2757 3,
859 2716 916 2756 11,
939 2713 972 2749 4.
998 2720 1041 2749 st.
1065 2715 1267 2759 quantitatis
1292 2718 1327 2759 7,
1353 2712 1388 2755 4,
1415 2714 1459 2748 15
1479 2713 1524 2746 N·

60 2757 182 2802 scripti
204 2764 250 2794 st.
281 2761 327 2792 ib.
351 2760 395 2793 13
415 2759 464 2793 Ν.
487 2760 528 2801 3,
550 2759 595 2802 6,
618 2758 677 2794 43.
711 2760 801 2794 duos
833 2760 953 2805 scripti
988 2766 1023 2794 et
1047 2761 1242 2796 voluntatis
1265 2766 1307 2795 st.
1329 2763 1373 2801 7,
1402 2762 1467 2802 10,
1491 2761 1523 2791 1.
