1728 3002
205 188 289 226 444
677 184 939 243 Interpreto'r
967 209 1023 217 -
1052 187 1275 245 Interrogo

247 307 347 333 suam
372 297 704 343 interpretationem
735 298 864 343 (legis)
893 301 1101 343 confirmat,
1141 301 1334 338 adversarii
1357 303 1539 340 subvertit
1556 307 1600 347 7,
1623 304 1668 346 6,
1696 307 1728 339 2.

247 345 413 389 quotiens
438 345 731 390 interpretatione
759 357 818 380 res
846 352 927 392 eget
954 351 970 380 1
986 373 995 389 ‚
1021 350 1064 390 6,
1092 348 1160 390 293
1209 359 1351 382 causam
1375 349 1452 383 finit
1475 349 1728 394 Apollodorus,

246 398 284 424 ut
307 392 597 434 interpretatione
627 391 745 435 Valgii
776 391 939 435 discipuli
964 394 1039 435 ejus
1063 399 1168 437 utar,
1197 394 1270 428 ita:
1297 396 1337 437 3,
1361 396 1405 437 5,
1430 396 1485 431 17.
1522 407 1640 440 neque
1665 398 1728 442 ego

246 438 571 481 paraphrasim
596 449 674 471 esse
698 439 1160 482 interpretationem
1184 445 1319 474 tantum
1345 441 1434 475 volo
1461 443 1526 483 10,
1551 444 1591 485 5,
1616 443 1638 476 5
1665 443 1728 483 Ν.;

247 483 466 527 qualitatem,
502 496 606 528 quam
631 495 695 527 per
719 484 916 518 accidentia
949 503 983 530 ἡ
1022 492 1132 520 vocat
1155 487 1222 520 hac
1245 486 1558 531 interpretatione,
1594 487 1655 521 An
1681 486 1728 521 illi

245 529 484 619 accidatsxsiro
513 532 605 564 bono
631 542 731 573 esse,
768 532 830 566 vel
852 531 975 565 malo?
1014 534 1059 575 3,
1092 533 1136 576 6,
1169 533 1214 567 56
1237 534 1285 567 Ν.
1323 532 1368 574 cf.
1392 535 1437 567 ib.
1460 533 1526 578 583
1562 534 1647 576 (fig.
1673 545 1728 578 ap.

248 578 380 609 Cerni
403 601 411 607 .
455 577 488 618 9,
513 579 546 620 3,
572 578 629 612 98.

199 629 471 687 Interpretor.
511 644 551 686 a)
581 646 603 677 ἰ.
630 657 660 689 ‹1-
688 646 815 687 expli
825 657 895 678 co.-
936 640 1092 679 obscure'
1124 645 1218 679 dicta
1248 646 1523 691 interpretamur
1555 648 1599 690 3,
1623 645 1668 690 4,
1698 649 1728 682 3.

243 700 290 723 ne
315 701 358 723 ea
382 689 630 733 (aenigmata),
667 690 735 724 nisi
760 690 838 734 quis
867 691 1139 735 interpretetur,
1167 692 1343 740 intelligas
1369 695 1403 736 8,
1430 694 1464 734 6,
1490 695 1547 728 53.
1591 692 1728 729 dicendi

247 735 362 780 ratio,
399 748 488 780 quae
513 737 568 780 jus
592 737 707 780 ipsum
731 736 928 770 rhetorices
962 738 1213 781 interpretetur
1243 740 1302 772 Pr.
1325 741 1381 773 23.
1419 739 1504 773 alias
1537 739 1667 781 (leges)
1694 739 1728 773 in

242 781 424 817 diversum
447 782 721 827 interpretamur
745 785 766 816 3
780 809 789 823 ‚
814 783 857 825 6,
883 784 937 817 87.
977 783 1131 827 apertius
1154 785 1399 828 probationem
1423 784 1728 828 interpretabimur

244 830 286 871 5,
313 830 376 871 10,
401 830 435 863 8.
474 830 570 872 quod
596 835 650 862 est
673 828 850 872 apertius,
896 841 1000 873 quam
1029 836 1068 863 ut
1099 831 1160 864 vel
1194 830 1630 874 interpretandum,
1670 831 1728 865 vel

241 875 409 918 exemplo
434 874 479 908 sit
508 876 924 910 demonstrandum
956 877 996 918 3,
1033 876 1077 918 6,
1105 879 1162 911 27.
1201 876 1245 917 cf.
1277 879 1318 918 8,
1341 880 1384 919 2,
1415 879 1472 912 21.
1506 878 1599 910 male
1619 876 1728 911 inter-

240 920 461 965 pretantibus
486 923 519 964 3,
544 922 578 964 6,
605 922 636 954 6.
684 924 727 964 β)
753 924 953 963 legentibus.-
979 922 1166 955 Horatium
1189 921 1228 955 in
1251 923 1456 967 quibusdam
1484 923 1595 956 nolim
1619 922 1728 956 inter-

241 967 374 1012 pretari
404 969 435 1007 1.
463 968 497 1008 8,
530 969 562 1002 6.
609 978 737 1001 versus
761 966 876 1011 primo
903 968 1117 1010 solvere,
1152 976 1241 1002 mox
1269 968 1409 1002 mutatis
1433 969 1555 1003 verbis
1578 968 1728 1002 inter-

241 1013 420 1057 pretari
446 1016 478 1056 1,
502 1014 536 1055 9,
560 1016 594 1047 2.
629 1012 737 1047 lectio
762 1024 835 1046 non
860 1013 974 1047 omnis
997 1013 1252 1057 interpretante
1276 1021 1358 1061 eget
1381 1017 1414 1056 1,
1434 1017 1468 1056 2,
1488 1017 1546 1048 12.
1591 1016 1628 1058 γ)
1653 1017 1676 1047 i.
1697 1028 1717 1059 q

239 1059 470 1101 transfero
502 1062 535 1091 in
561 1062 662 1092 aliam
688 1061 855 1101 linguam.-
894 1061 1118 1094 voluntatem
1152 1061 1407 1104 complecti
1445 1072 1550 1105 quam
1585 1060 1728 1094 nomina

238 1104 559 1150 interpretari
581 1106 779 1138 'maluerunt
806 1107 840 1148 6,
864 1109 898 1147 2,
924 1107 947 1141 9
975 1107 1024 1142 N.
1064 1118 1168 1150 quam
1190 1106 1467 1151 interpretantur
1489 1106 1728 1141 exercita—

240 1153 413 1186 tricem
437 1155 471 1193 2,
497 1151 552 1192 15,
577 1153 635 1185 25.
674 1153 987 1195 enthymema,
1016 1153 1113 1196 quod
1139 1162 1207 1186 nos
1232 1158 1534 1187 commentum
1561 1163 1647 1187 sane
1671 1157 1728 1185 aut

239 1197 674 1232 commentationem
698 1197 974 1240 interpretemur
1000 1200 1034 1241 5,
1057 1201 1113 1242 10,
1140 1201 1173 1232 1.
1205 1194 1416 1244 ἅλληγορία,
1441 1210 1546 1244 quam
1572 1198 1728 1234 inver-

237 1244 421 1277 sionem
450 1243 728 1286 interpretantur
751 1244 784 1285 8,
809 1244 842 1285 6,
868 1242 928 1276 44.

188 1299 519 1392 Ῑηὲθῐὲΰῐὶέὃῒῑιῐῐὶ-
578 1310 676 1344 inte
685 1321 704 1343 r
715 1321 737 1354 p
746 1321 770 1342 u
779 1322 802 1343 n
814 1321 832 1344 c
843 1309 901 1344 tis
941 1310 1152 1357 quibusdam
1190 1317 1226 1348 et
1258 1311 1372 1346 tribus
1416 1311 1517 1356 quasi
1562 1295 1726 1345 initiis

359 1360 376 1390 1
429 1381 438 1391 .

190 1383 432 1443 Interritus.
478 1414 582 1448 vultu
605 1413 767 1447 interrito
796 1421 814 1450 1
826 1440 837 1457 ,
863 1416 896 1456 3,
921 1413 956 1447 4.
990 1414 1071 1457 plus
1095 1413 1117 1445 d
1131 1424 1150 1446 e
1162 1425 1184 1457 p
1198 1424 1217 1446 r
1229 1424 1249 1447 e
1259 1414 1285 1447 h
1295 1424 1315 1447 e
1326 1425 1351 1447 n
1363 1412 1405 1447 si
1428 1411 1558 1456 (testes)
1582 1419 1725 1456 nocent,

235 1471 340 1504 quam
363 1459 485 1493 firmi
511 1466 546 1494 et
570 1459 788 1493 interriti
813 1460 1029 1504 profuissent
1053 1460 1086 1500 5,
1110 1463 1146 1502 7,
1176 1462 1231 1494 11.

190 1504 486 1559 Intel'l'ogffiio·
532 1516 570 1558 α)
605 1528 685 1550 cum
714 1527 1001 1560 responsum
1041 1516 1084 1548 ab
1116 1514 1522 1560 interrogatione
1564 1513 1728 1550 dissentit

236 1566 268 1605 1,
296 1564 329 1606 5,
357 1563 411 1596 36.
450 1574 530 1596 cum
555 1564 660 1607 plane
683 1562 831 1596 instaret
853 1561 1135 1607 interrogatione
1165 1562 1200 1604 6,
1227 1563 1261 1600 3,
1285 1561 1342 1595 68.
1382 1571 1449 1604 per
1473 1560 1726 1607 interrogatio-

234 1621 319 1643 nem
343 1611 385 1651 8,
412 1609 452 1649 5,
484 1610 516 1643 5.
563 1610 615 1653 β)
643 1612 676 1642 ἰη
700 1610 857 1652 judiciis.-
897 1628 943 1634 —
968 1607 1110 1640 testium
1135 1607 1176 1651 5,
1202 1610 1267 1650 11,
1291 1608 1324 1641 5.
1376 1617 1456 1640 cum
1479 1606 1724 1650 praesentibus

232 1655 360 1700 ingens
385 1648 564 1688 dimi'catio
589 1661 666 1697 est,
702 1655 857 1698 ideoque
883 1654 984 1688 velut
1011 1652 1142 1696 duplici
1176 1658 1299 1686 contra
1325 1662 1388 1686 eos
1412 1662 1548 1695 proque
1574 1652 1618 1686 iis
1647 1653 1728 1686 acie

236 1701 468 1748 confligitur,
501 1701 732 1734 actionum
757 1706 792 1734 et
815 1698 1229 1746 interrogationum
1254 1700 1299 1742 5,
1326 1701 1371 1739 7,
1396 1700 1429 1732 3.
1469 1707 1542 1731 non
1573 1698 1722 1732 inter-

235 1747 508 1795 rogatione
544 1748 607 1780 sed
638 1746 744 1780 brevi
775 1745 1193 1779 interlocutione
1228 1746 1270 1778 ib.
1294 1745 1351 1778 26.
1385 1749 1486 1777 acuta
1507 1743 1570 1777 int.
1597 1746 1639 1777 ib.
1664 1745 1721 1779 29.

233 1794 271 1828 in
294 1793 416 1838 primis
439 1793 504 1826 int.
535 1794 640 1826 debet
661 1803 739 1826 esse
764 1792 1019 1835 circumspecta
1048 1793 1091 1824 ib.
1117 1793 1173 1824 31.
1220 1795 1449 1834 patronorum
1475 1789 1512 1822 in
1533 1795 1634 1833 parte
1656 1800 1723 1824 ex-

232 1840 398 1884 peditior‚
423 1839 460 1872 in
483 1845 583 1883 parte
609 1838 790 1872 difficilior
813 1837 876 1870 int.
902 1843 956 1871 est
977 1839 1090 1872 ib.22.
1118 1837 1198 1870 ficta
1226 1836 1289 1870 int.
1317 1838 1351 1878 9,
1377 1839 1412 1879 2,
1438 1836 1492 1880 15.
1526 1841 1723 1879 opportuna

234 1887 299 1921 int.
337 1888 381 1929 5,
415 1889 458 1928 7,
500 1888 556 1923 11,
601 1884 743 1931 longius
773 1882 1055 1929 interrogatione
1082 1882 1232 1926 repetita
1259 1884 1305 1915 ib.
1334 1884 1389 1916 17.
1425 1881 1723 1926 interrogationes

232 1934 323 1967 adeo
348 1932 459 1966 scitae
488 1933 530 1964 ib.
554 1932 612 1966 28.
649 1931 713 1964 int.
740 1929 931 1964 Socraticis
963 1929 1004 1972 5,
1030 1931 1070 1962 11
1087 1954 1098 1971 ,
1123 1932 1179 1963 27.
1217 1927 1624 1962 altercationibus
1649 1933 1718 1971 atq.

234 1976 720 2024 interrogationibus
759 1982 936 2010 oratorem
965 1976 1124 2008 futurum
1153 1973 1326 2008 Socratici
1356 1973 1489 2017 optime
1512 1979 1723 2017 praeparant

231 2029 297 2068 10,
324 2028 342 2059 1
359 2049 367 2064 ,
391 2026 449 2058 35.
499 2034 541 2057 ea
564 2034 623 2056 res
647 2027 814 2068 suggeret
836 2019 1021 2056 materiam
1043 2019 1318 2068 interrogationi
1344 2020 1387 2064 5,
1411 2022 1446 2063 7,
1473 2020 1516 2062 83
1554 2020 1637 2069 (fig.
1663 2032 1726 2064 ap..

235 2070 413 2113 Cornis.)
441 2072 477 2113 9,
504 2072 537 2113 3,
564 2070 622 2104 98.

183 2128 421 2184 Interrogo.
470 2136 510 2180 a)
547 2137 641 2182 Quid
669 2140 740 2170 tam
771 2145 982 2179 commune,
1032 2145 1136 2178 quam
1172 2132 1475 2180 interrogare
1516 2135 1579 2169 vel
1618 2145 1720 2179 per-

231 2185 450 2220 contari?
497 2185 648 2217 alterum
689 2183 876 2225 noscendi,
921 2183 1069 2215 alterum
1104 2179 1275 2225 arguendi
1315 2181 1428 2226 gratia
1467 2176 1612 2215 videtur
1655 2181 1718 2213 ad-

226 2231 343 2266 hiberi
369 2232 404 2274 9,
429 2234 464 2274 2,
494 2232 522 2264 6·
544 2231 586 2263 Ν.
620 2239 845 2273 proponere,
874 2227 1014 2272 partiri,
1049 2226 1269 2271 interrogare
1293 2225 1448 2259 sermoni
1472 2226 1635 2269 proxima
1660 2229 1728 2273 11,

231 2282 272 2322 3,
303 2279 380 2312 163.
434 2282 469 2310 et
493 2276 775 2320 interrogamus,
813 2281 848 2308 et
873 2274 1093 2313 dubitamus,
1136 2277 1172 2305 et
1197 2272 1387 2304 affirmams
1419 2278 1484 2304 etc„
1519 2272 1574 2314 (in
1601 2270 1716 2314 dictis)

230 2326 266 2362 6.
296 2326 330 2366 3,
359 2325 413 2358 70.
463 2322 812 2368 interrogamus
847 2320 970 2361 etiam,
1017 2318 1114 2362 quod
1139 2317 1262 2363 negari
1295 2327 1370 2350 non
1401 2316 1514 2361 possit
1535 2335 1593 2351 —.
1642 2317 1718 2351 Aut

230 2371 291 2403 ubi
325 2367 646 2412 respondendi
682 2366 837 2400 difficilis
861 2371 914 2399 est
936 2363 1026 2397 ratio
1056 2363 1098 2405 9,
1121 2366 1164 2405 2,
1191 2365 1225 2397 8.
1273 2364 1399 2396 eadem
1436 2363 1549 2397 verba
1586 2369 1718 2396 mutata

229 2414 523 2459 pronuntiatione
553 2413 736 2455 indicant,
773 2412 948 2446 affirmant
973 2425 1015 2432 —
1042 2408 1263 2455 interrogant
1287 2416 1346 2442 etc.
1377 2411 1492 2456 11‚›3‚
1520 2409 1596 2444 176.
1635 2419 1718 2443 cum

230 2464 333 2504 plura
381 2461 743 2506 interrogasset,
793 2469 883 2501 quae
929 2454 1069 2489 fateri
1113 2454 1317 2489 adversario
1356 2465 1503 2489 necesse
1538 2459 1633 2488 esset
1678 2456 1716 2498 5,

230 2510 295 2548 11,
331 2509 364 2540 3.
421 2505 466 2548 cs.
492 2507 524 2547 5,
551 2509 606 2548 12,
637 2508 691 2539 10.
729 2499 1090 2547 interrogandi,
1116 2500 1433 2544 reSpondendi
1458 2500 1574 2543 partes
1599 2502 1646 2543 (in
1661 2501 1713 2532 di-

229 2554 347 2591 cendo)
373 2555 414 2594 3,
439 2551 484 2594 4,
512 2554 575 2594 10;
611 2552 706 2584 inter
729 2548 896 2584 subsellia
920 2547 1074 2579 minores
1097 2547 1289 2581 advocatos
1315 2546 1511 2590 interroget
1537 2547 1592 2587 12,
1615 2546 1650 2587 3,
1677 2548 1725 2582 2.,

225 2597 263 2631 in
290 2597 552 2642 interrogandis
572 2596 721 2631 testibus
746 2597 781 2637 6,
807 2597 840 2635 3,
857 2593 893 2627 4.
920 2593 1208 2638 interrogati
1231 2593 1279 2632 (a.
1300 2596 1321 2625 l.
1345 2590 1596 2637 interroganti)
1621 2601 1716 2623 nun-

227 2653 331 2687 quam
358 2644 648 2684 respondent
672 2643 706 2684 5,
731 2640 786 2683 14,
812 2642 866 2674 32.
900 2639 995 2672 aliud
1019 2637 1336 2684 interroganti
1364 2637 1406 2670 ad
1431 2636 1527 2670 aliud
1551 2646 1718 2672 occur-u

227 2689 349 2723 ritur
377 2690 411 2728 9,
433 2692 467 2728 2,
494 2692 547 2722 1⁴2.
572 2695 790 2732 quantum,
819 2690 964 2731 quale,
991 2684 1355 2730 interrogantes
1383 2682 1504 2729 gravi,
1530 2692 1728 2726 compa-·

225 2739 379 2768 rantes
403 2738 507 2765 acuto
531 2739 657 2767 tenore
683 2733 899 2767 concludunt
922 2734 953 2772 1,
968 2732 1000 2772 5,
1018 2731 1074 2764 26.
1127 2731 1168 2774 β)
1194 2743 1222 2763 ο.
1239 2731 1351 2762 Adra.-
1383 2729 1474 2762 male
1498 2727 1711 2773 interroges,

226 2781 303 2815 hic
328 2783 402 2814 aut
428 2778 507 2812 ille
532 2779 591 2812 sit
607 2780 623 2813 ’ἱ
655 2782 687 2822 1,
714 2781 747 2821 5,
768 2781 823 2814 50.
861 2779 1069 2821 frequenter
1094 2775 1313 2821 interrogare
1339 2776 1479 2818 (debebit
1497 2772 1712 2818 praeceptor)
