1728 3002
352 204 631 263 Transfiguro
662 228 714 235 -
746 202 991 248 Translatio
1360 204 1443 245 907

15 350 18 354 -
54 330 221 370 poterant
247 326 311 367 11,
335 324 384 367 Δ3,
407 322 487 358 179.
517 333 551 356 v.
578 319 835 356 circumeo.
871 318 1133 354 transferuntur
1163 323 1199 352 et
1223 322 1385 361 tempora
1407 318 1445 361 9,

25 374 83 407 11.
114 371 219 406 etiam
244 379 336 415 quae
355 369 448 403 bene
470 368 716 404 translata
739 371 841 407 sunt,
872 366 1077 410 propria
1102 363 1173 398 dici
1201 365 1317 398 solent
1340 364 1384 425 81,
1408 366 1445 406 2,

62 418 99 452 Μ
124 419 249 451 Par-tic.
264 431 275 450 .·
312 416 551 456 translatum,
571 414 666 458 quod
691 412 832 446 aliunde
857 411 1008 446 trahitur
1029 411 1075 454 4,
1101 414 1117 444 1
1132 437 1143 453 ,
1167 413 1225 445 71.
1263 409 1347 454 quid
1370 421 1449 454 spe-

24 479 51 495 ‚2
78 464 286 497 translatum
301 464 336 501 2,
359 463 393 504 5,
417 461 452 496 9.
473 470 563 504 quae
586 459 750 493 licentius
773 464 819 492 tr.
842 464 944 492 erunt
971 459 1006 500 8,
1029 460 1064 499 3,
1089 459 1146 491 37.
1172 458 1340 490 translata
1362 465 1449 500 pro-

23 509 32 517 “
54 509 126 547 ,nisi
148 509 187 542 in
213 513 386 543 contextu
411 505 584 540 sermonis
607 517 680 539 non
704 510 852 548 possunt
875 506 917 538 ib.
937 505 994 542 38,
1023 503 1068 545 cs.
1096 505 1161 545 10,
1192 505 1233 544 5,
1262 503 1297 537 8.
1333 501 1449 535 oratio

12 556 209 590 ϊ-Ῑιιῐοιτιιιι
231 554 348 588 nitore
370 552 599 597 illuminanda
624 555 687 594 12,
712 554 775 593 10,
802 551 869 591 36;
895 550 1002 584 dictio
1027 550 1079 583 ab
1106 559 1150 583 eo
1177 550 1282 591 loco,
1310 548 1348 581 in
1375 558 1448 592 quo

22 601 159 646 opria
182 607 257 642 est,
279 599 517 634 translata
540 597 589 631 in
616 609 721 640 eum,
748 597 787 630 in
815 606 886 641 quo
910 595 1098 640 propria
1126 605 1200 641 non
1224 600 1277 628 est
1300 595 1334 634 9,
1358 597 1391 635 1,
1412 592 1448 627 4.

31 647 80 689 ²8,
105 647 149 690 5,
177 650 232 682 17.
266 655 383 680 sermo
407 655 428 678 a
451 643 599 677 naturali
624 649 660 678 et
691 642 878 687 principali
911 641 1171 688 significatione
1197 646 1242 674 tr.
1269 641 1318 673 ad
1347 640 1451 673 aliam

23 695 44 726 Ἰ
59 719 71 735 ,
98 692 134 727 4.
163 691 364 737 propria
387 696 469 724 sunt
490 691 616 732 verba,
645 701 725 724 cum
748 689 786 722 id
809 688 1030 735 significant,
1060 687 1095 721 in
1125 689 1220 731 quod
1248 687 1364 731 primo
1386 687 1452 720 de-

13 739 144 773 ..inata
167 743 269 772 sunt:
304 737 536 771 translata
567 747 646 770 cum
680 736 787 769 alium
811 741 935 769 natura
958 735 1200 776 intellectum,
1235 733 1342 766 alium
1368 733 1452 766 loco

13 779 134 829 ebent
157 788 198 828 1,
223 784 264 827 5,
289 786 347 819 71.
382 782 550 816 audacius
572 787 616 815 tr.
641 783 791 815 verbum
815 780 860 825 4,
889 784 928 823 1,
954 782 1010 815 58.
1036 779 1322 824 perspicuitatem
1346 789 1452 822 pro-

23 829 102 874 iis,
125 836 290 864 ornatum
312 828 559 863 translatis
581 827 703 862 verbis
732 827 843 874 magis
867 838 973 873 egere.
997 827 1032 868 8,
1061 828 1103 868 3,
1131 827 1184 860 15.
1209 826 1321 860 verba
1344 835 1452 868 pro-

22 875 92 919 ia,
120 877 266 920 ficta,
288 875 456 910 transl.
480 876 524 908 ib.
547 872 606 908 24.
631 873 677 915 cs.
705 877 768 917 11,
795 878 840 917 1,
868 873 902 908 6.
932 885 966 907 υ.
991 871 1240 916 Proprius.
1275 872 1452 915 Super-

19 926 104 956 tus.

22 965 214 1023 Sfiguro·
255 980 358 1015 velut
378 975 650 1024 transfigurandi
672 975 799 1020 judicis
823 974 931 1011 animi
954 974 989 1018 6,
1016 976 1052 1018 2,
1079 975 1111 1007 1.

22 1034 215 1076 sformo.
260 1047 357 1080 hunc
392 1043 593 1087 (animum)
628 1043 875 1078 transformari
914 1042 1177 1087 quodammodo
1214 1041 1260 1074 ad
1294 1046 1454 1074 natm-am

38 1106 43 1121 ι
63 1106 108 1134 ιι,
134 1093 179 1125 de
202 1092 328 1137 quibus
350 1093 542 1136 loquimur,
569 1101 716 1124 necesse
742 1095 794 1124 est
819 1092 852 1132 1,
876 1091 907 1130 2,
932 1091 989 1123 30.

14 1136 177 1192 Δ811133·
223 1150 443 1195 transfugam
467 1147 676 1182 donabimus
700 1146 857 1180 oratoris
874 1146 938 1179 illo
965 1155 1067 1179 sacro
1091 1143 1237 1178 nomine
1263 1145 1319 1185 12,
1344 1145 1377 1185 1,
1399 1140 1457 1176 24.
1501 1163 1507 1167 «

13 1202 208 1249 ‹sfundo-
257 1219 418 1252 dolorem
445 1228 546 1251 suum
569 1215 674 1250 etiam
696 1215 739 1248 ‚in
766 1214 949 1248 audientes
975 1213 1227 1247 transfundere
1255 1214 1310 1254 11,
1341 1213 1374 1253 1,
1400 1209 1457 1245 54.

12 1276 242 1327 Ηδὲῐεεείο.
287 1287 338 1328 α)
363 1288 387 1319 ἰ.
417 1298 449 1330 ‹1-
479 1286 637 1317 iransiius
668 1285 701 1316 in
733 1283 891 1315 dicendo.-
924 1281 1059 1315 oratori
1098 1280 1183 1325 quid
1218 1285 1271 1314 est
1307 1289 1456 1313 necesse

12 1353 13 1358 ι
49 1329 146 1374 'pere
168 1333 266 1366 hano
287 1337 332 1365 tr.
357 1330 393 1374 4,
420 1334 452 1373 1,
476 1332 534 1365 78.
590 1328 645 1372 β)
667 1330 755 1370 fig..·
784 1328 978 1362 verborum
1002 1327 1180 1361 concinna
1202 1332 1247 1359 tr.
1272 1326 1315 1367 9,
1342 1329 1374 1367 1,
1399 1324 1456 1358 34.

28 1377 226 1421 Hyperb
239 1383 359 1411 aton.
399 1377 526 1420 quaed.
560 1381 605 1408 tr.
639 1381 675 1408 et
707 1376 836 1420 longae
866 1380 948 1407 sunt
975 1373 1100 1416 nimis,
1134 1379 1169 1407 et
1196 1371 1457 1415 compositione

14 1421 120 1458 nn‘sae
143 1424 186 1467 9,
207 1422 252 1465 4,
275 1424 333 1458 28.
358 1428 486 1468 poetae
514 1421 620 1456 etiam
645 1421 841 1456 verborum
871 1419 1122 1455 divisione
1148 1419 1286 1453 faciunt
1316 1424 1457 1451 trans-

27 1469 267 1504 essionem
288 1470 325 1513 8,
349 1469 385 1512 6,
409 1469 455 1503 66
473 1472 518 1502 Ζ.

23 1526 150 1580 Sigo-
198 1518 404 1578 absolvi,
435 1537 498 1570 vel
519 1545 636 1579 poena
658 1533 732 1568 levi
754 1532 959 1579 transigi
981 1533 1043 1566 vel
1067 1531 1224 1566 tardiore
1250 1535 1294 1574 7,
1318 1533 1363 1572 2,
1388 1529 1457 1572 42;

26 1596 30 1609 τ
74 1593 95 1614 a
119 1581 198 1615 fere
218 1582 352 1614 laboris
378 1587 478 1624 parte
500 1585 678 1612 transacta
702 1578 738 1621 4,
766 1580 822 1612 Pr.
843 1581 877 1615 1.
904 1579 1053 1622 pulchre
1080 1578 1190 1611 fuerit
1219 1588 1321 1611 cum
1343 1581 1460 1609 mate-

34 1628 200 1670 ντιιιιιιιὴιι
224 1632 260 1660 et
282 1627 438 1660 clamore
460 1630 674 1659 transactum
697 1627 733 1666 7,
759 1626 793 1666 1,
816 1622 875 1657 44.

30 1683 163 1724 ιείιίὸ.
209 1693 297 1736 (fig.
327 1706 385 1738 ap.
410 1691 638 1735 cornific.)
660 1693 701 1730 9,
726 1693 762 1734 3,
784 1692 843 1728 98.

30 1751 169 1792 ‘Situso
207 1763 251 1804 Ι)
275 1764 427 1804 proprie:
452 1760 596 1794 flumina
620 1758 807 1793 transitum
835 1758 1007 1803 praebent
1030 1758 1142 1800 5,>13,
1169 1758 1225 1792 13.
1271 1757 1322 1797 11)
1343 1759 1461 1789 transl.

42 1807 82 1841 in
102 1807 165 1841 ino
190 1819 211 1840 a
233 1807 385 1851 pueritia
409 1808 462 1840 ad
485 1805 762 1843 adolescentiam
783 1811 829 1838 tr.
856 1808 921 1847 11,
944 1806 985 1847 3,
1011 1806 1067 1837 28.
1092 1803 1136 1836 iis
1162 1802 1276 1846 (sonis)
1301 1803 1462 1835 inserunt
1505 1820 1509 1822 -

22 1864 77 1895 os,
98 1859 140 1886 ut
160 1853 264 1897 pauci
288 1853 340 1886 illi
366 1858 422 1886 tr.
446 1854 575 1885 multos
600 1852 770 1898 gradus
794 1852 947 1885 habeant
976 1853 1031 1892 12,
1050 1853 1106 1892 10,
1127 1850 1184 1883 68.
1211 1848 1348 1882 medius
1363 1847 1461 1890 quid.

17 1901 128 1940 adus,
150 1899 240 1932 nihil
261 1898 338 1942 ipse
363 1897 564 1944 significans
592 1898 654 1931 sed
678 1897 853 1940 praebens
878 1896 1063 1930 transitum
1092 1897 1131 1934 8,
1160 1895 1286 1935 6,’38.
1315 1907 1348 1927 v.
1366 1894 1464 1927 Fle-

24 1955 78 1979 ιε.
111 1946 170 1989 β)
193 1947 226 1977 in
254 1946 412 1977 dicendo.-
449 1944 508 1977 hic
532 1944 624 1987 (Sp.
649 1943 752 1984 hinc)
780 1942 846 1976 erit
871 1944 924 1976 ad
949 1942 1016 1976 alia
1041 1941 1208 1975 transitus
1231 1943 1272 1982 7,
1298 1940 1339 1982 6,
1367 1941 1389 1974 5
1416 1943 1461 1973 Ζ.

38 1995 72 2031 7,
89 1992 146 2032 10,
167 1992 202 2025 8.
222 1989 412 2034 (fig-)q1¹a
434 1990 473 2023 fit
500 2000 557 2023 ex
582 1988 716 2023 vicinia
737 1988 906 2022 transitus
930 1988 1016 2031 (Sp.
1043 1998 1133 2031 quae
1154 1998 1203 2020 ex
1229 1985 1303 2020 vic.
1327 1985 1473 2041 transit),

13 2052 20 2065 ·
54 2036 196 2070 diversa
217 2037 254 2077 9,
279 2038 314 2078 3,
338 2036 383 2070 65
410 2037 455 2069 N.
481 2043 511 2068 et
536 2037 592 2076 S.;
615 2031 893 2078 μεταβολὴν,
919 2034 958 2067 id
981 2039 1048 2076 est,
1073 2039 1181 2066 trans.
1207 2031 1256 2064 in
1280 2031 1376 2064 aliud
1399 2042 1462 2078 ge-

13 2098 38 2111 ι-
71 2081 230 2126 rhythmi
252 2082 297 2123 9,
321 2082 362 2123 4,
385 2083 441 2115 50.
465 2086 506 2114 ut
527 2080 604 2124 ipse
630 2085 672 2113 tr.
699 2079 831 2113 efficiat
856 2080 1010 2124 aliquam
1038 2078 1248 2112 sententiam
1272 2077 1317 2117 4,
1343 2081 1383 2119 1,
1405 2079 1465 2111 77.

41 2126 327 2172 Depositio.
357 2127 454 2160 unde
475 2125 619 2160 venusti
640 2131 685 2158 tr.
710 2126 798 2159 fiunt
822 2127 864 2168 9,
890 2129 933 2168 2,
957 2126 1014 2160 61.
1039 2124 1181 2170 longius
1204 2125 1357 2156 fortasse
1382 2133 1467 2166 pro-

21 2174 122 2209 edior
144 2174 290 2206 fallente
312 2178 357 2206 tr.
382 2175 417 2214 7,
443 2174 508 2213 10,
534 2175 589 2206 17.
637 2170 672 2215 y)
696 2173 740 2204 in
763 2174 960 2205 transitu
993 2174 1018 2205 i.
1046 2184 1077 2215 q.
1113 2174 1150 2203 in
1176 2176 1497 2212 praeteream*

15 2238 22 2250 ι
36 2234 47 2254 .-
82 2230 172 2263 quae
196 2218 326 2252 leviter
347 2218 384 2251 iu
407 2223 451 2252 tr.
477 2217 660 2262 attigeram
684 2220 718 2260 7,
746 2219 789 2260 3,
812 2221 870 2256 27.
891 2217 930 2250 in
950 2222 997 2251 tr.
1025 2226 1102 2250 non
1125 2215 1327 2249 omittemus
1350 2217 1384 2254 2,
1411 2216 1466 2254 10,

27 2289 39 2299 .
67 2275 135 2298 nec
157 2264 195 2297 in
216 2269 261 2297 tr.
287 2264 468 2297 tractanda
490 2263 526 2305 6,
550 2266 584 2305 2,
608 2265 643 2295 2.

26 2318 194 2363 uslatiO·
228 2330 261 2370 1)
286 2333 418 2373 proprie
437 2333 469 2364 in
488 2333 589 2363 alium
610 2334 735 2363 locum.-
763 2329 802 2363 in
824 2335 1010 2374 utramque
1034 2334 1169 2373 partem
1192 2334 1317 2362 tenera
1341 2328 1467 2371 quaed.

23 2378 45 2410 d
67 2377 161 2410 intra
181 2387 307 2409 manus
331 2381 450 2410 tamen
480 2382 515 2410 et
540 2375 616 2409 sine
643 2381 741 2409 motu
763 2377 915 2409 laterum
939 2375 1124 2409 translatio
1148 2377 1214 2416 11,
1242 2375 1284 2416 3,
1312 2374 1378 2408 165
1399 2374 1468 2416 N.;

18 2421 232 2456 'visione
255 2421 449 2456 verborum
473 2427 533 2454 aut
554 2422 716 2454 transl.
734 2424 770 2463 7,
789 2422 823 2463 9,
846 2422 869 2456 9
888 2422 935 2454 Ν.
983 2420 1042 2464 Π)
1066 2424 1182 2453 transl.
1212 2419 1256 2461 α)
1279 2421 1313 2451 in
1338 2421 1467 2452 causis.-

9 2482 13 2484 ·
36 2466 129 2510 dius)
153 2469 197 2509 3,
229 2468 269 2510 6,
298 2469 342 2500 23
368 2468 415 2500 Ν.
442 2468 498 2501 38.
529 2466 612 2510 qnia
640 2472 686 2500 tr.
715 2472 881 2501 versetur
910 2466 1006 2500 circa
1038 2466 1244 2510 qualitatem
1277 2467 1320 2498 ib.
1344 2464 1389 2498 42
1420 2465 1468 2498 N.

43 2509 256 2555 λλακτικῆν
281 2512 493 2555 (Athenaei)
516 2511 780 2545 translationem
814 2523 893 2546 esse
928 2514 973 2545 ib.
995 2511 1052 2546 48.
1079 2511 1203 2544 ultima
1234 2516 1287 2543 est
1321 2509 1470 2544 actionis

16 2557 243 2602 'aftroversia,
268 2569 348 2591 cum
374 2558 587 2591 defendendi
611 2558 810 2603 negandive
834 2567 907 2591 non
933 2563 986 2591 est
1010 2558 1124 2599 locus,
1146 2555 1329 2589 translatio
1354 2557 1388 2599 5,
1416 2558 1472 2598 13,

25 2605 74 2639 N.
93 2617 139 2638 cr.
167 2603 207 2637 in
229 2604 309 2646 hos,
334 2603 393 2648 qui
416 2604 487 2647 jam
510 2603 631 2646 scripti
653 2609 746 2645 sunt,
770 2608 880 2636 status
904 2603 983 2638 visa
1005 2609 1059 2636 est
1085 2603 1213 2637 cadere
1236 2607 1283 2635 tr.
1299 2605 1337 2644 7,
1352 2600 1389 2645 4,
1413 2604 1470 2636 13.

22 2673 42 2698 .λ
58 2651 100 2692 3,
124 2650 166 2691 6,
192 2650 248 2683 53.
279 2650 335 2684 56.
359 2650 406 2684 60
430 2657 492 2683 etc.
582 2648 594 2691 )
620 2652 652 2681 in
677 2650 825 2682 dicendo.
862 2646 896 2690 a)
921 2652 952 2681 in
979 2651 1080 2681 aliam
1107 2651 1271 2690 linguam:
1307 2658 1355 2681 ex
1378 2659 1470 2682 συν-

29 2706 105 2738 αμῳ
127 2695 240 2740 magis
266 2695 409 2739 propria
430 2701 476 2728 tr.
522 2695 544 2728 b
582 2696 624 2726 in'
639 2697 740 2740 uliam
762 2695 1056 2736 significationem.-
1081 2699 1139 2738 tr.,
1164 2704 1254 2738 quae
1277 2690 1467 2736 μεταφορὰ

21 2747 126 2792 {nepe
146 2746 298 2774 vocatur
320 2743 363 2784 8,
388 2741 432 2783 6,
454 2739 489 2774 4.
520 2752 554 2774 v.
571 2739 759 2773 Abusio.
795 2739 1114 2784 Comparatio.
1146 2745 1192 2773 tr.
1216 2738 1469 2782 permovendis

58 2800 74 2814 ιι
102 2800 107 2814 2
139 2787 348 2830 plerumque
371 2791 513 2831 reperta
538 2791 592 2820 est
613 2787 646 2827 8,
669 2786 706 2829 6,
733 2786 788 2822 19.
815 2797 921 2830 saepe
944 2785 1132 2830 plurimum
1157 2785 1248 2819 lucis
1271 2785 1373 2819 affert
1392 2784 1469 2828 ipsa
