1728 3002
0 272 6 300 b

524 199 695 246 Habilis
725 226 779 235 -
811 201 996 245 Habitus
1400 222 1409 226 -
1458 204 1539 244 375

55 325 137 359 sunt
158 319 282 354 inter
303 327 432 365 magna
454 316 629 362 praesidia
652 316 688 359 5,
704 318 761 359 12,
782 318 839 350 12.
869 321 908 350 ut
932 315 1028 360 quod
1053 332 1095 339 —
1115 315 1234 350 inter
1254 318 1366 349 status
1395 324 1539 359 quoque

0 371 3 374 '
51 366 244 403 iubeamus
266 365 302 406 8,
323 363 360 407 4,
381 364 426 399 16
448 367 492 398 Ζ.
541 362 627 398 mihi
651 361 746 396 inter
768 361 919 397 virtutes
942 361 1158 409 grammatici
1181 361 1389 403 habebitur,
1421 361 1540 406 aliqua

50 411 191 447 nescire
216 414 250 453 1,
275 411 310 447 8,
334 412 392 444 21.
418 409 466 451 cs.
490 410 525 453 8,
541 410 578 453 6,
590 410 646 444 62.
676 408 746 442 inis
769 407 895 452 priscis
919 407 1076 442 habitam
1098 406 1228 441 inter
1252 418 1355 441 curu
1378 407 1413 448 9,
1430 406 1467 450 4,
1483 408 1539 442 16.

53 457 202 494 Graecis
227 456 361 490 inter
381 455 554 490 maximas
578 454 699 489 habita
720 453 872 489 virtutes
894 454 928 496 8,
942 454 979 498 6,
999 455 1065 496 31;
1099 454 1234 487 hahent
1257 455 1343 496 (Sp.
1367 453 1538 497 habetur)

50 504 98 538 in
127 501 262 537 meritis
278 500 443 554 ’gratiam
478 501 572 546 (Sp.
597 500 747 554 gf'fi‘).
768 499 966 543 pericnlum
993 510 1135 544 quoque
1161 505 1197 533 et
1219 498 1409 533 difficultas
1435 502 1471 541 7,
1500 499 1537 542 4,

10 541 14 546 r
50 553 150 584 222.
171 555 254 582 eum
275 559 323 581 ln
345 557 495 582 numero
517 551 809 591 praecipientium
835 555 910 579 non
934 546 1049 580 habeo
1071 548 1107 588 2,
1131 547 1166 588 3,
1192 546 1225 579 5.
1264 550 1375 578 totam
1397 544 1538 579 subtili-

54 601 165 630 tatem
178 593 217 628 in
234 592 349 628 dubiis
360 594 468 628 habet
481 596 558 636 1,7,
570 595 587 626 1
602 605 612 636 ;
635 606 664 627 c.
677 596 783 626 Dan.-
802 591 863 636 qui
876 601 1078 635 sermonem
1101 602 1243 626 curae
1260 591 1392 625 habent
1408 592 1470 628 Pr.
1480 591 1535 626 16.

143 638 196 686 V)
227 653 258 674 c.
286 643 486 684 Praeposs„
509 641 544 672 in
565 641 707 683 propria
729 639 984 680 significatione.
1029 635 1073 682 ι)
1097 640 1149 671 in.
1197 636 1233 678 a)
1257 636 1378 671 omnia
1401 636 1467 671 ista
1490 637 1538 670 in

52 687 244 731 complexu
267 685 399 719 habent
425 686 470 726 9,
498 683 542 727 4,
574 687 632 718 32.
679 685 776 728 quod
802 689 838 717 et
860 683 976 727 ipsum
997 681 1044 717 in
1065 681 1218 718 oonsilio
1242 689 1297 717 est
1318 683 1536 727 habendum,

48 743 124 767 non
151 741 291 776 semper
313 742 393 765 esse
415 737 488 765 tam
514 741 631 764 acrem
654 730 782 774 judicis
805 728 1042 763 intentionem
1066 736 1130 770 etc.
1154 730 1191 772 8,
1206 731 1241 772 2,
1261 730 1319 764 23.
1353 729 1537 775 ingenium

49 777 97 812 in
119 782 305 811 numerato
327 777 461 811 habere
482 777 518 818 6,
527 778 563 820 3,
577 778 639 810 111
654 777 701 810 Ν.
729 775 767 809 in
789 785 940 809 numero
963 779 1128 812 veterum
1142 774 1276 809 hahere
1301 773 1383 819 (Sp.
1398 774 1537 816 locare)

50 826 107 866 10,
126 826 158 866 1,
179 824 258 858 118.
282 822 327 856 in
350 823 464 857 oculis
486 823 619 856 habere
643 822 679 865 6,
696 821 732 864 4,
758 823 814 856 13.
842 821 988 856 affectus
1011 820 1059 855 in
1085 831 1151 855 sua
1170 826 1347 865 potestate
1369 820 1537 855 habuisse

47 872 107 911 10,
136 871 180 912 1,
209 868 268 904 48.
298 874 339 902 ut
361 879 423 904 eos
443 868 482 902 in
508 874 652 912 promtu
673 867 862 901 habuerint
893 870 939 910 2,
973 867 1018 911 4,
1052 869 1112 901 27.
1150 877 1184 900 v.
1207 867 1408 901 Promtu.
1454 868 1536 911 plus

48 915 154 949 habet
177 914 227 948 in
254 925 399 948 recessu
426 917 459 957 1,
482 914 518 956 4,
541 917 576 948 2.
607 919 748 949 vestem
769 921 831 947 etc.
858 912 903 946 in
926 924 995 947 usu
1019 912 1144 946 habuit
1171 914 1229 955 12,
1254 915 1310 953 11,
1334 915 1404 955 21;
1438 924 1537 947 arma

23 960 182 1007 ,habere
206 961 260 993 ad
282 970 425 994 manum
453 962 515 1003 12,
540 960 583 1001 5,
610 962 642 993 ¹.
688 959 729 1001 1))
754 961 778 992 ι’.
802 972 835 1004 q.
861 962 1091 992 coniineo:
1126 958 1236 992 habet
1260 957 1358 1001 (vox)
1395 957 1443 992 in
1466 969 1538 1002 se,

50 1006 149 1050 quod
172 997 352 1038 imitamffr
379 1008 439 1046 11,
464 1007 504 1047 3,
531 1007 611 1039 171.
644 1004 737 1039 ratio
759 1024 805 1030 —
828 1005 963 1038 habens
996 1004 1043 1038 in
1073 1016 1123 1038 se
1157 1009 1194 1038 et
1222 1004 1471 1039 inventionem
1500 1010 1539 1038 et

48 1049 300 1103 judicationem
321 1050 357 1093 6,
380 1051 415 1094 5,
439 1053 472 1085 3.
508 1051 604 1094 quod
633 1049 680 1084 in
709 1061 758 1084 se
783 1050 957 1084 rationem
980 1061 1054 1084 non
1076 1050 1157 1084 hab.
1184 1052 1243 1092 10,
1269 1053 1304 1092 7,
1330 1053 1386 1084 12.
1423 1061 1538 1094 quan-

42 1096 155 1142 ‘quam
186 1096 375 1140 phu-imum
399 1095 454 1132 in
488 1106 536 1130 se
565 1095 759 1140 voluptatis
791 1095 923 1139 habeat
944 1095 1161 1140 (eloquentia)
1194 1098 1261 1136 10,
1289 1099 1332 1139 7,
1362 1099 1427 1140 173
1461 1106 1536 1130 non

49 1144 169 1187 plures
192 1143 314 1175 infus
338 1142 525 1186 qimdratos
548 1142 731 1176 habebunt
758 1144 800 1185 1,
826 1144 891 1185 10,
914 1139 980 1184 44;
1014 1141 1094 1176 illas
1121 1140 1279 1186 (causas)
1305 1152 1371 1186 per
1395 1152 1436 1176 se
1458 1141 1537 1186 ipsa

50 1187 196 1223 crimina
212 1198 365 1230 ‘secum
390 1187 523 1222 habent
544 1191 580 1231 7,
599 1190 636 1230 2,
648 1187 708 1221 41.
744 1188 828 1221 dnm
850 1188 979 1222 habeat
1002 1198 1051 1222 ex
1075 1197 1291 1232 quocunque
1313 1188 1407 1232 pede
1431 1193 1536 1222 ante

49 1244 94 1268 se
116 1231 266 1269 brevem
286 1234 322 1276 9,
345 1231 382 1275 4,
405 1236 484 1268 100.
521 1231 564 1274 cf.
590 1235 634 1266 ίΙ).
652 1236 743 1268 102.
770 1231 849 1267 104.
895 1231 940 1277 β)
966 1242 1040 1268 ex.-
1068 1243 1188 1268 sermo
1210 1239 1331 1267 rectus
1355 1241 1417 1268 etc.
1443 1233 1536 1267 nihil

45 1279 180 1315 hahere
201 1289 258 1313 ex
279 1277 424 1324 ingenio
445 1278 591 1315 videtur
619 1281 663 1322 2,
687 1279 732 1322 5,
757 1281 813 1313 11.
851 1277 895 1320 cf.
920 1279 962 1317 5.
988 1281 1055 1322 10,
1080 1281 1160 1313 101.
1200 1285 1335 1323 quanto
1361 1280 1442 1324 plus
1469 1281 1536 1314 de—

45 1323 247 1360 lectationis
269 1324 474 1368 habiturus,
511 1335 617 1369 quam
647 1335 704 1358 ex
732 1324 804 1358 illis
833 1324 1020 1359 ineruditis
1043 1324 1288 1370 voluptatibus
1314 1328 1356 1370 1,
1386 1328 1452 1371 12,
1477 1326 1532 1361 18.

19 1375 21 1377 '
44 1371 178 1410 hahent
199 1371 376 1415 quandam
401 1369 553 1405 ex‘iua
582 1369 663 1405 vitii
690 1369 918 1405 similitudine
941 1370 1088 1418 gratiam
1111 1372 1147 1414 9,
1171 1373 1207 1414 3,
1230 1374 1289 1409 27.

107 1415 205 1457 svl)
226 1418 361 1450 verbum
386 1418 518 1459 agendi.
565 1415 608 1459 α)
635 1419 657 1451 ἰ.
675 1429 709 1460 q.
734 1425 948 1460 praesto.-
972 1416 1119 1451 habebit
1142 1428 1263 1451 curam
1286 1415 1390 1451 *0⁶33
1418 1418 1454 1459 1,
1476 1418 1534 1460 10,

46 1465 106 1497 27.
134 1460 182 1496 {in
202 1462 366 1502 habenda
391 1462 496 1496 etiam
516 1461 640 1506 parvis
664 1462 753 1496 fides
775 1466 811 1505 2,
834 1461 870 1505 4,
892 1466 950 1498 27.
983 1465 1114 1506 (contra
1140 1462 1186 1504 cf.
1210 1462 1247 1507 4,
1318 1462 1388 1504 J3).
1422 1461 1536 1509 gratia

44 1507 103 1542 his
119 1513 174 1542 est
190 1508 353 1542 habenda
371 1511 406 1543 2.
421 1511 499 1551 1,2.
530 1508 589 1542 hic
612 1508 698 1551 (Sp.
724 1507 798 1552 his)
820 1514 940 1543 tamen
963 1509 1148 1543 habendus
1172 1515 1227 1543 est
1247 1507 1276 1542 ia
1298 1519 1326 1542 is
1353 1509 1435 1552 (Sp.
1454 1507 1535 1551 om.)

43 1554 171 1587 modus
204 1555 248 1595 5,
274 1551 344 1595 14,
369 1554 415 1589 35
441 1558 484 1588 Ζ.
510 1555 557 1588 Ν.
596 1554 698 1596 cujus
724 1554 943 1589 mentionem
967 1554 1078 1589 habui
1100 1554 1136 1597 4,
1159 1557 1197 1598 2,
1227 1555 1282 1590 19.
1324 1555 1433 1598 paulo
1455 1555 1535 1598 plu-

0 1598 3 1599 ’
38 1599 144 1633 ribus
165 1599 287 1634 verbis
310 1599 415 1634 debet
437 1600 563 1634 haberi
577 1599 686 1634 venia
714 1603 771 1643 11,
792 1603 826 1643 1,
847 1602 881 1635 5.
953 1600 1002 1646 β)
1026 1603 1047 1633 ἰ.
1072 1615 1101 1645 q.
1126 1603 1334 1641 instituo.-
1371 1599 1533 1634 actiones

45 1644 212 1679 habuisse
233 1647 291 1688 12,
313 1645 348 1688 6,
374 1649 406 1679 1.
443 1644 496 1687 cs.
523 1648 580 1689 12,
605 1648 665 1689 10,
690 1646 747 1680 51.
782 1648 907 1690 quales
929 1645 1227 1690 (percontationes)
1252 1646 1379 1680 haberi
1401 1646 1446 1679 ab
1470 1647 1535 1679 ad-

44 1691 208 1726 versario
222 1691 361 1734 possint
386 1691 420 1732 5,
438 1695 475 1734 7,
500 1694 555 1726 11.
587 1691 632 1725 de
655 1692 821 1726 habenda
848 1692 1058 1736 quaestione
1081 1694 1117 1737 5,
1138 1692 1174 1735 4,
1198 1696 1233 1727 2.
1266 1691 1434 1726 habuisse
1458 1703 1533 1726 ser-

46 1746 172 1769 mones
198 1739 255 1778 10,
273 1738 310 1779 3,
328 1738 383 1770 32.
406 1737 464 1771 Pr.
487 1740 523 1771 7.
549 1737 585 1780 6,
602 1739 638 1778 3,
655 1735 715 1771 44.
742 1740 799 1782 11,
822 1741 860 1783 2,
886 1737 945 1773 24.
976 1739 1091 1774 verba
1114 1740 1268 1774 adversa
1289 1737 1533 1785 Agamemno-

46 1790 132 1814 nem
153 1791 175 1814 a
197 1781 365 1815 Thersite
385 1782 504 1815 habita
530 1785 587 1825 11,
615 1785 648 1824 1,
671 1785 730 1817 37.
857 1791 862 1797 ’
1205 1791 1214 1794 “

137 1825 226 1866 VII)
259 1838 303 1858 oe
330 1828 516 1862 habere.-
543 1827 592 1862 ita
620 1839 660 1861 se
681 1829 816 1862 habent
838 1827 905 1862 ista
917 1832 1051 1862 natura
1075 1829 1110 1872 5,
1140 1829 1199 1872 14,
1225 1829 1261 1868 6.
1296 1829 1400 1864 aliter
1425 1840 1533 1874 quam

47 1880 89 1903 se
111 1875 239 1905 natura
258 1870 366 1904 habet
387 1873 423 1914 8,
446 1874 482 1915 3,
506 1873 564 1908 58.
594 1873 645 1907 ita
668 1884 707 1908 se
730 1885 789 1908 res
810 1875 894 1907 hab.
918 1877 975 1915 10,
994 1876 1030 1917 3,
1054 1875 1112 1909 15.
1143 1875 1194 1909 ita
1221 1886 1262 1909 se
1284 1876 1368 1909 hab.
1392 1887 1532 1909 sacrum

0 1901 6 1940 ἶ
48 1915 140 1957 1,“5,
163 1915 220 1949 67.
252 1920 292 1948 ut
314 1926 354 1949 se
375 1917 459 1951 hab.
484 1917 634 1961 epistola
655 1920 701 1952 ad
722 1920 874 1954 Brutum
892 1921 928 1963 9,
951 1922 988 1964 3,
1010 1919 1054 1954 41
1072 1922 1121 1955 N.
1140 1934 1186 1955 cr.
1234 1921 1356 1955 Bene
1392 1922 1532 1955 habet

45 1958 140 2003 (figo
164 1962 200 2003 9,
222 1962 258 2001 2,
284 1960 341 1994 26.

0 2003 185 2047 flabilis.
226 2015 382 2049 habilem
406 2017 682 2052 demonstrando
710 2019 750 2052 in
770 2020 862 2053 latus
885 2031 1029 2054 manum
1054 2020 1205 2055 facimus
1232 2024 1272 2055 11
1285 2047 1296 2064 ,
1327 2023 1373 2064 3,
1398 2022 1459 2057 99.
1491 2027 1532 2054 ut

0 2077 2 2081 ·
47 2062 229 2096 acutior
253 2061 331 2105 quis
356 2067 461 2105 etque
489 2062 688 2097 habilior
710 2063 756 2098 sit
779 2066 824 2098 ad
846 2064 1103 2100 inveniendum
1130 2067 1166 2110 6,
1191 2069 1225 2106 3,
1251 2070 1307 2100 12.

0 2116 179 2159 Habito.
221 2128 260 2162 in
281 2128 399 2162 insula
422 2128 476 2163 eo
500 2130 678 2164 habitasse
701 2131 744 2173 8,
769 2131 812 2173 6,
840 2134 899 2165 71.
941 2131 1002 2175 qui
1026 2131 1066 2165 in
1090 2133 1174 2166 foro
1200 2127 1403 2168 habitan‘mt
1438 2137 1528 2170 cte.

45 2175 84 2261 g,
98 2176 225 2262 {¹332}-
249 2174 534 2254 pgbsehabitatur
557 2179 591 2220 1,
606 2174 641 2219 4,
651 2177 708 2211 28.
741 2187 849 2223 super
864 2176 1064 2212 habitantes
1083 2178 1271 2223 aliquando
1293 2181 1531 2225 procumbunt

79 2233 96 2253 e
130 2233 151 2252 a
216 2246 227 2263 ‚
299 2246 310 2262 ,
358 2243 368 2252 .

1 2263 201 2308 Habitus.
258 2275 300 2319 1)
334 2277 467 2319 proprie
492 2278 534 2310 ‹le
558 2290 707 2322 corpore.
754 2278 796 2321 α)
832 2280 855 2313 ἰ.
878 2291 909 2323 q.
929 2277 1099 2320 forma.-
1138 2262 1348 2326 corporibus
1365 2297 1412 2308 -
1435 2294 1528 2328 qnae

46 2321 137 2354 nihil
159 2333 210 2355 ex
233 2321 429 2355 communis
450 2322 590 2357 habitus
614 2324 720 2358 bonis
746 2323 976 2368 perdiderunt
1002 2328 1036 2368 2,
1050 2327 1083 2366 5,
1102 2328 1158 2361 11.
1187 2328 1408 2372 corporibus,
1435 2340 1528 2374 quo-

47 2377 120 2411 quo
142 2367 250 2400 modo
275 2373 358 2401 sunt
380 2369 593 2412 composita,
622 2370 745 2414 utique
768 2370 909 2403 habitus
933 2376 986 2404 est
1015 2370 1141 2415 aliquis
1163 2373 1199 2416 9,
1225 2376 1259 2417 1,
1284 2376 1339 2408 10.
1372 2377 1527 2417 vultu,

47 2412 240 2455 habitu,
276 2419 471 2456 aspectu
504 2415 644 2450 moveri
678 2417 720 2459 6,
747 2418 787 2458 1,
817 2414 872 2450 14.
907 2417 1071 2461 proprius
1094 2419 1204 2453 decor
1227 2420 1266 2453 in
1287 2419 1456 2454 habitu
1486 2433 1529 2456 ac

48 2458 181 2492 vultu
203 2458 284 2500 6,3‚
299 2461 354 2492 12.
378 2469 516 2503 voce,
538 2463 694 2505 vultu,
721 2462 831 2495 totius
854 2472 967 2506 prope
993 2463 1162 2497 habitu
1184 2465 1346 2509 corporis
1374 2469 1431 2509 11,
1449 2468 1529 2507 3‚2.

45 2502 103 2539 vis
127 2503 318 2547 eloquendi
345 2516 425 2538 cum
453 2506 604 2549 quodam
632 2507 791 2551 corporis
820 2507 943 2540 habitu
965 2511 1002 2551 2,
1026 2509 1083 2552 15,
1108 2512 1167 2543 22.
1198 2511 1339 2549 habitus
1365 2513 1528 2557 eorporis

47 2549 124 2592 (esi,
147 2551 234 2583 unde
256 2558 484 2592 argumentum
506 2555 591 2585 sumi
611 2553 730 2596 possit)
758 2554 792 2596 5,
819 2556 875 2595 10,
894 2554 962 2595 263
990 2565 1076 2589 arcu
1098 2555 1323 2603 dirigentium
1347 2559 1430 2601 tela,
1456 2569 1527 2603 quo

2 2622 19 2637 ‚⁷
35 2594 181 2629 'certior
202 2606 348 2638 manns,
372 2597 442 2630 hoc
467 2600 520 2630 est
542 2598 681 2633 habitus
703 2598 780 2643 ipse
803 2598 999 2635 formosior
1020 2601 1058 2644 9,
1079 2600 1114 2640 4.
1138 2603 1172 2637 8.
1208 2604 1435 2638 declamantis
1460 2605 1528 2638 ha-

47 2640 162 2674 bitum
190 2643 205 2674 1
219 2667 231 2683 ,
257 2644 303 2684 2,
327 2644 382 2676 31.
417 2647 457 2676 ut
482 2643 551 2678 vix
579 2645 842 2679 comoediarum
874 2645 1051 2680 actoribus
1077 2649 1196 2692 plures
1218 2649 1360 2683 habitus
1382 2649 1419 2683 in
1442 2661 1527 2693 pro-

0 2712 8 2720 .
50 2685 246 2721 nuntiando
270 2687 496 2732 concipiendi
521 2689 592 2724 sint
614 2692 657 2732 3,
681 2692 724 2733 8,
748 2692 804 2726 51.
841 2702 1013 2736 quaerere
1041 2693 1247 2728 habitum
1285 2701 1527 2741 gestumque

50 2729 129 2766 sine
153 2743 303 2777 corpore
329 2735 364 2775 9,
389 2736 424 2776 3,
450 2737 537 2777 1003
568 2735 607 2770 in
629 2737 754 2770 statuis
776 2742 850 2781 atq.
873 2736 1021 2781 pictm-is
1040 2739 1174 2774 variari
1197 2741 1406 2781 habitus,
1433 2742 1525 2776 vtul-

52 2781 150 2823 turs,
172 2783 328 2813 status
353 2781 388 2823 2,
418 2783 475 2824 13,
500 2782 523 2816 8
546 2782 593 2817 Ν.
623 2781 763 2826 pictura
786 2789 908 2817 tacens
934 2793 1026 2829 opus
1048 2791 1084 2820 et
1107 2786 1246 2821 habitus
1270 2797 1410 2830 semper
1432 2786 1527 2830 ejus-
