1728 3002
84 139 169 178 426
596 135 756 195 Ingens
793 162 849 172 -
888 138 1112 197 Ingressus

127 253 183 288 15.
212 250 257 294 cs.
287 253 344 295 10,
366 255 402 295 7,
426 253 484 286 21.
508 262 579 296 quo
599 251 810 299 ingenio
833 253 951 290 miuus
973 266 1143 300 possum,
1168 257 1363 294 subsidium
1391 258 1480 294 mihi
1503 259 1613 296 dili—

126 299 292 346 gentia
326 299 532 342 comparavi
568 301 664 333 Cic.
691 303 758 343 11,
786 303 825 344 1,
850 302 895 337 19
917 303 965 335 N.
993 302 1053 347 qui
1077 304 1183 347 plane
1205 307 1303 340 nullo
1341 306 1449 340 fuerit
1472 307 1546 354 ing.
1577 306 1613 350 4,

124 348 158 389 5,
183 350 216 380 2.
242 346 322 390 plus
355 344 552 391 ingenio
589 357 695 390 qnam
718 352 822 381 arte
844 348 1035 382 valuerunt
1055 351 1088 392 1,
1113 350 1146 388 8,
1171 350 1205 384 8.
1231 350 1275 392 cs.
1303 354 1338 395 2,
1362 353 1397 396 3,
1417 353 1477 395 83*
1497 353 1613 388 incre-

123 392 199 427 duli
223 391 365 436 quidam
388 397 423 424 et
448 392 492 424 de
516 391 662 437 ingenio
687 391 733 433 (S
741 405 774 435 ρ.
801 393 885 435 suo)
925 394 1078 438 pessime
1101 395 1218 430 meriti
1250 399 1316 440 10,
1349 398 1394 440 3,
1427 401 1468 433 11
1493 403 1537 434 Z.
1564 400 1610 433 N.

123 453 172 473 cr.
210 443 374 472 conatum
388 463 397 479 ,
426 448 533 481 quem
556 449 604 471 ex
625 437 698 485 ing.
720 449 786 472 suo
809 445 974 486 poterant
997 441 1131 475 habere
1159 442 1204 485 5,
1227 442 1292 485 10,
1318 445 1396 477 101.
1425 444 1516 479 nihil
1547 446 1613 479 ha-

120 485 210 520 bere
234 496 298 518 ex
322 483 523 535 ingenio
558 487 599 526 2,
631 484 674 527 5,
703 487 758 519 11.
786 486 852 529 pro
884 497 950 521 suo
979 486 1055 534 ing.
1087 488 1128 531 9,
1162 491 1206 531 2,
1244 490 1302 524 91.
1334 489 1372 523 in
1403 489 1502 524 omni
1535 492 1613 540 ejus

122 530 335 610 (Οἱοενὲηἰέὶ
360 540 433 610 15ng.
458 529 617 574 facilius,
655 532 752 576 quod
782 531 907 577 rejici,
940 544 1045 579 quam
1078 535 1174 582 quod
1206 531 1313 579 adjici
1331 535 1474 580 possit,
1506 534 1614 574 inve-

122 577 225 612 nient
273 603 283 618 ,
332 602 342 618 ,
391 600 399 610 .
1054 580 1057 586 ¹

165 624 217 666 ΙΙ)
252 626 346 655 Plur.
379 623 422 654 de
449 623 630 656 hominihus
653 624 852 666 ingeniosis.-
884 624 1019 659 detinet
1047 630 1118 670 atq.
1142 626 1262 660 obruit
1284 626 1452 673 ingenia,
1485 626 1612 668 melius

117 669 198 704 aliis
221 674 392 704 vacatura
417 670 434 701 1
451 694 461 710 ,
486 669 531 711 8,
562 670 617 703 18.
650 675 828 713 tempore,
853 681 925 714 qno
951 671 1141 717 praecipue
1166 673 1299 707 alenda'
1319 673 1463 720 ingenia
1497 671 1558 715 (a.
1587 677 1610 707 1.

119 716 291 756 colenda)
315 720 385 758 atq.
413 713 635 761 indulgentia
663 717 814 759 quadam
837 717 1048 752 enutrienda
1070 724 1152 752 sunt
1178 720 1218 761 8,
1253 720 1309 753 Pr.
1343 722 1378 753 2.
1441 720 1520 763 Qua
1552 730 1611 752 ra-

115 762 215 796 tione
239 762 276 795 in
301 759 420 803 parvis
446 761 589 808 ingenia
613 760 877 808 dignoscantur,
903 769 939 797 et
963 775 1033 808 qua
1056 765 1238 798 tractanda
1261 765 1359 798 sint?
1389 766 1424 808 1,
1448 763 1535 809 Cap.
1563 767 1609 808 3;

115 814 237 843 rector
268 807 467 841 alienorum
500 808 570 854 ing.
606 819 648 841 ac
678 809 854 843 formator
887 812 953 854 10,
985 813 1030 854 2,
1064 813 1122 845 20.
1164 808 1266 844 erant
1302 812 1398 845 clara
1428 816 1464 845 et
1495 822 1612 854 nuper

112 854 258 902 ingenia
284 856 341 896 10,
368 856 400 895 1,
427 855 506 888 119.
531 854 604 900 ing.
631 854 804 888 dociliora
829 858 862 897 1,
893 858 948 898 12,
971 857 1006 892 9.
1027 855 1214 890 imbecillis
1243 856 1316 903 ing.
1340 857 1609 901 obsequendum

113 904 149 944 2,
165 903 199 944 8,
220 903 273 934 12.
294 899 489 933 infirmiora
511 899 585 946 ing,
608 901 665 934 Pr.
686 899 740 934 14.
763 901 884 945 parvis
902 901 976 949 ing.
996 903 1030 944 8,
1049 903 1082 945 6,
1102 905 1157 937 51.
1174 903 1245 950 ing.
1263 904 1480 937 Graecorum
1504 903 1609 937 etiam

112 947 254 981 minora
280 957 363 980 suos
388 951 511 990 portus
539 947 671 980 habent
699 950 755 989 12,
783 950 839 990 10,
860 949 919 983 37.
958 959 1095 982 summa
1117 948 1228 983 hodie
1249 951 1322 996 ing.
1348 951 1413 993 10‘,
1450 951 1494 992 1,
1528 951 1606 983 122.

115 995 218 1027 tarda
244 993 316 1038 ing.
343 994 377 1035 1,
403 995 460 1035 12,
487 990 542 1026 14.
570 992 614 1034 cfi
642 996 698 1036 11,
723 996 758 1036 2,
784 992 844 1028 42.

67 1039 242 1096 Ingens.
296 1049 452 1095 ingentis
475 1050 560 1083 beni
588 1053 646 1084 En
660 1063 692 1083 n.
718 1051 753 1093 6,
779 1052 813 1094 3,
838 1051 895 1086 86.
921 1050 946 1085 i.
962 1038 1173 1086 'cicattioem
1197 1053 1241 1096 6,
1278 1054 1322 1092 3,
1359 1054 1435 1086 100.
1469 1050 1607 1098 ingenti

113 1099 270 1131 clamore
294 1096 329 1138 6,
347 1094 384 1138 4,
403 1098 456 1129 11.
473 1096 600 1142 ingens
615 1098 753 1140 palmae
770 1097 954 1132 contentio
979 1100 1014 1141 1,
1032 1101 1067 1141 2,
1085 1097 1141 1136 24,
1159 1108 1312 1142 corpore
1329 1097 1465 1144 ingenti
1491 1099 1550 1131 Sa
1562 1101 1606 1133 11.

111 1145 145 1182 8,
176 1145 210 1185 3,
237 1143 293 1176 82.
319 1142 454 1175 crimen
477 1142 501 1176 i.
527 1143 572 1185 9,
605 1145 644 1186 3,
670 1143 726 1177 35.
752 1143 777 1181 i.
804 1143 994 1178 discrimen
1020 1145 1055 1186 6,
1085 1146 1118 1187 1,
1143 1146 1201 1178 37.
1227 1144 1253 1178 i.
1284 1155 1386 1179 error
1413 1146 1456 1187 3,
1488 1144 1529 1185 6,
1567 1147 1604 1180 7.

111 1194 296 1223 oratorum
320 1187 498 1222 immamus
527 1192 581 1230 10,
611 1192 644 1232 1,
672 1190 729 1223 76.
757 1189 782 1223 i.
809 1191 853 1223 ad
879 1190 1070 1225 dicendum
1095 1190 1244 1226 materia
1269 1193 1302 1235 2,
1327 1189 1363 1235 4,
1391 1192 1447 1226 18.
1483 1195 1605 1225 orato-

111 1246 189 1269 rum
216 1234 240 1268 i.
266 1240 464 1277 proventus
496 1237 551 1277 12,
578 1237 634 1278 10,
664 1237 719 1270 11.
1270 1247 1272 1249 ’

64 1280 270 1336 Ingenuo.
305 1309 350 1316 —
377 1302 443 1334 pro
471 1291 544 1324 suis
569 1291 689 1324 dicere
714 1294 771 1334 12,
797 1293 832 1335 3,
860 1293 896 1326 3.

65 1351 296 1404 Ingenuus·
351 1357 595 1400 addictus,
635 1364 779 1402 recepta
802 1359 986 1402 libertate,
1018 1358 1253 1405 in'genuns
1277 1363 1312 1402 7,
1336 1362 1371 1402 3,
1394 1362 1453 1396 27.
1485 1371 1602 1406 eoque

108 1407 323 1452 ingenuo
347 1404 524 1447 judicato,
558 1410 688 1451 neget,
727 1415 765 1437 se
789 1405 993 1438 liberum
1018 1415 1097 1438 esse
1122 1414 1204 1438 eum
1237 1405 1348 1439 scisse
1378 1407 1420 1450 7,
1453 1405 1500 1450 4,
1542 1405 1598 1443 14.

108 1463 178 1486 nec
209 1450 320 1485 tutior
348 1450 442 1484 inter
483 1461 653 1484 servos
692 1451 827 1491 malos,
859 1462 964 1494 quam
995 1449 1039 1483 in
1083 1461 1231 1484 enuos
1263 1462 1388 1494 parum
1419 1454 1600 1486 modestos

108 1497 338 1533 conversatio
362 1502 416 1529 est
441 1498 474 1540 1,
500 1498 536 1539 2,
559 1494 594 1530 4.
617 1495 812 1543 ingenuum
834 1495 1010 1540 stupravit
1060 1522 1071 1540 ,
1094 1499 1129 1540 2,
1153 1497 1215 1539 69;
1240 1496 1395 1544 ingenua
1425 1498 1601 1543 (ambigue

106 1544 246 1586 dictum)
275 1546 309 1585 7,
335 1543 370 1584 9,
396 1541 432 1575 4.
1183 1572 1186 1574 ,

62 1591 274 1646 Ingratus.
322 1598 356 1644 1)
379 1601 403 1632 i.
436 1611 468 1643 q.
503 1598 802 1641 iniucundus.-
842 1604 962 1634 cetera
995 1599 1134 1640 nuda,
1170 1598 1355 1643 jejuna,
1388 1598 1598 1644 infirma,

106 1649 291 1693 ingrata
315 1651 396 1679 sunt
420 1645 454 1687 6,
479 1647 515 1686 2,
546 1648 585 1687 7;
619 1647 793 1689 quaedam
830 1645 1017 1679 sordida
1036 1670 1046 1687 ,
1079 1645 1274 1687 jejuna,
1307 1646 1478 1688 hebes,
1514 1646 1600 1680 tri-

107 1694 209 1734 stis,
234 1693 438 1737 ingrata,
465 1690 583 1726 vilis
608 1691 724 1725 oratio
748 1697 815 1726 est.
861 1692 952 1725 Nam
969 1707 1014 1715 —
1039 1691 1158 1732 (ingr.)
1186 1691 1394 1734 jucundo
1418 1692 1596 1727 diversum

107 1745 161 1775 est
183 1741 218 1782 8,
247 1741 282 1780 3,
305 1737 364 1773 49.
392 1737 635 1783 interrogandi
662 1749 700 1771 se
723 1738 839 1781 ipsum
867 1743 902 1770 et
930 1735 1170 1780 respondendi
1192 1736 1258 1770 sibi
1282 1746 1356 1771 non
1379 1737 1471 1783 ingr.
1495 1737 1596 1773 vices

107 1789 141 1828 9,
165 1788 199 1828 2,
226 1784 280 1819 14.
312 1795 386 1818 non
419 1784 510 1829 ingr.
533 1783 706 1826 voluptati
735 1787 769 1826 9,
795 1785 829 1826 3,
852 1782 909 1818 74.
940 1784 1072 1830 longe,
1109 1792 1182 1815 non
1207 1782 1333 1817 animis
1357 1785 1498 1826 sotum,
1532 1785 1596 1818 sed

106 1832 214 1866 etiam
239 1830 382 1864 auribus
406 1829 642 1875 ingratissima
677 1826 927 1875 (όμοιολογία)
950 1830 985 1871 8,
1011 1831 1046 1871 3,
1074 1830 1118 1862 52
1144 1831 1187 1862 Ζ.
1244 1829 1296 1871 11)
1330 1830 1492 1876 Ingratus
1529 1836 1595 1873 est,
1658 1833 1663 1836 ”

109 1877 170 1923 qui
200 1882 306 1923 negat
333 1878 543 1919 (beneficium
568 1888 603 1909 se
632 1875 829 1918 accepisse)
853 1878 893 1917 7,
921 1873 965 1916 4,
989 1876 1046 1909 37.
1072 1874 1190 1908 bonos
1221 1875 1386 1909 homines
1412 1876 1595 1919 bonasque

107 1935 232 1958 causas
267 1922 380 1957 tuenti
413 1933 487 1957 non
521 1921 567 1956 sit
595 1923 808 1956 metuendus
845 1920 1004 1967 ingratus
1035 1922 1101 1964 12,
1136 1923 1178 1964 7,
1211 1923 1267 1955 11.
1297 1921 1391 1968 ingr.
1425 1921 1595 1968 litigatori

106 1972 148 2012 6,
184 1972 224 2010 3,
261 1971 318 2006 93.
1228 1971 1234 1975 ’
1363 2002 1373 2005 ,

58 2015 296 2072 Ingt'edior.
356 2025 608 2068 I)simplici1er·
638 2026 661 2060 ἰ.
697 2036 728 2069 q.
763 2025 931 2061 incedo.
990 2022 1038 2067 α)
1066 2025 1278 2067 proprie:
1312 2029 1500 2067 movetur,
1534 2024 1595 2069 qui

103 2072 303 2120 ingreditur
326 2073 358 2110 5,
384 2073 418 2111 9,
444 2072 478 2106 6.
504 2069 644 2118 ingredi
668 2071 771 2104 citius
795 2073 843 2112 2,
867 2071 926 2110 16,
952 2071 1007 2103 13.
1033 2069 1267 2116 ingrediendo
1292 2076 1440 2106 ventum
1475 2071 1597 2105 conci-

103 2131 189 2164 pere
214 2124 315 2152 vente
349 2120 404 2159 11,
430 2119 464 2159 3,
492 2118 567 2152 179.
644 2114 866 2161 ss)‘1ransl..·
908 2126 975 2149 nec
1006 2115 1189 2161 tragoedia
1224 2117 1370 2151 soeculo
1401 2115 1598 2164 ingreditur

107 2168 162 2208 10,
188 2168 221 2207 2,
247 2168 303 2198 22.
335 2163 498 2197 sublimia
521 2162 720 2209 ingredi,
746 2163 841 2196 lenia
866 2161 965 2195 duci
989 2162 1025 2203 9,
1052 2163 1087 2204 4,
1114 2162 1191 2195 139.
1218 2161 1433 2208 ingredienti
1454 2161 1596 2198 mollius

104 2214 139 2253 6,
167 2213 201 2254 3,
226 2213 272 2244 20
307 2222 339 2243 υ.
370 2209 596 2243 Deliciae.
661 2207 710 2245 Π)
737 2222 763 2241 c.
805 2208 880 2249 Obs-
917 2214 975 2239 aut
1012 2211 1174 2250 Praepos.
1200 2209 1223 2240 i.
1252 2221 1281 2251 q.
1315 2211 1449 2251 intro,
1482 2211 1591 2242 ineo.

107 2259 148 2297 α)
178 2259 332 2300 proprie.-
358 2257 605 2298 qualecunque
630 2254 779 2299 ingressi
805 2258 887 2287 sunt
910 2252 979 2286 iter
1002 2255 1042 2295 3,
1075 2254 1116 2294 1,
1148 2252 1183 2286 6.
1216 2253 1312 2286 viam
1345 2247 1527 2299 ingredior
1557 2256 1593 2297 2,

108 2305 165 2343 10,
194 2307 223 2336 Y.
257 2301 302 2343 cf.
328 2303 384 2336 Pr.
409 2303 441 2334 3.
474 2301 691 2335 vestibulum
715 2300 798 2334 artis
824 2299 928 2343 hujus
951 2299 1131 2344 ingressus
1157 2301 1194 2341 1,
1220 2299 1260 2340 5,
1284 2302 1318 2336 7.
1351 2298 1399 2332 ita
1422 2298 1594 2334 instructa

107 2359 201 2381 nave
226 2349 296 2382 hoc
315 2358 413 2381 mare
436 2346 618 2393 ingressus
650 2349 711 2388 12,
741 2348 796 2379 Pr.
829 2344 872 2387 43
902 2355 983 2379 cum
1001 2343 1059 2377 ‘in
1087 2345 1190 2378 locos
1225 2344 1396 2378 fuerimus
1429 2344 1594 2392 ingressi,

107 2404 258 2437 quorum
283 2401 343 2427 etc.
369 2392 412 2436 4,
443 2397 484 2436 1,
516 2395 572 2428 59.
604 2392 742 2438 ingredi
775 2402 860 2435 per
888 2391 993 2423 funes
1016 2392 1062 2431 2,
1092 2391 1156 2432 13,
1185 2390 1229 2424 16
1261 2390 1307 2425 Ν.
1364 2389 1414 2435 β)
1452 2395 1592 2425 transl..-

106 2450 199 2482 qnae
222 2439 406 2486 ingredior
439 2437 485 2482 4,
515 2440 573 2472 Pr.
599 2439 632 2473 6.
671 2437 715 2478 cs.
745 2438 787 2475 6,
810 2437 869 2469 Pr.
896 2439 926 2471 1.
951 2433 1090 2482 ingredi
1115 2437 1343 2476 consulatum
1375 2436 1420 2479 6,
1455 2439 1494 2479 1,
1536 2437 1593 2471 35.

107 2484 210 2517 nobis
236 2484 542 2522 confirmationem
565 2483 847 2530 ingredientibus
871 2480 914 2524 4,
953 2479 997 2523 4,
1032 2482 1065 2515 9.
1102 2481 1306 2526 priusquam
1334 2483 1428 2516 hanc
1457 2488 1595 2527 partem

105 2530 287 2576 ingrediar
313 2530 347 2572 4,
373 2533 406 2574 3,
433 2534 464 2566 1.
497 2529 687 2574 eloquendi
712 2529 887 2563 rationem
919 2526 1114 2561 novissime
1144 2534 1323 2571 repertam
1353 2528 1501 2575 ingressi
1535 2539 1593 2561 su-

106 2586 185 2608 mus
220 2578 282 2617 12,
313 2577 369 2609 Pr.
406 2578 441 2610 3.
473 2577 590 2611 studia
616 2575 851 2623 ingredienda
886 2579 970 2607 sunt
1003 2575 1046 2617 1,
1088 2576 1152 2619 10,
1185 2577 1228 2618 23
1262 2573 1381 2608 dicere
1414 2573 1594 2620 ingrediar

109 2624 154 2664 1,
191 2622 236 2663 3,
271 2621 326 2654 18.

64 2677 303 2735 Ingressus·
352 2685 380 2727 1)
409 2690 561 2739 proprie.-
598 2705 651 2739 -·
667 2687 785 2723 civilis
820 2694 868 2722 etv
888 2689 1062 2722 humanus
1086 2690 1126 2728 3.
1161 2689 1207 2739 8,
1237 2687 1294 2722 59.
1331 2696 1379 2738 ei<
1407 2685 1510 2737 ynltu
1539 2684 1595 2718 in-

109 2743 304 2781 gressuque
327 2731 539 2776 perspicitur
571 2734 711 2768 habitus
736 2734 933 2769 animorum
960 2737 1015 2778 11,
1040 2736 1075 2778 3,
1100 2734 1158 2769 66.
1196 2743 1234 2767 m
1258 2732 1389 2766 fabulis
1411 2742 1592 2775 Juvenum,
