1728 3002
496 122 776 166 Necessaria-s
807 145 863 152 —-
891 120 1079 163 Necesse
1451 119 1534 161 555

0 238 295 286 Naoessarins.
341 251 372 294 Ι,
393 247 440 294 δ)
466 262 498 286 ο.
522 248 727 284 Subrium„-
751 245 788 289 a)
814 249 1061 294 argumentum
1082 243 1270 279 dubium
1291 252 1360 289 pro
1382 253 1539 279 neces-

47 299 180 342 sari-o
207 299 243 341 5,
267 299 325 340 13,
348 295 405 331 34.
435 302 508 331 non
530 295 658 340 justa
685 284 733 328 e‘x
759 304 885 334 causa,
915 292 979 327 vel
1003 289 1294 325 necessaria
1325 292 1384 331 11,
1405 291 1442 332 1,
1481 291 1540 326 57.

47 343 140 380 hanc
164 342 364 379 necessaria
386 340 448 387 (a.
470 345 493 375 1.
516 338 741 382 necessario)
766 338 926 383 sequitur
957 337 1046 383 legis
1083 337 1239 371 laudatio
1274 338 1308 380 7,
1345 339 1379 378 1,
1418 336 1464 370 47
1489 338 1537 372 N.

50 390 355 471 {Tisd’rfss'b‘ssss‘ffiss‘
367 399 472 468 {¹5⁰2
486 387 746 480 ‘’afgafiff’
779 384 1038 464 ⁶22ff⁸3252⁶⁶3
1060 383 1542 465 &⁰3¹¹s‘⁸¹¹1¹3¹¹112¹3m?⁸1'122‘

176 463 184 470 ,
413 457 425 468 0
473 457 482 466 ι
702 457 710 465 ι
737 449 778 456 ““-
973 454 982 463 ι
1037 455 1047 471 ,
1096 455 1106 471 ,
1161 457 1169 466 ,
1222 453 1229 460 .
1279 452 1312 461 η.
1528 452 1541 464 .

52 485 88 526 1,
111 483 147 525 6,
170 447 232 516 29ιῗ
256 483 310 516 12.
333 483 369 522 7,
392 480 426 515 9.
450 489 528 514 nec.
554 479 666 513 verba
688 480 724 520 8,
749 479 784 518 2,
812 477 866 512 19.
889 476 976 511 vitia
1000 486 1081 509 nec.
1114 478 1169 518 11,
1196 476 1231 518 3,
1267 473 1353 516 1343
1399 475 1542 520 quidam

53 539 134 562 eam
157 525 247 571 (K),
274 525 437 571 quotiens
466 538 489 558 α
511 529 691 570 sequatur,
727 521 963 557 necessariam
999 521 1150 555 credunt
1184 524 1216 562 1,
1255 523 1290 563 7,
1327 523 1392 562 1Ο;
1433 533 1489 555 ma
1514 523 1544 556 is

53 584 134 607 nec.
160 573 237 617 ejus
259 571 312 606 rei
334 570 554 607 mentionem
573 569 661 604 facit
683 571 719 612 2,
743 571 778 611 2,
799 571 834 603 2.
879 566 1033 602 maxime
1055 578 1136 601 nec.
1161 565 1324 611 (partes)
1359 568 1394 610 8,
1420 569 1454 610 3,
1507 571 1543 604 3.

53 630 154 657 nec.
178 619 373 655 maxime
397 621 468 662 atq.
501 616 551 650 in
573 627 702 649 usum
734 619 959 658 receptos
989 614 1151 657 (tropos)
1185 614 1221 656 8,
1252 612 1287 655 6,
1322 615 1356 646 2.
1403 612 1438 655 b)
1470 616 1544 658 adj.

56 668 142 699 Dat.
158 678 168 698 .-
203 675 280 698 nec.
304 661 518 708 periclitanti
544 660 777 696 solicitudinis
802 662 962 694 colorem
992 662 1049 702 11,
1076 663 1110 702 1,
1139 657 1198 694 49.
1237 658 1438 693 oratoribus
1462 672 1545 696 nec.

56 709 267 745 exercitatio
296 712 354 753 11,
377 710 412 752 3,
437 711 494 743 22.
527 706 571 749 cs.
608 710 662 749 12,
691 709 727 748 3,
754 710 785 740 1.
834 705 911 739 aliis
943 704 1125 739 infirmitas
1161 705 1404 739 necessarium
1435 705 1546 749 (facit

53 756 287 798 mendacium)
316 756 351 798 5,
374 753 410 798 4,
445 758 477 788 1.
523 754 561 795 c)
594 753 664 797 adi.
690 755 908 797 Praeposim:
938 762 1029 796 quae
1056 749 1258 794 (clausule)
1284 757 1319 784 et
1341 758 1473 786 recta
1509 759 1547 788 et

56 802 266 846 quibusdam
289 801 338 834 in
359 800 518 845 partibus
542 809 635 833 nec.
660 804 715 833 est
741 799 776 837 8,
803 799 836 837 5,
881 799 937 832 13.
971 797 1016 830 in
1052 795 1150 830 omni
1182 796 1379 830 studiorum
1410 808 1546 844 genere

52 845 151 882 bona
176 847 345 882 valetudo
369 857 448 880 nec.
474 851 527 880 est
551 847 609 887 10,
632 846 668 888 3,
691 845 890 887 2635quam
913 844 1104 888 mnltoqim
1131 842 1182 875 ad
1205 853 1247 876 ea
1274 843 1446 877 librorum
1459 846 1546 880 bec.

55 893 165 927 lectio
193 898 247 927 est
275 895 332 934 12,
361 895 417 934 11,
444 894 499 925 27.
525 891 578 924 ad
601 890 836 934 perferendos
859 889 1058 923 studiorum
1082 888 1223 922 labores
1259 899 1339 922 nec.
1361 890 1548 937 frugalitas

58 941 116 982 12,
143 942 176 982 1,
202 941 258 981 13,
304 937 348 981 β)
379 938 498 971 Neutr.
548 935 585 977 a)
617 941 735 979 partes
772 934 944 968 suadendi
975 934 1119 978 quidam
1150 939 1365 978 putaverunt
1396 937 1548 971 hone-
1606 928 1609 933 ’

56 990 191 1027 stum,
214 983 352 1023 utile,
379 982 711 1016 necessarium
738 982 773 1023 3,
797 982 832 1023 8,
857 983 914 1014 22.
943 986 982 1017 ut
1011 979 1166 1024 quidque
1187 981 1379 1024 praecipue
1397 992 1474 1016 nec.
1493 990 1549 1018 est

59 1032 116 1070 10,
145 1033 179 1072 1,
202 1031 237 1065 3.
264 1030 359 1073 quod
394 1034 447 1062 est
468 1027 623 1061 maxime
649 1038 728 1061 nec.
758 1029 812 1067 12,
840 1028 875 1068 3,
901 1027 943 1068 6;
974 1037 1013 1059 in
1036 1031 1150 1059 totum
1171 1025 1208 1059 id
1232 1037 1312 1061 nec.
1335 1029 1452 1070 apud
1481 1030 1549 1063 bo-

55 1086 125 1110 nos
145 1075 282 1119 judices
304 1073 340 1118 4,
370 1076 402 1114 1,
425 1077 481 1108 72.
506 1073 543 1106 id
567 1074 663 1118 quod
688 1077 742 1107 est
769 1072 906 1107 oratori
928 1071 1247 1106 necessarium
1271 1088 1319 1094 —
1345 1073 1388 1106 ab
1414 1073 1460 1107 iis
1482 1085 1550 1118 pe-

58 1127 137 1156 tere
161 1121 326 1155 nimirum
349 1130 545 1154 necesse
572 1125 626 1153 est
650 1121 705 1162 12,
730 1121 765 1160 2,
790 1119 825 1152 8.
871 1117 911 1161 b)
938 1131 1003 1162 seq.
1030 1116 1119 1158 Ins..·
1163 1117 1202 1150 in
1229 1118 1401 1153 discendo
1426 1121 1548 1156 rimari

62 1166 304 1201 necessarium
333 1171 387 1199 est
411 1168 468 1209 12,
491 1166 526 1208 8,
559 1163 613 1199 14.
641 1163 686 1205 cf.
712 1166 769 1207 12,
795 1167 829 1207 1,
849 1162 908 1198 45.
936 1165 1013 1197 Nec
1036 1174 1159 1196 causas
1190 1183 1237 1189 —
1261 1166 1442 1209 persequi,
1467 1178 1555 1210 pro-

59 1212 179 1257 posito
203 1211 305 1256 operi
327 1222 406 1245 nec.
433 1217 486 1245 est
512 1213 567 1252 11,
594 1212 629 1252 3,
656 1210 712 1244 16.
728 1246 738 1250 s
761 1220 924 1253 quam—
946 1219 1178 1254 cognoscere,
1205 1209 1260 1242 ad
1284 1221 1454 1245 summam
1479 1214 1551 1247 sci-

58 1258 177 1293 entiae
198 1269 280 1292 nec.
307 1258 422 1300 est‘S,
446 1257 514 1293 fr.
542 1259 575 1290 1.
622 1254 937 1299 {philosophorum
961 1254 1151 1299 opiniones
1184 1255 1392 1290 velimus
1425 1259 1549 1304 legere

28 1328 32 1330 -
60 1304 391 1338 necessarium'est.
426 1300 527 1348 Quae
553 1301 695 1345 quidem
718 1311 908 1345 possumus
932 1301 994 1344 (Z.
1020 1301 1154 1347 legere,
1179 1312 1260 1343 nec,
1285 1303 1382 1346 quod
1406 1305 1551 1348 quidem
1612 1334 1616 1335 ⁷

59 1348 199 1395 potest)
222 1349 343 1394 omnia
368 1350 424 1390 12,
450 1350 506 1390 11,
533 1350 576 1382 17
602 1348 648 1381 Ν.
675 1355 707 1381 et
734 1345 796 1391 S.]
844 1344 876 1388 c)
905 1349 1033 1380 Plural.
1049 1361 1059 1380 .·
1094 1347 1199 1390 plane
1224 1349 1426 1383 necessaria
1450 1351 1484 1393 6,
1513 1355 1549 1394 3,

60 1397 139 1430 102.
183 1401 303 1430 cetera
328 1393 445 1428 Latini
467 1398 717 1438 praeceptores
742 1392 978 1437 relinquendo
1015 1404 1094 1427 nec.
1124 1394 1361 1439 grammaticis
1384 1396 1552 1432 fecerunt

59 1443 95 1484 1,
117 1442 154 1484 9,
176 1440 219 1484 63
253 1444 287 1474 in
310 1441 470 1474 dicendo:
496 1450 570 1473 non
595 1437 822 1480 necessaria,
857 1439 919 1472 vel
941 1438 1107 1483 utrinque
1131 1440 1193 1473 vel
1235 1451 1283 1473 ex
1313 1442 1423 1475 altera
1449 1450 1552 1486 parte

10 1521 20 1526 ,
61 1487 97 1530 5,
123 1489 181 1530 10,
203 1488 262 1522 81.
287 1485 332 1527 cs.
357 1486 415 1522 91.
441 1495 515 1519 non
539 1490 611 1518 tam
635 1485 737 1518 obest
766 1484 888 1518 audire
913 1486 1226 1528 supervacua,
1258 1497 1364 1530 quam
1380 1487 1551 1532 ignorare

60 1531 343 1567 necessaria
367 1534 424 1574 12,
447 1532 483 1573 8,
506 1534 540 1565 7.
564 1530 652 1563 illud
678 1531 751 1564 hoc
772 1531 856 1564 loco
882 1540 1031 1564 monere
1054 1529 1148 1564 inter
1174 1541 1255 1565 neo.
1286 1538 1340 1566 est
1373 1535 1406 1575 5,
1447 1538 1503 1578 12,
1528 1538 1550 1570 3

58 1578 109 1613 N.
155 1589 235 1614 nec.
262 1577 404 1611 silentio
427 1581 612 1610 transeunt
635 1579 677 1610 ib.
699 1578 757 1610 23.
782 1577 959 1620 adjicere,
988 1573 1080 1609 ‘dum
1115 1587 1189 1610 non
1212 1577 1387 1621 otiosa,
1421 1587 1457 1614 et
1486 1582 1558 1615 de«

61 1624 204 1658 trahere
256 1624 339 1656 dum
360 1633 435 1656 non
458 1633 558 1656 nec.
583 1623 619 1665 9,
642 1620 678 1665 4,
707 1623 761 1656 58.
810 1628 850 1655 ut
873 1621 998 1665 inviti,
1033 1628 1069 1656 et
1092 1623 1295 1657 necessaria
1330 1624 1390 1666 (a.
1433 1631 1454 1659 1.
1485 1638 1553 1660 ne-

61 1649 247 1713 cessarioss,
272 1674 308 1703 et
338 1679 444 1710 parce
466 1668 667 1710 iudicemur
689 1667 824 1701 dixisse
850 1670 907 1710 11,
936 1671 970 1710 1,
993 1668 1050 1702 66.
1077 1673 1116 1701 ut
1138 1669 1292 1702 maxime
1316 1681 1396 1704 nec.
1422 1677 1458 1705 et
1481 1673 1554 1706 uti-

65 1725 135 1758 que
157 1714 258 1748 initia
280 1713 436 1748 scribant
460 1715 516 1755 10,
538 1717 574 1756 7,
598 1715 655 1747 30.
703 1712 742 1746 Si
769 1713 847 1757 quis
872 1714 918 1746 ad
943 1725 1036 1756 nec.,
1061 1713 1187 1757 quibus
1222 1714 1310 1747 nihil
1343 1715 1459 1750 minus
1486 1725 1553 1761 est,

62 1756 198 1804 aliquid
219 1759 346 1793 melius
370 1758 556 1803 adjecerit,
580 1769 653 1792 non
679 1758 747 1792 erit
770 1759 837 1792 hac
862 1759 1038 1793 calumnia
1069 1760 1384 1802 reprehendendus
1412 1766 1467 1803 12,
1494 1767 1552 1806 10,

63 1803 122 1846 43!-
169 1803 222 1848 11)
261 1817 322 1848 pro
358 1803 546 1846 familia
558 1806 619 1838 ri.-
661 1803 747 1837 hinc
785 1805 868 1838 adv.
897 1815 981 1839 suos
1005 1803 1155 1849 quisque
1178 1807 1400 1841 necessarios
1428 1815 1553 1843 aucto-

34 1866 37 1873 *
60 1850 203 1885 ritatem
228 1854 353 1894 petunt
378 1850 495 1892 5,'12,
519 1851 574 1883 13.
601 1861 637 1883 v.
668 1849 868 1886 Amicus.

19 1917 223 1962 Nceesse-
261 1927 302 1968 α)
324 1926 355 1961 si
381 1926 518 1961 obsessi
543 1934 604 1960 etc.
629 1928 674 1961 de
687 1927 853 1961 facienda
871 1928 914 1961 ad
930 1928 1070 1962 hostem
1087 1927 1268 1962 deditione
1285 1930 1494 1974 deliberent,
1519 1939 1556 1968 et

65 1974 225 2014 dicatur,
252 1983 457 2007 necesse
480 1978 575 2006 est:
611 1983 739 2016 nempe
763 1973 940 2017 sequitur,
984 1979 1023 2006 ut
1054 1974 1124 2006 hoc
1162 1974 1390 2018 subjiciatur,
1421 1978 1554 2022 alioqui

65 2021 287 2065 pereundum
312 2024 388 2061 est3
423 2017 476 2051 ita
500 2018 649 2061 propter
668 2018 706 2051 id
728 2018 844 2062 ipsum
867 2029 959 2058 non
982 2023 1053 2052 est
1079 2030 1174 2052 nec.
1188 2045 1198 2061 ,
1240 2020 1323 2063 quia
1348 2022 1464 2064 perire
1487 2035 1556 2068 po..

65 2066 136 2100 tius
159 2066 245 2100 licet
272 2066 306 2107 3,
329 2065 364 2107 8,
391 2065 449 2099 23.
494 2062 556 2096 ubi
579 2074 658 2097 nec.
681 2069 736 2097 est
756 2065 792 2106 9,
815 2067 851 2106 2,
875 2065 933 2098 98.
981 2064 1010 2097 si
1035 2075 1115 2097 nec.
1139 2065 1184 2096 sit
1210 2066 1246 2107 8,
1282 2067 1316 2108 5,
1348 2066 1405 2105 34.
1439 2069 1485 2110 qs.
1519 2074 1555 2114 9,

65 2113 102 2155 4,
126 2110 206 2146 142.
230 2113 287 2153 11,
313 2112 349 2153 3,
375 2110 452 2144 156.
480 2114 647 2152 tanquam
671 2109 720 2142 ita
744 2120 822 2143 nec.
848 2109 896 2142 sit
918 2111 974 2150 12,
998 2111 1055 2152 10,
1075 2110 1107 2143 5.
1133 2120 1239 2153 quam
1260 2110 1296 2144 id
1319 2121 1392 2146 non
1417 2124 1557 2158 opor..

65 2161 110 2191 te
120 2162 190 2191 ret
214 2156 323 2190 modo
350 2155 442 2199 fieri,
466 2156 527 2188 sed
541 2155 648 2188 etiam
671 2165 766 2188 nec.
791 2159 921 2188 esset
946 2157 1000 2196 11,
1017 2157 1052 2195 1,
1066 2155 1123 2189 62.
1153 2156 1332 2199 subtilius,
1349 2170 1452 2202 quam
1474 2172 1556 2196 nec.

69 2208 146 2237 erat
170 2204 204 2244 5,
231 2204 286 2244 10,
310 2199 369 2237 46.
393 2214 426 2235 v.
453 2202 656 2234 Decens.
702 2200 743 2244 β)
769 2213 797 2233 c.
824 2198 914 2240 Ins..·
951 2199 982 2232 si
1005 2211 1083 2233 nec.
1110 2206 1164 2234 est
1190 2201 1227 2234 in
1252 2203 1397 2237 alteram
1408 2213 1557 2248 <partem

69 2258 191 2282 errare
216 2249 272 2289 10,
297 2249 331 2288 1,
353 2246 410 2280 26.
455 2246 561 2290 «suia,
597 2245 739 2289 optimis
763 2245 967 2289 occupatis,
1012 2245 1181 2290 quidquid
1214 2247 1316 2281 aliter
1348 2250 1556 2296 dixerimus,

69 2304 151 2328 nec.
177 2292 234 2335 sit,
259 2302 337 2326 esse
365 2293 522 2326 deterius
545 2294 600 2333 10,
630 2293 664 2334 5,
693 2292 725 2326 5.
752 2290 797 2332 cf.
829 2294 862 2333 1,
888 2294 924 2331 7,
950 2292 1006 2327 13.
1023 2293 1070 2334 -3,
1092 2293 1128 2334 8,
1152 2295 1210 2326 22.
1235 2294 1270 2335 8,
1297 2293 1333 2338 4,
1356 2297 1415 2330 25.
1439 2300 1497 2341 11,
1520 2301 1558 2342 3,

0 2348 6 2351 ’
71 2340 130 2374 39.
155 2341 211 2381 12,
235 2340 270 2380 3,
296 2340 351 2371 11.
380 2349 467 2382 quas
490 2337 614 2371 nihil
639 2348 720 2373 nec.
740 2342 794 2370 est
814 2335 980 2380 persequi
1005 2340 1039 2379 7,
1063 2337 1101 2378 9,
1124 2340 1189 2380 133
1213 2338 1375 2374 ordinem
1396 2342 1451 2376 rei
1473 2356 1559 2378 nar..

70 2394 152 2418 rare
181 2383 295 2427 quid
312 2381 411 2426 (Sp.
435 2383 526 2417 nihil
549 2383 717 2427 quidem)
745 2393 824 2416 nec.
850 2388 905 2416 est
936 2381 972 2423 4,
1007 2385 1042 2425 2,
1073 2385 1119 2417 73
1154 2388 1199 2418 Ζ.
1245 2396 1326 2419 cum
1359 2387 1443 2431 quid
1475 2402 1556 2425 nec.

73 2434 128 2463 est
152 2427 231 2462 fieri
253 2429 286 2470 5,
311 2430 347 2470 9,
369 2427 404 2461 4.
431 2427 475 2470 cs.
499 2428 534 2472 4,
559 2430 594 2472 5,
619 2431 675 2463 23.
700 2432 756 2472 11,
791 2431 826 2470 2,
864 2429 934 2469 253
961 2441 1024 2462 om.
1056 2441 1169 2462 esse.-
1210 2441 1359 2473 quorum
1390 2445 1469 2469 nec.
1503 2443 1558 2471 est

74 2475 224 2508 alterum
246 2484 373 2518 verum
398 2475 431 2516 5,
456 2477 512 2517 10,
538 2475 584 2510 69
607 2476 655 2509 Ν.
681 2487 726 2507 cr.
752 2486 786 2511 υ.
814 2473 1050 2516 Expedi03
1086 2474 1155 2518 adj.
1192 2477 1274 2510 Dat.
1290 2492 1300 2511 .·
1338 2490 1428 2522 quae
1452 2482 1558 2517 fateri

73 2518 280 2560 adversario
303 2530 383 2553 nec.
407 2525 501 2553 esset
524 2522 558 2562 5,
583 2523 640 2564 11,
667 2522 701 2554 3.
727 2519 771 2561 cs.
798 2521 832 2562 3,
858 2522 913 2561 11,
938 2522 996 2552 21.
1020 2519 1055 2562 4,
1079 2521 1113 2561 3,
1144 2523 1199 2555 17.
1227 2525 1263 2564 7,
1292 2525 1327 2566 3,
1358 2527 1414 2560 32.
1442 2530 1485 2561 10
1523 2531 1541 2561 1

73 2565 132 2600 ’11,
159 2567 216 2608 10,
240 2564 275 2607 4,
299 2566 332 2598 3.
379 2564 521 2599 Oratori
543 2576 633 2600 vero
662 2566 772 2610 quid
797 2570 850 2598 est
875 2565 1155 2608 nemsnrripere
1178 2567 1271 2602 hanc
1306 2554 1560 2618 transgressiof.

73 2621 159 2644 nem
183 2609 219 2654 4,
243 2611 278 2653 1,
301 2611 359 2645 78.
387 2610 520 2644 oratori
543 2611 667 2646 nihil
690 2617 743 2645 est
769 2622 848 2644 nec.
872 2610 910 2643 iu
938 2611 1141 2654 cujusquam
1173 2613 1291 2656 jurare
1315 2616 1414 2663 leges
1441 2622 1495 2661 12,
1522 2623 1559 2663 2,

75 2656 134 2691 26.
161 2667 197 2692 v.
219 2655 555 2690 Necessarium.
602 2657 642 2703 y)
665 2669 694 2691 ο.
722 2657 840 2700 Cenj..-
867 2657 963 2700 ‹suod
990 2662 1086 2691 certe
1109 2657 1154 2691 sit
1176 2669 1256 2695 neo.
1283 2667 1336 2695 est
1358 2664 1393 2705 9,
1417 2662 1453 2706 4,
1478 2667 1566 2699 105-

76 2701 123 2735 sit
145 2712 229 2737 nec.
255 2706 311 2736 est
332 2702 434 2735 tarda
459 2706 495 2735 et
519 2701 645 2746 supina
671 2701 881 2746 compositio
903 2704 947 2736 ib.
982 2703 1061 2737 137.
1091 2703 1201 2739 fuerit
1230 2716 1311 2742 nec.
1342 2713 1396 2743 est
1426 2709 1561 2755 aliquid
