1728 3002
129 266 214 308 202
683 261 854 306 Debilis
883 288 940 296 —-
969 262 1107 309 Decet

171 379 239 415 bus
269 376 434 414 omnibus
465 376 615 412 debetur
647 389 731 412 suus
762 379 873 414 decor
901 381 964 423 11,
993 382 1032 424 1,
1057 379 1115 415 41.
1155 379 1284 425 cuique
1311 391 1484 425 personne
1509 381 1660 416 debetur
1695 397 1698 400 ·

170 424 375 462 reverentia
401 427 445 458 ib.
468 424 526 458 66.
562 423 607 466 cf}
629 425 676 467 6,
701 427 741 468 1,
765 426 822 460 50.
887 424 922 469 ε)
949 429 1099 461 Par-tic„-
1128 426 1246 460 debita
1271 426 1421 473 dignitas
1448 429 1508 468 10,
1533 430 1574 472 1,
1599 429 1657 463 62.

173 475 230 515 12,
256 476 288 515 1,
316 473 349 506 8.
389 489 434 495 -
456 471 533 503 laus
556 474 591 513 2,
618 471 673 513 14,
703 473 735 504 1.
773 472 867 505 ultra
890 471 1044 506 debitam
1072 472 1312 506 reverentiam
1341 476 1396 517 12,
1421 474 1454 516 5,
1481 476 1522 516 13
1560 479 1657 508 aetas

173 518 358 553 altion'bus
381 517 450 560 jam
474 516 668 560 disciplinis
693 516 810 550 debita
834 520 876 559 2,
904 521 946 561 1,
969 520 1002 552 3.
1041 519 1161 554 debita
1186 518 1384 554 actionibus
1410 519 1596 565 respiratio
1620 523 1657 564 9,

171 564 207 602 4.
233 567 287 600 18.
319 574 446 597 causae
472 563 592 596 debita
617 568 776 607 tempora
801 564 836 607 6,
860 563 896 608 4,
924 566 980 598 13.

124 606 309 652 Debilis.
348 626 474 654 trunca
498 619 591 654 actio
616 631 658 654 ac
683 620 808 654 debilis
834 624 890 664 11,
915 622 950 664 3,
973 619 1032 656 85.

123 663 352 708 DebilitaS·
392 688 461 711 nec
485 683 557 711 tam
580 688 707 712 aversa
737 689 891 722 unquam
920 678 1102 714 videbitur
1129 670 1306 723 abopere
1329 689 1395 714 suo
1418 677 1657 724 providentia,

170 732 212 759 ut
237 724 398 758 debilitas
424 724 518 758 inter
546 723 679 768 optima
700 723 848 759 inventa
874 725 920 759 sit
945 727 979 768 5,
1005 727 1061 768 12,
1090 725 1146 760 19.

123 769 333 812 Debilito.
382 781 554 826 quosdam
588 780 815 815 continet
847 787 984 826 metus,
1021 782 1194 826 quosdam
1225 780 1451 816 debilitat
1477 784 1518 826 1,
1545 783 1591 825 3,
1618 782 1656 816 6.

170 827 358 862 summisso
382 838 564 861 murmure
592 827 793 861 debilitatur
818 828 933 862 omnis
956 828 1107 863 intentio
1133 830 1188 871 11,
1215 829 1251 872 3,
1277 826 1335 863 45.

122 871 321 916 Debitor·
367 884 407 919 in
434 885 506 918 XII
535 883 667 919 tabulis
698 884 932 920 debitoris
962 896 1093 931 corpus
1124 885 1219 921 inter
1248 883 1510 922 creditores
1544 883 1657 920 dividi

171 931 272 965 licuit
297 934 332 974 3,
356 932 390 969 6,
416 929 463 966 84
487 931 536 965 Ν.
1154 931 1156 935 “

121 975 332 1018 Decanto·
380 1000 461 1022 cum
489 989 599 1022 multa
624 993 660 1022 et
684 987 815 1023 diserte
839 988 1123 1023 decantaverunt
1151 991 1207 1032 12,
1230 989 1266 1031 8,
1290 989 1326 1023 3.

121 1033 311 1076 Decedo·
377 1045 411 1089 1)
439 1044 499 1080 via
527 1044 670 1079 dicendi
698 1056 771 1080 non
799 1046 975 1080 decedere
999 1045 1041 1089 4,
1071 1045 1114 1085 5,
1145 1047 1180 1080 3.
1264 1044 1317 1088 ΙΙ)
1344 1046 1386 1078 de
1409 1051 1532 1079 morte.-
1565 1042 1656 1079 felix

169 1091 323 1126 decessit
347 1093 382 1132 6,
409 1093 467 1125 Pr.
493 1089 528 1125 4.
565 1091 719 1126 decessit
743 1092 929 1126 intestatus
956 1095 990 1135 7,
1017 1095 1050 1135 1,
1076 1091 1135 1126 42.
1163 1111 1210 1118 —
1232 1090 1310 1126 sine
1332 1090 1454 1126 tiberis
1479 1093 1516 1135 3,
1537 1090 1574 1134 6,
1597 1091 1655 1127 96.

168 1137 201 1171 si
223 1156 270 1162 —
293 1137 466 1172 cruditate
491 1144 674 1171 contracta
697 1138 894 1172 decesserit
917 1142 951 1182 7,
979 1140 1015 1182 3,
1038 1141 1098 1173 33.

120 1192 460 1261 Πθοθῐῐινξΐᾶῐῑίδο
495 1204 680 1239 homimun
702 1205 791 1240 vitia
816 1206 923 1240 rebus
942 1206 1135 1253 assignent,
1158 1210 1198 1239 ut
1221 1204 1252 1240 si
1275 1202 1355 1251 quis
1375 1202 1655 1240 decemviratum

169 1257 332 1294 accuset,
359 1261 434 1284 non
455 1250 612 1295 Appium
638 1251 672 1294 5,
701 1253 756 1293 13,
779 1252 837 1286 35.

119 1294 354 1338 DecefflliS·
391 1319 461 1343 rex
488 1308 642 1343 decenni
663 1309 760 1342 bello
785 1309 980 1342 exhaustus
1002 1308 1037 1351 8,
1061 1306 1098 1351 4,
1113 1310 1178 1341 -22,

118 1351 306 1394 DecessS·
344 1367 575 1400 humerorum
600 1367 732 1400 decens
755 1365 922 1401 allevatio
947 1370 983 1399 et
1008 1363 1206 1398 contractio
1232 1356 1294 1406 1¹1,
1321 1365 1364 1407 3,
1387 1363 1445 1399 83.
1480 1363 1655 1397 decens

168 1416 205 1445 et
228 1417 354 1454 aptus
379 1413 541 1456 corporis
564 1417 682 1446 motus
707 1416 749 1455 1,
777 1414 838 1455 10,
862 1413 919 1446 26.
949 1410 995 1452 cf.
1019 1414 1075 1453 11,
1100 1413 1141 1454 3,
1165 1412 1225 1446 29.
1261 1411 1340 1444 dec.
1369 1415 1516 1444 ornatus
1537 1412 1574 1452 2,
1599 1409 1654 1452 15,

165 1459 226 1492 21.
260 1456 407 1501 [decens
429 1459 507 1494 veri
536 1458 603 1502 (de
626 1458 713 1502 conj.
741 1460 839 1502 Sp.)
866 1457 1081 1501 superjectio
1105 1458 1148 1500 8,
1171 1457 1214 1499 6,
1239 1456 1284 1491 67
1311 1456 1360 1490 Ν.
1386 1454 1477 1500 cr.]‚·
1507 1455 1656 1489 amictus

166 1503 354 1538 decentior
380 1507 436 1547 11,
460 1508 495 1547 3,
521 1505 597 1539 156.
626 1504 810 1538 decentior
833 1515 944 1549 equus
969 1505 1004 1546 8,
1029 1505 1064 1546 3,
1091 1506 1145 1537 10.
1182 1508 1242 1536 aut
1265 1501 1346 1546 quia
1369 1512 1563 1536 necesse
1587 1507 1654 1544 est,

165 1555 227 1583 aut
255 1550 338 1594 quia
365 1550 719 1597 significantius
747 1556 819 1594 est,
854 1556 914 1584 aut
940 1549 1022 1594 quia
1048 1548 1291 1583 decentius
1319 1549 1362 1591 8,
1385 1549 1428 1591 6,
1452 1549 1487 1583 6.
1519 1549 1653 1582 decen-
1716 1575 1718 1577 .

163 1595 330 1676 gius43rit
351 1607 498 1632 servare
526 1598 701 1642 pudorem
727 1600 770 1631 11
784 1622 795 1640 ,
827 1600 844 1632 1
857 1623 868 1641 ,
897 1597 967 1639 78;
1005 1595 1104 1630 sinus
1126 1593 1399 1635 decentissimus
1426 1593 1570 1639 (togae)
1595 1596 1654 1638 11,

101 1667 343 1730 41)(Ξὲθῐ1ῐθΐ·
386 1711 492 1744 quam
512 1701 590 1734 dec.
610 1699 770 1745 Sulpicio
793 1698 979 1734 scientiam
1001 1698 1145 1743 petendi
1169 1698 1372 1732 consulatus
1395 1694 1497 1739 (Cic.)
1521 1681 1654 1731 ademit
1703 1686 1718 1695 ⁹

164 1747 221 1782 11.
249 1748 281 1787 1,
308 1746 366 1781 69.
409 1747 487 1780 dec.
513 1746 592 1780 fieri
619 1750 662 1781 ib.
690 1748 747 1782 79.
784 1746 928 1780 naribus
954 1745 1133 1789 labrisque
1157 1755 1232 1778 non
1254 1745 1331 1777 fere
1359 1741 1550 1787 quidquam
1572 1743 1652 1776 dec.

162 1791 382 1825 ostendimus
407 1795 463 1834 11,
487 1794 526 1834 3,
550 1794 607 1828 80.
645 1794 760 1829 verba
783 1794 861 1826 dec.
886 1792 1031 1836 pudoris
1054 1790 1167 1838 gratia
1189 1790 1443 1823 subtrahuntur
1464 1789 1500 1832 9,
1524 1789 1559 1831 3,
1585 1789 1652 1831 59,

163 1837 210 1870 ad
235 1839 408 1882 quaedam
433 1840 496 1874 vel
522 1839 774 1874 decentius
800 1837 990 1872 indicanda
1011 1839 1074 1872 vel
1099 1836 1247 1870 tutius
1270 1837 1306 1877 9,
1330 1837 1365 1878 1,
1389 1837 1448 1868 21.

116 1891 329 1935 DGCGI'HO·
376 1905 523 1940 summis
548 1907 593 1941 de
617 1907 724 1941 rebus
751 1907 946 1940 decernere
973 1907 1034 1947 10,
1058 1907 1099 1948 1,
1123 1905 1182 1940 29.
1217 1905 1260 1938 de
1285 1904 1356 1938 hoc
1383 1903 1496 1937 semel
1525 1903 1651 1938 decre-

162 1957 238 1985 tum
254 1958 331 1986 erat
355 1955 388 1996 1,
413 1956 448 1996 2,
472 1951 536 1995 24;
568 1953 629 1997 qui
651 1953 784 1997 judicio
809 1953 1003 1986 decernent
1028 1949 1070 1995 (i.
1089 1964 1118 1985 e.
1145 1949 1395 1994 litigantes)
1423 1952 1480 1992 12,
1503 1951 1538 1993 7,
1562 1949 1584 1984 5
1605 1949 1650 1985 N.

115 1995 326 2053 Decerpo.
373 2010 506 2043 habent
538 2008 676 2044 Comici
709 2010 898 2053 quaedam,
935 2020 1026 2053 quae
1059 2006 1176 2052 possis
1206 2008 1399 2050 decerpere
1424 2007 1493 2049 10,
1517 2008 1560 2049 1,
1589 2009 1648 2041 72.

162 2066 253 2098 quae
277 2055 436 2099 (invidia)
462 2067 542 2099 spes
565 2062 680 2089 tantas
705 2057 872 2099 decerpat
891 2055 927 2098 6,
950 2056 1006 2088 Pr.
1025 2057 1080 2089 10.
1111 2064 1259 2098 quarum
1282 2050 1526 2097 (materiarum)
1550 2051 1651 2086 facil-

160 2100 246 2134 lima
273 2107 309 2135 et
331 2102 486 2136 maxima
509 2101 724 2136 favorabilia
748 2102 942 2145 decerpunt
968 2103 1035 2143 10,
1064 2102 1106 2144 5,
1132 2103 1176 2134 21
1203 2104 1246 2134 Ζ.
1281 2110 1344 2134 ex
1366 2100 1435 2132 hac
1457 2099 1649 2139 (materia)

161 2146 340 2191 aliquain
363 2159 468 2182 usum
494 2147 661 2192 principii
684 2147 828 2191 decerpi
854 2146 1034 2192 oportebit
1054 2145 1097 2191 4,
1129 2149 1168 2190 1,
1198 2147 1257 2181 23.
1296 2156 1388 2191 quae
1419 2143 1550 2179 cotidie
1579 2143 1650 2178 nisi

164 2193 420 2237 decerpantur,
448 2200 613 2229 arescunt
641 2197 696 2237 12,
724 2196 780 2237 10,
804 2194 862 2230 79.

115 2246 268 2289 Decet·
337 2261 374 2304 α)
405 2268 512 2307 caput
543 2274 623 2297 esse
656 2263 851 2305 decere,
887 2262 985 2307 quod
1009 2260 1121 2295 facias
1147 2261 1210 2301 11,
1234 2259 1278 2302 3,
1303 2260 1383 2292 177.
1415 2256 1478 2291 ubi
1505 2255 1651 2309 minime

162 2306 306 2340 deceret
330 2309 364 2350 8,
388 2307 433 2351 4,
462 2312 519 2343 17.
558 2308 807 2353 probabile
832 2307 908 2343 Cic.
936 2308 974 2342 id
994 2318 1106 2353 genus
1130 2305 1232 2347 dicit,
1261 2305 1356 2348 quod
1381 2313 1454 2336 nou
1478 2303 1556 2345 plus
1581 2313 1651 2336 mi-

164 2362 280 2385 nusve
306 2359 378 2395 est,
412 2366 517 2398 quam
542 2356 678 2389 decet
703 2356 747 2397 8,
771 2357 812 2397 3,
836 2354 894 2388 42.
931 2365 1013 2388 cum
1037 2363 1164 2398 magna
1188 2361 1270 2394 pars
1293 2354 1347 2383 est
1371 2350 1543 2383 exhausta
1566 2358 1649 2383 ora-

162 2395 291 2438 tionis,
318 2409 433 2439 paene
459 2400 579 2434 omnia
605 2401 735 2434 decent
756 2403 812 2443 11,
837 2403 877 2443 3,
904 2399 981 2434 147.
1017 2398 1105 2431 illud
1129 2407 1211 2430 raro
1236 2395 1377 2430 decebit
1403 2397 1446 2428 ib-
1470 2393 1548 2428 124.
1582 2405 1648 2429 ne-

164 2452 234 2485 que
266 2444 390 2476 eadem
423 2445 461 2478 in
490 2456 607 2488 voce,
644 2452 747 2493 gestu
771 2454 833 2479 etc.
862 2445 1024 2478 similiter
1047 2445 1175 2478 decent
1201 2444 1244 2475 ib.
1273 2443 1346 2476 150.
1385 2440 1480 2475 idem
1503 2441 1582 2475 fere
1608 2439 1648 2474 iu

162 2487 261 2521 omni
287 2498 418 2534 genere
446 2497 481 2524 et
504 2491 716 2534 proderit
741 2497 777 2525 et
803 2490 980 2525 decebit
1009 2492 1065 2532 11,
1095 2492 1128 2530 1,
1154 2486 1208 2522 14.
1241 2486 1287 2529 cf.
1313 2489 1358 2523 ib.
1381 2488 1416 2522 8.
1454 2497 1530 2520 non
1551 2485 1646 2519 idem

162 2533 280 2576 apud
308 2545 436 2578 graves
458 2535 580 2580 viros,
622 2539 717 2582 quod
739 2537 898 2572 leviores
924 2538 1050 2570 deceat
1073 2537 1117 2572 ib.
1141 2532 1199 2569 45.
1231 2533 1278 2575 cs.
1303 2536 1359 2576 11,
1386 2535 1421 2575 3,
1446 2534 1522 2567 150.
1561 2532 1646 2576 quid
1714 2553 1728 2575 ‚4

163 2579 290 2612 deceat
313 2583 354 2622 2,
380 2582 445 2623 13,
470 2582 503 2615 8.
541 2593 615 2616 non
641 2585 757 2617 solum
780 2582 867 2628 quid
889 2580 1130 2626 expediat,
1159 2581 1222 2614 sed
1247 2578 1352 2613 etiam
1377 2577 1460 2622 quid
1485 2578 1647 2612 deceat
1712 2603 1725 2621 .,

167 2626 223 2667 ¹1³
250 2627 283 2667 1,
309 2626 342 2659 8·
379 2626 421 2658 ab
443 2637 514 2669 eo,
541 2629 637 2671 quod
662 2631 849 2673 deceat,
872 2627 1131 2662 utilitatem
1158 2636 1361 2670 separemus
1388 2625 1430 2656 ib.
1457 2625 1512 2657 12.
1542 2621 1586 2663 cs.
1611 2623 1647 2658 9.
1716 2628 1724 2653 ζ

161 2671 260 2714 quod
289 2671 455 2704 deceat
480 2678 539 2705 aut
563 2679 703 2717 turpe
728 2675 774 2708 sit
797 2678 838 2709 ib.
862 2675 919 2709 60.
958 2673 1047 2707 nihil
1070 2678 1188 2717 potest
1212 2672 1422 2716 placere,
1457 2668 1552 2713 quod
1571 2678 1647 2702 non

163 2717 297 2750 decet
321 2719 352 2758 1,
379 2719 418 2750 11
433 2742 444 2758 ,
472 2719 538 2760 113
570 2730 671 2752 casus
699 2719 885 2767 singularis
911 2720 1022 2766 magis
1047 2719 1166 2752 decuit
1188 2719 1223 2759 8,
1245 2719 1281 2759 3,
1304 2717 1362 2749 20.
1398 2713 1518 2747 hiulca
1541 2713 1647 2748 etiam

164 2763 310 2804 decent,
346 2762 552 2807 faciuntque
576 2764 747 2807 ampliora
776 2767 950 2809 quaedam
971 2768 1019 2808 9,
1044 2763 1087 2807 4,
1113 2765 1172 2799 36.
1204 2764 1375 2796 honestus
1401 2764 1547 2794 ornatus
1579 2764 1655 2804 pro'

163 2807 332 2842 materiae
355 2819 487 2855 genere
512 2804 625 2843 decet'
641 2810 797 2844 variatus
819 2814 856 2854 8,
881 2813 921 2854 3,
951 2813 1004 2844 11.
1039 2810 1078 2843 in
1101 2807 1216 2843 causis
1241 2805 1437 2840 minoribus
1460 2805 1564 2839 decet
1585 2816 1647 2840 ea-

165 2854 246 2888 dem
274 2853 481 2899 simplicitas
503 2855 544 2898 9,
572 2854 617 2899 4,
640 2858 696 2890 21.
735 2856 900 2903 egregiae
923 2855 1065 2892 dicendi
1087 2855 1237 2892 virtutes
1261 2863 1334 2898 quo
1358 2851 1474 2885 minus
1498 2852 1648 2886 deceant
