1728 3002
510 115 860 178 Repraeseutatio
888 137 945 146 -
977 113 1171 176 Repudio
1528 115 1612 156 779

118 246 202 318 ἕως,
225 236 363 315 11,Ο10,
393 233 448 268 18.
485 230 582 266 cmn'
600 229 774 266 rationem
807 229 895 279 1·ςοίί
924 233 1203 275 reposcerentur
1234 227 1303 272 (α.
1326 230 1351 262 Ι.
1375 224 1614 272 tepesceret)

144 308 155 326 .
196 307 215 329 J,
287 306 297 315 ·
391 317 394 320 .
1463 306 1468 310 .

74 335 438 394 Reprmseniafio.
484 357 520 380 v.
546 343 819 380 Evidentia.

76 404 383 461 Repraesento.
431 417 492 450 ant
523 410 561 465 in
590 409 1008 457 repraesentandis
1043 415 1103 445 aut
1137 407 1397 444 imitandis
1428 406 1615 452 affectibus

122 465 185 506 11,
213 464 255 504 3,
277 461 357 496 156.
380 470 447 504 per
468 469 555 504 quas
579 457 750 501 (visiones)
777 455 950 504 imagines
973 468 1094 491 rerum
1116 456 1317 490 absentium
1340 454 1391 489 ita
1412 464 1616 500 reprae-

121 510 377 544 sentantur
403 505 545 548 nnimo,
578 510 619 538 ut
652 515 714 539 eas
747 514 897 539 cernere
919 503 1035 538 oculis
1059 514 1102 538 ac
1124 507 1405 548 praesentes
1438 501 1618 536 hahere

121 550 310 593 vide-mur·
329 552 374 596 6,
395 553 439 595 2,
460 554 520 586 29.
548 549 595 592 qs.
616 550 659 593 6,
691 553 723 593 1,
753 551 815 585 31.
838 551 1105 595 exemplorum,
1132 550 1252 596 legum
1276 555 1338 582 etc.
1362 548 1466 584 velut
1490 546 1617 591 quasd-

154 640 156 642 ,
193 599 225 638 ’μ
265 598 344 637 ead.
365 597 429 633 ina
448 596 508 632 vis
529 595 578 640 (ι’.
602 609 632 631 e.
656 595 883 639 memoria)
905 600 1151 640 repraesentat
1175 598 1230 639 (a.
1255 598 1278 629 1.
1302 594 1535 639 praesentat)
1558 595 1616 635 11,

120 647 156 686 2,
227 645 277 680 N.
298 657 347 681 σν.
378 642 652 689 repraesentatis
677 641 818 687 judiciis
841 643 1014 678 continuo
1037 640 1167 689 agendi
1191 643 1248 684 10,
1274 643 1311 684 7,
1334 643 1370 675 2.

76 699 374 757 Reprehendo·
415 710 467 755 ι)
498 711 597 756 quod
619 710 946 756 reprehendit
971 709 1187 752 Lauranius,
1219 709 1378 743 Messala
1402 705 1619 742 defendit

120 759 157 802 9,
179 757 216 802 4,
239 759 298 794 38.
331 756 376 799 ό.
398 758 436 801 9,
462 759 496 800 3,
524 759 577 792 13.
619 760 677 800 11,
707 759 739 800 1,
764 757 823 791 25.
857 756 919 790 illa
943 762 1046 791 acute
1068 756 1383 801 reprehenduntur
1405 755 1446 797 5,
1472 754 1535 796 13,
1560 751 1618 787 34.

122 805 219 850 quod
242 809 282 838 ut
302 809 359 838 est
381 804 739 847 reprehendendum,
766 803 815 837 ita
837 803 963 847 copiae
987 802 1115 839 vitium
1140 807 1194 836 est
1223 803 1286 844 10,
1312 805 1351 843 1,
1374 800 1435 836 62.
1474 812 1508 833 v.
1534 799 1618 851 {31-

122 860 258 884 cuso.
295 861 318 884 a
344 850 459 884 doctis
480 849 576 884 inter
598 849 697 893 ipsos
724 849 831 884 etiam
853 855 977 884 mutuo
1000 849 1217 893 reprehensa
1243 850 1308 889 10,
1332 849 1370 890 2,
1399 848 1464 888 15;
1502 846 1620 879 ahena

121 894 416 940 reprehendimus
442 903 503 930 etc.
527 895 565 937 6,
590 897 626 938 3,
647 897 706 929 23.
737 907 772 929 v.
797 895 966 930 Elevo.
994 896 1110 940 palam
1134 892 1311 929 contrariu
1334 898 1371 926 et
1394 901 1620 936 supervacua

124 949 187 975 etc.
212 941 477 985 reprehendere
500 939 632 974 nullius
655 940 740 974 artis
764 945 818 975 est
844 941 878 982 5,
904 943 960 981 13,
988 942 1045 975 16.
1074 942 1180 974 stulta
1198 939 1464 984 reprehendere
1488 935 1621 971 facilli-

123 998 221 1021 mum
244 992 299 1021 est
320 987 365 1030 6,
389 988 432 1029 3,
457 989 513 1021 71.
538 997 614 1020 non
638 997 744 1020 causa
766 986 1041 1030 reprehenditur
1062 986 1126 1020 sed
1152 991 1254 1019 actor
1272 986 1318 1026 5,
1344 985 1406 1026 13,
1432 986 1491 1019 37.
1522 984 1621 1030 leges

126 1032 318 1078 aliquando
347 1037 461 1075 totas,
485 1032 674 1076 aliquando
699 1043 747 1066 ex
767 1038 868 1076 parte
895 1031 1111 1078 reprehendi
1135 1034 1179 1073 2,
1199 1029 1246 1074 4,
1269 1030 1326 1066 39.
1352 1040 1474 1064 mores
1495 1039 1623 1074 repre-

123 1079 325 1113 henderunt
351 1081 418 1121 12,
446 1081 490 1121 1,
519 1077 574 1112 14.
607 1088 682 1112 non
706 1078 884 1113 immerito
907 1077 1183 1124 reprehenditur
1206 1074 1451 1121 pronuntiatio
1475 1080 1512 1110 et
1538 1076 1623 1109 vul-

125 1130 230 1160 tuosa
252 1132 325 1167 etc..
341 1127 399 1167 11,
424 1125 459 1166 3,
486 1125 563 1159 183.
587 1124 674 1159 vitia
698 1124 912 1168 reprehendi
932 1127 968 1164 2,
991 1124 1027 1168 5,
1058 1123 1114 1158 16.
1161 1122 1211 1167 ῥ’)
1235 1135 1266 1156 c.
1285 1125 1427 1156 Amat..-
1455 1131 1530 1155 non
1554 1121 1623 1155 erit

125 1172 194 1205 hac
226 1169 400 1205 calumnia
429 1168 745 1214 reprehendendus
774 1173 840 1214 12,
866 1172 931 1213 10,
955 1170 1012 1204 43.
1049 1171 1239 1214 pleraque,
1274 1179 1367 1212 quse
1393 1173 1521 1201 natura
1545 1177 1621 1202 non

123 1222 208 1251 sunt
227 1216 523 1261 reprehendenda
539 1236 585 1242 -
604 1216 721 1261 turpia
743 1217 943 1250 habeantur
963 1219 1026 1258 11,
1052 1218 1094 1258 1,
1120 1214 1166 1250 47
1177 1228 1188 1257 ·,
1213 1213 1366 1259 [proprii
1388 1213 1534 1260 quidam
1558 1221 1620 1247 eto.

125 1262 229 1306 soni,
312 1261 390 1296 'bus
420 1272 676 1307 nonnunquam
706 1262 878 1297 nationes
906 1261 1202 1306 reprehendimus
1238 1262 1302 1303 (Z.
1326 1261 1371 1294 de
1394 1260 1480 1303 conj.
1506 1263 1571 1293 Bu
1583 1274 1619 1292 r-

123 1320 253 1358 mpnn
298 1307 465 1353 depreh.)
490 1311 531 1350 1,
556 1309 596 1351 5,
620 1310 666 1343 33
690 1306 755 1352 Ν.]
803 1307 844 1353 y)
869 1321 900 1342 ο.
925 1311 1053 1352 Praep.
1078 1310 1143 1340 in.-
1174 1307 1225 1341 in
1250 1316 1323 1350 quo
1346 1306 1440 1340 nihil
1463 1311 1525 1340 aut
1546 1306 1619 1339 de-

125 1353 376 1389 uideretur
397 1359 458 1387 aut
482 1355 860 1398 reprehendatur
891 1356 959 1397 10,
983 1356 1030 1398 2,
1055 1354 1093 1389 9.
1129 1351 1176 1394 cs.
1202 1353 1238 1395 8,
1261 1353 1298 1394 6,
1321 1351 1380 1386 40.
1416 1355 1473 1396 11,
1505 1354 1538 1395 1,
1561 1354 1621 1386 78.

87 1434 90 1437 ,
123 1411 159 1434 υ.
182 1400 371 1447 Laudo3
410 1401 651 1446 reprehensus
675 1406 730 1435 est
753 1401 798 1435 in
820 1401 888 1434 hac
914 1405 1015 1445 parte
1043 1410 1118 1435 non
1140 1398 1371 1433 mediocriter
1399 1401 1464 1441 11,
1490 1401 1508 1432 1
1524 1423 1536 1440 ,
1563 1401 1619 1435 17.

122 1445 330 1481 Demetrius
355 1448 523 1491 tanquam
550 1446 680 1480 nimius
706 1445 753 1480 in
778 1457 821 1480 ea
843 1446 1013 1488 (ver-itate)
1038 1445 1315 1490 reprehenditur
1341 1447 1406 1486 12,
1430 1446 1496 1488 10,
1523 1445 1558 1480 9.
1583 1449 1623 1477 ut

125 1491 278 1571 quique
298 1497 415 1527 aetate
438 1500 499 1526 etc.
524 1492 728 1536 praecedit,
753 1492 867 1539 magis
889 1492 935 1526 in
958 1503 1002 1526 ea
1022 1492 1223 1536 (impu‘denii
1246 1499 1307 1524 etc.
1334 1490 1476 1533 actione)
1498 1501 1626 1534 repre-

125 1537 200 1572 hen
224 1538 337 1571 endns
361 1541 402 1571 11
418 1563 429 1580 ,
454 1541 496 1578 1,
521 1539 576 1573 29.
630 1537 673 1581 y)
697 1551 763 1582 seq.
792 1539 1054 1581 eonjunctione:
1090 1537 1152 1582 qui
1174 1537 1500 1580 reprehenderant,
1529 1537 1626 1580 quod

126 1581 200 1616 hoc
222 1583 338 1617 verbo
358 1594 445 1616 usus
474 1594 590 1617 essem
613 1586 647 1625 1,
670 1584 706 1626 6,
732 1586 788 1617 10.
816 1595 946 1617 verum
967 1594 1015 1617 ea
1037 1602 1086 1609 —
1106 1593 1155 1616 ne
1178 1582 1256 1626 quis
1280 1583 1403 1616 credat
1425 1592 1477 1616 eo
1500 1592 1627 1626 repre-

126 1628 337 1669 hendenda,
362 1629 480 1671 quod
503 1630 634 1662 multos
661 1628 918 1674 cognovimus,
943 1628 1006 1672 qni
1030 1636 1092 1662 etc.
1122 1630 1180 1670 12,
1204 1630 1240 1671 3,
1270 1629 1324 1661 11.
1348 1627 1547 1672 ideoque
1567 1638 1627 1662 re-

126 1673 380 1718 prehenditur,
403 1678 623 1718 tanquam
645 1675 844 1708 orationem
870 1675 916 1720 qd
941 1675 1131 1718 rhythmos
1159 1673 1282 1719 alliget
1304 1674 1340 1716 9,
1364 1672 1400 1717 4,
1426 1674 1485 1708 53.

5 1756 14 1768 ,
84 1717 394 1774 Reprehensio.
441 1729 521 1771 (fig.
546 1742 603 1773 ap.
631 1732 728 1772 Cic.)
751 1731 796 1773 9,
821 1733 863 1774 1,
887 1729 945 1765 34.
979 1743 1012 1764 υ.
1035 1729 1352 1765 Praesumtio.
1383 1730 1534 1771 brevem
1559 1741 1628 1764 ne-
1691 1706 1698 1710 ι

129 1775 318 1822 gligentiae
344 1785 438 1818 repr.
464 1776 498 1817 5,
524 1777 579 1817 13,
602 1777 662 1809 10.
689 1787 769 1809 cum
795 1782 889 1810 esset
910 1776 1028 1810 facilis
1050 1771 1287 1820 reprehensio
1313 1776 1398 1820 (Sp.
1422 1775 1625 1820 responsio)

129 1823 165 1864 6,
189 1823 224 1863 3,
249 1822 291 1856 91
306 1824 349 1854 Ζ.
377 1819 423 1872 [si
445 1819 592 1864 (testes)
614 1822 943 1865 perseveraverint,
964 1822 1200 1867 reprehensio
1223 1821 1310 1866 (Sp.
1335 1835 1410 1855 eum
1436 1823 1541 1857 (ἵστω.
1566 1833 1628 1856 re-

131 1865 306 1911 sponsio)
327 1866 469 1899 facilior
495 1867 537 1908 5,
561 1870 604 1909 7,
631 1866 676 1900 14
701 1866 761 1912 8.]
794 1868 876 1903 illae
905 1868 1207 1912 reprehensiones
1238 1874 1298 1902 aut
1332 1867 1557 1902 obscuritatis
1579 1885 1629 1893 —-

131 1918 191 1947 aut
212 1911 385 1946 infantiae
408 1911 446 1944 in
470 1912 624 1946 dicendo
649 1921 711 1947 eic-
746 1914 865 1948 animo
899 1915 1028 1948 dantur
1065 1920 1124 1948 aut
1153 1914 1255 1958 justis
1284 1913 1378 1948 odiis
1406 1916 1448 1958 5,
1474 1916 1540 1956 13,
1568 1915 1626 1948 38.

130 1971 164 1993 v.
193 1959 336 1999 Laus3
371 1956 402 1991 si
428 1958 846 2002 reprehensionemrnon
874 1960 967 2005 capit
989 1961 1066 2004 ipsa
1089 1971 1245 2005 persona
1270 1963 1305 2002 5,
1332 1963 1369 2002 7,
1398 1963 1430 1994 1.
1454 1959 1630 2004 imperitis

129 2014 274 2049 ⁷quoque
298 2004 342 2036 ad
365 2013 460 2046 repr.
486 2004 657 2038 notabilia
686 2005 855 2040 videntur
878 2008 921 2048 9,
945 2006 970 2040 4
1011 2008 1070 2041 33.
1104 2006 1232 2050 aliquis
1261 2006 1382 2039 citra
1408 2017 1504 2050 repr.
1533 2005 1629 2039 nitor

131 2051 167 2093 8,
195 2052 239 2092 5,
263 2047 320 2083 34.
356 2047 402 2089 es.
430 2052 464 2091 l,
490 2052 531 2092 5,
553 2049 620 2092 64;
656 2051 760 2086 sine
782 2058 879 2096 repr.
903 2056 939 2094 1,
990 2078 1000 2094 ,
1026 2051 1082 2086 14.
1114 2057 1147 2095 1,
1177 2055 1234 2094 11,
1261 2054 1316 2086 18.
1349 2063 1430 2085 cum
1449 2062 1628 2096 personae

0 2098 3 2104 '
54 2127 67 2130 -
132 2099 299 2140 potentes
324 2095 478 2137 obstant,
506 2095 611 2130 sine
638 2108 787 2140 quarum
813 2109 909 2142 repr.
939 2109 1046 2132 causa
1069 2097 1186 2132 teneri
1211 2108 1284 2131 non
1311 2097 1424 2141 possit
1448 2099 1483 2139 9,
1508 2101 1544 2140 2,
1567 2098 1626 2132 68.

130 2139 411 2185 reprehensione
435 2141 540 2187 digna
566 2145 608 2184 2,
637 2145 679 2185 3,
701 2142 737 2177 4.
768 2144 914 2178 mollior
935 2155 1192 2187 nonnunquam
1219 2155 1316 2177 cum
1339 2155 1435 2188 repr.
1461 2144 1628 2178 diversae

131 2187 240 2232 partis
264 2185 414 2220 imitatio
433 2190 485 2238 ‚11
499 2212 511 2230 ,
533 2189 577 2239 3,
605 2188 685 2223 165.
714 2188 806 2232 nihil
834 2191 965 2224 horum
990 2195 1089 2224 caret
1111 2189 1395 2234 reprehensione
1418 2192 1457 2232 1,
1481 2190 1528 2232 6,
1555 2188 1627 2231 443

131 2235 337 2321 ἔξιὶειίὐὲἑ·
360 2237 410 2311 1¹51}
431 2242 508 2277 ipsa
536 2244 614 2278 epus
639 2235 962 2280 reprehensio
996 2236 1130 2270 laude
1158 2235 1277 2280 aliqua
1312 2246 1388 2270 non
1411 2234 1559 2282 indigna
1581 2235 1627 2270 sit

18 2336 49 2377 J.
87 2322 304 2378 Reprobo·
351 2333 419 2369 diis
443 2345 518 2369 non
539 2336 811 2391 reprobantibus
834 2337 877 2381 6,
900 2339 959 2372 Pr.
983 2339 1018 2373 3.

0 2408 38 2515 f}

11 2528 53 2590 ’τί

87 2390 301 2457 Reptatio·
344 2402 407 2437 illa
429 2414 453 2447 p
466 2413 517 2438 er
538 2414 661 2438 manus
685 2410 722 2439 et
745 2415 861 2450 genua
884 2405 1037 2449 reptatio
1064 2409 1097 2447 1,
1126 2408 1181 2448 12,
1211 2407 1268 2440 10.

90 2456 297 2514 Repudio·
338 2469 378 2511 1)
399 2473 599 2513 generaliter
623 2474 646 2506 ἱ.
669 2486 700 2517 q.
727 2485 913 2517 respuo.-
938 2484 1046 2518 saepe
1072 2473 1258 2508 secubanti
1281 2472 1489 2507 amatorium
1512 2472 1628 2514 dedit;

136 2516 290 2568 eundem
317 2514 407 2560 (sp.
433 2515 516 2560 σπη’.)
538 2517 740 2561 repudiavit
762 2521 808 2562 7,
832 2519 876 2561 8,
900 2522 923 2552 2
945 2520 992 2553 Ν.
1018 2533 1065 2553 cr.
1095 2531 1116 2553 a
1139 2519 1304 2564 quibusd.
1332 2523 1407 2554 tota
1436 2530 1495 2553 res
1522 2531 1630 2563 repu-

136 2563 251 2614 diatur
275 2563 321 2604 9,
350 2564 394 2606 2,
418 2562 478 2601 69.
514 2565 812 2607 quemadmodum
835 2564 879 2598 ab
903 2564 1122 2601 Archidemo
1154 2565 1304 2610 qualitas
1337 2565 1535 2600 exclusa
1562 2571 1629 2608 est,

136 2619 189 2642 sic
212 2608 256 2641 ab
280 2607 344 2642 his'
364 2609 620 2653 repudiata
643 2609 757 2645 finitio
780 2612 824 2653 3,
848 2610 892 2653 6,
917 2612 975 2646 33.
1009 2624 1044 2646 v.
1067 2613 1349 2657 Persequor.
1434 2622 1489 2645 am
1512 2612 1629 2657 legem

137 2659 216 2687 mos·
230 2654 392 2698 publicus
413 2655 614 2700 repudiavit
642 2658 685 2690 sb.
709 2655 767 2691 84.
794 2656 825 2691 si
848 2663 1041 2702 recepta
1065 2663 1147 2692 sunt
1169 2658 1273 2701 (nova
1291 2659 1393 2692 verba
1413 2683 1425 2700 ,
1450 2657 1629 2693 modicam

137 2699 276 2734 laudem
299 2700 471 2745 affertmt,
493 2702 743 2748 repudiata
766 2702 873 2742 etiam
896 2703 934 2738 in
961 2704 1060 2747 jocos
1084 2709 1220 2740 exeunt
1250 2708 1291 2748 1,
1315 2703 1355 2747 5,
1378 2707 1437 2739 71.
1462 2703 1629 2748 repudia-
