1728 3002
495 183 549 226 de
577 179 866 226 Grammatico
894 178 1201 231 Quintilianea.
1483 176 1629 216 LXXV

13 302 16 308 ’
87 302 269 370 gratia
282 327 350 338 -
362 315 512 367 pono.
549 315 601 348 v.
631 297 755 344 Not.
785 294 1039 361 Denique
1068 296 1335 344 Numerus
1362 284 1633 340 mutatur:

95 382 151 444 5,
199 397 259 430 ιο
276 419 289 437 ,
332 375 394 430 51
452 375 722 428 Facultati
755 383 929 425 autem
971 374 1094 423 licet
1127 373 1636 434 instrumentum

53 448 60 453 .
79 465 403 528 ‘conjungere
425 477 448 517 ;
506 475 576 506 su
588 474 622 504 n
634 464 661 505 t
693 455 826 504 enim
857 459 880 515 (
889 471 960 504 sc.
988 453 1360 517 instrumenta)
1400 453 1456 500 in
1477 459 1635 518 parte

11 558 17 563 ·
83 539 369 607 facultatis
387 547 442 588 et
455 537 642 604 copiae.
683 553 703 582 ι
719 571 734 596 ,
768 552 795 582 2
807 571 821 596 ,
851 536 915 583 28
945 534 1156 583 vascula
1176 534 1282 582 oris
1314 531 1532 596 angusti
1552 547 1635 578 su-

10 631 13 634 ”
88 623 365 687 perfusam
402 615 682 666 humoris
710 614 907 680 copiam
934 623 1182 680 respuunt
1193 650 1207 674 ,
1249 613 1433 662 sensim
1461 619 1636 659 autem

97 697 545 764 influentibus
563 695 645 744 vel
659 695 815 743 etiam
837 694 1193 744 instillatis
1218 690 1636 755 (solennioribus)

97 778 422 844 complentur.
481 778 701 824 Praeter
732 777 867 821 haec
880 809 893 832 ‚
924 773 1021 838 qui
1050 777 1159 821 huc
1188 771 1457 838 pertinere
1477 784 1636 836 pote-

0 842 27 911 ξ,
93 871 181 906 rat
199 859 349 905 locus
374 871 417 915 1,
444 869 519 909 ιο,
540 852 571 900 6
595 853 714 901 Nisi
728 855 883 918 forte
903 853 1160 900 antidotus
1176 879 1245 887 —-
1264 867 1329 899 ea:
1347 850 1523 899 multis
1550 856 1639 896 at-

71 953 194 1000 ,que
223 935 432 983 interim
463 932 740 980 contrariis
778 949 971 996 quoque
1007 932 1146 979 inter
1186 948 1238 978 se
1276 928 1639 994 effectibus

100 1013 332 1079 componi
365 1013 615 1071 videmus,
672 1028 889 1076 quorum
924 1027 990 1058 ea·
1025 1010 1239 1058 dirersis
1271 1010 1362 1076 sit
1392 1025 1499 1056 una
1546 1005 1639 1053 illa

92 1093 353 1152 nutatura,
401 1108 529 1157 quae
556 1090 694 1137 nulli
721 1107 937 1137 earum
965 1090 1145 1138 similis
1172 1098 1271 1148 est,
1317 1088 1497 1153 quibus
1523 1102 1639 1134 eon-

96 1166 204 1219 stat
227 1170 339 1218 leni
373 1187 407 1217 a
440 1167 696 1234 Zumptio
735 1168 1015 1234 proposita
1045 1167 1427 1217 emendatione
1462 1182 1641 1214 eorum

10 1266 20 1278 ³>
94 1251 366 1316 sanandus
390 1247 618 1300 videtur.
639 1266 691 1296 v.
710 1250 834 1296 Not.
857 1262 911 1295 et
930 1248 1119 1312 Suppl.

193 1330 246 1390 e)
263 1323 456 1376 Tertia
473 1323 632 1390 liujus
654 1325 860 1393 generis
880 1325 1080 1390 species
1104 1341 1184 1374 est
1204 1326 1251 1374 E
1266 1323 1481 1391 llipsis
1495 1359 1509 1384 ,
1545 1321 1644 1370 ubi

21 1423 25 1427 ·
96 1422 212 1454 una
238 1404 425 1470 aliqua
452 1422 565 1455 vox
594 1404 781 1452 omissa
815 1404 975 1452 facile
1004 1404 1350 1472 intelligitur,
1386 1418 1451 1451 ut
1483 1419 1567 1450 res
1593 1399 1643 1461 6,

103 1503 146 1546 ι,
169 1497 205 1545 4
234 1483 356 1532 illa
385 1501 522 1532 vera
524 1503 553 1549 J
565 1501 685 1531 ucu
697 1501 730 1531 n
743 1484 780 1530 d
786 1484 871 1531 iss
882 1484 1030 1543 ima,
1067 1485 1117 1532 si
1141 1485 1408 1547 contingat
1434 1481 1646 1547 aliquod

52 1610 57 1612 .
88 1564 164 1612 'ex
191 1564 489 1612 adversario
518 1564 704 1611 ducere
744 1572 1123 1626 argumentum.
1205 1564 1283 1612 Cf.
1326 1561 1645 1627 Zumptium

40 1693 45 1702 ,
91 1645 172 1691 >ad
201 1640 304 1690 Cic.
330 1643 479 1693 Verr.
501 1643 592 1701 IV,
627 1640 710 1702 23,
732 1637 789 1689 51
829 1643 964 1690 Illa
1003 1660 1151 1690 vero
1192 1643 1462 1707 optima,
1494 1640 1641 1705 quod,

28 1713 34 1717 ⁸
96 1739 214 1774 cum
229 1721 541 1769 Haluntium
572 1721 788 1769 eem'sset
805 1750 867 1756 —
889 1722 995 1786 ipse
1022 1722 1075 1768 in
1097 1722 1338 1787 oppidum
1362 1720 1531 1768 noluit
1549 1736 1642 1766 ac—

25 1807 34 1824 '
97 1801 309 1848 cedere..
368 1799 484 1847 Aut
525 1817 638 1847 me.-
691 1815 748 1846 12
764 1835 777 1858 ,
807 1802 892 1847 Pr.
934 1822 951 1845 ι
985 1802 1159 1865 pudor
1186 1800 1478 1859 omittendi,
1514 1814 1642 1863 quae

15 1884 25 1888 ⁷
75 1894 77 1896 ·
91 1879 453 1944 promiseram,
502 1879 735 1928 tenuit.
812 1880 936 1927 Hoc
970 1878 1222 1944 imprimis
1266 1878 1466 1927 accidit
1506 1880 1643 1928 Ver-

97 1957 178 2004 bis
208 1957 532 2021 quibusdam
561 1958 875 2022 frequenter
908 1957 966 2005 in
1006 1959 1238 2006 dicendo
1269 1956 1541 2016 adhibitis,
1575 1969 1643 2002 ret

98 2033 330 2100 maxime
350 2033 569 2097 quidem
587 2035 861 2082 Praesenti
881 2036 1046 2085 Verbi
1066 2039 1219 2084 Esse
1244 2038 1316 2101 (v.
1337 2035 1495 2097 Lex.)
1508 2071 1522 2094 ,
1552 2037 1645 2081 sed

34 2127 44 2131 “
99 2127 224 2159 raro
244 2110 403 2158 etiam
423 2110 535 2157 aliis
556 2111 790 2174 ejusdem
812 2113 1199 2176 Temporibus,
1235 2128 1300 2160 ut
1336 2129 1392 2159 12
1407 2149 1422 2173 ,
1461 2132 1481 2161 1
1495 2131 1514 2160 1
1532 2149 1546 2173 ,
1576 2129 1639 2174 27

59 2251 73 2262 .
100 2206 259 2254 neque
267 2197 392 2254 post
407 2179 704 2236 Imm-etium
735 2206 798 2236 ac
817 2190 1059 2237 stIacrum
1103 2192 1372 2254 Virgilius,
1410 2209 1501 2239 nec
1521 2200 1643 2257 post

103 2270 340 2316 Crassum
362 2276 415 2316 et
430 2268 765 2315 Hortensium
791 2268 988 2328 Cicero,
1025 2270 1115 2316 sed
1139 2287 1202 2317 ne
1222 2271 1309 2318 illi
1324 2271 1524 2336 quidem
1546 2278 1639 2329 (sc.

91 2347 347 2410 fuissent)
363 2382 376 2405 ,
413 2364 500 2432 qut
494 2347 630 2412 post
656 2349 991 2411 eosfuetunt.
1061 2349 1368 2397 Proximum
1398 2349 1527 2398 huic
1549 2364 1640 2402 est,

101 2441 274 2490 quum
294 2423 559 2472 omittitur
572 2428 622 2490 f
628 2426 705 2474 ct
738 2441 854 2488 9,3‚
882 2441 941 2488 19
997 2426 1131 2476 Aaou
1161 2429 1222 2475 de
1250 2429 1419 2477 altera
1432 2431 1639 2492 figura,

103 2519 231 2568 quae
270 2503 384 2550 detr
386 2503 583 2551 acteone
623 2507 721 2566 (sc.
740 2507 867 2566 fit),
894 2505 1133 2570 plumbus
1165 2509 1513 2573 adjece'emlum
1553 2517 1637 2557 est·

104 2599 151 2659 7,
182 2581 230 2642 ὅ,
265 2598 327 2645 27
353 2583 638 2642 addictuS,
639 2592 859 2648 recepta
888 2584 1218 2645 Ιιόενταΐε,
1254 2588 1508 2651 ingenuus
1538 2589 1639 2651 (se.

85 2662 224 2722 fit),
269 2677 443 2709 servus
474 2661 632 2709 mm‘to
665 2662 865 2710 domim»
893 2680 993 2711 non
1022 2676 1490 2731 consequetur,
1526 2666 1638 2714 edi-

35 2783 43 2799 ,
98 2737 272 2787 tiones
294 2754 417 2804 post
434 2739 690 2791 Aldinam
711 2757 776 2789 ac
802 2742 1027 2790 fortasse
1045 2743 1431 2793 Ambrosianus
1459 2748 1504 2799 I,
1542 2745 1646 2811 qui
