1728 3002
121 189 202 229 594
646 183 826 229 Offensa
855 209 910 218 —
942 185 1146 230 Officium
1211 182 1239 216 ·'

169 299 324 348 fragosis
351 299 487 334 offen
500 300 522 333 d
534 310 591 334 un
603 304 678 334 tur
690 325 702 344 ,
737 306 773 335 et
795 300 937 336 levibus
960 303 1144 337 mulcen
1156 308 1236 338 tur
1255 303 1292 348 9,
1322 303 1359 348 4,
1391 304 1470 341 116.
1501 305 1666 350 verbum,

218 357 240 381 o
264 347 415 391 populus
441 347 684 381 offenderetur
719 349 775 390 12,
801 348 839 391 9,
864 350 922 383 13.

125 389 166 433 0
203 406 322 434 ensa-
370 409 504 447 quanto
528 403 646 437 minus
669 405 732 439 vel
756 405 984 440 offensae
1014 406 1076 441 vel
1111 405 1323 442 utilitati
1358 418 1444 443 suae
1480 406 1667 442 indulserit

171 453 228 493 11,
259 453 293 493 1,
320 451 377 484 75.
426 460 494 483 nec
519 451 752 484 offensae
779 451 896 485 minus
920 452 1074 496 habent,
1110 453 1173 486 sed
1212 454 1536 488 auctoritatis
1568 455 1605 499 9,
1629 458 1666 498 2,

169 499 226 531 72.
252 507 298 529 ne
325 495 442 529 minus
468 495 656 542 gratiae
680 507 786 541 quam
809 498 1030 532 offensae
1056 509 1257 533 mereamur
1279 498 1316 543 4,
1338 503 1372 543 2,
1397 501 1454 535 39.
1501 510 1581 534 cum
1608 501 1668 535 ot*-

169 544 310 577 t'ensam
333 548 520 576 vereretur
546 543 582 585 6,
609 544 644 585 5,
668 543 703 577 8.
753 543 1023 588 periculum
1046 550 1208 588 tantum,
1242 555 1315 580 non
1351 546 1465 580 etiam‘
1490 547 1579 580 off.
1606 547 1669 582 vi-

170 594 263 622 tatur
286 590 321 630 9,
344 590 380 631 2,
406 589 463 623 67.
512 599 595 623 cum
620 600 728 634 saepe
752 601 833 624 cum
857 590 1059 635 periculosa
1082 590 1281 636 potentium
1318 592 1380 626 off.
1407 591 1599 626 dicendum
1622 591 1668 626 sit

169 638 203 676 2,
227 636 284 675 20,
311 635 344 668 8.

125 678 382 771 Οίξὲηεδῖῐίο.
438 696 478 725 ut
502 691 738 727 offensafione
762 692 824 728 illa
845 693 1016 738 (hastae)
1040 698 1328 733 commoneretur
1361 693 1586 740 (Demostln.)
1610 698 1668 739 11,

173 763 179 769 .
202 763 212 779 ‚
247 740 264 770 1
317 763 324 771 .

126 780 412 880 bOffensator.
444 778 500 829 ἰ).
534 794 783 841 Offensa]

172 840 338 880 ss'ensio.
388 850 417 893 1)
445 855 601 896 proprie:
634 853 779 887 minima
803 858 858 888 est
881 852 918 887 in
942 853 1079 887 duabus
1105 852 1277 890 brevibus
1300 852 1360 888 off.
1386 855 1421 898 9,
1453 852 1490 899 4,
1521 852 1581 889 34.
1616 854 1670 897 Π)

170 901 309 935 1ναηεῑ,.·
346 896 434 931 iram
458 898 612 933 offensio
635 899 745 943 judici
767 899 853 934 facit
880 900 916 943 6,
947 903 979 942 1,
1009 899 1066 934 14.

126 941 321 983 OffenSO·
370 954 498 989 sinon
524 955 592 990 int
604 967 680 991 ers
692 956 703 990 i
715 962 753 990 st
767 968 820 990 en
833 961 872 990 te
884 968 900 989 s
927 967 950 990 o
962 955 1032 990 ffe
1045 967 1068 989 n
1081 962 1318 1002 santesque
1350 955 1477 992 brevia
1507 955 1568 991 illa
1597 961 1668 1002 atq.

171 999 316 1034 concisa
341 1001 607 1047 singultantium
636 1004 746 1036 modo
769 1002 919 1047 ejecturi
945 1014 1063 1036 sumus
1091 1005 1146 1046 10,
1179 1006 1213 1046 7,
1245 1005 1302 1038 10.
1349 1003 1379 1036 si
1416 1002 1551 1037 tardior
1579 1003 1671 1037 scri-

171 1047 290 1126 llapnd?
313 1053 372 1127 aibt
403 1048 578 1127 incertior
597 1050 764 1128 §legendo
795 1051 896 1084 velut
940 1048 1134 1083 offensams
1167 1050 1262 1094 (Sp.
1301 1049 1514 1094 offensator)
1559 1049 1671 1084 fuerit

210 1098 343 1134 ›‚.,2
395 1102 573 1128 i.cr.et
623 1119 634 1130 .

126 1135 294 1179 Offero·
344 1150 385 1193 α)
417 1151 616 1185 offerebant
639 1153 755 1196 palam
780 1150 1006 1194 (imaginem)
1033 1151 1068 1194 6,
1094 1154 1127 1194 1,
1150 1150 1218 1194 4ος
1251 1151 1291 1186 in
1313 1151 1435 1187 verbis
1459 1156 1594 1185 tantum
1617 1150 1680 1186 di:

174 1194 347 1229 stantibus
377 1197 531 1238 jucunde
557 1204 733 1231 consonat
759 1208 857 1240 vox,
894 1197 1103 1242 praesertim
1129 1208 1203 1232 non
1230 1203 1420 1242 captata
1445 1198 1508 1232 sed
1531 1203 1669 1232 tantum

172 1241 333 1275 oblata
357 1242 393 1284 9,
418 1244 452 1284 3,
481 1245 537 1277 73.
595 1243 785 1277 obtulerim
819 1243 957 1277 insidiis
1004 1245 1092 1278 Cic.
1124 1245 1159 1278 9.
1193 1246 1239 1277 ib.
1269 1245 1316 1279 45
1350 1257 1382 1279 v.
1414 1245 1554 1278 Dedo.
1599 1254 1669 1280 vos

174 1286 351 1321 obvios
376 1299 478 1321 casus
502 1288 654 1322 miserae
678 1291 909 1323 mulierculae
933 1289 1115 1323 obtulit
1137 1293 1200 1323 Do
1214 1292 1299 1323 mii.
1329 1289 1395 1332 As.
1423 1291 1459 1333 9,
1491 1293 1527 1332 2,
1559 1292 1607 1324 20
1635 1303 1668 1324 v.

175 1332 378 1374 obvium
420 1334 517 1377 quod
541 1335 762 1368 offerant
786 1347 864 1378 opp.
895 1335 990 1378 quod
1022 1340 1180 1377 petant
1209 1339 1244 1377 7,
1276 1336 1311 1378 6,
1343 1339 1378 1369 2.
1426 1335 1669 1379 jusjurandum

175 1383 236 1411 aut
261 1380 473 1413 offerunt
497 1390 619 1422 suum,
656 1386 715 1413 aut
743 1390 816 1414 non
839 1379 1085 1423 recipiunt
1111 1381 1322 1414 oblatum
1346 1383 1380 1424 5,
1406 1381 1442 1424 6,
1468 1384 1500 1414 1.
1535 1392 1579 1414 an
1610 1392 1668 1415 re-

175 1435 306 1471 gnum,
336 1424 663 1459 offerentibus
687 1425 874 1468 Romanis,
906 1424 1117 1468 recipiat
1141 1428 1176 1468 7,
1211 1428 1245 1468 1,
1275 1426 1332 1460 24.
1380 1437 1463 1460 cum
1484 1427 1669 1461 defensio-

173 1481 255 1504 nem
285 1470 333 1504 illi
357 1471 524 1514 scriptam
551 1471 765 1505 obtulissent
787 1471 847 1515 (a.
882 1475 906 1507 l.
940 1470 1162 1511 attulissent)
1195 1473 1251 1514 11,
1285 1474 1319 1514 1,
1354 1473 1412 1506 11.
1459 1483 1566 1516 quem
1601 1473 1670 1518 ipsi

172 1517 359 1551 muneri
384 1517 561 1551 obtulerat
583 1516 619 1561 4,
643 1520 678 1558 2,
707 1521 761 1552 17.
803 1517 976 1550 eburneas
1001 1516 1181 1550 literarum
1203 1517 1338 1550 formas
1361 1516 1410 1551 in
1432 1518 1587 1552 lusum
1611 1520 1672 1553 of-

173 1564 271 1596 ferre
297 1565 329 1605 1,
354 1566 388 1606 1,
417 1563 474 1598 26.
521 1564 566 1608 β)
591 1576 620 1598 c.
645 1566 749 1597 Pron.
787 1565 933 1606 νεώρη.-
977 1573 1052 1596 non
1083 1567 1226 1607 oportet
1264 1563 1589 1599 offerentibus
1619 1577 1668 1600 se

175 1614 381 1643 contentum
406 1619 504 1643 esse:
536 1615 725 1654 quaeratur
753 1608 898 1653 aliquid,
924 1609 1045 1653 quod
1072 1614 1145 1643 est
1178 1609 1302 1643 ultra
1333 1612 1367 1652 7,
1401 1612 1435 1654 1,
1468 1611 1528 1645 25.
1575 1621 1669 1656 quae

176 1666 215 1689 se
239 1655 342 1689 nobis
367 1654 539 1689 solutiora
563 1656 769 1689 obtulerunt
794 1657 828 1698 9,
854 1653 888 1691 4.
915 1656 971 1690 15.
1017 1655 1114 1699 quod
1146 1653 1341 1700 primum
1372 1666 1412 1690 se
1440 1655 1610 1691 obtulerit
1633 1661 1669 1701 7,

175 1704 210 1744 1,
237 1703 294 1735 27.
343 1706 470 1735 cuncta
500 1712 539 1736 se
563 1713 644 1735 cum
671 1701 758 1745 ipsis
782 1699 1008 1745 protinus
1034 1700 1142 1734 rebus
1168 1700 1338 1735 offerrent
1362 1703 1419 1744 10,
1443 1703 1478 1744 1,
1500 1702 1536 1737 6.
1571 1703 1670 1748 quod

175 1747 301 1781 ultro
329 1758 368 1781 se
392 1746 518 1781 offerat
541 1750 576 1790 2,
605 1750 660 1791 11,
682 1746 716 1781 4.
745 1746 790 1788 cs.
816 1748 851 1790 7,
878 1749 909 1788 1,
935 1748 993 1781 50.
1041 1745 1141 1791 quasi
1166 1747 1345 1782 offerat
1372 1758 1423 1782 se
1450 1752 1486 1782 et
1509 1758 1671 1783 occur-

176 1798 246 1826 rat
269 1792 371 1837 copia
399 1795 432 1833 5,
461 1796 516 1835 10,
546 1795 620 1828 125.
668 1794 790 1840 figuris
814 1792 884 1836 jam
922 1802 996 1826 non
1030 1791 1288 1837 quaesitis,
1321 1794 1386 1827 sed
1418 1799 1601 1837 sponte,
1634 1800 1671 1829 et

174 1839 332 1883 reposito
355 1841 455 1873 velut
478 1840 647 1873 thesauro
672 1838 717 1873 se
742 1838 1075 1873 offerentibus
1099 1841 1132 1882 2,
1158 1842 1194 1882 7,
1218 1837 1253 1874 4.
1300 1838 1406 1874 inde
1429 1840 1565 1874 fractus
1590 1839 1673 1875 illa·-

178 1884 291 1919 borati
317 1886 472 1919 offerunt
495 1896 574 1920 sese
599 1888 655 1928 12,
683 1888 738 1928 10,
763 1886 820 1921 79.
868 1884 1025 1918 subito
1048 1895 1106 1919 res
1130 1890 1308 1928 venustas,
1343 1890 1444 1920 tanto
1478 1896 1527 1920 ex
1557 1885 1671 1920 inter-

175 1932 274 1967 vallo
298 1931 554 1975 repetitas,
592 1932 793 1965 reddere
817 1941 856 1965 se
878 1936 914 1964 et
937 1931 1121 1965 offerre
1145 1934 1202 1973 11,
1235 1933 1270 1974 2,
1293 1931 1328 1966 5.
1374 1937 1428 1965 tot
1450 1942 1491 1966 se
1512 1932 1671 1977 undique

174 1978 303 2020 rebus,
348 1988 398 2011 ex
432 1977 559 2021 quibus
592 1977 746 2021 aliquam
781 1977 1129 2021 apprehendas,
1171 1977 1506 2012 offerentibus
1541 1980 1598 2020 10,
1633 1978 1670 2023 5,

177 2026 233 2058 10.
280 2023 515 2057 communi
545 2028 580 2057 et
607 2023 800 2067 primum
823 2034 868 2056 se
898 2023 1142 2058 offerente
1163 2022 1302 2057 ratione
1325 2024 1361 2067 9,
1398 2025 1434 2068 1,
1457 2022 1492 2058 4.
1515 2023 1670 2059 offeren—

176 2069 269 2102 tibus
297 2080 336 2104 se
361 2068 552 2103 aliunde
577 2070 740 2104 sensibus
766 2072 822 2112 10,
846 2071 881 2111 7,
904 2069 940 2104 6.

131 2111 301 2155 Officio·
350 2126 377 2160 si
405 2137 476 2160 non
493 2128 581 2160 haec
609 2126 742 2160 lumina
773 2124 930 2160 invicem
961 2123 1149 2160 offecerint
1185 2126 1242 2168 12,
1277 2126 1333 2169 10,
1365 2122 1424 2160 46.
1471 2131 1511 2160 ut
1543 2132 1670 2163 neutra

175 2171 338 2214 (lin-gua)
363 2174 464 2206 alteri
489 2172 622 2207 officiat
651 2175 683 2215 1,
713 2176 742 2215 1,
771 2171 826 2206 14.

131 2214 352 2258 Officium.
395 2229 437 2268 α)
461 2242 490 2262 c.
512 2230 621 2273 Adi„-
658 2228 717 2263 off.
742 2228 862 2264 civilia
884 2231 920 2270 2,
941 2227 977 2271 4,
1002 2230 1061 2263 27.
1086 2230 1121 2270 2,
1144 2227 1199 2270 15,
1224 2227 1281 2262 36.
1311 2229 1368 2270 πο,
1394 2228 1430 2270 3,
1461 2228 1515 2262 11.
1553 2230 1609 2272 ιο,
1632 2232 1668 2273 7,

175 2277 208 2307 1.
234 2276 290 2316 11,
315 2276 350 2317 3,
374 2277 431 2308 22.
457 2277 512 2318 12,
537 2278 573 2318 2,
593 2276 626 2309 6.
674 2275 914 2309 communium
940 2274 1001 2309 off.
1038 2276 1094 2317 12,
1124 2274 1159 2316 9,
1194 2276 1249 2307 11.
1298 2272 1358 2307 off.
1395 2272 1600 2308 contionale
1631 2277 1667 2319 3,

174 2321 209 2362 8,
235 2319 290 2353 14.
339 2320 498 2364 pluribus
521 2326 557 2354 et
581 2321 734 2356 diversis
759 2321 818 2356 off.
846 2324 881 2363 2,
920 2320 956 2364 4,
992 2320 1048 2355 29.
1096 2320 1184 2353 haec
1220 2318 1295 2362 off„
1331 2329 1423 2363 qnae
1457 2319 1667 2364 plerumque

175 2371 258 2399 sunt
284 2363 467 2409 prooemia
491 2365 638 2409 similia,
664 2368 728 2400 sed
755 2366 926 2401 liberiora
947 2365 1179 2410 plenioraque
1204 2366 1238 2406 6,
1266 2367 1299 2407 1,
1324 2366 1359 2398 9.
1385 2369 1458 2398 tam
1479 2365 1667 2410 multiplex

175 2411 238 2444 off.
270 2413 324 2453 10,
349 2415 383 2453 7,
406 2413 438 2446 9.
487 2412 667 2457 praesenti
692 2413 750 2446 off.
775 2415 831 2456 11,
856 2416 891 2454 2,
915 2411 972 2446 44.
997 2410 1147 2454 primum
1170 2410 1229 2444 off.
1257 2412 1290 2452 5,
1315 2413 1350 2452 7,
1375 2413 1410 2445 7.
1451 2409 1496 2452 qs.
1529 2414 1584 2454 12,
1611 2414 1668 2455 10,

176 2456 232 2490 59.
279 2457 433 2501 propriis
459 2459 518 2493 off.
541 2461 576 2502 2,
601 2461 659 2501 21,
683 2461 716 2492 3.
764 2469 880 2502 neque
903 2457 1048 2502 publico
1071 2467 1189 2501 neque
1212 2456 1352 2500 privato
1375 2455 1436 2490 off.
1474 2459 1529 2500 12,
1563 2460 1598 2500 7,
1629 2461 1664 2492 1.

177 2500 223 2541 cf.
248 2503 282 2542 3,
310 2506 343 2544 7,
368 2505 405 2536 2.
450 2503 493 2547 β)
518 2517 547 2538 c.
585 2506 692 2538 Genii.
739 2504 773 2546 a)
798 2505 859 2538 off.
883 2502 1021 2550 agentis
1045 2501 1103 2546 (a.
1130 2507 1152 2536 l.
1180 2502 1324 2548 agendi)
1349 2503 1405 2543 12,
1429 2502 1464 2545 9,
1491 2504 1508 2535 1
1540 2504 1587 2536 Ν.
1617 2516 1665 2538 cr.

173 2545 234 2580 off.
260 2546 346 2581 boni
373 2548 464 2582 civis
495 2552 550 2592 12,
579 2553 633 2588 11,
657 2553 688 2583 1.
737 2551 833 2594 quod
861 2556 913 2585 est
940 2549 1044 2592 hujus
1069 2550 1124 2587 (S
1134 2562 1167 2592 p.
1195 2548 1233 2582 in
1255 2546 1332 2590 his)
1363 2547 1520 2582 doctoris
1543 2548 1604 2583 off.
1631 2552 1663 2592 1,

177 2594 234 2635 11,
258 2590 282 2625 4
307 2593 341 2626 S.
373 2593 431 2626 off.
459 2594 661 2629 docentium
684 2599 719 2638 2,
742 2598 778 2639 9,
805 2598 837 2629 1.
885 2596 947 2630 off.
969 2593 1084 2628 dantis
1108 2599 1234 2628 testem
1259 2599 1294 2627 et
1324 2593 1522 2628 refellentis
1561 2595 1595 2636 5,
1627 2597 1661 2636 7,

174 2638 209 2673 9.
237 2636 298 2671 off.
323 2639 632 2683 grammaticorum
655 2642 689 2684 8,
720 2642 755 2683 5,
781 2643 836 2676 35.
883 2640 1035 2675 oratoris
1059 2639 1119 2674 off.
1148 2643 1180 2683 1,
1219 2641 1274 2681 10,
1306 2638 1366 2674 47.
1403 2651 1438 2673 v.
1478 2639 1660 2674 Orator.

174 2683 236 2718 off.
255 2683 400 2726 patroni
430 2686 484 2726 11,
512 2688 543 2727 1,
570 2687 627 2720 65.
676 2686 735 2720 off.
764 2686 915 2721 rhetoris
939 2688 996 2721 Pr.
1021 2689 1065 2720 21
1105 2698 1138 2719 v.
1171 2686 1358 2719 Rhetor.
1406 2684 1492 2718 boni
1508 2683 1578 2719 viri
1601 2685 1662 2720 off.

175 2731 233 2771 12.
259 2730 291 2770 1,
317 2727 374 2762 34-
421 2729 461 2772 b)
486 2730 546 2762 off·
573 2733 632 2766 vel
657 2732 901 2778 cognationis,
926 2734 988 2768 vel
1011 2730 1208 2774 amicitiae,
1238 2730 1466 2774 maximeque
1488 2729 1577 2773 reip.
1602 2735 1661 2763 aut

172 2773 320 2819 alicujus
345 2779 442 2810 certe
465 2785 539 2810 non
567 2776 757 2813 mediocris
780 2778 938 2824 exempli
962 2777 999 2824 4,
1031 2781 1065 2822 1,
1094 2781 1128 2818 7.
1176 2775 1447 2812 consonantium
1477 2774 1537 2810 off.
1571 2777 1604 2820 1,
1626 2774 1662 2821 4,
