1728 3002
165 258 220 299 48
711 253 878 311 Aliquis
906 277 961 285 —-
990 250 1130 295 Aliter

212 368 377 415 aliquod)
403 369 643 415 proprium,
672 367 946 413 speciosum,
974 364 1165 402 sublime
1193 367 1229 410 1,
1252 365 1288 410 5,
1311 366 1347 402 3.
1380 363 1556 412 pudorem
1578 376 1684 416 suum

211 415 410 455 ridiculo
438 417 588 461 aliquo
616 415 794 459 explicant
815 414 849 457 6,
869 415 904 456 3,
922 414 1000 447 100.
1028 412 1161 458 aliquid
1183 411 1315 448 serium
1336 412 1426 457 6,·3‚
1449 411 1514 460 16.
1533 406 1684 460 aliqua

213 461 272 495 his
298 462 459 496 similia
487 466 541 503 11,
566 464 599 504 3,
623 463 679 497 89.
711 460 754 502 cs.
777 461 812 498 8.
837 461 870 499 3,
894 457 953 493 45.
983 458 1077 493 inter
1099 457 1232 506 gracile
1251 457 1482 505 validumque
1503 459 1686 503 tertium

215 507 382 552 aliquid
418 510 480 550 12,
506 510 567 551 10,
590 509 646 543 66.
680 518 701 540 a
730 505 794 541 vili
821 504 940 548 aliquo
973 504 1014 546 6,
1039 506 1077 549 1,
1102 505 1158 540 16.
1214 503 1249 550 y)
1281 517 1311 538 c.
1341 505 1520 539 Numer-ali
1548 505 1684 553 ιιᾷιιετ

215 553 379 597 aliquid
416 565 521 600 agere
550 560 684 587 tantum
716 562 840 584 unum
866 554 899 592 1,
927 553 981 588 12.
1007 552 1042 586 2.
1083 561 1211 584 unum
1244 549 1438 596 aliquem
1466 550 1686 587 constituero

212 599 384 633 lectorem
406 602 448 640 2,
473 600 513 639 5,
538 600 571 634 6.
618 598 648 632 si
676 609 801 631 unum
831 595 999 640 aliquid
1030 596 1215 630 affirmaris
1246 596 1468 641 probandum
1495 599 1537 640 7,
1561 599 1602 638 2,
1628 599 1687 636 12.

217 643 262 685 cs.
286 643 327 688 4,
350 647 391 687 2,
415 646 471 679 92.
504 648 543 687 7,
571 647 604 681 1.
629 647 682 678 13.
718 654 797 677 cum
820 653 878 676 res
905 642 1102 676 communis
1128 641 1331 687 pluribus
1353 641 1394 677 in
1417 652 1504 677 uno
1532 641 1686 689 aliquo

215 691 320 724 habet
349 701 477 724 nomen
503 690 670 724 eximium
696 691 730 732 8,
755 692 789 732 2,
813 689 847 723 8.
888 688 947 732 qui
978 699 1017 723 se
1047 687 1123 722 uni
1152 687 1289 723 alicui
1320 688 1445 736 generi
1475 689 1690 726 dediderunt

216 737 275 776 10,
300 739 341 779 2,
365 738 421 771 23.
455 735 498 777 cs.
531 739 573 770 ih.
595 735 651 770 24.
691 746 763 769 non
793 734 830 768 in
867 734 1054 779 aliquam
1083 746 1160 769 rem
1188 745 1335 778 unam,
1367 735 1433 769 sed
1459 734 1499 770 in
1532 737 1687 780 plures

215 781 320 814 simut
344 782 575 815 continuas
601 784 656 824 10,
671 785 704 822 7,
722 783 777 815 15.
810 791 873 814 cur
895 791 970 814 non
995 780 1158 825 aliquis
1183 780 1290 815 etiam
1313 790 1428 815 unus
1451 783 1690 826 utrumque

215 827 384 870 consequi
407 827 540 871 possit?
570 830 626 870 12,
651 831 685 870 1,
708 829 764 861 31.
815 825 852 869 δ)
886 839 915 861 c.
938 827 1105 860 Nominib.
1130 833 1160 860 et
1183 827 1322 870 Adject.
1347 832 1506 871 nostra
1539 826 1689 872 aliqua

215 873 467 919 argumentatio
496 871 531 917 4,
555 876 590 917 2,
616 876 693 908 102.
725 871 903 917 aliquos
935 881 1040 906 suos
1071 873 1184 907 libros
1214 874 1250 917 3,
1273 873 1316 916 6,
1339 871 1399 908 64.
1430 872 1471 908 in
1497 872 1686 918 aliquam

214 929 312 962 spem
335 929 453 952 suam
476 922 510 962 7,
534 918 573 961 4,
593 921 653 954 23.
695 918 842 963 aliqua
874 923 928 951 tot
953 918 1105 953 luctibus
1133 918 1221 952 alia
1245 918 1414 965 cogitatio
1439 918 1552 955 inseri
1574 914 1687 964 possit

213 965 249 1006 6,
266 965 319 997 Pr.
337 963 388 998 14.
413 965 443 998 si
465 971 583 998 certa
608 965 756 1009 aliqua
781 964 842 999 via
858 964 950 998 tradi
970 964 1009 998 in
1036 974 1184 999 omnes
1208 964 1373 1000 materias
1388 970 1514 1010 posset
1534 962 1689 1008 7‚.1²r.,4.

216 1009 389 1054 aliquos
413 1011 678 1054 compositionis
702 1016 847 1045 certos
871 1012 981 1054 pedes
1006 1012 1064 1054 10,
1089 1013 1126 1053 2,
1147 1012 1204 1046 13.
1232 1010 1272 1044 in
1298 1010 1455 1056 aliquo
1477 1009 1690 1059 graviore

214 1061 295 1089 acm
319 1059 372 1097 12,
397 1058 429 1100 1,
455 1055 509 1090 14.
549 1058 601 1091 Ne
625 1057 683 1091 cui
705 1062 864 1091 vestrum
885 1075 932 1082 —
954 1067 1056 1090 meus
1080 1063 1140 1090 aut
1160 1058 1282 1091 vultus
1303 1056 1510 1101 molestior,
1533 1061 1594 1091 aut
1612 1062 1691 1110 vffix

214 1101 547 1136 immoderatior
581 1103 727 1147 aliqua
751 1121 797 1128 —-
821 1102 931 1137 fuisse
954 1102 1119 1137 videatur
1151 1105 1264 1137 Coel-
1293 1106 1358 1148 11,
1382 1106 1424 1147 1,
1450 1105 1508 1138 51.
1538 1101 1690 1147 aliqua

214 1147 330 1191 justa
354 1147 489 1182 ratione
515 1148 555 1192 4,
577 1152 619 1192 2,
642 1150 697 1184 65.
736 1147 928 1193 aliquam
952 1159 1147 1195 magnam
1172 1148 1342 1183 virtutem
1368 1150 1516 1194 adeptus
1540 1149 1576 1192 8,
1601 1148 1638 1191 3,
1660 1149 1695 1184 1.

216 1194 299 1226 dum
325 1193 577 1228 continuationi
601 1194 768 1229 orationis
792 1194 963 1228 medius
987 1194 1151 1239 aliquis
1178 1205 1304 1228 sensns
1323 1194 1519 1230 intervenit
1529 1195 1564 1235 9,
1579 1194 1617 1237 3,
1630 1194 1692 1228 23.

216 1238 391 1283 aliquae
414 1240 516 1273 nobis
539 1241 820 1275 necessariae
843 1240 967 1275 literae
981 1243 1015 1284 1,
1028 1238 1064 1284 4,
1078 1244 1114 1275 7.
1149 1240 1299 1275 subinde
1323 1240 1472 1286 aliqua
1493 1237 1693 1274 notabili

215 1284 326 1331 figura
356 1285 545 1319 excitatum
574 1288 612 1328 9,
635 1289 676 1330 3,
698 1290 755 1321 27.
798 1286 962 1330 primus
993 1286 1158 1331 aliquis
1188 1298 1332 1329 sensus,
1364 1292 1402 1321 et
1426 1286 1624 1328 secundus,
1657 1289 1696 1319 et

216 1331 338 1364 tertius
363 1334 397 1373 7,
417 1334 472 1373 10,
494 1333 546 1367 16.
575 1334 687 1366 cultus
712 1343 783 1367 non
808 1338 862 1367 est
883 1333 1092 1377 proprius
1117 1332 1271 1368 oratoris
1293 1331 1458 1377 aliquis
1480 1334 1537 1372 11,
1558 1332 1596 1376 3,
1612 1331 1695 1366 137.

217 1375 247 1409 si
271 1387 336 1419 per
360 1377 546 1421 aliquam
569 1384 728 1412 rectam
752 1379 847 1414 viam
871 1378 1050 1412 mittamus
1073 1379 1199 1413 oculos
1227 1380 1288 1418 10,
1311 1381 1348 1421 7,
1373 1379 1430 1414 16.
1537 1388 1559 1412 e
1581 1377 1697 1411 habe-

216 1427 298 1455 rent
333 1422 521 1467 aliquam
556 1430 764 1458 remotam
799 1425 842 1458 ab
878 1436 946 1458 usu
976 1424 1159 1459 fictionem
1187 1426 1229 1466 9,
1257 1427 1298 1468 1,
1321 1424 1380 1460 25.
1402 1423 1466 1458 'su
1502 1426 1695 1466 tractum

217 1468 367 1502 verbum
392 1469 570 1513 aliquod
596 1472 688 1513 9,3.
714 1472 770 1506 58.
795 1472 874 1505 vult
892 1470 1017 1505 Celsus
1034 1482 1113 1505 esse
1137 1470 1329 1516 aliquam
1353 1475 1391 1505 et
1413 1469 1696 1515 superiorem

219 1513 510 1557 compositionem
540 1517 581 1559 9,
605 1515 647 1559 4,
673 1519 750 1551 137.
789 1516 950 1560 corporis
983 1516 1088 1551 etiam
1118 1522 1238 1562 potest
1269 1527 1350 1551 esse
1384 1514 1538 1561 aliqua
1567 1519 1696 1550 tanta

218 1558 422 1640 gefgeritSao
447 1564 507 1605 11,
530 1563 572 1606 3,
596 1565 651 1597 12.
684 1573 791 1609 saepe
818 1569 873 1598 est
899 1563 1140 1599 vehemens
1163 1562 1328 1610 aliquis
1357 1572 1485 1598 sensus
1511 1561 1553 1599 in
1576 1560 1696 1598 verbo

250 1629 261 1648 ,
313 1631 324 1649 ‚
395 1630 405 1640 .

311 1671 380 1716 111)
413 1675 686 1708 Proca-edentibus
715 1677 769 1720 εἰ,
798 1678 901 1722 nisi,
936 1689 1040 1714 nunu.
1113 1675 1153 1720 α)
1188 1675 1225 1710 si
1256 1675 1406 1722 aliqua
1437 1671 1717 1722 contendunt„

219 1735 266 1745 —-
297 1718 328 1752 si
356 1729 431 1752 non
464 1721 602 1754 omnia
640 1732 702 1755 sua
736 1729 887 1757 amasset
919 1725 981 1767 10,
1006 1726 1047 1767 1,
1075 1725 1155 1758 130.
1197 1722 1242 1764 cfi
1265 1720 1309 1762 4,
1332 1725 1372 1763 1,
1395 1722 1453 1758 53.
1496 1720 1696 1766 requirunt,

219 1775 326 1799 num
359 1764 548 1809 aliquid
578 1778 625 1800 ex
658 1767 728 1801 illis
761 1769 942 1804 intervelli
973 1768 1087 1814 possit
1115 1771 1172 1811 12,
1199 1769 1234 1811 9,
1257 1770 1315 1803 17.
1338 1779 1372 1801 v.
1407 1764 1531 1802 Nini.
1565 1766 1696 1807 Num·

220 1809 259 1852 β)
295 1813 359 1843 alio
384 1814 540 1845 vocabulo
574 1814 760 1857 interjecto.-
792 1815 828 1849 si
862 1827 973 1849 unum
1005 1814 1175 1860 aliquid
1209 1812 1396 1848 affirmaris
1426 1816 1461 1855 7,
1484 1815 1528 1856 2,
1561 1813 1618 1846 12·
1658 1810 1698 1846 Si

221 1862 318 1889 certa
346 1856 507 1900 aliqua
537 1857 597 1892 via
621 1878 667 1884 —
691 1859 780 1894 tradi
803 1867 925 1905 posset
953 1865 989 1904 7,
1014 1859 1135 1895 Pr.-4.
1171 1859 1208 1894 si
1231 1871 1297 1903 per
1320 1858 1530 1903 aliquam
1560 1856 1697 1894 rectam

220 1901 316 1935 viam
340 1902 514 1936 mittamus
538 1905 660 1938 oculos
690 1908 745 1950 10,
771 1908 805 1950 7,
834 1908 888 1942 16.
921 1906 958 1941 si
989 1906 1028 1940 in
1057 1906 1206 1950 aliqua
1233 1910 1410 1949 potestate
1438 1909 1493 1939 est
1520 1903 1631 1949 judex
1657 1903 1697 1948 4,

221 1949 263 1991 5,
288 1949 342 1981 10.
391 1949 425 1981 si
463 1949 629 1993 asperitas
663 1951 707 1985 iis
750 1953 883 1996 placuit
921 1951 1114 1997 alicujus
1148 1954 1214 1995 10,
1234 1954 1279 1995 2,
1301 1953 1360 1986 23.
1411 1949 1458 1993 cs.
1483 1951 1528 1995 5,
1550 1952 1616 1995 11.
1637 1950 1697 1985 10·

218 1993 326 2053 633,
351 1994 406 2028 16.
440 1997 500 2034 11,
527 1998 566 2038 1,
589 1998 646 2030 51.
935 2020 938 2022 -
1562 2009 1568 2020 ·
1610 2024 1611 2027 η

177 2046 325 2092 Aliter·
387 2059 428 2104 α)
458 2064 662 2105 simpliciter.-
698 2075 814 2109 neque
847 2066 934 2100 alia
962 2084 1011 2092 —
1035 2065 1100 2099 sed
1135 2063 1270 2099 aliter
1292 2065 1335 2106 6,
1358 2063 1401 2108 4,
1426 2067 1462 2099 2·
1500 2072 1590 2098 cnm'
1608 2062 1702 2097 111180

219 2105 295 2149 ipsa
321 2116 429 2150 opera
450 2127 497 2133 —
526 2109 728 2143 facultatem
758 2112 861 2145 aliter
891 2111 1099 2157 acquirendi
1130 2111 1290 2146 recidant
1315 2114 1371 2151 12,
1393 2113 1431 2155 7,
1459 2111 1515 2144 10.
1537 2107 1700 2143 ‘Invitus

220 2153 320 2204 dico,
360 2153 526 2196 quoniam
566 2161 601 2188 et
633 2156 734 2190 aliter
764 2157 876 2202 accipi
919 2160 961 2203 (τ’.
986 2170 1016 2191 e.
1051 2170 1272 2201 perperam
1308 2156 1530 2200 intelligi)
1564 2159 1699 2200 potest,

221 2207 331 2240 ipsam
361 2199 611 2234 verecundiam
637 2221 684 2228 -—
714 2214 792 2237 esse
824 2203 917 2238 inter
947 2204 1098 2238 adversa
1131 2206 1195 2245 12,
1227 2205 1267 2246 5,
1298 2205 1320 2237 2
1351 2204 1398 2237 Ν.
1437 2198 1700 2245 v..Aocipio.

222 2243 466 2293 sse-judicasse
502 2247 545 2279 de
574 2258 699 2290 causa,
732 2260 800 2283 nec
829 2249 932 2284 aliter
967 2250 1138 2283 affuturos
1170 2249 1281 2283 fuisse
1312 2250 1372 2292 11,
1392 2250 1425 2288 1,
1447 2249 1507 2282 27:
1539 2243 1701 2289 alaidilui

223 2288 360 2330 objecta
389 2300 460 2323 non
489 2298 638 2334 possunt
669 2294 710 2336 9,
736 2297 777 2336 2,
799 2295 858 2330 93.
900 2297 1009 2342 longa
1041 2296 1265 2329 consuetudo
1300 2295 1343 2328 al.
1377 2290 1532 2327 docendi
1558 2288 1701 2331 fuerat

221 2334 337 2379 legem
361 2335 395 2375 2,
420 2337 452 2375 5,
477 2339 511 2368 2.
542 2348 656 2381 neque
678 2339 772 2372 enim
799 2341 902 2375 aliter
924 2341 1104 2383 eveniret,
1128 2346 1168 2374 ut
1191 2348 1251 2374 eto.
1275 2340 1312 2382 9,
1335 2337 1371 2380 4,
1394 2339 1449 2372 10.
1476 2337 1581 2373 vetut
1599 2333 1632 2371 si
1653 2336 1702 2382 81.

223 2378 342 2411 facere
370 2380 422 2412 fas
452 2391 523 2414 non
554 2382 597 2416 sit
627 2386 666 2423 2,
692 2387 753 2427 13,
779 2387 812 2419 1.
852 2385 1059 2431 μετάβασιν
1085 2391 1238 2428 vocant,
1274 2395 1379 2429 quam
1412 2382 1700 2426 et‘aliter'iSp·

227 2426 341 2474 probat
365 2427 497 2457 Toltii
523 2429 657 2467 conjeci.
684 2430 799 2464 taliter
814 2431 861 2465 N'.
877 2431 940 2476 cr.)
964 2432 1042 2466 fieri
1064 2437 1188 2476 putant
1208 2432 1243 2474 9,
1259 2433 1294 2474 3,
1308 2433 1366 2465 25.
1391 2430 1442 2471 al.
1460 2429 1557 2464 enim
1578 2426 1701 2462 multis

226 2470 339 2501 modis
368 2469 427 2501 fiet
451 2473 600 2505 enormis
626 2474 740 2516 (toga)
769 2478 822 2515 11,
845 2479 885 2519 3,
915 2480 991 2513 139.
1040 2488 1131 2522 quae
1160 2487 1199 2510 se
1224 2477 1356 2511 habere
1381 2486 1457 2510 non
1478 2477 1628 2526 possm?
1650 2473 1723 2506 δι’

226 2515 262 2556 5,
279 2515 315 2555 9,
337 2517 369 2546 3.
395 2514 452 2565 .A¹¹
478 2517 521 2548 al.
546 2518 788 2554 deffensionem
814 2522 970 2557 Socratis
991 2522 1213 2567 scripsisset?
1242 2525 1277 2566 2,
1297 2523 1354 2565 15,
1371 2523 1426 2557 29.
1462 2521 1511 2568 al.
1537 2519 1701 2571 obtinere

225 2570 313 2593 vera
335 2564 370 2591 et
393 2566 480 2601 justa
505 2569 565 2594 etc.
595 2575 663 2597 non
689 2572 835 2608 possunt
850 2568 886 2610 6,
901 2571 981 2611 1‚7.
1009 2569 1038 2602 si
1062 2570 1106 2604 al.
1131 2568 1301 2603 sentirem
1327 2570 1382 2610 12,
1402 2568 1502 2608 1,21.
1548 2565 1701 2600 Aliter

227 2615 367 2655 quoque
392 2615 501 2639 voces
528 2613 597 2640 aut
621 2611 763 2643 eaedem
791 2612 932 2647 diversa
953 2614 989 2647 in
1012 2614 1267 2661 significatione
1292 2617 1488 2659 pommtur,
1521 2614 1595 2650 aut
1614 2616 1701 2654 pro-

228 2651 393 2683 ductione
423 2656 554 2684 tantum
583 2655 643 2686 vel
673 2658 896 2699 correptione
926 2666 1079 2693 mutatae
1109 2661 1149 2699 9.
1175 2662 1215 2702 3,
1238 2661 1307 2701 69;
1358 2659 1528 2702 Superest
1556 2662 1605 2690 ΕΚ
1629 2653 1700 2695 his·

228 2706 317 2739 quae
349 2695 450 2729 aliter
478 2696 674 2744 significant
703 2699 747 2742 (ι’.
772 2715 800 2735 e.
826 2716 925 2747 quam
944 2707 1026 2745 fieri
1048 2704 1180 2749 debet),
1201 2701 1419 2750 μετάληψις
1453 2703 1496 2745 8,
1517 2701 1631 2744 6,.37
1653 2700 1702 2734 Μ

228 2743 269 2784 β)
298 2744 488 2792 repetitum,-
532 2743 681 2777 Aliter
712 2746 805 2779 enim
835 2752 1075 2790 oraculorum,
1112 2751 1165 2784 al.
1191 2750 1392 2795 aruspicum
1416 2755 1478 2782 etc.
1501 2747 1590 2781 fides
1614 2755 1701 2780 con-

229 2786 358 2819 firman
380 2792 494 2830 potest
516 2789 550 2830 5,
570 2792 606 2832 7,
621 2790 675 2823 36.
702 2791 752 2823 al.
778 2793 816 2826 Ρ.
829 2793 973 2827 Clodius
997 2797 1048 2829 al.
1073 2794 1168 2839 App.
1194 2795 1330 2830 Caecus
1351 2793 1495 2841 fingitur
1513 2795 1570 2833 11,
1589 2794 1623 2835 1,
1639 2791 1700 2826 39·

230 2833 352 2866 eadem
377 2832 446 2866 dici
469 2835 586 2868 solent
608 2835 738 2870 aliter
760 2842 887 2882 atque
915 2840 1048 2876 aliter
1070 2845 1121 2885 (a.
1144 2845 1168 2875 1¹.
1195 2853 1257 2876 om.
1282 2847 1390 2886 atque
1412 2837 1526 2882 aliter)
1546 2839 1584 2883 9.
1597 2836 1702 2880 1,16.
