1794 2976
226 169 310 213 944
779 216 787 222 „
892 166 1084 212 Verbum

267 285 326 321 52.
353 295 435 319 cum
459 281 530 318 sint
552 295 591 320 v.
616 281 686 319 alia
710 282 850 328 nativa,
883 283 922 318 id
949 290 1024 329 est,
1055 295 1146 331 quae
1169 285 1364 334 significata
1392 291 1475 322 sunt
1495 287 1612 334 primo
1638 299 1761 333 sensu,

267 332 338 366 alia
364 337 528 376 reperta,
559 342 650 376 quae
678 342 725 366 ex
753 331 809 365 his
837 331 931 366 facta
962 338 1045 366 sunt
1069 333 1114 376 8,
1137 334 1183 376 3,
1207 334 1265 369 36.
1296 333 1563 369 obscurioribus
1586 341 1623 378 et
1654 336 1762 382 igno-

267 377 419 412 tioribus
449 389 487 413 v.
515 380 559 420 7,
588 380 632 417 3,
659 380 715 412 13.
752 389 857 422 quam
888 378 1034 412 minime
1066 378 1255 426 peregrina
1280 385 1495 414 et.externa
1518 393 1557 415 v,
1580 383 1628 423 8,
1657 385 1698 426 1,
1725 385 1760 416 2.

266 424 430 469 planiora
464 428 499 457 et
528 423 730 457 communia
752 424 864 471 magis
887 436 924 460 v.
949 425 995 467 8,
1018 427 1062 467 2,
1087 425 1145 468 24.
1178 431 1218 459 ut
1248 432 1326 461 noh
1358 426 1473 460 dicam
1503 425 1762 474 pinguioribus,

269 470 482 504 certioribus
509 481 546 504 v.
577 473 641 513 12,
673 473 736 512 10,
763 472 818 505 53.
850 481 889 509 v,
922 471 992 514 jam
1026 472 1173 515 probata
1196 477 1232 506 et
1255 473 1369 509 electa
1396 478 1432 506 et
1456 475 1557 507 velut
1585 473 1764 520 assignata

268 516 335 551 sibi
365 518 408 559 9,
433 515 479 559 4,
505 517 561 551 58.
598 515 777 550 arcessitis
801 528 839 551 v.
868 534 910 541 -
935 517 1089 561 propriis
1115 519 1162 560 8,“
1183 518 1228 562 6,
1251 516 1310 553 48.
1334 518 1488 564 propriis
1508 515 1548 554 fv.
1577 525 1614 554 et
1637 520 1764 554 ordine

268 562 455 597 collocatis
480 563 515 605 9,
540 565 572 602 1.
596 565 631 597 7.
657 574 695 597 v.
720 562 873 607 propriis
899 568 934 596 et
958 564 1247 610 significantibus,
1274 570 1311 598 et
1332 574 1411 599 non*
1431 565 1584 600 sordidis
1608 565 1766 611 quidem,

267 619 343 643 non
366 615 485 651 tamen
510 608 697 653 exquisitis
730 615 766 643 et
789 610 832 643 ab
859 620 927 642 usu
957 610 1103 644 remotis
1126 609 1171 653 4,
1195 614 1240 653 2,
1264 611 1322 646 36.
1349 623 1388 647 v.
1414 611 1623 656 proprium,
1657 621 1767 645 orna-

269 660 364 698 tum,
390 654 542 689 sublime
566 658 602 698 2,
627 657 662 698 5,
686 655 721 693 9,
745 667 783 690 v.
807 655 971 699 propria,
992 656 1094 699 ficta,
1119 658 1288 690 translata
1313 658 1349 701 8,
1372 658 1408 700 3,
1432 656 1489 692 24.
1514 657 1560 699 cs.
1587 659 1631 700 8,
1658 658 1702 700 6,
1730 661 1767 692 2.

242 713 249 719 ‘
270 714 306 737 v.
330 701 582 744 Proprius.
614 713 653 736 v.
678 700 826 748 singulis
860 707 896 736 et
918 702 1096 736 contextis
1125 705 1168 745 9,
1191 701 1235 746 4,
1258 705 1318 738 23.
1352 714 1390 737 v.
1414 702 1563 750 singulis
1595 709 1656 737 aut
1678 713 1767 756 con-

268 747 402 791 junctis
429 748 472 790 8,
504 749 542 790 1,
569 750 603 781 1.
628 747 737 790 (sing.
762 749 814 790 v.)
845 759 910 792 per
934 752 978 782 'se
1003 750 1134 782 nullam
1158 748 1329 783 virtutem
1361 749 1515 793 habent3
1550 751 1614 784 sed
1641 761 1688 783 ne
1712 749 1768 783 in-

271 799 398 828 ornata
424 793 566 838 quidem
590 799 672 826 sunt
698 796 743 836 8,
767 796 808 836 3,
832 795 889 828 38.
917 794 1066 828 sublime
1091 794 1312 839 nitidumque
1332 806 1371 831 v.
1399 796 1434 838 8,
1459 798 1501 838 3,
1526 797 1581 830 18.
1604 807 1642 830 v.
1668 795 1766 830 inso-

268 842 369 882 lens,
395 839 562 874 audacius
586 840 814 882 translatum,
840 846 901 873 aut
926 841 969 874 ab
994 842 1151 875 absoleta
1174 846 1351 876 vetustate
1374 846 1436 875 aut
1458 841 1602 886 poetica
1622 841 1769 876 licentia

269 892 423 920 sumtum
445 885 487 927 4,
516 889 557 928 1,
582 887 639 920 58.
672 897 711 921 v.
736 887 894 928 delecta,
921 889 1114 930 translata,
1141 889 1339 932 superlata,
1360 888 1407 923 ad
1429 898 1564 921 nomen
1587 887 1766 931 adjuncta,

272 932 427 976 duplicia
453 937 488 965 et
514 931 609 965 idem
634 932 889 979 significantia,
925 934 968 966 ab
994 933 1070 978 ipsa
1093 933 1236 968 actione
1259 932 1331 982 auf.
1354 933 1400 968 ab
1423 933 1623 978 imitatione
1646 940 1768 967 rerum

271 990 345 1031 non
371 978 600 1012 abhorrentia
624 980 659 1021 8,
684 980 718 1021 3,
746 978 804 1012 43.
832 991 865 1016 υ,
885 980 1068 1016 Nomen.
1090 991 1128 1018 v.
1153 979 1315 1028 vulgaffi
1337 985 1375 1015 et
1396 977 1636 1026 cotidiaua‘4,
1652 982 1688 1024 2,
1707 980 1767 1015 58.

269 1031 397 1059 usltata
422 1041 466 1049 --
490 1035 587 1060 nova
620 1036 657 1060 v.
687 1028 727 1068 1,
753 1027 793 1071 5,
820 1028 875 1060 71,
1626 1029 1631 1038 ··

317 1092 366 1136 β)
393 1094 587 1128 Nominat..·
623 1105 686 1137 ea,
711 1105 802 1138 quae
828 1092 1048 1139 significant,
1072 1091 1110 1127 id
1140 1098 1195 1128 est
1214 1092 1328 1136 verba
1349 1090 1385 1136 3,
1410 1094 1446 1137 5,
1459 1091 1769 1136 -1..philoooph0-

272 1151 353 1174 rum
382 1139 543 1184 quibusd.
578 1142 715 1173 nullum
748 1140 892 1175 videtur
917 1151 995 1174 esse
1019 1141 1192 1183 verbum,
1224 1135 1335 1184 'quod
1353 1135 1561 1183 non'plura
1593 1138 1770 1184 significet

271 1190 308 1230 7,
331 1187 368 1228 9,
397 1189 429 1219 1.
458 1187 599 1220 verba
624 1187 661 1219 in
685 1186 741 1220 his
772 1186 901 1220 similia
925 1205 971 1211 —
994 1186 1070 1221 vis
1095 1185 1237 1230 quidem
1263 1187 1372 1236 longe
1395 1185 1538 1233 diversa
1564 1185 1599 1227 5,
1628 1189 1684 1228 11,
1709 1185 1768 1219 26.

272 1244 307 1265 v.
332 1233 514 1265 Sensus.
561 1243 640 1265 cum
673 1234 816 1267 verba
846 1237 969 1266 contra
1001 1232 1094 1274 sint,
1126 1233 1171 1266 de
1194 1232 1456 1267 voluntate
1483 1236 1653 1276 queratur
1675 1233 1711 1274 7,
1734 1233 1769 1273 1,

270 1276 327 1311 49.
359 1277 471 1320 priori
502 1278 698 1311 sententiae
733 1290 770 1312 v.
795 1279 956 1311 ultimum
993 1289 1034 1311 ac
1068 1277 1249 1321 sequentis
1278 1277 1432 1321 primum
1469 1277 1679 1321 frequenter
1716 1282 1772 1310 est

271 1323 367 1357 idem
390 1324 434 1365 9,
458 1325 503 1363 3,
534 1322 589 1356 44.
617 1323 844 1358 intervallum
870 1329 988 1356 motus
1013 1322 1071 1366 (in
1095 1322 1340 1365 declamando)
1367 1323 1437 1356 tria
1461 1334 1499 1360 v.
1528 1332 1608 1356 esse
1638 1322 1771 1357 volue-

271 1374 356 1403 runt
382 1371 447 1411 11,
474 1370 518 1411 3,
545 1371 622 1403 107.
645 1381 704 1410 v„
739 1370 836 1413 quod
869 1379 986 1412 neque
1019 1369 1239 1404 intellectum
1277 1369 1421 1412 adjuvat
1451 1379 1570 1412 neque
1603 1373 1769 1402 ornatum

273 1416 310 1458 8,
335 1417 370 1457 3,
395 1415 451 1448 55.
478 1415 629 1449 verba
654 1420 689 1448 et
712 1415 859 1457 facta,
885 1425 978 1459 quae
1005 1419 1284 1457 antecesserunt,
1314 1414 1476 1460 Quaeque
1502 1413 1664 1448 insecuta
1687 1418 1770 1447 sunt

272 1464 309 1504 7,
338 1463 381 1502 2,
408 1458 464 1494 46.
499 1471 569 1504 qua
597 1459 751 1504 (litera)
778 1462 916 1494 nullum
951 1461 1088 1495 Graece
1121 1472 1162 1496 v.
1191 1460 1286 1494 cadit
1313 1463 1376 1503 12,
1404 1462 1470 1503 10,
1498 1461 1556 1493 31.
1591 1460 1636 1494 de
1660 1469 1769 1493 cruce

273 1506 369 1550 (Sp.
404 1506 645 1548 decernere,)
676 1507 789 1540 verba
821 1505 1029 1540 ceciderunt
1065 1507 1105 1544 8,
1141 1509 1186 1548 2,
1214 1505 1239 1539 4
1262 1506 1310 1539 Ν.
1337 1513 1368 1539 et
1396 1507 1434 1539 S.
1471 1515 1553 1538 cum
1585 1516 1635 1542 v..
1659 1506 1768 1540 rebus

274 1558 463 1597 aptentur,
498 1552 578 1595 ipso
606 1552 777 1586 materiae
810 1552 927 1585 nitore
962 1554 1163 1586 clarescunt
1188 1553 1231 1593 3,
1254 1553 1298 1594 8,
1325 1552 1384 1586 61.
1419 1562 1457 1586 v.
1489 1561 1580 1595 quae
1612 1550 1790 1587 invicem,

274 1599 559 1642 complectuntur
582 1602 624 1640 7,
655 1601 719 1641 10,
746 1601 800 1632 17.
832 1597 1005 1642 imperitis
1039 1608 1183 1642 quoque
1214 1609 1253 1633 v.
1283 1607 1359 1631 non
1391 1598 1516 1631 desunt
1544 1599 1611 1640 10,
1634 1600 1679 1639 7,
1711 1597 1794 1635 15..

275 1645 438 1689 quotiens
465 1645 508 1678 ab
533 1644 652 1678 animo
675 1656 713 1679 v.
740 1644 952 1678 dissentiunt
976 1647 1041 1687 12,
1067 1647 1084 1678 1
1099 1668 1109 1684 ,
1135 1645 1195 1680 29.
1212 1655 1283 1687 ›v.,
1319 1654 1409 1688 quae
1442 1642 1778 1690 plus‘significang·

275 1703 381 1735 quam
405 1692 621 1734 eloquuntur
646 1691 688 1733 8,
716 1695 760 1734 2,
786 1694 841 1724 11.
868 1702 931 1734 v.,
963 1701 1054 1734 quae
1078 1695 1138 1724 aut
1161 1687 1316 1724 maxime
1339 1690 1563 1732 exclamant,
1595 1694 1656 1722 aut
1678 1699 1769 1731 sono

274 1743 356 1771 sunt
392 1737 646 1780 jucundissima
682 1737 727 1779 8,
761 1738 802 1779 3,
840 1739 897 1771 17.
934 1737 1012 1770 ead.
1042 1748 1078 1771 v.
1111 1741 1245 1770 mutata
1276 1735 1564 1780 pronuntiatione
1597 1735 1769 1777 indicant,

273 1785 470 1824 affirmant,
499 1784 742 1826 exprobrant,
769 1787 922 1827 negant,
947 1782 1137 1824 mirantur,
1161 1782 1296 1816 interro
1322 1787 1402 1825 ant,
1426 1781 1596 1819 irrident.
1625 1781 1771 1816 elevant

275 1833 316 1863 11
332 1855 342 1872 ‚
369 1831 411 1872 3,
439 1829 518 1863 176.
546 1829 584 1862 in
612 1829 776 1864 diversos
802 1830 918 1863 flexus
943 1834 1029 1862 eunt
1055 1830 1136 1872 (Sp.
1169 1833 1300 1862 exeunt
1341 1839 1381 1863 v.
1408 1830 1448 1870 1,
1471 1828 1511 1870 6,
1539 1829 1584 1862 15
1606 1827 1650 1860 Ζ.
1671 1827 1707 1869 si
1729 1838 1773 1862 v·

274 1881 349 1909 tota
374 1874 550 1918 exierint,
575 1886 724 1919 quorum
749 1887 833 1919 pars
859 1875 1046 1918 devorari,
1078 1886 1161 1919 pars
1185 1873 1327 1908 destitui
1350 1874 1443 1908 solet
1465 1876 1508 1907 ib.
1531 1875 1589 1907 33.
1613 1870 1704 1918 quae*
1728 1884 1768 1908 v.

273 1921 312 1955 in
340 1921 431 1954 locis
463 1921 599 1966 impetu
627 1923 813 1964 feruntur,
851 1927 888 1955 et
917 1921 1167 1964 circumjectae
1200 1919 1371 1954 orationis
1401 1919 1505 1963 copia
1541 1920 1673 1961 latent,
1708 1919 1770 1954 hic

272 1969 320 2011 (in
341 1969 459 2010 parvis
484 1969 610 2010 causis)
635 1978 805 2011 expressa
829 1973 878 2011 et,
909 1973 948 2000 ut
971 1969 1052 2003 vult
1076 1967 1191 2010 Zeno,
1215 1977 1323 2000 sensu
1345 1965 1456 2000 tincta
1482 1975 1561 1999 esse
1589 1964 1771 2000 debebunt

273 2013 316 2056 4,
343 2016 386 2054 2,
415 2016 494 2048 117.
519 2025 574 2049 v..
602 2024 693 2057 quae
722 2013 821 2048 litem
844 2013 982 2048 faciunt
1005 2017 1047 2056 7,
1075 2015 1117 2055 3,
1147 2016 1181 2047 7.
1217 2013 1307 2045 nihil
1329 2013 1422 2046 haec
1451 2010 1521 2054 (v.)
1545 2010 1622 2045 sine
1649 2004 1777 2054 reruln,

275 2059 469 2094 substantia
494 2059 630 2094 faciunt
659 2062 692 2102 2,
718 2062 775 2102 21,
802 2062 834 2093 1.
865 2059 909 2101 cs.
936 2061 969 2099 9,
993 2058 1030 2103 4,
1054 2060 1112 2093 89.
1147 2069 1218 2103 quo
1239 2059 1319 2102 plus
1343 2058 1509 2102 quodque
1534 2055 1598 2099 (v.)
1626 2056 1770 2101 spiritus

275 2107 395 2149 habet,
425 2106 545 2139 auditu
568 2105 750 2150 pulchrius
773 2106 807 2146 8,
836 2108 869 2148 3,
897 2106 951 2140 16.
979 2105 1130 2141 verba
1154 2105 1279 2149 quaed.
1299 2103 1462 2139 diversos
1486 2102 1768 2137 intellectus

275 2153 410 2185 habent
435 2155 477 2194 7,
501 2153 547 2195 9,
571 2155 605 2186 2.
632 2151 663 2185 si
686 2157 821 2185 tantum
845 2152 979 2186 habent
1001 2152 1153 2186 verba
1176 2150 1368 2192 momenti,
1407 2154 1538 2194 quanto
1561 2159 1640 2182 res
1668 2149 1768 2193 ipsae

276 2197 390 2244 magis
416 2201 480 2240 11,
506 2201 548 2239 1,
577 2201 613 2232 7.
656 2210 689 2231 v.
714 2199 824 2238 Res,
852 2210 893 2242 y,
919 2210 949 2232 a.
982 2199 1064 2230 dum
1102 2197 1163 2230 illa
1191 2208 1230 2234 v.
1259 2196 1478 2230 fabricentur
1508 2200 1544 2228 et
1573 2194 1768 2228 memoriae

274 2244 430 2277 insidant
455 2246 519 2286 10,
547 2247 587 2286 7,
612 2246 646 2277 2.
679 2243 801 2278 verbis
834 2243 999 2278 omnibus
1033 2242 1136 2276 altius
1161 2249 1228 2287 atq.
1258 2242 1361 2276 altius
1385 2240 1648 2287 insurgentibus
1672 2241 1708 2283 8,
1732 2239 1769 2283 4,
1789 2281 1794 2290 Δ

275 2293 333 2325 27.
365 2302 444 2323 cum
469 2301 507 2324 v.
539 2289 754 2323 intercidant
784 2290 1077 2334 invalescantque
1103 2289 1321 2333 temporibus
1346 2289 1410 2329 10,
1437 2289 1482 2329 2,
1509 2289 1563 2321 13.
1597 2297 1636 2322 v.
1663 2285 1769 2320 nobis
1787 2298 1794 2332 j

275 2336 386 2382 magis
411 2342 544 2369 nocent
569 2342 627 2369 aut
650 2335 767 2369 minus
791 2337 826 2379 7,
852 2339 885 2375 2,
909 2336 967 2370 47.
991 2347 1030 2370 v.
1055 2335 1174 2369 onmia
1198 2336 1302 2376 hujus
1327 2335 1510 2377 alumnum
1530 2332 1628 2366 urbis
1651 2333 1772 2366 oleant

275 2383 311 2425 8,
338 2386 372 2425 1,
403 2384 436 2416 3.
461 2392 547 2425 non,
573 2387 613 2414 ut
635 2383 807 2426 quodque
831 2393 870 2415 se
895 2382 1054 2426 proferet
1075 2394 1126 2424 v.,
1156 2386 1308 2425 occupet
1328 2381 1446 2414 locum
1472 2381 1528 2421 10,
1552 2377 1587 2420 4,
1613 2379 1645 2413 5.
1672 2377 1779 2422 quod*

276 2439 420 2472 quoque
449 2429 531 2461 loco
555 2428 750 2462 verborum
775 2428 929 2462 maxime
957 2429 1105 2471 quadret
1128 2428 1173 2467 9,
1196 2427 1238 2466 4,
1262 2427 1320 2460 60.
1351 2437 1390 2461 v.
1419 2424 1688 2469 respondebunt
1713 2426 1771 2467 10,

276 2477 316 2516 3,
343 2476 377 2508 9.
417 2485 455 2509 v.
481 2474 618 2509 servire
643 2474 803 2507 sensibus
829 2477 895 2516 12,
923 2476 985 2516 10,
1009 2473 1066 2507 40.
1103 2473 1163 2506 alii
1195 2472 1289 2506 aliud
1323 2472 1481 2515 junctum
1509 2470 1636 2504 melius
1665 2479 1755 2503 sone

277 2531 314 2554 v.
338 2521 380 2562 8,
405 2522 446 2561 3,
473 2520 528 2554 16.
561 2531 598 2555 v.
626 2521 834 2564 frequenter
857 2521 911 2563 jus
937 2520 980 2552 ab
1005 2519 1206 2553 auctoribus
1229 2523 1371 2552 sumunt
1400 2520 1442 2561 1,
1468 2515 1506 2560 4,
1530 2515 1565 2550 4.
1598 2525 1679 2550 cum
1702 2526 1749 2549 va

279 2567 385 2645 Ι1εξιυῑ9
400 2567 550 2646 ῐηιὲίωω
579 2577 618 2601 v.
646 2577 711 2610 per
735 2577 774 2600 se
805 2569 867 2609 11,
894 2567 935 2607 3,
959 2566 994 2600 9.
1028 2577 1074 2599 ne
1102 2565 1196 2610 quod
1225 2563 1292 2598 sibi
1316 2575 1353 2600 v.
1378 2563 1416 2597 in
1446 2560 1754 2598 mentemxvenire

302 2635 336 2653 -,
388 2636 397 2651 ‚
428 2615 444 2645 1
474 2635 483 2644 .
1401 2630 1410 2634 -
1556 2621 1562 2633 »

325 2676 364 2722 y)
394 2681 524 2713 Gemm:
558 2679 662 2713 unius
693 2691 732 2714 v.
761 2677 984 2714 affectatione
1007 2679 1054 2720 8,
1079 2681 1122 2720 1,
1149 2680 1184 2716 2.
1209 2688 1330 2712 amore
1352 2677 1544 2713 verborum
1566 2675 1602 2712 8,
1625 2674 1684 2708 Pr.
1708 2671 1770 2717 24.

279 2735 315 2758 v.
341 2724 523 2758 cavillatio
557 2728 598 2766 2,
629 2729 691 2766 17.
716 2729 752 2760 7.
784 2728 848 2768 10,
873 2727 918 2767 7,
946 2724 1002 2758 14.
1037 2736 1074 2759 v.
1098 2724 1302 2759 cavillatrix
1321 2726 1368 2766 7,
1389 2726 1433 2766 3,
1459 2718 1515 2754 14.
1543 2719 1694 2754 circuitu
1728 2730 1755 2753 v

283 2771 346 2813 10,
372 2772 416 2813 1,
452 2773 508 2804 12.
547 2782 585 2806 v.
620 2771 811 2806 collocatio
845 2774 890 2814 1,
920 2772 983 2814 10,
1017 2773 1074 2804 22.
1114 2770 1347 2804 commissura
1376 2779 1414 2803 v.
1439 2768 1481 2810 9,
1506 2764 1552 2809 4,
1578 2767 1636 2803 37.
1668 2765 1729 2800 bre
