<?xml version="1.0" encoding="UTF-8"?>
<!DOCTYPE html PUBLIC "-//W3C//DTD XHTML 1.0 Transitional//EN"
    "http://www.w3.org/TR/xhtml1/DTD/xhtml1-transitional.dtd">
<html xmlns="http://www.w3.org/1999/xhtml" xml:lang="en" lang="en">
 <head>
  <title>
</title>
<meta http-equiv="Content-Type" content="text/html;charset=utf-8" />
  <meta name='ocr-system' content='tesseract 3.04.00' />
  <meta name='ocr-capabilities' content='ocr_page ocr_carea ocr_par ocr_line ocrx_word'/>
</head>
<body>
  <div class='ocr_page' id='page_1' title='image "./lexiconquintilia06bonnuoft/lexiconquintilia06bonnuoft_0524.png"; bbox 0 0 1728 3002; ppageno 0'>
   <div class='ocr_carea' id='block_1_1' title="bbox 136 206 1166 264">
    <p class='ocr_par' dir='ltr' id='par_1_1' title="bbox 136 206 1166 264">
     <span class='ocr_line' id='line_1_1' title="bbox 136 206 1166 264; baseline 0.006 -17"><span class='ocrx_word' id='word_1_1' title='bbox 136 209 221 248; x_wconf 85' lang='grc'><strong>432</strong></span> <span class='ocrx_word' id='word_1_2' title='bbox 626 231 628 233; x_wconf 89' lang='lat'>·</span> <span class='ocrx_word' id='word_1_3' title='bbox 672 206 897 264; x_wconf 74' lang='lat' dir='ltr'><strong>Inscriptio</strong></span> <span class='ocrx_word' id='word_1_4' title='bbox 929 231 987 239; x_wconf 92' lang='lat'>—</span> <span class='ocrx_word' id='word_1_5' title='bbox 1015 206 1166 253; x_wconf 82' lang='lat' dir='ltr'><strong>lnsero</strong></span> 
     </span>
    </p>
   </div>
   <div class='ocr_carea' id='block_1_2' title="bbox 135 320 1687 723">
    <p class='ocr_par' dir='ltr' id='par_1_2' title="bbox 135 320 1687 723">
     <span class='ocr_line' id='line_1_2' title="bbox 188 320 1687 370; baseline 0.005 -16"><span class='ocrx_word' id='word_1_6' title='bbox 188 323 426 365; x_wconf 78' lang='lat' dir='ltr'><strong>scriptum.-</strong></span> <span class='ocrx_word' id='word_1_7' title='bbox 456 320 525 356; x_wconf 88' lang='lat' dir='ltr'><strong>alia</strong></span> <span class='ocrx_word' id='word_1_8' title='bbox 548 332 628 356; x_wconf 89' lang='lat' dir='ltr'><strong>esse</strong></span> <span class='ocrx_word' id='word_1_9' title='bbox 654 322 838 367; x_wconf 86' lang='lat' dir='ltr'><strong>scripta</strong></span> <span class='ocrx_word' id='word_1_10' title='bbox 865 322 934 358; x_wconf 86' lang='lat' dir='ltr'><strong>alia</strong></span> <span class='ocrx_word' id='word_1_11' title='bbox 958 323 1197 367; x_wconf 85' lang='lat' dir='ltr'><strong>inscripta</strong></span> <span class='ocrx_word' id='word_1_12' title='bbox 1219 323 1370 370; x_wconf 68' lang='lat'>3,6.37‚</span> <span class='ocrx_word' id='word_1_13' title='bbox 1394 323 1687 370; x_wconf 74' lang='lat' dir='ltr'><strong>inscriptimate-</strong></span> 
     </span>
     <span class='ocr_line' id='line_1_3' title="bbox 186 366 1361 411; baseline 0.004 -10"><span class='ocrx_word' id='word_1_14' title='bbox 186 367 258 402; x_wconf 84' lang='lat' dir='ltr'><strong>ficii</strong></span> <span class='ocrx_word' id='word_1_15' title='bbox 283 369 539 409; x_wconf 76' lang='lat' dir='ltr'><strong>(controversia)</strong></span> <span class='ocrx_word' id='word_1_16' title='bbox 564 371 599 411; x_wconf 91' lang='lat'><strong>7,</strong></span> <span class='ocrx_word' id='word_1_17' title='bbox 623 366 659 411; x_wconf 84' lang='grc'><strong>4,</strong></span> <span class='ocrx_word' id='word_1_18' title='bbox 683 369 728 403; x_wconf 87' lang='grc'><strong>36</strong></span> <span class='ocrx_word' id='word_1_19' title='bbox 753 370 800 403; x_wconf 88' lang='grc' dir='ltr'><strong>Ν.</strong></span> <span class='ocrx_word' id='word_1_20' title='bbox 1350 370 1361 378; x_wconf 39' lang='lat'><strong>‘⁴</strong></span> 
     </span>
     <span class='ocr_line' id='line_1_4' title="bbox 139 411 1686 471; baseline 0.005 -15"><span class='ocrx_word' id='word_1_21' title='bbox 139 411 383 468; x_wconf 73' lang='lat' dir='ltr'><strong>Inscriptio·</strong></span> <span class='ocrx_word' id='word_1_22' title='bbox 444 424 705 469; x_wconf 77' lang='lat' dir='ltr'>inscriptione,</span> <span class='ocrx_word' id='word_1_23' title='bbox 756 438 828 470; x_wconf 86' lang='lat' dir='ltr'><strong>qua</strong></span> <span class='ocrx_word' id='word_1_24' title='bbox 860 425 1059 460; x_wconf 85' lang='lat' dir='ltr'>rhetorices</span> <span class='ocrx_word' id='word_1_25' title='bbox 1101 423 1366 461; x_wconf 76' lang='lat' dir='ltr'><strong>accusationem</strong></span> <span class='ocrx_word' id='word_1_26' title='bbox 1406 428 1590 471; x_wconf 82' lang='lat' dir='ltr'><strong>professus</strong></span> <span class='ocrx_word' id='word_1_27' title='bbox 1632 433 1686 463; x_wconf 82' lang='lat' dir='ltr'><strong>est</strong></span> 
     </span>
     <span class='ocr_line' id='line_1_5' title="bbox 185 471 1685 520; baseline 0.003 -16"><span class='ocrx_word' id='word_1_28' title='bbox 185 474 221 514; x_wconf 89' lang='lat'>2,</span> <span class='ocrx_word' id='word_1_29' title='bbox 243 472 299 512; x_wconf 88' lang='lat'><strong>17,</strong></span> <span class='ocrx_word' id='word_1_30' title='bbox 326 473 379 505; x_wconf 89' lang='lat'><strong>15.</strong></span> <span class='ocrx_word' id='word_1_31' title='bbox 428 472 665 516; x_wconf 84' lang='lat' dir='ltr'><strong>optimus,</strong></span> <span class='ocrx_word' id='word_1_32' title='bbox 693 473 935 506; x_wconf 79' lang='lat' dir='ltr'><strong>maximus</strong></span> <span class='ocrx_word' id='word_1_33' title='bbox 962 491 1000 496; x_wconf 95' lang='lat'><strong>—</strong></span> <span class='ocrx_word' id='word_1_34' title='bbox 1031 471 1070 506; x_wconf 91' lang='lat' dir='ltr'><strong>C.</strong></span> <span class='ocrx_word' id='word_1_35' title='bbox 1097 472 1249 516; x_wconf 88' lang='lat' dir='ltr'><strong>primum</strong></span> <span class='ocrx_word' id='word_1_36' title='bbox 1265 471 1426 516; x_wconf 78' lang='lat' dir='ltr'>Caesaris</span> <span class='ocrx_word' id='word_1_37' title='bbox 1452 474 1685 520; x_wconf 75' lang='lat' dir='ltr'><strong>inscriptione</strong></span> 
     </span>
     <span class='ocr_line' id='line_1_6' title="bbox 185 517 1685 598; baseline 0.004 -48"><span class='ocrx_word' id='word_1_38' title='bbox 185 517 356 598; x_wconf 46' lang='lat' dir='ltr'><strong>{raging-O</strong></span> <span class='ocrx_word' id='word_1_39' title='bbox 369 517 505 551; x_wconf 85' lang='lat' dir='ltr'><strong>factum</strong></span> <span class='ocrx_word' id='word_1_40' title='bbox 540 520 582 562; x_wconf 91' lang='lat'>1,</span> <span class='ocrx_word' id='word_1_41' title='bbox 614 521 659 562; x_wconf 88' lang='lat'><strong>7,</strong></span> <span class='ocrx_word' id='word_1_42' title='bbox 685 521 743 552; x_wconf 90' lang='lat'><strong>22.</strong></span> <span class='ocrx_word' id='word_1_43' title='bbox 782 524 822 553; x_wconf 91' lang='lat' dir='ltr'><strong>ut</strong></span> <span class='ocrx_word' id='word_1_44' title='bbox 849 519 965 553; x_wconf 87' lang='lat' dir='ltr'><strong>adhuc</strong></span> <span class='ocrx_word' id='word_1_45' title='bbox 996 518 1205 563; x_wconf 84' lang='lat' dir='ltr'><strong>quibusdam</strong></span> <span class='ocrx_word' id='word_1_46' title='bbox 1228 518 1522 564; x_wconf 70' lang='lat' dir='ltr'><strong>inscriptionibus</strong></span> <span class='ocrx_word' id='word_1_47' title='bbox 1543 527 1685 555; x_wconf 71' lang='lat' dir='ltr'><strong>maneat</strong></span> 
     </span>
     <span class='ocr_line' id='line_1_7' title="bbox 135 589 1479 667; baseline 0.003 -14"><span class='ocrx_word' id='word_1_48' title='bbox 135 589 351 664; x_wconf 56' lang='lat' dir='ltr'><strong>InS&#39;cuipo·</strong></span> <span class='ocrx_word' id='word_1_49' title='bbox 392 631 452 654; x_wconf 91' lang='lat' dir='ltr'><strong>eas</strong></span> <span class='ocrx_word' id='word_1_50' title='bbox 477 619 624 665; x_wconf 74' lang='lat' dir='ltr'><strong>(literas)</strong></span> <span class='ocrx_word' id='word_1_51' title='bbox 650 621 804 656; x_wconf 85' lang='lat' dir='ltr'><strong>tabellae</strong></span> <span class='ocrx_word' id='word_1_52' title='bbox 830 634 936 666; x_wconf 84' lang='lat' dir='ltr'><strong>quam</strong></span> <span class='ocrx_word' id='word_1_53' title='bbox 961 621 1095 666; x_wconf 89' lang='lat' dir='ltr'><strong>optime</strong></span> <span class='ocrx_word' id='word_1_54' title='bbox 1120 621 1274 667; x_wconf 84' lang='lat' dir='ltr'><strong>insculpi</strong></span> <span class='ocrx_word' id='word_1_55' title='bbox 1299 625 1333 667; x_wconf 91' lang='lat'>1,</span> <span class='ocrx_word' id='word_1_56' title='bbox 1361 624 1396 667; x_wconf 91' lang='lat'>1,</span> <span class='ocrx_word' id='word_1_57' title='bbox 1419 625 1479 658; x_wconf 88' lang='lat'><strong>27.</strong></span> 
     </span>
     <span class='ocr_line' id='line_1_8' title="bbox 135 665 1297 723; baseline 0.006 -16"><span class='ocrx_word' id='word_1_58' title='bbox 135 665 404 709; x_wconf 78' lang='lat' dir='ltr'><strong>Insecabiiis.</strong></span> <span class='ocrx_word' id='word_1_59' title='bbox 453 688 605 722; x_wconf 88' lang='lat' dir='ltr'><strong>corpora</strong></span> <span class='ocrx_word' id='word_1_60' title='bbox 629 677 835 714; x_wconf 86' lang='lat' dir='ltr'><strong>insecabilia</strong></span> <span class='ocrx_word' id='word_1_61' title='bbox 864 682 907 723; x_wconf 85' lang='lat'>2,</span> <span class='ocrx_word' id='word_1_62' title='bbox 937 682 993 722; x_wconf 88' lang='lat'><strong>17,</strong></span> <span class='ocrx_word' id='word_1_63' title='bbox 1022 680 1078 714; x_wconf 87' lang='lat'><strong>38.</strong></span> <span class='ocrx_word' id='word_1_64' title='bbox 1117 681 1152 723; x_wconf 89' lang='grc'><strong>3,</strong></span> <span class='ocrx_word' id='word_1_65' title='bbox 1179 681 1213 722; x_wconf 87' lang='grc'><strong>3,</strong></span> <span class='ocrx_word' id='word_1_66' title='bbox 1239 682 1297 714; x_wconf 89' lang='grc'><strong>13.</strong></span> 
     </span>
    </p>
   </div>
   <div class='ocr_carea' id='block_1_3' title="bbox 135 730 1684 944">
    <p class='ocr_par' dir='ltr' id='par_1_3' title="bbox 135 730 1684 882">
     <span class='ocr_line' id='line_1_9' title="bbox 135 730 1684 794; baseline 0.002 -16"><span class='ocrx_word' id='word_1_67' title='bbox 135 732 379 775; x_wconf 71' lang='lat' dir='ltr'><strong>Insectatio·</strong></span> <span class='ocrx_word' id='word_1_68' title='bbox 427 745 571 781; x_wconf 86' lang='lat' dir='ltr'><strong>iuterim</strong></span> <span class='ocrx_word' id='word_1_69' title='bbox 609 748 691 786; x_wconf 79' lang='lat' dir='ltr'><strong>adv,</strong></span> <span class='ocrx_word' id='word_1_70' title='bbox 727 747 885 794; x_wconf 84' lang='lat' dir='ltr'><strong>singulos</strong></span> <span class='ocrx_word' id='word_1_71' title='bbox 926 747 1088 794; x_wconf 82' lang='lat' dir='ltr'><strong>dirigitur</strong></span> <span class='ocrx_word' id='word_1_72' title='bbox 1131 746 1251 782; x_wconf 89' lang='lat' dir='ltr'><strong>actio:</strong></span> <span class='ocrx_word' id='word_1_73' title='bbox 1304 730 1399 793; x_wconf 85' lang='lat' dir='ltr'><strong>quod</strong></span> <span class='ocrx_word' id='word_1_74' title='bbox 1436 746 1684 783; x_wconf 85' lang='lat' dir='ltr'><strong>insectationis</strong></span> 
     </span>
     <span class='ocr_line' id='line_1_10' title="bbox 182 793 1682 840; baseline 0.002 -15"><span class='ocrx_word' id='word_1_75' title='bbox 182 803 296 838; x_wconf 86' lang='lat' dir='ltr'><strong>genus</strong></span> <span class='ocrx_word' id='word_1_76' title='bbox 319 800 379 826; x_wconf 76' lang='lat' dir='ltr'><strong>etc.</strong></span> <span class='ocrx_word' id='word_1_77' title='bbox 409 794 450 835; x_wconf 90' lang='lat'><strong>5,</strong></span> <span class='ocrx_word' id='word_1_78' title='bbox 476 795 499 825; x_wconf 86' lang='lat'>7</span> <span class='ocrx_word' id='word_1_79' title='bbox 508 819 520 837; x_wconf 95' lang='lat'><strong>,</strong></span> <span class='ocrx_word' id='word_1_80' title='bbox 543 793 577 828; x_wconf 88' lang='grc'><strong>6.</strong></span> <span class='ocrx_word' id='word_1_81' title='bbox 623 793 818 828; x_wconf 85' lang='lat' dir='ltr'><strong>inhumana</strong></span> <span class='ocrx_word' id='word_1_82' title='bbox 842 796 1010 828; x_wconf 81' lang='lat' dir='ltr'><strong>fortunae</strong></span> <span class='ocrx_word' id='word_1_83' title='bbox 1034 793 1102 828; x_wconf 89' lang='lat' dir='ltr'><strong>ins.</strong></span> <span class='ocrx_word' id='word_1_84' title='bbox 1132 795 1173 838; x_wconf 84' lang='lat'><strong>6,</strong></span> <span class='ocrx_word' id='word_1_85' title='bbox 1197 795 1243 838; x_wconf 88' lang='grc'><strong>3,</strong></span> <span class='ocrx_word' id='word_1_86' title='bbox 1267 795 1326 830; x_wconf 91' lang='grc'><strong>28.</strong></span> <span class='ocrx_word' id='word_1_87' title='bbox 1373 793 1487 840; x_wconf 85' lang='lat' dir='ltr'><strong>turpis</strong></span> <span class='ocrx_word' id='word_1_88' title='bbox 1511 795 1682 830; x_wconf 80' lang='lat' dir='ltr'><strong>fortunae</strong></span> 
     </span>
     <span class='ocr_line' id='line_1_11' title="bbox 182 839 1573 882; baseline 0.007 -10"><span class='ocrx_word' id='word_1_89' title='bbox 182 839 250 880; x_wconf 74' lang='lat' dir='ltr'><strong>ins.</strong></span> <span class='ocrx_word' id='word_1_90' title='bbox 275 841 331 881; x_wconf 90' lang='lat'><strong>11,</strong></span> <span class='ocrx_word' id='word_1_91' title='bbox 359 842 392 882; x_wconf 91' lang='lat'>1,</span> <span class='ocrx_word' id='word_1_92' title='bbox 421 840 479 877; x_wconf 82' lang='lat'><strong>86.</strong></span> <span class='ocrx_word' id='word_1_93' title='bbox 1568 862 1573 869; x_wconf 60' lang='lat'>*</span> 
     </span>
    </p>

    <p class='ocr_par' dir='ltr' id='par_1_4' title="bbox 135 881 1148 944">
     <span class='ocr_line' id='line_1_12' title="bbox 135 881 1148 944; baseline 0.007 -20"><span class='ocrx_word' id='word_1_94' title='bbox 135 881 386 926; x_wconf 84' lang='lat' dir='ltr'><strong>Insectator.</strong></span> <span class='ocrx_word' id='word_1_95' title='bbox 435 896 598 944; x_wconf 82' lang='lat' dir='ltr'><strong>egregius</strong></span> <span class='ocrx_word' id='word_1_96' title='bbox 620 896 792 932; x_wconf 82' lang='lat' dir='ltr'><strong>vitiorum</strong></span> <span class='ocrx_word' id='word_1_97' title='bbox 817 897 884 931; x_wconf 89' lang='lat' dir='ltr'><strong>ins.</strong></span> <span class='ocrx_word' id='word_1_98' title='bbox 913 899 975 937; x_wconf 89' lang='lat'><strong>10,</strong></span> <span class='ocrx_word' id='word_1_99' title='bbox 1002 899 1044 941; x_wconf 87' lang='lat'>1,</span> <span class='ocrx_word' id='word_1_100' title='bbox 1070 897 1148 933; x_wconf 87' lang='grc'><strong>129.</strong></span> 
     </span>
    </p>
   </div>
   <div class='ocr_carea' id='block_1_4' title="bbox 135 939 1728 1233">
    <p class='ocr_par' dir='ltr' id='par_1_5' title="bbox 135 939 1728 1233">
     <span class='ocr_line' id='line_1_13' title="bbox 135 939 1681 998; baseline 0.001 -11"><span class='ocrx_word' id='word_1_101' title='bbox 135 939 344 982; x_wconf 73' lang='lat' dir='ltr'><strong>Insector·</strong></span> <span class='ocrx_word' id='word_1_102' title='bbox 391 959 565 998; x_wconf 87' lang='lat' dir='ltr'><strong>tyrannos</strong></span> <span class='ocrx_word' id='word_1_103' title='bbox 593 955 786 988; x_wconf 83' lang='lat' dir='ltr'><strong>insectatus</strong></span> <span class='ocrx_word' id='word_1_104' title='bbox 817 957 883 997; x_wconf 93' lang='lat'>10,</span> <span class='ocrx_word' id='word_1_105' title='bbox 914 957 955 996; x_wconf 89' lang='lat'>1,</span> <span class='ocrx_word' id='word_1_106' title='bbox 988 956 1053 997; x_wconf 76' lang='lat'><strong>633</strong></span> <span class='ocrx_word' id='word_1_107' title='bbox 1093 960 1140 988; x_wconf 89' lang='lat' dir='ltr'><strong>ut</strong></span> <span class='ocrx_word' id='word_1_108' title='bbox 1172 965 1297 989; x_wconf 89' lang='lat' dir='ltr'><strong>eorum</strong></span> <span class='ocrx_word' id='word_1_109' title='bbox 1327 965 1494 990; x_wconf 77' lang='lat' dir='ltr'><strong>sennone</strong></span> <span class='ocrx_word' id='word_1_110' title='bbox 1518 959 1681 990; x_wconf 81' lang='lat' dir='ltr'><strong>utentem</strong></span> 
     </span>
     <span class='ocr_line' id='line_1_14' title="bbox 182 995 1681 1048; baseline 0 -14"><span class='ocrx_word' id='word_1_111' title='bbox 182 999 351 1034; x_wconf 86' lang='lat' dir='ltr'><strong>Vectium</strong></span> <span class='ocrx_word' id='word_1_112' title='bbox 379 995 538 1034; x_wconf 82' lang='lat' dir='ltr'><strong>Lucilius</strong></span> <span class='ocrx_word' id='word_1_113' title='bbox 566 999 760 1034; x_wconf 83' lang='lat' dir='ltr'><strong>insectatur</strong></span> <span class='ocrx_word' id='word_1_114' title='bbox 785 1004 818 1043; x_wconf 89' lang='lat'>1,</span> <span class='ocrx_word' id='word_1_115' title='bbox 843 1003 878 1043; x_wconf 89' lang='lat'><strong>5,</strong></span> <span class='ocrx_word' id='word_1_116' title='bbox 908 1003 952 1035; x_wconf 87' lang='grc'><strong>56</strong></span> <span class='ocrx_word' id='word_1_117' title='bbox 1013 1001 1230 1048; x_wconf 87' lang='lat' dir='ltr'><strong>Allobrogas</strong></span> <span class='ocrx_word' id='word_1_118' title='bbox 1253 1006 1304 1035; x_wconf 84' lang='lat' dir='ltr'><strong>ut</strong></span> <span class='ocrx_word' id='word_1_119' title='bbox 1334 1003 1458 1037; x_wconf 86' lang='lat' dir='ltr'><strong>hostes</strong></span> <span class='ocrx_word' id='word_1_120' title='bbox 1479 1001 1601 1036; x_wconf 62' lang='lat' dir='ltr'><strong>›inseot</strong></span> <span class='ocrx_word' id='word_1_121' title='bbox 1621 1005 1681 1034; x_wconf 82' lang='lat' dir='ltr'><strong>tur</strong></span> 
     </span>
     <span class='ocr_line' id='line_1_15' title="bbox 181 1046 1680 1093; baseline 0.001 -14"><span class='ocrx_word' id='word_1_122' title='bbox 181 1049 238 1088; x_wconf 88' lang='lat'><strong>11,</strong></span> <span class='ocrx_word' id='word_1_123' title='bbox 266 1048 298 1087; x_wconf 92' lang='lat' dir='ltr'><strong>l,</strong></span> <span class='ocrx_word' id='word_1_124' title='bbox 323 1047 388 1089; x_wconf 79' lang='lat'><strong>893</strong></span> <span class='ocrx_word' id='word_1_125' title='bbox 438 1046 664 1080; x_wconf 82' lang='lat' dir='ltr'><strong>librariorum</strong></span> <span class='ocrx_word' id='word_1_126' title='bbox 694 1047 862 1081; x_wconf 87' lang='lat' dir='ltr'><strong>insectari</strong></span> <span class='ocrx_word' id='word_1_127' title='bbox 887 1046 1110 1090; x_wconf 76' lang='lat' dir='ltr'><strong>inscientiam</strong></span> <span class='ocrx_word' id='word_1_128' title='bbox 1135 1047 1176 1090; x_wconf 88' lang='grc'><strong>9,</strong></span> <span class='ocrx_word' id='word_1_129' title='bbox 1200 1047 1240 1090; x_wconf 88' lang='grc'><strong>4,</strong></span> <span class='ocrx_word' id='word_1_130' title='bbox 1269 1048 1327 1087; x_wconf 86' lang='grc'><strong>39,</strong></span> <span class='ocrx_word' id='word_1_131' title='bbox 1364 1053 1592 1093; x_wconf 51' lang='lat' dir='ltr'><strong>praetextam</strong></span> <span class='ocrx_word' id='word_1_132' title='bbox 1638 1057 1680 1080; x_wconf 83' lang='grc' dir='ltr'><strong>θ-</strong></span> 
     </span>
     <span class='ocr_line' id='line_1_16' title="bbox 178 1091 1676 1140; baseline 0.001 -15"><span class='ocrx_word' id='word_1_133' title='bbox 178 1092 320 1126; x_wconf 84' lang='lat' dir='ltr'><strong>missam</strong></span> <span class='ocrx_word' id='word_1_134' title='bbox 353 1093 398 1126; x_wconf 86' lang='lat' dir='ltr'><strong>ad</strong></span> <span class='ocrx_word' id='word_1_135' title='bbox 425 1095 516 1126; x_wconf 82' lang='lat' dir='ltr'><strong>talos</strong></span> <span class='ocrx_word' id='word_1_136' title='bbox 543 1093 737 1126; x_wconf 88' lang='lat' dir='ltr'><strong>insectatus</strong></span> <span class='ocrx_word' id='word_1_137' title='bbox 766 1099 819 1127; x_wconf 87' lang='lat' dir='ltr'><strong>est</strong></span> <span class='ocrx_word' id='word_1_138' title='bbox 846 1094 886 1136; x_wconf 87' lang='lat'><strong>5,</strong></span> <span class='ocrx_word' id='word_1_139' title='bbox 914 1096 979 1136; x_wconf 85' lang='lat'>13,</span> <span class='ocrx_word' id='word_1_140' title='bbox 1004 1095 1061 1129; x_wconf 82' lang='lat'><strong>39.</strong></span> <span class='ocrx_word' id='word_1_141' title='bbox 1109 1092 1327 1128; x_wconf 77' lang='lat' dir='ltr'><strong>insectandis</strong></span> <span class='ocrx_word' id='word_1_142' title='bbox 1350 1093 1448 1129; x_wconf 75' lang='lat' dir='ltr'><strong>vitiis</strong></span> <span class='ocrx_word' id='word_1_143' title='bbox 1466 1091 1529 1140; x_wconf 66' lang='lat'><strong>10,</strong></span> <span class='ocrx_word' id='word_1_144' title='bbox 1553 1096 1588 1136; x_wconf 82' lang='lat'>1,</span> <span class='ocrx_word' id='word_1_145' title='bbox 1617 1091 1676 1131; x_wconf 83' lang='grc'><strong>65.</strong></span> 
     </span>
     <span class='ocr_line' id='line_1_17' title="bbox 178 1139 1728 1186; baseline 0.001 -15"><span class='ocrx_word' id='word_1_146' title='bbox 178 1139 312 1183; x_wconf 90' lang='lat' dir='ltr'><strong>probos</strong></span> <span class='ocrx_word' id='word_1_147' title='bbox 339 1146 400 1173; x_wconf 75' lang='lat' dir='ltr'><strong>etc.</strong></span> <span class='ocrx_word' id='word_1_148' title='bbox 429 1150 504 1172; x_wconf 90' lang='lat' dir='ltr'><strong>non</strong></span> <span class='ocrx_word' id='word_1_149' title='bbox 529 1150 652 1183; x_wconf 80' lang='lat' dir='ltr'><strong>aspere</strong></span> <span class='ocrx_word' id='word_1_150' title='bbox 676 1140 926 1173; x_wconf 75' lang='lat' dir='ltr'><strong>incessere</strong></span> <span class='ocrx_word' id='word_1_151' title='bbox 950 1139 1108 1183; x_wconf 78' lang='lat' dir='ltr'><strong>profuit3</strong></span> <span class='ocrx_word' id='word_1_152' title='bbox 1145 1151 1229 1174; x_wconf 86' lang='lat' dir='ltr'><strong>nam</strong></span> <span class='ocrx_word' id='word_1_153' title='bbox 1255 1143 1384 1185; x_wconf 78' lang='lat' dir='ltr'><strong>saepe,</strong></span> <span class='ocrx_word' id='word_1_154' title='bbox 1417 1139 1481 1186; x_wconf 86' lang='lat' dir='ltr'><strong>qui</strong></span> <span class='ocrx_word' id='word_1_155' title='bbox 1502 1139 1678 1176; x_wconf 58' lang='lat' dir='ltr'><strong>adversus</strong></span> <span class='ocrx_word' id='word_1_156' title='bbox 1723 1146 1728 1155; x_wconf 83' lang='lat'>·</span> 
     </span>
     <span class='ocr_line' id='line_1_18' title="bbox 178 1184 1455 1233; baseline 0.004 -16"><span class='ocrx_word' id='word_1_157' title='bbox 178 1184 501 1219; x_wconf 86' lang='lat' dir='ltr'><strong>insectantem</strong></span> <span class='ocrx_word' id='word_1_158' title='bbox 523 1192 753 1232; x_wconf 82' lang='lat' dir='ltr'><strong>pugnassent,</strong></span> <span class='ocrx_word' id='word_1_159' title='bbox 778 1186 1015 1220; x_wconf 67' lang='lat' dir='ltr'><strong>modestia</strong></span> <span class='ocrx_word' id='word_1_160' title='bbox 1039 1185 1256 1233; x_wconf 86' lang='lat' dir='ltr'><strong>mitigantur.</strong></span> <span class='ocrx_word' id='word_1_161' title='bbox 1281 1186 1316 1230; x_wconf 85' lang='lat'><strong>5,</strong></span> <span class='ocrx_word' id='word_1_162' title='bbox 1334 1188 1372 1230; x_wconf 91' lang='grc'><strong>7,</strong></span> <span class='ocrx_word' id='word_1_163' title='bbox 1395 1189 1455 1222; x_wconf 86' lang='grc'><strong>27.</strong></span> 
     </span>
    </p>
   </div>
   <div class='ocr_carea' id='block_1_5' title="bbox 127 1239 1728 2090">
    <p class='ocr_par' dir='ltr' id='par_1_6' title="bbox 128 1239 1676 1332">
     <span class='ocr_line' id='line_1_19' title="bbox 128 1239 1676 1332; baseline 0.001 -46"><span class='ocrx_word' id='word_1_164' title='bbox 128 1239 375 1332; x_wconf 62' lang='grc' dir='ltr'>Ῑῦὃθῐὶἓδθθ-</span> <span class='ocrx_word' id='word_1_165' title='bbox 423 1252 484 1296; x_wconf 90' lang='lat' dir='ltr'><strong>qui</strong></span> <span class='ocrx_word' id='word_1_166' title='bbox 517 1253 665 1300; x_wconf 85' lang='lat' dir='ltr'><strong>singulis</strong></span> <span class='ocrx_word' id='word_1_167' title='bbox 697 1253 877 1287; x_wconf 87' lang='lat' dir='ltr'><strong>actionum</strong></span> <span class='ocrx_word' id='word_1_168' title='bbox 906 1253 1070 1299; x_wconf 62' lang='lat' dir='ltr'><strong>partibus</strong></span> <span class='ocrx_word' id='word_1_169' title='bbox 1096 1253 1310 1289; x_wconf 63' lang='lat' dir='ltr'><strong>insenescat,</strong></span> <span class='ocrx_word' id='word_1_170' title='bbox 1345 1253 1402 1298; x_wconf 79' lang='lat' dir='ltr'><strong>(a.</strong></span> <span class='ocrx_word' id='word_1_171' title='bbox 1427 1258 1452 1289; x_wconf 84' lang='lat'><strong>1.</strong></span> <span class='ocrx_word' id='word_1_172' title='bbox 1474 1250 1676 1297; x_wconf 59' lang='lat' dir='ltr'><strong>imae-seht)</strong></span> 
     </span>
    </p>

    <p class='ocr_par' dir='ltr' id='par_1_7' title="bbox 177 1301 1635 1340">
     <span class='ocr_line' id='line_1_20' title="bbox 177 1301 1635 1340; baseline -0.001 -9"><span class='ocrx_word' id='word_1_173' title='bbox 177 1301 234 1340; x_wconf 91' lang='lat'>10,</span> <span class='ocrx_word' id='word_1_174' title='bbox 284 1325 293 1339; x_wconf 94' lang='lat'>,</span> <span class='ocrx_word' id='word_1_175' title='bbox 320 1301 373 1331; x_wconf 89' lang='lat'><strong>11.</strong></span> <span class='ocrx_word' id='word_1_176' title='bbox 1618 1336 1635 1340; x_wconf 30' lang='grc'><strong>,-</strong></span> 
     </span>
    </p>

    <p class='ocr_par' dir='ltr' id='par_1_8' title="bbox 127 1340 1728 2090">
     <span class='ocr_line' id='line_1_21' title="bbox 127 1340 1672 1400; baseline -0.001 -12"><span class='ocrx_word' id='word_1_177' title='bbox 127 1340 351 1398; x_wconf 75' lang='lat' dir='ltr'><strong>Insequor·</strong></span> <span class='ocrx_word' id='word_1_178' title='bbox 400 1353 442 1396; x_wconf 91' lang='lat' dir='ltr'><strong>I)</strong></span> <span class='ocrx_word' id='word_1_179' title='bbox 471 1357 491 1389; x_wconf 85' lang='lat' dir='ltr'><strong>i.</strong></span> <span class='ocrx_word' id='word_1_180' title='bbox 519 1368 550 1399; x_wconf 86' lang='lat' dir='ltr'><strong>q.</strong></span> <span class='ocrx_word' id='word_1_181' title='bbox 579 1368 767 1400; x_wconf 82' lang='lat' dir='ltr'><strong>sequor.-</strong></span> <span class='ocrx_word' id='word_1_182' title='bbox 808 1355 846 1396; x_wconf 84' lang='grc' dir='ltr'><strong>α)</strong></span> <span class='ocrx_word' id='word_1_183' title='bbox 872 1367 962 1399; x_wconf 85' lang='lat' dir='ltr'><strong>quae</strong></span> <span class='ocrx_word' id='word_1_184' title='bbox 985 1355 1223 1400; x_wconf 81' lang='lat' dir='ltr'><strong>insequuntur</strong></span> <span class='ocrx_word' id='word_1_185' title='bbox 1255 1354 1300 1399; x_wconf 82' lang='lat'>4,</span> <span class='ocrx_word' id='word_1_186' title='bbox 1326 1359 1370 1398; x_wconf 90' lang='lat'>2,</span> <span class='ocrx_word' id='word_1_187' title='bbox 1401 1346 1481 1391; x_wconf 85' lang='lat' dir='ltr'><strong>5o.&#39;</strong></span> <span class='ocrx_word' id='word_1_188' title='bbox 1507 1365 1672 1400; x_wconf 77' lang='lat' dir='ltr'><strong>quaeque</strong></span> 
     </span>
     <span class='ocr_line' id='line_1_22' title="bbox 175 1398 1728 1445; baseline 0 -11"><span class='ocrx_word' id='word_1_189' title='bbox 175 1406 574 1443; x_wconf 87' lang='lat' dir='ltr'><strong>antecesserunt,</strong></span> <span class='ocrx_word' id='word_1_190' title='bbox 612 1413 773 1445; x_wconf 83' lang='lat' dir='ltr'><strong>quaeque</strong></span> <span class='ocrx_word' id='word_1_191' title='bbox 800 1401 1019 1435; x_wconf 86' lang='lat' dir='ltr'><strong>insecuta</strong></span> <span class='ocrx_word' id='word_1_192' title='bbox 1044 1407 1150 1435; x_wconf 89' lang='lat' dir='ltr'><strong>sunt</strong></span> <span class='ocrx_word' id='word_1_193' title='bbox 1173 1405 1208 1444; x_wconf 93' lang='lat'><strong>7,</strong></span> <span class='ocrx_word' id='word_1_194' title='bbox 1237 1404 1272 1444; x_wconf 90' lang='lat'>2,</span> <span class='ocrx_word' id='word_1_195' title='bbox 1301 1400 1359 1436; x_wconf 85' lang='lat'><strong>46.</strong></span> <span class='ocrx_word' id='word_1_196' title='bbox 1393 1411 1440 1435; x_wconf 82' lang='lat' dir='ltr'><strong>ne</strong></span> <span class='ocrx_word' id='word_1_197' title='bbox 1463 1398 1671 1436; x_wconf 76' lang='lat' dir='ltr'><strong>inimicitiae</strong></span> <span class='ocrx_word' id='word_1_198' title='bbox 1721 1420 1728 1430; x_wconf 83' lang='lat'><em>-</em></span> 
     </span>
     <span class='ocr_line' id='line_1_23' title="bbox 174 1443 1728 1494; baseline -0.001 -13"><span class='ocrx_word' id='word_1_199' title='bbox 174 1456 305 1494; x_wconf 84' lang='lat' dir='ltr'><strong>graves</strong></span> <span class='ocrx_word' id='word_1_200' title='bbox 335 1447 568 1490; x_wconf 84' lang='lat' dir='ltr'><strong>insequantur</strong></span> <span class='ocrx_word' id='word_1_201' title='bbox 602 1448 648 1489; x_wconf 81' lang='lat'><strong>6,</strong></span> <span class='ocrx_word' id='word_1_202' title='bbox 678 1450 722 1490; x_wconf 93' lang='lat'><strong>3,</strong></span> <span class='ocrx_word' id='word_1_203' title='bbox 754 1446 809 1481; x_wconf 88' lang='lat'><strong>34.</strong></span> <span class='ocrx_word' id='word_1_204' title='bbox 857 1447 953 1481; x_wconf 82' lang='lat' dir='ltr'><strong>livor</strong></span> <span class='ocrx_word' id='word_1_205' title='bbox 985 1458 1027 1480; x_wconf 88' lang='lat' dir='ltr'><strong>ac</strong></span> <span class='ocrx_word' id='word_1_206' title='bbox 1050 1453 1171 1481; x_wconf 88' lang='lat' dir='ltr'><strong>tumor</strong></span> <span class='ocrx_word' id='word_1_207' title='bbox 1194 1447 1385 1481; x_wconf 84' lang='lat' dir='ltr'><strong>confestim</strong></span> <span class='ocrx_word' id='word_1_208' title='bbox 1410 1451 1465 1482; x_wconf 74' lang='lat' dir='ltr'><strong>ent</strong></span> <span class='ocrx_word' id='word_1_209' title='bbox 1486 1446 1671 1486; x_wconf 81' lang='lat' dir='ltr'><strong>insecutus</strong></span> <span class='ocrx_word' id='word_1_210' title='bbox 1721 1443 1728 1480; x_wconf 69' lang='lat'><strong>⁴.</strong></span> 
     </span>
     <span class='ocr_line' id='line_1_24' title="bbox 173 1489 1671 1537; baseline 0 -11"><span class='ocrx_word' id='word_1_211' title='bbox 173 1496 210 1536; x_wconf 85' lang='grc'><strong>4,</strong></span> <span class='ocrx_word' id='word_1_212' title='bbox 238 1496 273 1534; x_wconf 97' lang='grc'><strong>2,</strong></span> <span class='ocrx_word' id='word_1_213' title='bbox 300 1491 355 1527; x_wconf 78' lang='lat'><strong>54.</strong></span> <span class='ocrx_word' id='word_1_214' title='bbox 408 1494 503 1537; x_wconf 87' lang='lat' dir='ltr'><strong>quod</strong></span> <span class='ocrx_word' id='word_1_215' title='bbox 529 1494 689 1536; x_wconf 65' lang='lat' dir='ltr'><strong>(tempus)</strong></span> <span class='ocrx_word' id='word_1_216' title='bbox 714 1499 767 1527; x_wconf 92' lang='lat' dir='ltr'><strong>est</strong></span> <span class='ocrx_word' id='word_1_217' title='bbox 790 1493 987 1526; x_wconf 87' lang='lat' dir='ltr'><strong>insecutum</strong></span> <span class='ocrx_word' id='word_1_218' title='bbox 1012 1495 1054 1535; x_wconf 88' lang='grc'><strong>3,</strong></span> <span class='ocrx_word' id='word_1_219' title='bbox 1079 1495 1102 1525; x_wconf 90' lang='grc'><strong>7</strong></span> <span class='ocrx_word' id='word_1_220' title='bbox 1113 1519 1124 1535; x_wconf 94' lang='grc'><strong>,</strong></span> <span class='ocrx_word' id='word_1_221' title='bbox 1157 1495 1212 1527; x_wconf 90' lang='grc'><strong>10.</strong></span> <span class='ocrx_word' id='word_1_222' title='bbox 1264 1494 1478 1537; x_wconf 86' lang='lat' dir='ltr'><strong>Insequetur</strong></span> <span class='ocrx_word' id='word_1_223' title='bbox 1499 1489 1671 1536; x_wconf 65' lang='grc' dir='ltr'><strong>ἐνᾶργειι</strong></span> 
     </span>
     <span class='ocr_line' id='line_1_25' title="bbox 173 1538 1728 1583; baseline -0.002 -9"><span class='ocrx_word' id='word_1_224' title='bbox 173 1542 216 1582; x_wconf 88' lang='grc'><strong>6,</strong></span> <span class='ocrx_word' id='word_1_225' title='bbox 240 1542 285 1581; x_wconf 88' lang='grc'><strong>2,</strong></span> <span class='ocrx_word' id='word_1_226' title='bbox 315 1541 371 1573; x_wconf 85' lang='grc'><strong>32.</strong></span> <span class='ocrx_word' id='word_1_227' title='bbox 426 1539 558 1583; x_wconf 86' lang='lat' dir='ltr'><strong>aliquid</strong></span> <span class='ocrx_word' id='word_1_228' title='bbox 585 1539 726 1574; x_wconf 86' lang='lat' dir='ltr'><strong>vacanti</strong></span> <span class='ocrx_word' id='word_1_229' title='bbox 754 1539 906 1582; x_wconf 84' lang='lat' dir='ltr'><strong>tempori</strong></span> <span class='ocrx_word' id='word_1_230' title='bbox 930 1550 976 1573; x_wconf 85' lang='lat' dir='ltr'><strong>ex</strong></span> <span class='ocrx_word' id='word_1_231' title='bbox 1002 1549 1064 1575; x_wconf 83' lang='lat' dir='ltr'><strong>eo.</strong></span> <span class='ocrx_word' id='word_1_232' title='bbox 1102 1539 1198 1582; x_wconf 88' lang='lat' dir='ltr'><strong>quod</strong></span> <span class='ocrx_word' id='word_1_233' title='bbox 1231 1538 1454 1582; x_wconf 80' lang='lat' dir='ltr'><strong>insequitur,</strong></span> <span class='ocrx_word' id='word_1_234' title='bbox 1498 1538 1672 1572; x_wconf 78' lang='lat' dir='ltr'><strong>accedere</strong></span> <span class='ocrx_word' id='word_1_235' title='bbox 1726 1580 1728 1582; x_wconf 25' lang='grc' dir='ltr'>Ι</span> 
     </span>
     <span class='ocr_line' id='line_1_26' title="bbox 172 1582 1728 1630; baseline -0.001 -11"><span class='ocrx_word' id='word_1_236' title='bbox 172 1588 218 1619; x_wconf 83' lang='lat' dir='ltr'><strong>ib.</strong></span> <span class='ocrx_word' id='word_1_237' title='bbox 243 1588 300 1620; x_wconf 87' lang='grc'><strong>93.</strong></span> <span class='ocrx_word' id='word_1_238' title='bbox 361 1583 410 1630; x_wconf 79' lang='grc' dir='ltr'><strong>ῥ’)</strong></span> <span class='ocrx_word' id='word_1_239' title='bbox 444 1598 471 1618; x_wconf 86' lang='lat' dir='ltr'><strong>c.</strong></span> <span class='ocrx_word' id='word_1_240' title='bbox 500 1589 585 1619; x_wconf 86' lang='lat' dir='ltr'><strong>Acc.</strong></span> <span class='ocrx_word' id='word_1_241' title='bbox 623 1585 750 1618; x_wconf 88' lang='lat' dir='ltr'><strong>artium</strong></span> <span class='ocrx_word' id='word_1_242' title='bbox 784 1585 976 1628; x_wconf 88' lang='lat' dir='ltr'><strong>scriptores</strong></span> <span class='ocrx_word' id='word_1_243' title='bbox 1016 1583 1249 1628; x_wconf 81' lang='lat' dir='ltr'><strong>antiquissimi</strong></span> <span class='ocrx_word' id='word_1_244' title='bbox 1290 1583 1413 1619; x_wconf 73' lang='lat' dir='ltr'><strong>Corax</strong></span> <span class='ocrx_word' id='word_1_245' title='bbox 1447 1588 1484 1619; x_wconf 81' lang='lat' dir='ltr'><strong>et</strong></span> <span class='ocrx_word' id='word_1_246' title='bbox 1515 1582 1670 1628; x_wconf 76' lang='lat' dir='ltr'><strong>Tysias:</strong></span> <span class='ocrx_word' id='word_1_247' title='bbox 1719 1583 1728 1595; x_wconf 64' lang='lat'>⁸</span> 
     </span>
     <span class='ocr_line' id='line_1_27' title="bbox 173 1629 1672 1676; baseline 0 -12"><span class='ocrx_word' id='word_1_248' title='bbox 173 1642 265 1676; x_wconf 86' lang='lat' dir='ltr'><strong>quos</strong></span> <span class='ocrx_word' id='word_1_249' title='bbox 288 1631 469 1665; x_wconf 87' lang='lat' dir='ltr'><strong>insecutus</strong></span> <span class='ocrx_word' id='word_1_250' title='bbox 494 1637 548 1665; x_wconf 86' lang='lat' dir='ltr'><strong>est</strong></span> <span class='ocrx_word' id='word_1_251' title='bbox 574 1630 632 1665; x_wconf 83' lang='lat' dir='ltr'><strong>vir</strong></span> <span class='ocrx_word' id='word_1_252' title='bbox 658 1632 768 1674; x_wconf 81' lang='lat' dir='ltr'><strong>ejusd.</strong></span> <span class='ocrx_word' id='word_1_253' title='bbox 798 1631 936 1665; x_wconf 86' lang='lat' dir='ltr'><strong>insulae</strong></span> <span class='ocrx_word' id='word_1_254' title='bbox 963 1630 1114 1676; x_wconf 77' lang='lat' dir='ltr'><strong>Gorgias</strong></span> <span class='ocrx_word' id='word_1_255' title='bbox 1138 1629 1335 1664; x_wconf 86' lang='lat' dir='ltr'><strong>Leontinus</strong></span> <span class='ocrx_word' id='word_1_256' title='bbox 1361 1632 1402 1673; x_wconf 87' lang='grc'><strong>3,</strong></span> <span class='ocrx_word' id='word_1_257' title='bbox 1429 1633 1464 1673; x_wconf 90' lang='grc'><strong>1,</strong></span> <span class='ocrx_word' id='word_1_258' title='bbox 1490 1630 1525 1664; x_wconf 87' lang='grc'><strong>8.</strong></span> <span class='ocrx_word' id='word_1_259' title='bbox 1573 1629 1672 1664; x_wconf 87' lang='lat' dir='ltr'><strong>illam</strong></span> 
     </span>
     <span class='ocr_line' id='line_1_28' title="bbox 174 1674 1669 1721; baseline -0.001 -10"><span class='ocrx_word' id='word_1_260' title='bbox 174 1678 438 1711; x_wconf 84' lang='lat' dir='ltr'><strong>distinctionem</strong></span> <span class='ocrx_word' id='word_1_261' title='bbox 456 1677 617 1721; x_wconf 84' lang='lat' dir='ltr'><strong>protinus</strong></span> <span class='ocrx_word' id='word_1_262' title='bbox 647 1679 758 1711; x_wconf 85' lang='lat' dir='ltr'><strong>altero</strong></span> <span class='ocrx_word' id='word_1_263' title='bbox 789 1677 931 1721; x_wconf 83' lang='lat' dir='ltr'><strong>spiritus</strong></span> <span class='ocrx_word' id='word_1_264' title='bbox 956 1676 1059 1710; x_wconf 74' lang='lat' dir='ltr'><strong>initio</strong></span> <span class='ocrx_word' id='word_1_265' title='bbox 1083 1676 1252 1721; x_wconf 85' lang='lat' dir='ltr'><strong>insequar</strong></span> <span class='ocrx_word' id='word_1_266' title='bbox 1277 1679 1334 1718; x_wconf 89' lang='lat'><strong>11,</strong></span> <span class='ocrx_word' id='word_1_267' title='bbox 1358 1678 1392 1718; x_wconf 88' lang='lat'>3,</span> <span class='ocrx_word' id='word_1_268' title='bbox 1418 1677 1474 1711; x_wconf 83' lang='lat'><strong>38.</strong></span> <span class='ocrx_word' id='word_1_269' title='bbox 1521 1674 1573 1718; x_wconf 89' lang='lat' dir='ltr'><strong>ll)</strong></span> <span class='ocrx_word' id='word_1_270' title='bbox 1599 1677 1669 1720; x_wconf 66' lang='lat'><strong>1211.</strong></span> 
     </span>
     <span class='ocr_line' id='line_1_29' title="bbox 174 1721 1667 1768; baseline -0.002 -11"><span class='ocrx_word' id='word_1_271' title='bbox 174 1727 387 1757; x_wconf 77' lang='lat' dir='ltr'><strong>insector.-</strong></span> <span class='ocrx_word' id='word_1_272' title='bbox 438 1730 483 1757; x_wconf 85' lang='lat' dir='ltr'><strong>ut</strong></span> <span class='ocrx_word' id='word_1_273' title='bbox 514 1723 750 1768; x_wconf 71' lang='lat' dir='ltr'><strong>alienigenam</strong></span> <span class='ocrx_word' id='word_1_274' title='bbox 778 1735 902 1766; x_wconf 81' lang='lat' dir='ltr'><strong>parum</strong></span> <span class='ocrx_word' id='word_1_275' title='bbox 926 1722 1125 1757; x_wconf 87' lang='lat' dir='ltr'><strong>studiosum</strong></span> <span class='ocrx_word' id='word_1_276' title='bbox 1153 1723 1405 1766; x_wconf 72' lang='lat' dir='ltr'><strong>insequebatur</strong></span> <span class='ocrx_word' id='word_1_277' title='bbox 1428 1724 1491 1763; x_wconf 89' lang='lat'><strong>12,</strong></span> <span class='ocrx_word' id='word_1_278' title='bbox 1517 1723 1582 1763; x_wconf 88' lang='lat'>10,</span> <span class='ocrx_word' id='word_1_279' title='bbox 1610 1721 1667 1755; x_wconf 87' lang='lat'><strong>14.</strong></span> 
     </span>
     <span class='ocr_line' id='line_1_30' title="bbox 171 1768 1720 1813; baseline -0.003 -8"><span class='ocrx_word' id='word_1_280' title='bbox 171 1769 263 1805; x_wconf 82' lang='lat' dir='ltr'><strong>vitia</strong></span> <span class='ocrx_word' id='word_1_281' title='bbox 289 1770 461 1804; x_wconf 84' lang='lat' dir='ltr'><strong>orationis</strong></span> <span class='ocrx_word' id='word_1_282' title='bbox 483 1770 562 1812; x_wconf 85' lang='lat' dir='ltr'><strong>ejus</strong></span> <span class='ocrx_word' id='word_1_283' title='bbox 589 1770 694 1803; x_wconf 89' lang='lat' dir='ltr'><strong>etiam</strong></span> <span class='ocrx_word' id='word_1_284' title='bbox 721 1770 865 1803; x_wconf 90' lang='lat' dir='ltr'><strong>inimice</strong></span> <span class='ocrx_word' id='word_1_285' title='bbox 889 1770 1047 1813; x_wconf 86' lang='lat' dir='ltr'><strong>pluribus</strong></span> <span class='ocrx_word' id='word_1_286' title='bbox 1073 1768 1163 1802; x_wconf 89' lang='lat' dir='ltr'><strong>locis</strong></span> <span class='ocrx_word' id='word_1_287' title='bbox 1189 1768 1425 1812; x_wconf 87' lang='lat' dir='ltr'><strong>insequuntur</strong></span> <span class='ocrx_word' id='word_1_288' title='bbox 1449 1769 1512 1809; x_wconf 85' lang='lat'>12,</span> <span class='ocrx_word' id='word_1_289' title='bbox 1541 1769 1585 1809; x_wconf 86' lang='lat'>1,</span> <span class='ocrx_word' id='word_1_290' title='bbox 1608 1769 1666 1801; x_wconf 85' lang='lat'><strong>22.</strong></span> <span class='ocrx_word' id='word_1_291' title='bbox 1692 1796 1694 1801; x_wconf 46' lang='lat'><em>2</em></span> <span class='ocrx_word' id='word_1_292' title='bbox 1718 1803 1720 1805; x_wconf 13' lang='lat' dir='ltr'><strong>r</strong></span> 
     </span>
     <span class='ocr_line' id='line_1_31' title="bbox 171 1813 1728 1862; baseline -0.003 -11"><span class='ocrx_word' id='word_1_293' title='bbox 171 1818 239 1851; x_wconf 66' lang='lat'><strong>1112</strong></span> <span class='ocrx_word' id='word_1_294' title='bbox 255 1819 405 1852; x_wconf 56' lang='lat' dir='ltr'><strong>Partica:</strong></span> <span class='ocrx_word' id='word_1_295' title='bbox 435 1827 484 1850; x_wconf 83' lang='lat' dir='ltr'><strong>ex</strong></span> <span class='ocrx_word' id='word_1_296' title='bbox 509 1815 751 1860; x_wconf 83' lang='lat' dir='ltr'><strong>prioribus</strong></span> <span class='ocrx_word' id='word_1_297' title='bbox 777 1816 973 1862; x_wconf 78' lang='lat' dir='ltr'><strong>geometria</strong></span> <span class='ocrx_word' id='word_1_298' title='bbox 1000 1816 1128 1859; x_wconf 87' lang='lat' dir='ltr'><strong>probat</strong></span> <span class='ocrx_word' id='word_1_299' title='bbox 1150 1813 1450 1858; x_wconf 83' lang='lat' dir='ltr'><strong>insequentia</strong></span> <span class='ocrx_word' id='word_1_300' title='bbox 1474 1815 1508 1855; x_wconf 89' lang='lat'><strong>1,</strong></span> <span class='ocrx_word' id='word_1_301' title='bbox 1530 1815 1588 1855; x_wconf 78' lang='lat'><strong>10,</strong></span> <span class='ocrx_word' id='word_1_302' title='bbox 1611 1814 1673 1859; x_wconf 67' lang='lat'><strong>37,</strong></span> <span class='ocrx_word' id='word_1_303' title='bbox 1724 1819 1728 1850; x_wconf 68' lang='grc' dir='ltr'><strong>-ς</strong></span> 
     </span>
     <span class='ocr_line' id='line_1_32' title="bbox 170 1857 1728 1906; baseline -0.003 -9"><span class='ocrx_word' id='word_1_304' title='bbox 170 1874 221 1897; x_wconf 82' lang='lat' dir='ltr'><strong>ex</strong></span> <span class='ocrx_word' id='word_1_305' title='bbox 235 1862 504 1906; x_wconf 85' lang='lat' dir='ltr'><strong>insequentibus</strong></span> <span class='ocrx_word' id='word_1_306' title='bbox 531 1862 756 1905; x_wconf 80' lang='lat' dir='ltr'><strong>amplificatio</strong></span> <span class='ocrx_word' id='word_1_307' title='bbox 781 1863 922 1895; x_wconf 82' lang='lat' dir='ltr'><strong>ducitur</strong></span> <span class='ocrx_word' id='word_1_308' title='bbox 938 1860 1084 1904; x_wconf 82' lang='lat'>8,4‚17.</span> <span class='ocrx_word' id='word_1_309' title='bbox 1105 1873 1136 1894; x_wconf 87' lang='lat' dir='ltr'><strong>v.</strong></span> <span class='ocrx_word' id='word_1_310' title='bbox 1159 1861 1420 1894; x_wconf 84' lang='lat' dir='ltr'><strong>Antecedo.</strong></span> <span class='ocrx_word' id='word_1_311' title='bbox 1450 1859 1661 1903; x_wconf 82' lang='lat' dir='ltr'><strong>insequente</strong></span> <span class='ocrx_word' id='word_1_312' title='bbox 1723 1857 1728 1863; x_wconf 85' lang='lat'>&#39;</span> 
     </span>
     <span class='ocr_line' id='line_1_33' title="bbox 170 1906 1688 1950; baseline -0.004 -8"><span class='ocrx_word' id='word_1_313' title='bbox 170 1910 234 1944; x_wconf 84' lang='lat' dir='ltr'><strong>vel</strong></span> <span class='ocrx_word' id='word_1_314' title='bbox 260 1909 365 1943; x_wconf 85' lang='lat' dir='ltr'><strong>brevi</strong></span> <span class='ocrx_word' id='word_1_315' title='bbox 389 1909 455 1941; x_wconf 84' lang='lat' dir='ltr'><strong>alia</strong></span> <span class='ocrx_word' id='word_1_316' title='bbox 480 1910 513 1945; x_wconf 79' lang='lat'><strong>9.</strong></span> <span class='ocrx_word' id='word_1_317' title='bbox 538 1908 572 1950; x_wconf 84' lang='lat'>4,</span> <span class='ocrx_word' id='word_1_318' title='bbox 602 1909 658 1942; x_wconf 80' lang='lat'><strong>85.</strong></span> <span class='ocrx_word' id='word_1_319' title='bbox 697 1907 740 1949; x_wconf 86' lang='lat' dir='ltr'><strong>cs.</strong></span> <span class='ocrx_word' id='word_1_320' title='bbox 770 1911 812 1950; x_wconf 94' lang='lat'>1,</span> <span class='ocrx_word' id='word_1_321' title='bbox 839 1910 877 1950; x_wconf 85' lang='lat'>5,</span> <span class='ocrx_word' id='word_1_322' title='bbox 906 1910 949 1941; x_wconf 75' lang='lat'><strong>62</strong></span> <span class='ocrx_word' id='word_1_323' title='bbox 977 1911 1018 1941; x_wconf 79' lang='grc' dir='ltr'><strong>Ζ.</strong></span> <span class='ocrx_word' id='word_1_324' title='bbox 1056 1907 1170 1950; x_wconf 87' lang='lat' dir='ltr'><strong>inseq.</strong></span> <span class='ocrx_word' id='word_1_325' title='bbox 1197 1906 1317 1941; x_wconf 80' lang='lat' dir='ltr'><strong>vocali</strong></span> <span class='ocrx_word' id='word_1_326' title='bbox 1343 1908 1398 1949; x_wconf 80' lang='lat'>11,</span> <span class='ocrx_word' id='word_1_327' title='bbox 1423 1907 1458 1948; x_wconf 88' lang='grc'><strong>3,</strong></span> <span class='ocrx_word' id='word_1_328' title='bbox 1530 1914 1688 1938; x_wconf 86' lang='lat' dir='ltr'><strong>..con-.</strong></span> 
     </span>
     <span class='ocr_line' id='line_1_34' title="bbox 170 1949 1667 1998; baseline -0.005 -9"><span class='ocrx_word' id='word_1_329' title='bbox 170 1956 307 1989; x_wconf 89' lang='lat' dir='ltr'><strong>tinuata</strong></span> <span class='ocrx_word' id='word_1_330' title='bbox 332 1966 413 1990; x_wconf 87' lang='lat' dir='ltr'><strong>cum</strong></span> <span class='ocrx_word' id='word_1_331' title='bbox 439 1954 651 1998; x_wconf 70' lang='lat' dir='ltr'><strong>insequente</strong></span> <span class='ocrx_word' id='word_1_332' title='bbox 676 1953 808 1997; x_wconf 76' lang='lat' dir='ltr'><strong>(litera)</strong></span> <span class='ocrx_word' id='word_1_333' title='bbox 834 1956 868 1995; x_wconf 90' lang='grc'><strong>8,</strong></span> <span class='ocrx_word' id='word_1_334' title='bbox 896 1956 928 1995; x_wconf 88' lang='grc'><strong>3,</strong></span> <span class='ocrx_word' id='word_1_335' title='bbox 953 1952 1010 1987; x_wconf 87' lang='grc'><strong>45.</strong></span> <span class='ocrx_word' id='word_1_336' title='bbox 1052 1959 1088 1986; x_wconf 89' lang='lat' dir='ltr'><strong>et</strong></span> <span class='ocrx_word' id='word_1_337' title='bbox 1115 1953 1229 1997; x_wconf 88' lang='lat' dir='ltr'><strong>inseq.</strong></span> <span class='ocrx_word' id='word_1_338' title='bbox 1255 1952 1304 1995; x_wconf 86' lang='lat' dir='ltr'><strong>(a.</strong></span> <span class='ocrx_word' id='word_1_339' title='bbox 1325 1950 1346 1987; x_wconf 78' lang='lat'><strong>1.</strong></span> <span class='ocrx_word' id='word_1_340' title='bbox 1375 1951 1470 1995; x_wconf 83' lang='lat' dir='ltr'><strong>seq.)</strong></span> <span class='ocrx_word' id='word_1_341' title='bbox 1522 1949 1667 1994; x_wconf 51' lang='lat' dir='ltr'><strong>¹inceps</strong></span> 
     </span>
     <span class='ocr_line' id='line_1_35' title="bbox 170 1996 1668 2046; baseline -0.004 -11"><span class='ocrx_word' id='word_1_342' title='bbox 170 2002 340 2046; x_wconf 85' lang='lat' dir='ltr'><strong>periodos</strong></span> <span class='ocrx_word' id='word_1_343' title='bbox 366 2004 408 2042; x_wconf 83' lang='lat'><strong>9,</strong></span> <span class='ocrx_word' id='word_1_344' title='bbox 434 1999 479 2043; x_wconf 83' lang='lat'><strong>4,</strong></span> <span class='ocrx_word' id='word_1_345' title='bbox 503 2000 558 2033; x_wconf 87' lang='lat'><strong>14.</strong></span> <span class='ocrx_word' id='word_1_346' title='bbox 601 2000 716 2044; x_wconf 76' lang='lat' dir='ltr'><strong>inseq.</strong></span> <span class='ocrx_word' id='word_1_347' title='bbox 741 2006 879 2042; x_wconf 83' lang='lat' dir='ltr'><strong>tempus</strong></span> <span class='ocrx_word' id='word_1_348' title='bbox 906 2001 940 2042; x_wconf 89' lang='lat'>5,</span> <span class='ocrx_word' id='word_1_349' title='bbox 966 2002 1022 2041; x_wconf 84' lang='lat'><strong>10,</strong></span> <span class='ocrx_word' id='word_1_350' title='bbox 1049 1997 1108 2034; x_wconf 86' lang='grc'><strong>46.</strong></span> <span class='ocrx_word' id='word_1_351' title='bbox 1131 1997 1188 2036; x_wconf 87' lang='grc'><strong>94.</strong></span> <span class='ocrx_word' id='word_1_352' title='bbox 1223 1998 1262 2042; x_wconf 84' lang='grc'><strong>7,</strong></span> <span class='ocrx_word' id='word_1_353' title='bbox 1288 2001 1329 2041; x_wconf 86' lang='grc'><strong>2,</strong></span> <span class='ocrx_word' id='word_1_354' title='bbox 1353 1996 1419 2040; x_wconf 72' lang='grc'><strong>46,</strong></span> <span class='ocrx_word' id='word_1_355' title='bbox 1457 1997 1502 2030; x_wconf 83' lang='lat' dir='ltr'><strong>de</strong></span> <span class='ocrx_word' id='word_1_356' title='bbox 1531 2002 1668 2030; x_wconf 78' lang='lat' dir='ltr'><strong>ante-</strong></span> 
     </span>
     <span class='ocr_line' id='line_1_36' title="bbox 171 2045 829 2090; baseline -0.009 -8"><span class='ocrx_word' id='word_1_357' title='bbox 171 2047 313 2090; x_wconf 85' lang='lat' dir='ltr'><strong>actis,</strong></span> <span class='ocrx_word' id='word_1_358' title='bbox 340 2048 384 2081; x_wconf 89' lang='lat' dir='ltr'><strong>de</strong></span> <span class='ocrx_word' id='word_1_359' title='bbox 406 2045 633 2080; x_wconf 85' lang='lat' dir='ltr'><strong>insecutis</strong></span> <span class='ocrx_word' id='word_1_360' title='bbox 659 2048 692 2088; x_wconf 92' lang='lat'>5,</span> <span class='ocrx_word' id='word_1_361' title='bbox 717 2049 752 2088; x_wconf 94' lang='lat'><strong>7,</strong></span> <span class='ocrx_word' id='word_1_362' title='bbox 777 2047 829 2080; x_wconf 88' lang='grc'><strong>18,</strong></span> 
     </span>
    </p>
   </div>
   <div class='ocr_carea' id='block_1_6' title="bbox 122 2091 1728 2848">
    <p class='ocr_par' dir='ltr' id='par_1_9' title="bbox 122 2091 1704 2241">
     <span class='ocr_line' id='line_1_37' title="bbox 122 2091 1704 2145; baseline -0.005 -6"><span class='ocrx_word' id='word_1_363' title='bbox 122 2091 286 2135; x_wconf 77' lang='lat' dir='ltr'><strong>Insel&#39;o·</strong></span> <span class='ocrx_word' id='word_1_364' title='bbox 323 2105 385 2138; x_wconf 89' lang='lat' dir='ltr'><strong>des</strong></span> <span class='ocrx_word' id='word_1_365' title='bbox 411 2103 496 2136; x_wconf 89' lang='lat' dir='ltr'><strong>mihi</strong></span> <span class='ocrx_word' id='word_1_366' title='bbox 522 2105 719 2145; x_wconf 82' lang='lat' dir='ltr'><strong>surculum,</strong></span> <span class='ocrx_word' id='word_1_367' title='bbox 749 2109 788 2136; x_wconf 86' lang='lat' dir='ltr'><strong>ut</strong></span> <span class='ocrx_word' id='word_1_368' title='bbox 812 2102 966 2138; x_wconf 86' lang='lat' dir='ltr'><strong>inseram</strong></span> <span class='ocrx_word' id='word_1_369' title='bbox 993 2102 1035 2145; x_wconf 84' lang='lat'><strong>6,</strong></span> <span class='ocrx_word' id='word_1_370' title='bbox 1063 2103 1098 2145; x_wconf 88' lang='grc'><strong>3,</strong></span> <span class='ocrx_word' id='word_1_371' title='bbox 1126 2103 1195 2143; x_wconf 82' lang='grc'><strong>88;</strong></span> <span class='ocrx_word' id='word_1_372' title='bbox 1228 2099 1344 2144; x_wconf 86' lang='lat' dir='ltr'><strong>aliqua</strong></span> <span class='ocrx_word' id='word_1_373' title='bbox 1367 2103 1492 2133; x_wconf 86' lang='lat' dir='ltr'><strong>contra</strong></span> <span class='ocrx_word' id='word_1_374' title='bbox 1518 2108 1585 2132; x_wconf 87' lang='lat' dir='ltr'><strong>nos</strong></span> <span class='ocrx_word' id='word_1_375' title='bbox 1608 2097 1668 2132; x_wconf 88' lang='lat' dir='ltr'><strong>in-</strong></span> <span class='ocrx_word' id='word_1_376' title='bbox 1701 2120 1704 2122; x_wconf 36' lang='lat' dir='ltr'>v</span> 
     </span>
     <span class='ocr_line' id='line_1_38' title="bbox 172 2144 1667 2194; baseline -0.004 -10"><span class='ocrx_word' id='word_1_377' title='bbox 172 2151 240 2185; x_wconf 83' lang='lat' dir='ltr'><strong>sita</strong></span> <span class='ocrx_word' id='word_1_378' title='bbox 264 2150 386 2194; x_wconf 87' lang='lat' dir='ltr'><strong>opinio</strong></span> <span class='ocrx_word' id='word_1_379' title='bbox 416 2149 451 2193; x_wconf 90' lang='lat'><strong>4,</strong></span> <span class='ocrx_word' id='word_1_380' title='bbox 477 2153 511 2193; x_wconf 86' lang='grc'><strong>2,</strong></span> <span class='ocrx_word' id='word_1_381' title='bbox 534 2151 592 2185; x_wconf 93' lang='grc'><strong>80.</strong></span> <span class='ocrx_word' id='word_1_382' title='bbox 632 2155 758 2183; x_wconf 85' lang='lat' dir='ltr'><strong>natura</strong></span> <span class='ocrx_word' id='word_1_383' title='bbox 783 2151 871 2193; x_wconf 83' lang='lat' dir='ltr'><strong>(Sp.</strong></span> <span class='ocrx_word' id='word_1_384' title='bbox 902 2160 922 2183; x_wconf 89' lang='lat' dir='ltr'><strong>a</strong></span> <span class='ocrx_word' id='word_1_385' title='bbox 946 2147 1002 2192; x_wconf 87' lang='lat' dir='ltr'><strong>n.)</strong></span> <span class='ocrx_word' id='word_1_386' title='bbox 1027 2153 1082 2182; x_wconf 83' lang='lat' dir='ltr'><strong>est</strong></span> <span class='ocrx_word' id='word_1_387' title='bbox 1105 2147 1269 2181; x_wconf 88' lang='lat' dir='ltr'><strong>omnibus</strong></span> <span class='ocrx_word' id='word_1_388' title='bbox 1292 2165 1338 2172; x_wconf 95' lang='lat'><strong>—</strong></span> <span class='ocrx_word' id='word_1_389' title='bbox 1361 2144 1535 2189; x_wconf 86' lang='lat' dir='ltr'><strong>cupiditas</strong></span> <span class='ocrx_word' id='word_1_390' title='bbox 1558 2144 1667 2178; x_wconf 85' lang='lat' dir='ltr'><strong>insita</strong></span> 
     </span>
     <span class='ocr_line' id='line_1_39' title="bbox 171 2198 404 2241; baseline -0.009 -9"><span class='ocrx_word' id='word_1_391' title='bbox 171 2199 205 2238; x_wconf 88' lang='grc'><strong>8,</strong></span> <span class='ocrx_word' id='word_1_392' title='bbox 231 2198 267 2241; x_wconf 90' lang='grc'><strong>6,</strong></span> <span class='ocrx_word' id='word_1_393' title='bbox 293 2199 337 2232; x_wconf 84' lang='grc'><strong>75</strong></span> <span class='ocrx_word' id='word_1_394' title='bbox 362 2200 404 2231; x_wconf 91' lang='grc' dir='ltr'><strong>Ζ.</strong></span> 
     </span>
    </p>

    <p class='ocr_par' dir='ltr' id='par_1_10' title="bbox 123 2242 1728 2848">
     <span class='ocr_line' id='line_1_40' title="bbox 123 2242 1728 2302; baseline -0.006 -14"><span class='ocrx_word' id='word_1_395' title='bbox 123 2242 289 2285; x_wconf 71' lang='lat' dir='ltr'><strong>InSGI&#39;O-</strong></span> <span class='ocrx_word' id='word_1_396' title='bbox 336 2255 369 2296; x_wconf 89' lang='lat'><strong>1)</strong></span> <span class='ocrx_word' id='word_1_397' title='bbox 395 2264 469 2287; x_wconf 87' lang='lat' dir='ltr'><strong>non</strong></span> <span class='ocrx_word' id='word_1_398' title='bbox 492 2252 628 2287; x_wconf 83' lang='lat' dir='ltr'><strong>inserto</strong></span> <span class='ocrx_word' id='word_1_399' title='bbox 652 2252 783 2297; x_wconf 84' lang='lat' dir='ltr'><strong>pollice</strong></span> <span class='ocrx_word' id='word_1_400' title='bbox 811 2254 867 2294; x_wconf 87' lang='lat'>11,</span> <span class='ocrx_word' id='word_1_401' title='bbox 892 2253 926 2294; x_wconf 91' lang='grc'><strong>3,</strong></span> <span class='ocrx_word' id='word_1_402' title='bbox 950 2251 1008 2286; x_wconf 89' lang='grc'><strong>98.</strong></span> <span class='ocrx_word' id='word_1_403' title='bbox 1045 2252 1170 2285; x_wconf 82' lang='lat' dir='ltr'><strong>clavus</strong></span> <span class='ocrx_word' id='word_1_404' title='bbox 1193 2257 1370 2293; x_wconf 74' lang='lat' dir='ltr'><strong>purpurae</strong></span> <span class='ocrx_word' id='word_1_405' title='bbox 1394 2246 1493 2291; x_wconf 84' lang='lat' dir='ltr'><strong>(Sp.</strong></span> <span class='ocrx_word' id='word_1_406' title='bbox 1519 2251 1556 2282; x_wconf 84' lang='lat' dir='ltr'><strong>et</strong></span> <span class='ocrx_word' id='word_1_407' title='bbox 1577 2258 1666 2299; x_wconf 77' lang='lat' dir='ltr'><strong>pur-</strong></span> <span class='ocrx_word' id='word_1_408' title='bbox 1727 2289 1728 2302; x_wconf 16' lang='grc' dir='ltr'>ἵ</span> 
     </span>
     <span class='ocr_line' id='line_1_41' title="bbox 171 2293 1728 2344; baseline -0.005 -10"><span class='ocrx_word' id='word_1_409' title='bbox 171 2302 273 2344; x_wconf 88' lang='lat' dir='ltr'><strong>pura)</strong></span> <span class='ocrx_word' id='word_1_410' title='bbox 302 2299 341 2334; x_wconf 89' lang='lat' dir='ltr'><strong>in</strong></span> <span class='ocrx_word' id='word_1_411' title='bbox 369 2301 448 2334; x_wconf 85' lang='lat' dir='ltr'><strong>loco</strong></span> <span class='ocrx_word' id='word_1_412' title='bbox 476 2299 631 2333; x_wconf 78' lang='lat' dir='ltr'><strong>insertus</strong></span> <span class='ocrx_word' id='word_1_413' title='bbox 656 2300 754 2343; x_wconf 88' lang='lat' dir='ltr'><strong>(Sp.</strong></span> <span class='ocrx_word' id='word_1_414' title='bbox 780 2297 951 2338; x_wconf 89' lang='lat' dir='ltr'><strong>insertae)</strong></span> <span class='ocrx_word' id='word_1_415' title='bbox 975 2298 1009 2339; x_wconf 88' lang='grc'><strong>8,</strong></span> <span class='ocrx_word' id='word_1_416' title='bbox 1036 2299 1069 2339; x_wconf 85' lang='grc'><strong>5,</strong></span> <span class='ocrx_word' id='word_1_417' title='bbox 1090 2297 1135 2330; x_wconf 87' lang='grc'><strong>28</strong></span> <span class='ocrx_word' id='word_1_418' title='bbox 1154 2299 1196 2328; x_wconf 94' lang='grc' dir='ltr'><strong>Ζ.</strong></span> <span class='ocrx_word' id='word_1_419' title='bbox 1236 2293 1280 2327; x_wconf 90' lang='lat' dir='ltr'><strong>in</strong></span> <span class='ocrx_word' id='word_1_420' title='bbox 1305 2305 1407 2326; x_wconf 88' lang='lat' dir='ltr'><strong>acum</strong></span> <span class='ocrx_word' id='word_1_421' title='bbox 1431 2303 1542 2340; x_wconf 80' lang='lat' dir='ltr'><strong>grana</strong></span> <span class='ocrx_word' id='word_1_422' title='bbox 1569 2303 1665 2327; x_wconf 85' lang='lat' dir='ltr'><strong>ctce-</strong></span> <span class='ocrx_word' id='word_1_423' title='bbox 1727 2306 1728 2311; x_wconf 55' lang='lat'>¹</span> 
     </span>
     <span class='ocr_line' id='line_1_42' title="bbox 169 2340 1664 2388; baseline -0.005 -8"><span class='ocrx_word' id='word_1_424' title='bbox 169 2346 220 2380; x_wconf 85' lang='lat' dir='ltr'><strong>ris</strong></span> <span class='ocrx_word' id='word_1_425' title='bbox 243 2346 423 2381; x_wconf 85' lang='lat' dir='ltr'><strong>inserebat</strong></span> <span class='ocrx_word' id='word_1_426' title='bbox 446 2349 480 2388; x_wconf 89' lang='lat'>2,</span> <span class='ocrx_word' id='word_1_427' title='bbox 506 2349 562 2388; x_wconf 78' lang='lat'>20,</span> <span class='ocrx_word' id='word_1_428' title='bbox 594 2348 627 2380; x_wconf 86' lang='lat'><strong>3.</strong></span> <span class='ocrx_word' id='word_1_429' title='bbox 676 2346 726 2388; x_wconf 91' lang='lat'><strong>11)</strong></span> <span class='ocrx_word' id='word_1_430' title='bbox 752 2348 783 2377; x_wconf 80' lang='lat' dir='ltr'><strong>in</strong></span> <span class='ocrx_word' id='word_1_431' title='bbox 800 2345 950 2377; x_wconf 81' lang='lat' dir='ltr'><strong>dicendo.</strong></span> <span class='ocrx_word' id='word_1_432' title='bbox 986 2340 1024 2384; x_wconf 85' lang='grc' dir='ltr'><strong>α)</strong></span> <span class='ocrx_word' id='word_1_433' title='bbox 1048 2343 1150 2385; x_wconf 88' lang='lat' dir='ltr'><strong>jocos</strong></span> <span class='ocrx_word' id='word_1_434' title='bbox 1170 2340 1330 2374; x_wconf 83' lang='lat' dir='ltr'><strong>inserere</strong></span> <span class='ocrx_word' id='word_1_435' title='bbox 1353 2342 1388 2382; x_wconf 86' lang='grc'><strong>2,</strong></span> <span class='ocrx_word' id='word_1_436' title='bbox 1416 2341 1471 2382; x_wconf 86' lang='grc'><strong>10,</strong></span> <span class='ocrx_word' id='word_1_437' title='bbox 1497 2340 1541 2374; x_wconf 88' lang='grc' dir='ltr'><strong>9.Ι</strong></span> <span class='ocrx_word' id='word_1_438' title='bbox 1572 2349 1664 2383; x_wconf 78' lang='lat' dir='ltr'><strong>quos</strong></span> 
     </span>
     <span class='ocr_line' id='line_1_43' title="bbox 173 2386 1661 2436; baseline -0.003 -12"><span class='ocrx_word' id='word_1_439' title='bbox 173 2393 317 2435; x_wconf 79' lang='lat' dir='ltr'><strong>(sensus)</strong></span> <span class='ocrx_word' id='word_1_440' title='bbox 342 2404 459 2436; x_wconf 91' lang='lat' dir='ltr'><strong>neque</strong></span> <span class='ocrx_word' id='word_1_441' title='bbox 488 2391 699 2425; x_wconf 84' lang='lat' dir='ltr'><strong>inserere</strong></span> <span class='ocrx_word' id='word_1_442' title='bbox 726 2395 880 2435; x_wconf 87' lang='lat' dir='ltr'><strong>oportet,</strong></span> <span class='ocrx_word' id='word_1_443' title='bbox 907 2398 1024 2431; x_wconf 88' lang='lat' dir='ltr'><strong>neque</strong></span> <span class='ocrx_word' id='word_1_444' title='bbox 1048 2387 1258 2420; x_wconf 79' lang='lat' dir='ltr'><strong>differre</strong></span> <span class='ocrx_word' id='word_1_445' title='bbox 1281 2390 1396 2419; x_wconf 90' lang='lat' dir='ltr'><strong>tutum</strong></span> <span class='ocrx_word' id='word_1_446' title='bbox 1415 2390 1469 2419; x_wconf 88' lang='lat' dir='ltr'><strong>est</strong></span> <span class='ocrx_word' id='word_1_447' title='bbox 1486 2386 1591 2428; x_wconf 80' lang='lat'>10‚3‚</span> <span class='ocrx_word' id='word_1_448' title='bbox 1602 2386 1661 2422; x_wconf 74' lang='lat'><strong>33,</strong></span> 
     </span>
     <span class='ocr_line' id='line_1_44' title="bbox 172 2431 1660 2480; baseline -0.004 -11"><span class='ocrx_word' id='word_1_449' title='bbox 172 2439 268 2480; x_wconf 87' lang='lat' dir='ltr'><strong>quod</strong></span> <span class='ocrx_word' id='word_1_450' title='bbox 294 2449 365 2472; x_wconf 88' lang='lat' dir='ltr'><strong>non</strong></span> <span class='ocrx_word' id='word_1_451' title='bbox 387 2438 615 2472; x_wconf 80' lang='lat' dir='ltr'><strong>inseruissem</strong></span> <span class='ocrx_word' id='word_1_452' title='bbox 638 2439 683 2475; x_wconf 81' lang='grc'><strong>9.·</strong></span> <span class='ocrx_word' id='word_1_453' title='bbox 710 2439 753 2478; x_wconf 89' lang='grc'><strong>2,</strong></span> <span class='ocrx_word' id='word_1_454' title='bbox 779 2435 835 2470; x_wconf 89' lang='grc'><strong>74.</strong></span> <span class='ocrx_word' id='word_1_455' title='bbox 886 2434 939 2476; x_wconf 88' lang='lat' dir='ltr'><strong>[si</strong></span> <span class='ocrx_word' id='word_1_456' title='bbox 963 2434 1096 2467; x_wconf 87' lang='lat' dir='ltr'><strong>debent</strong></span> <span class='ocrx_word' id='word_1_457' title='bbox 1123 2431 1231 2466; x_wconf 83' lang='lat' dir='ltr'><strong>inseri</strong></span> <span class='ocrx_word' id='word_1_458' title='bbox 1259 2431 1437 2474; x_wconf 81' lang='lat' dir='ltr'><strong>(nomina)</strong></span> <span class='ocrx_word' id='word_1_459' title='bbox 1477 2433 1534 2472; x_wconf 88' lang='grc'><strong>11,</strong></span> <span class='ocrx_word' id='word_1_460' title='bbox 1557 2433 1593 2471; x_wconf 83' lang='grc'><strong>2,</strong></span> <span class='ocrx_word' id='word_1_461' title='bbox 1615 2431 1660 2464; x_wconf 83' lang='lat'><strong>31</strong></span> 
     </span>
     <span class='ocr_line' id='line_1_45' title="bbox 171 2475 1660 2528; baseline -0.004 -13"><span class='ocrx_word' id='word_1_462' title='bbox 171 2495 207 2517; x_wconf 72' lang='lat' dir='ltr'><strong>v.</strong></span> <span class='ocrx_word' id='word_1_463' title='bbox 231 2483 396 2528; x_wconf 89' lang='lat' dir='ltr'><strong>Miser.]</strong></span> <span class='ocrx_word' id='word_1_464' title='bbox 437 2486 544 2517; x_wconf 86' lang='lat' dir='ltr'><strong>multa</strong></span> <span class='ocrx_word' id='word_1_465' title='bbox 569 2483 637 2516; x_wconf 88' lang='lat' dir='ltr'><strong>alia</strong></span> <span class='ocrx_word' id='word_1_466' title='bbox 661 2482 766 2516; x_wconf 88' lang='lat' dir='ltr'><strong>etiam</strong></span> <span class='ocrx_word' id='word_1_467' title='bbox 791 2480 976 2514; x_wconf 85' lang='lat' dir='ltr'><strong>audentius</strong></span> <span class='ocrx_word' id='word_1_468' title='bbox 1005 2479 1052 2523; x_wconf 84' lang='lat' dir='ltr'><strong>(a.</strong></span> <span class='ocrx_word' id='word_1_469' title='bbox 1067 2483 1088 2513; x_wconf 79' lang='lat'><strong>1.</strong></span> <span class='ocrx_word' id='word_1_470' title='bbox 1107 2476 1346 2520; x_wconf 87' lang='lat' dir='ltr'><strong>audientibus)</strong></span> <span class='ocrx_word' id='word_1_471' title='bbox 1373 2475 1482 2511; x_wconf 87' lang='lat' dir='ltr'><strong>inseri</strong></span> <span class='ocrx_word' id='word_1_472' title='bbox 1506 2477 1542 2519; x_wconf 87' lang='lat'><strong>8,</strong></span> <span class='ocrx_word' id='word_1_473' title='bbox 1555 2478 1590 2519; x_wconf 84' lang='lat'><strong>3,</strong></span> <span class='ocrx_word' id='word_1_474' title='bbox 1601 2477 1660 2514; x_wconf 88' lang='grc'><strong>27.</strong></span> 
     </span>
     <span class='ocr_line' id='line_1_46' title="bbox 172 2521 1663 2575; baseline -0.005 -12"><span class='ocrx_word' id='word_1_475' title='bbox 172 2527 216 2569; x_wconf 86' lang='lat' dir='ltr'><strong>cs.</strong></span> <span class='ocrx_word' id='word_1_476' title='bbox 241 2528 277 2571; x_wconf 83' lang='lat'>4,</span> <span class='ocrx_word' id='word_1_477' title='bbox 307 2534 340 2571; x_wconf 87' lang='grc'><strong>2,</strong></span> <span class='ocrx_word' id='word_1_478' title='bbox 367 2531 425 2564; x_wconf 88' lang='grc'><strong>47.</strong></span> <span class='ocrx_word' id='word_1_479' title='bbox 451 2531 545 2574; x_wconf 87' lang='lat' dir='ltr'><strong>quod</strong></span> <span class='ocrx_word' id='word_1_480' title='bbox 575 2540 647 2563; x_wconf 92' lang='lat' dir='ltr'><strong>non</strong></span> <span class='ocrx_word' id='word_1_481' title='bbox 673 2528 860 2562; x_wconf 87' lang='lat' dir='ltr'><strong>commode</strong></span> <span class='ocrx_word' id='word_1_482' title='bbox 884 2525 993 2559; x_wconf 87' lang='lat' dir='ltr'><strong>inseri</strong></span> <span class='ocrx_word' id='word_1_483' title='bbox 1017 2524 1128 2569; x_wconf 88' lang='lat' dir='ltr'><strong>possit</strong></span> <span class='ocrx_word' id='word_1_484' title='bbox 1152 2527 1187 2568; x_wconf 83' lang='lat'><strong>9,</strong></span> <span class='ocrx_word' id='word_1_485' title='bbox 1211 2524 1246 2567; x_wconf 89' lang='lat'><strong>4,</strong></span> <span class='ocrx_word' id='word_1_486' title='bbox 1262 2524 1339 2558; x_wconf 88' lang='lat'><strong>145.</strong></span> <span class='ocrx_word' id='word_1_487' title='bbox 1376 2534 1440 2575; x_wconf 46' lang='lat' dir='ltr'><strong>ap..</strong></span> <span class='ocrx_word' id='word_1_488' title='bbox 1455 2521 1531 2556; x_wconf 85' lang='lat' dir='ltr'><strong>cic.</strong></span> <span class='ocrx_word' id='word_1_489' title='bbox 1554 2521 1663 2555; x_wconf 86' lang='lat' dir='ltr'><strong>Ennii</strong></span> 
     </span>
     <span class='ocr_line' id='line_1_47' title="bbox 173 2572 1662 2617; baseline -0.003 -12"><span class='ocrx_word' id='word_1_490' title='bbox 173 2581 233 2606; x_wconf 78' lang='lat' dir='ltr'><strong>eie.</strong></span> <span class='ocrx_word' id='word_1_491' title='bbox 263 2574 370 2608; x_wconf 83' lang='lat' dir='ltr'><strong>inseri</strong></span> <span class='ocrx_word' id='word_1_492' title='bbox 396 2587 523 2610; x_wconf 86' lang='lat' dir='ltr'><strong>versus</strong></span> <span class='ocrx_word' id='word_1_493' title='bbox 551 2578 591 2615; x_wconf 79' lang='lat'><strong>1,</strong></span> <span class='ocrx_word' id='word_1_494' title='bbox 619 2577 661 2617; x_wconf 88' lang='grc'><strong>8,</strong></span> <span class='ocrx_word' id='word_1_495' title='bbox 688 2577 742 2608; x_wconf 91' lang='grc'><strong>11.</strong></span> <span class='ocrx_word' id='word_1_496' title='bbox 792 2584 871 2606; x_wconf 88' lang='lat' dir='ltr'><strong>eum</strong></span> <span class='ocrx_word' id='word_1_497' title='bbox 896 2575 1034 2612; x_wconf 83' lang='lat' dir='ltr'><strong>(comm.</strong></span> <span class='ocrx_word' id='word_1_498' title='bbox 1061 2575 1192 2607; x_wconf 78' lang='lat' dir='ltr'><strong>locum)</strong></span> <span class='ocrx_word' id='word_1_499' title='bbox 1227 2580 1301 2604; x_wconf 77' lang='lat' dir='ltr'><strong>non</strong></span> <span class='ocrx_word' id='word_1_500' title='bbox 1324 2575 1394 2602; x_wconf 76' lang='lat' dir='ltr'><strong>tam</strong></span> <span class='ocrx_word' id='word_1_501' title='bbox 1427 2572 1662 2602; x_wconf 64' lang='lat' dir='ltr'><strong>insertum</strong></span> 
     </span>
     <span class='ocr_line' id='line_1_48' title="bbox 172 2613 1660 2666; baseline -0.003 -15"><span class='ocrx_word' id='word_1_502' title='bbox 172 2630 277 2662; x_wconf 86' lang='lat' dir='ltr'><strong>quam</strong></span> <span class='ocrx_word' id='word_1_503' title='bbox 308 2622 582 2664; x_wconf 82' lang='lat' dir='ltr'><strong>applicitum</strong></span> <span class='ocrx_word' id='word_1_504' title='bbox 606 2624 641 2663; x_wconf 88' lang='lat'>2,</span> <span class='ocrx_word' id='word_1_505' title='bbox 665 2619 700 2662; x_wconf 88' lang='grc'><strong>4,</strong></span> <span class='ocrx_word' id='word_1_506' title='bbox 728 2622 774 2654; x_wconf 88' lang='grc'><strong>30</strong></span> <span class='ocrx_word' id='word_1_507' title='bbox 800 2620 844 2653; x_wconf 89' lang='grc' dir='ltr'><strong>Ν.</strong></span> <span class='ocrx_word' id='word_1_508' title='bbox 869 2631 914 2651; x_wconf 82' lang='lat' dir='ltr'><strong>or.</strong></span> <span class='ocrx_word' id='word_1_509' title='bbox 963 2619 1000 2661; x_wconf 54' lang='grc' dir='ltr'><strong>ῤ’</strong></span> <span class='ocrx_word' id='word_1_510' title='bbox 1027 2618 1098 2659; x_wconf 80' lang='lat' dir='ltr'><strong>adj.</strong></span> <span class='ocrx_word' id='word_1_511' title='bbox 1130 2621 1213 2651; x_wconf 73' lang='lat' dir='ltr'><strong>Dat.</strong></span> <span class='ocrx_word' id='word_1_512' title='bbox 1229 2630 1239 2649; x_wconf 91' lang='lat'><strong>.·</strong></span> <span class='ocrx_word' id='word_1_513' title='bbox 1264 2613 1418 2659; x_wconf 72' lang='lat' dir='ltr'><strong>negotiis</strong></span> <span class='ocrx_word' id='word_1_514' title='bbox 1438 2613 1509 2647; x_wconf 86' lang='lat' dir='ltr'><strong>hoo</strong></span> <span class='ocrx_word' id='word_1_515' title='bbox 1530 2623 1660 2666; x_wconf 77' lang='lat' dir='ltr'><strong>munus</strong></span> 
     </span>
     <span class='ocr_line' id='line_1_49' title="bbox 170 2660 1682 2709; baseline -0.004 -11"><span class='ocrx_word' id='word_1_516' title='bbox 170 2664 319 2698; x_wconf 87' lang='lat' dir='ltr'><strong>inseruit</strong></span> <span class='ocrx_word' id='word_1_517' title='bbox 349 2669 382 2707; x_wconf 76' lang='lat'>3,</span> <span class='ocrx_word' id='word_1_518' title='bbox 407 2669 441 2709; x_wconf 92' lang='grc'><strong>7,</strong></span> <span class='ocrx_word' id='word_1_519' title='bbox 466 2671 500 2700; x_wconf 86' lang='grc'><strong>2.</strong></span> <span class='ocrx_word' id='word_1_520' title='bbox 531 2668 574 2700; x_wconf 89' lang='lat' dir='ltr'><strong>iis</strong></span> <span class='ocrx_word' id='word_1_521' title='bbox 600 2666 726 2708; x_wconf 45' lang='lat' dir='ltr'><strong>isonis),</strong></span> <span class='ocrx_word' id='word_1_522' title='bbox 751 2675 840 2709; x_wconf 89' lang='lat' dir='ltr'><strong>quos</strong></span> <span class='ocrx_word' id='word_1_523' title='bbox 867 2664 1305 2707; x_wconf 61' lang='lat' dir='ltr'><strong>interposuerunt,</strong></span> <span class='ocrx_word' id='word_1_524' title='bbox 1322 2661 1546 2695; x_wconf 82' lang='lat' dir='ltr'><strong>inserunt</strong></span> <span class='ocrx_word' id='word_1_525' title='bbox 1569 2660 1682 2693; x_wconf 42' lang='lat' dir='ltr'><strong>atron*</strong></span> 
     </span>
     <span class='ocr_line' id='line_1_50' title="bbox 171 2706 1728 2759; baseline -0.004 -15"><span class='ocrx_word' id='word_1_526' title='bbox 171 2714 228 2752; x_wconf 76' lang='lat'><strong>12,</strong></span> <span class='ocrx_word' id='word_1_527' title='bbox 255 2713 310 2753; x_wconf 86' lang='lat'>10,</span> <span class='ocrx_word' id='word_1_528' title='bbox 336 2713 391 2745; x_wconf 83' lang='lat'><strong>68.</strong></span> <span class='ocrx_word' id='word_1_529' title='bbox 442 2713 573 2746; x_wconf 87' lang='lat' dir='ltr'><strong>aulai</strong></span> <span class='ocrx_word' id='word_1_530' title='bbox 608 2712 823 2746; x_wconf 80' lang='lat' dir='ltr'><strong>carminibus</strong></span> <span class='ocrx_word' id='word_1_531' title='bbox 847 2709 995 2744; x_wconf 84' lang='lat' dir='ltr'><strong>inseruit</strong></span> <span class='ocrx_word' id='word_1_532' title='bbox 1032 2712 1064 2751; x_wconf 84' lang='lat'>1,</span> <span class='ocrx_word' id='word_1_533' title='bbox 1092 2711 1126 2751; x_wconf 95' lang='lat'><strong>7,</strong></span> <span class='ocrx_word' id='word_1_534' title='bbox 1154 2706 1274 2759; x_wconf 65' lang='grc' dir='ltr'><strong>18.Χεὶ</strong></span> <span class='ocrx_word' id='word_1_535' title='bbox 1300 2706 1499 2749; x_wconf 85' lang='lat' dir='ltr'><strong>Hispanum</strong></span> <span class='ocrx_word' id='word_1_536' title='bbox 1528 2714 1669 2749; x_wconf 29' lang='lat' dir='ltr'><strong>nomen·</strong></span> <span class='ocrx_word' id='word_1_537' title='bbox 1724 2739 1728 2748; x_wconf 37' lang='lat'><strong>⁴</strong></span> 
     </span>
     <span class='ocr_line' id='line_1_51' title="bbox 171 2751 1659 2803; baseline -0.004 -14"><span class='ocrx_word' id='word_1_538' title='bbox 171 2756 317 2791; x_wconf 82' lang='lat' dir='ltr'><strong>Latinae</strong></span> <span class='ocrx_word' id='word_1_539' title='bbox 339 2757 491 2791; x_wconf 86' lang='lat' dir='ltr'><strong>orationi</strong></span> <span class='ocrx_word' id='word_1_540' title='bbox 515 2758 648 2791; x_wconf 84' lang='lat' dir='ltr'><strong>inserat</strong></span> <span class='ocrx_word' id='word_1_541' title='bbox 679 2762 717 2802; x_wconf 93' lang='lat'>1,</span> <span class='ocrx_word' id='word_1_542' title='bbox 744 2760 787 2800; x_wconf 91' lang='lat'><strong>5,</strong></span> <span class='ocrx_word' id='word_1_543' title='bbox 815 2759 860 2796; x_wconf 86' lang='lat'><strong>8;</strong></span> <span class='ocrx_word' id='word_1_544' title='bbox 911 2757 1120 2799; x_wconf 80' lang='lat' dir='ltr'><strong>frequenter</strong></span> <span class='ocrx_word' id='word_1_545' title='bbox 1146 2753 1314 2788; x_wconf 86' lang='lat' dir='ltr'><strong>inseritur</strong></span> <span class='ocrx_word' id='word_1_546' title='bbox 1345 2752 1489 2803; x_wconf 37' lang='lat' dir='ltr'><strong>tans-ac</strong></span> <span class='ocrx_word' id='word_1_547' title='bbox 1515 2751 1659 2803; x_wconf 68' lang='lat' dir='ltr'><strong>vitupe-</strong></span> 
     </span>
     <span class='ocr_line' id='line_1_52' title="bbox 169 2797 1728 2848; baseline -0.004 -12"><span class='ocrx_word' id='word_1_548' title='bbox 169 2802 262 2837; x_wconf 79' lang='lat' dir='ltr'><strong>ratio</strong></span> <span class='ocrx_word' id='word_1_549' title='bbox 284 2803 354 2837; x_wconf 85' lang='lat' dir='ltr'><strong>illis</strong></span> <span class='ocrx_word' id='word_1_550' title='bbox 385 2805 638 2838; x_wconf 83' lang='lat' dir='ltr'><strong>certaminibus</strong></span> <span class='ocrx_word' id='word_1_551' title='bbox 673 2807 720 2848; x_wconf 90' lang='lat'>2,</span> <span class='ocrx_word' id='word_1_552' title='bbox 757 2808 798 2848; x_wconf 90' lang='lat'>1,</span> <span class='ocrx_word' id='word_1_553' title='bbox 835 2804 890 2837; x_wconf 87' lang='lat'><strong>10.</strong></span> <span class='ocrx_word' id='word_1_554' title='bbox 935 2807 976 2836; x_wconf 86' lang='lat' dir='ltr'><strong>ut</strong></span> <span class='ocrx_word' id='word_1_555' title='bbox 1000 2801 1119 2846; x_wconf 84' lang='lat' dir='ltr'><strong>aliqua</strong></span> <span class='ocrx_word' id='word_1_556' title='bbox 1142 2806 1196 2836; x_wconf 87' lang='lat' dir='ltr'><strong>tot</strong></span> <span class='ocrx_word' id='word_1_557' title='bbox 1219 2799 1372 2833; x_wconf 86' lang='lat' dir='ltr'><strong>luctibus</strong></span> <span class='ocrx_word' id='word_1_558' title='bbox 1397 2797 1466 2832; x_wconf 83' lang='lat' dir='ltr'><strong>aha</strong></span> <span class='ocrx_word' id='word_1_559' title='bbox 1489 2802 1656 2844; x_wconf 75' lang='lat' dir='ltr'><strong>cogitatio</strong></span> <span class='ocrx_word' id='word_1_560' title='bbox 1716 2815 1728 2832; x_wconf 56' lang='grc' dir='ltr'><strong>μ</strong></span> 
     </span>
    </p>
   </div>
   <div class='ocr_carea' id='block_1_7' title="bbox 1669 1861 1728 3002">
    <p class='ocr_par' dir='ltr' id='par_1_11' title="bbox 1669 1861 1728 3002">
     <span class='ocr_line' id='line_1_53' title="bbox 1693 1861 1728 2172; baseline 0 -101"><span class='ocrx_word' id='word_1_561' title='bbox 1693 1861 1728 2172; x_wconf 95' lang='lat' dir='ltr'><strong>      </strong></span> 
     </span>
     <span class='ocr_line' id='line_1_54' title="bbox 1680 2172 1728 2327; baseline 0 -108"><span class='ocrx_word' id='word_1_562' title='bbox 1680 2172 1728 2327; x_wconf 95' lang='lat' dir='ltr'><strong>  </strong></span> 
     </span>
     <span class='ocr_line' id='line_1_55' title="bbox 1669 2327 1728 3002; baseline 0 -226"><span class='ocrx_word' id='word_1_563' title='bbox 1669 2327 1728 3002; x_wconf 95' lang='lat' dir='ltr'><strong>   </strong></span> 
     </span>
    </p>
   </div>
  </div>
 </body>
</html>
