1728 3002
161 98 243 138 556
347 153 354 162 f
703 93 949 136 Necessitas
976 114 1034 125 -ω
1061 93 1180 139 Nece

201 210 342 257 plenius
379 214 415 249 et
448 207 601 244 erectius
630 209 684 250 11,
711 208 746 250 3,
771 205 828 242 48.
859 208 960 249 ,haec
981 206 1058 252 ipsa
1081 209 1267 245 varientur
1287 221 1369 250 nec.
1394 217 1450 246 est
1475 212 1510 255 5,
1535 214 1592 256 10,
1617 213 1695 248 107.
1724 231 1728 235 -

205 257 249 299 cs.
281 261 314 300 1,
342 260 374 300 1,
401 258 454 290 18.
489 259 522 299 1,
546 257 580 298 2,
608 256 665 287 18.
704 256 736 293 1,
763 256 820 296 10,
844 255 900 290 39.
931 257 966 296 2,
990 254 1024 298 4,
1051 256 1112 290 29.
1154 258 1189 299 2,
1216 250 1354 297 13‚'16.
1385 259 1420 301 3,
1443 259 1478 301 8,
1503 257 1562 292 24.
1595 257 1630 301 4,
1657 261 1693 301 2,

203 304 284 338 125.
316 307 350 345 7,
375 302 437 336 Pr.
464 303 497 335 3.
528 302 563 343 9,
587 299 622 343 4,
647 300 702 334 35.
728 301 786 335 92.
813 302 868 342 10,
895 303 928 343 1,
953 301 1011 334 67.
1038 304 1095 344 10,
1123 304 1158 345 2,
1182 304 1216 336 3.
1246 304 1303 338 10.
1328 306 1384 337 11.
1417 306 1474 348 ιο,
1501 306 1536 348 5,
1561 305 1616 339 16.
1655 299 1695 347 ὅ)

203 363 270 395 seq.
299 357 364 382 ut:
402 348 432 382 si
460 357 599 390 semper
623 357 703 379 nec.
733 345 799 387 sit,
836 352 904 388 ut,
930 352 1107 381 tentantes
1136 350 1414 394 unumquodque
1437 360 1573 394 eorum,
1599 351 1696 393 quod

136 394 140 403 '
203 396 248 430 sit
273 401 390 440 aptum
420 399 526 437 atque
551 392 793 434 conveniens,
830 392 1050 436 experiendo
1074 404 1263 430 noscamus
1287 397 1322 438 5,
1350 398 1420 440 110,
1459 392 1537 430 123.
1584 395 1697 440 [Nec.

202 449 255 477 est
285 452 437 483 semper,
461 445 509 472 ut
534 438 590 482 id,
617 439 712 482 quod
736 445 791 472 est
811 438 1021 483 appositum,
1046 439 1076 473 si
1096 452 1114 472 a
1136 441 1283 484 proprio
1303 441 1480 484 diviseris,
1503 452 1569 486 per
1587 453 1626 478 se
1648 442 1698 480 si-

202 489 346 537 gnificet
374 486 578 530 (sicBad.
604 487 646 518 de
670 485 779 528 conj.;
809 486 1032 528 codd.opzt..-
1065 486 1152 520 Nec.
1180 492 1234 520 est
1269 498 1412 531 semper
1442 489 1508 532 (so.
1540 495 1697 531 tropus

203 537 354 569 videat
368 534 450 574 ur),
466 543 546 565 cum
564 531 659 564 idem
675 542 753 574 app.
767 542 887 575 —per
899 542 937 567 se
954 531 1147 578 significat)
1164 540 1224 566 etc,
1243 534 1278 576 8,
1289 534 1325 577 6,
1334 534 1391 569 43.
1410 535 1455 567 N.
1477 532 1546 578 on]
1572 531 1606 576 ε)
1619 535 1696 568 Ne-

204 593 329 615 cesse
353 581 430 611 hab
445 590 511 611 eo.-
547 588 628 610 cum
655 576 911 610 Scamandrum
935 589 1016 614 nec.
1040 578 1187 612 haberet
1218 579 1338 613 dicere
1361 585 1550 614 nocentem
1579 582 1636 623 11,
1661 583 1696 624 1,

201 628 258 660 74.
285 625 439 668 scriptor
463 634 605 667 semper
633 623 725 656 tueri
759 623 975 667 signatorem
1008 635 1090 661 nec.
1115 626 1223 658 habet
1245 626 1279 668 7,
1302 629 1338 661 2.
1372 626 1428 661 53.
1464 626 1630 670 princeps
1654 621 1722 651 ·-’

202 684 283 712 nec.
307 672 415 713 habet
436 670 547 705 mnlta
574 669 764 716 ignoscere
787 672 947 709 Domin
972 673 1008 704 A
1010 669 1042 712 f.
1066 671 1102 713 8,
1126 671 1160 714 5,
1187 673 1221 705 3.
1257 670 1303 713 cf.
1332 674 1367 714 3,
1391 674 1426 715 8,
1454 671 1510 706 24.

136 720 417 765 *Necessitaffl
461 726 503 771 a)
529 733 624 760 certa
648 738 730 762 nec.
757 728 813 764 10,
841 729 873 769 1,
900 728 958 761 29.
984 728 1096 761 multo
1123 728 1167 761 ad
1195 730 1370 775 agendum
1394 727 1698 766 difficiliorem„n.

200 780 236 820 9,
261 780 296 820 2,
321 777 378 811 68.
406 772 615 808 immutabili
637 784 674 806 n.
701 776 737 816 2,
763 775 819 815 13,
846 775 877 806 1.
902 772 1137 807 miserrimam
1167 784 1204 808 n.
1235 777 1290 817 11,
1327 778 1360 818 1,
1398 776 1456 810 58.
1491 774 1699 809 innumera-

199 824 291 858 biles
317 822 455 857 subitae
483 832 520 854 n.
547 821 604 862 10,
628 822 664 863 7,
687 821 722 852 2.
747 831 780 855 v.
808 818 908 860 infra.
957 822 1000 865 β)
1029 833 1057 853 c.
1085 821 1215 855 Geniu:
1252 831 1380 855 causae
1414 831 1494 855 nec.
1533 822 1568 863 8,
1600 823 1637 863 2,
1661 822 1698 853 2.

199 869 304 904 metri
330 881 365 904 n.
392 871 424 906 1.
450 867 485 909 6,
509 868 544 899 2.
569 877 605 901 n·
630 866 781 909 qdadam
804 864 915 901 officii
938 865 1024 898 mihi
1050 864 1202 912 delegati
1224 866 1261 910 6,
1282 868 1339 901 Pr.
1363 869 1395 901 1.
1422 878 1459 901 n.
1483 864 1619 901 ordinis
1642 864 1697 898 sui

200 919 237 959 8,
262 917 297 958 6,
321 916 380 950 62.
429 918 562 947 certam
583 913 713 955 pedum
738 923 774 944 n.
801 913 858 954 10,
886 913 918 954 1,
944 913 1002 945 29.
1028 911 1106 956 ipsa
1130 923 1271 957 pugnae
1294 924 1328 946 n.
1357 913 1391 956 5,
1417 915 1474 955 13,
1499 914 1554 948 59.
1577 909 1699 945 rerum

201 975 238 998 n.
263 957 298 1004 ’7,
326 964 358 1004 1,
389 961 446 995 35.
491 957 620 1002 prioris
645 957 740 992 vitae
764 968 800 990 n.
830 960 885 999 11,
912 960 944 1000 1,
972 959 1038 999 83;
1074 958 1226 992 subitam
1248 958 1375 1004 agendi
1401 970 1435 992 n.
1471 960 1527 1001 10,
1563 960 1599 1001 7,
1633 959 1696 996 22.

202 1023 234 1043 v.
260 1009 369 1055 Ago.
396 1004 537 1040 dicendi
563 1016 597 1037 n.
629 1006 686 1046 10,
712 1005 745 1045 5,
774 1006 828 1041 22.
855 1005 910 1046 10,
935 1007 971 1045 7,
999 1007 1054 1038 17.
1082 1005 1374 1050 figurassmultas
1403 1015 1446 1038 ac
1475 1003 1594 1038 varias
1627 1014 1697 1037 ex-

201 1052 381 1102 cogitandi
410 1053 515 1086 etiam
540 1062 618 1084 nec.
647 1050 819 1094 quaedam
847 1055 900 1083 est
933 1052 989 1092 10,
1027 1052 1062 1093 5,
1086 1052 1120 1084 3.
1154 1062 1191 1084 n.
1212 1050 1252 1084 id
1282 1050 1440 1084 faciendi
1478 1052 1535 1093 11,
1569 1053 1602 1093 1,
1636 1051 1696 1091 22.

200 1113 289 1136 vera
312 1098 449 1133 fatendi
474 1109 509 1131 n.
536 1095 583 1140 (i.
612 1109 640 1129 e.
666 1104 710 1129 io
727 1094 916 1138 rmenia)
943 1096 976 1138 5,
1009 1093 1044 1138 4,
1082 1099 1112 1130 1.
1149 1096 1390 1141 respondendi
1427 1107 1464 1131 n.
1501 1099 1536 1139 7,
1573 1098 1608 1139 1,
1637 1096 1701 1133 26..

200 1149 311 1182 foeda
333 1143 506 1181 vomendi
530 1155 566 1177 n.
594 1143 629 1184 9,
653 1142 688 1184 4,
713 1144 771 1176 30.
802 1141 845 1182 cf.
870 1143 904 1184 8,
930 1141 964 1184 4,
992 1145 1049 1179 17.
1085 1155 1117 1176 v.
1154 1142 1254 1184 infra.
1298 1142 1336 1188 y)
1371 1143 1568 1177 Nominai..·
1605 1145 1697 1186 quae

201 1200 298 1229 tanta
323 1197 376 1226 est
397 1191 503 1233 hujus
527 1188 710 1233 praecisae
737 1188 1067 1231 comprehensionis
1097 1200 1176 1223 nec.
1201 1192 1236 1232 7,
1268 1190 1302 1231 3,
1329 1191 1395 1225 ’15.
1433 1189 1628 1232 occupatos
1658 1187 1699 1221 in

200 1246 346 1274 noctem
372 1249 408 1275 n.
433 1236 504 1281 agit
534 1237 590 1278 10,
615 1237 649 1276 3,
673 1236 730 1267 27.
755 1240 796 1267 ut
822 1234 899 1277 ipsa
921 1245 1042 1267 rerum
1067 1246 1105 1269 n.
1133 1236 1285 1270 deducat
1311 1236 1355 1268 ad
1393 1233 1639 1272 defensionem
1661 1237 1696 1275 7,

203 1290 237 1329 1,
263 1286 320 1319 35.
352 1293 502 1327 quarum
531 1277 721 1322 (necessit.)
747 1280 778 1312 si
805 1291 874 1323 qua
901 1280 1064 1314 evenerit
1090 1283 1145 1322 10,
1171 1284 1205 1322 7,
1229 1284 1262 1314 2.
1309 1291 1414 1324 quem
1440 1279 1559 1314 ta'me‘n
1582 1290 1697 1314 excu-

201 1343 280 1366 sare
293 1340 370 1363 nec.
399 1332 515 1372 potest
538 1326 572 1366 4,
599 1329 630 1367 1,
657 1328 713 1359 77.
739 1325 769 1358 si
792 1335 872 1358 nec.
900 1325 1014 1372 exigit
1037 1328 1079 1358 ib.
1097 1329 1154 1359 22.
1182 1325 1420 1359 difficiliorem
1443 1324 1695 1372 cogitationem

203 1376 371 1422 exprimit
396 1380 431 1408 et
454 1370 601 1416 expellit
627 1369 767 1403 dicendi
793 1381 874 1403 nec.
901 1373 956 1413 10,
983 1374 1019 1413 7,
1046 1374 1100 1405 17.
1133 1382 1212 1405 nec.
1250 1373 1404 1415 postulat
1432 1372 1470 1413 8,
1505 1369 1540 1412 2,
1573 1373 1607 1410 2.
1657 1367 1696 1415 ὃ)

204 1427 336 1459 Genit..·
364 1420 466 1455 'ratio
490 1416 713 1451 necessitatis
741 1415 888 1458 alicujus
915 1418 971 1458 11,
997 1419 1028 1458 1,
1051 1417 1098 1450 76
1120 1429 1153 1451 v.
1184 1417 1342 1451 Error.
1389 1416 1576 1452 excusatio
1613 1418 1694 1451 nec.

201 1474 238 1514 7,
260 1470 297 1510 4,
324 1466 378 1501 14.
403 1479 436 1500 v.
463 1467 542 1511 Ign
559 1461 763 1496 orantia.
813 1462 846 1502 ε)
873 1465 955 1496 Dat.
970 1477 980 1495 :
1014 1463 1156 1496 laudem
1181 1461 1324 1497 virtutis
1347 1462 1550 1496 necessitati
1573 1463 1696 1496 damus

203 1520 236 1560 1,
260 1517 295 1556 8,
322 1513 376 1551 14,
425 1511 596 1547 acriorem
627 1508 801 1551 animum,
839 1507 900 1552 qui
924 1508 1001 1542 fere
1023 1508 1293 1542 necessitatibus
1323 1515 1498 1555 repugnat
1527 1511 1561 1552 1,
1596 1511 1631 1552 3,
1659 1509 1694 1544 9.

202 1563 236 1606 ζ)
260 1565 443 1600 Acc11sa1.:
470 1557 610 1591 afferret
624 1554 1061 1588 necessitatem-vomendi
1079 1555 1114 1596 8,
1126 1553 1160 1596 4,
1189 1558 1244 1588 17.
1271 1566 1303 1589 v.
1327 1554 1356 1589 C
1365 1566 1441 1588 asu
1451 1566 1480 1588 s.
1505 1554 1695 1589 excusavit

203 1607 315 1643 officii
343 1605 396 1640 sui
422 1615 501 1638 nec.
527 1605 582 1641 11,
612 1604 645 1643 1,
669 1602 726 1635 67.
751 1601 782 1634 si
807 1611 876 1644 qua
898 1600 1043 1633 fortuna
1065 1605 1136 1635 tam
1160 1599 1309 1635 subitam
1325 1601 1453 1634 fecerit
1469 1601 1596 1647 agendi
1610 1612 1691 1635 nec.
1724 1599 1725 1602 ’

202 1658 261 1697 10,
285 1657 320 1696 7,
345 1655 402 1686 22.
426 1660 542 1693 neque
568 1648 676 1681 habet
705 1652 766 1680 aut
789 1656 916 1679 usum
942 1657 1000 1679 res
1025 1651 1086 1679 aut
1118 1657 1296 1680 necess.
1337 1648 1392 1688 10,
1426 1650 1462 1688 7,
1497 1648 1552 1682 19.
1588 1645 1634 1687 cf.
1655 1648 1690 1688 8,
1718 1653 1724 1658 “

202 1703 237 1744 6,
262 1701 318 1736 59.
343 1700 378 1741 9,
404 1700 439 1739 2,
463 1698 518 1730 68.
544 1695 606 1729 vel
630 1693 791 1739 longiore
815 1693 931 1735 potius
954 1692 1091 1725 dierum
1117 1691 1232 1735 spatio
1267 1691 1402 1726 laxabit
1434 1691 1578 1727 dicendi
1611 1703 1690 1725 nec.

205 1750 261 1789 10,
287 1747 322 1787 5,
346 1747 403 1779 22.
428 1753 511 1776 nec.
535 1740 742 1774 ostenderet
766 1741 822 1780 11,
852 1741 885 1780 1,
903 1740 959 1771 22.
990 1737 1139 1772 remissa
1171 1737 1332 1772 ciborum
1362 1743 1432 1782 atq.
1464 1737 1695 1772 exercitatio-

200 1804 286 1828 num
314 1796 410 1824 certa
433 1799 511 1822 nec.
539 1789 595 1829 10,
621 1788 655 1828 5,
684 1786 728 1819 15
765 1785 932 1818 translata
955 1784 1176 1827 probationis
1207 1795 1288 1818 nec.
1321 1786 1356 1826 3,
1389 1785 1426 1827 6,
1459 1786 1526 1827 13;
1588 1784 1694 1830 Quod

203 1832 242 1874 si
257 1841 351 1872 hanc
373 1839 508 1871 vocant
531 1844 624 1874 nec.,
651 1831 698 1864 in
722 1841 826 1875 quam
852 1829 1014 1863 homines
1041 1830 1247 1875 graviorum
1277 1835 1374 1864 metu
1397 1836 1575 1876 coguntur
1595 1832 1631 1872 3,
1659 1832 1696 1872 8,

203 1888 259 1921 23.
285 1894 393 1928 super
416 1892 496 1914 nec.
525 1880 560 1921 9,
585 1881 620 1920 3,
644 1877 702 1911 46.
728 1877 870 1921 alligata
893 1877 945 1909 ad
970 1882 1103 1910 certam
1129 1877 1259 1920 pedum
1283 1888 1364 1910 nec.
1391 1875 1551 1920 (poesis)
1577 1877 1632 1918 10,
1660 1877 1702 1918 1„

203 1933 260 1967 29.
289 1931 318 1963 si
343 1930 386 1962 ad
415 1938 494 1960 nec.
520 1923 657 1958 ordinis
682 1923 737 1957 sui
763 1923 878 1957 verba
904 1922 1109 1968 redigantur
1131 1924 1166 1964 8,
1191 1924 1226 1966 6,
1258 1923 1316 1958 62.
1344 1918 1387 1965 η)
1411 1925 1552 1956 Atlas„-
1576 1923 1698 1966 plera-

205 1989 274 2023 que
299 1981 478 2010 mutantur
505 1970 715 2005 necessitate
743 1976 804 2002 etc.
829 1971 864 2010 2,
891 1970 946 2011 13,
972 1971 1005 2002 2.
1035 1968 1166 2002 occidit
1189 1988 1235 1994 —
1271 1974 1331 2003 ant
1353 1970 1612 2008 voluntate
1635 1971 1696 2003 aut

203 2034 300 2058 nec.
325 2025 360 2064 7,
388 2024 420 2063 1,
446 2018 503 2052 34.
552 2018 653 2050 Nec.
680 2014 805 2048 rustici
828 2027 1035 2056 gemmam
1059 2014 1096 2047 in
1122 2014 1255 2049 vitibus
1284 2013 1395 2058 (quid
1418 2014 1514 2047 enim
1535 2013 1696 2047 dicerent

204 2066 346 2112 aliud?)
365 2085 405 2091 —-
428 2066 535 2099 Nec.
562 2073 629 2096 nos
653 2063 812 2094 durum
835 2060 1018 2094 hominem
1042 2066 1101 2093 aut
1126 2073 1331 2104 asperum
1356 2061 1391 2102 8,
1415 2061 1450 2102 6,
1466 2061 1560 2094 (iad
1584 2069 1695 2106 agen-

205 2119 288 2150 dum
310 2123 438 2159 magna
462 2115 531 2153 atq.
557 2110 709 2142 honesta
731 2106 946 2149 ratione,
981 2111 1042 2140 aut
1072 2106 1177 2140 etiam
1210 2117 1310 2139 nec.
1342 2105 1535 2139 accessisse
1567 2106 1603 2147 5,
1636 2107 1692 2148 13,
1714 2137 1718 2148 ,,

203 2165 260 2198 59.
289 2169 402 2205 paene
428 2156 533 2191 etiam
558 2165 638 2188 nec.
670 2154 774 2197 quad.
806 2148 916 2186 officii
954 2152 1039 2185 mihi
1071 2151 1222 2198 delegati
1255 2151 1290 2193 6,
1325 2151 1380 2184 Pr.
1418 2154 1451 2184 1.
1486 2150 1695 2184 immutabili

204 2220 284 2243 nec.
312 2203 524 2239 constrictus
548 2204 582 2243 2,
609 2202 664 2242 13,
696 2203 727 2232 1.
775 2198 853 2242 ipsa
875 2197 979 2231 metri
1003 2209 1082 2231 nec.
1107 2202 1283 2244 coguntur
1317 2197 1352 2239 8,
1388 2197 1424 2240 6,
1462 2199 1519 2239 17;
1567 2197 1694 2240 quaed.

206 2266 264 2289 ex
289 2250 549 2286 occasione
571 2248 633 2280 vel
657 2256 712 2279 ex
736 2255 835 2278 nec.
863 2244 1025 2278 ducimus
1053 2243 1148 2286 (Sp.
1180 2241 1277 2285 dic.)
1311 2241 1347 2285 4,
1370 2244 1405 2286 3,
1430 2243 1484 2278 16.
1520 2243 1616 2287 quod
1638 2248 1696 2277 ta-

203 2312 286 2334 men
308 2307 428 2331 rarum
453 2305 532 2328 esse
554 2293 659 2326 debet
689 2297 724 2324 et
748 2301 804 2324 ex
828 2301 921 2325 nec.
951 2291 1092 2323 demum
1116 2287 1160 2331 4,
1185 2289 1218 2330 5,
1242 2291 1278 2323 7.

159 2342 456 2387 Necessitudo.
496 2348 668 2395 religiosa
692 2349 841 2393 quadam
867 2358 946 2381 nec.
973 2346 1128 2379 imbutae
1154 2346 1370 2387 (amicitiae)
1402 2347 1436 2388 1,
1459 2347 1494 2387 2,
1518 2347 1576 2380 20.
1613 2332 1695 2380 omn
1720 2356 1728 2370 Ἴ

208 2404 251 2435 de
276 2403 370 2434 nec,
398 2398 507 2432 multa
532 2396 702 2437 dixisset,
737 2394 781 2427 de
810 2394 1006 2427 fortuna
1030 2402 1172 2436 quoque
1197 2391 1325 2435 adjecit
1347 2392 1382 2435 6,
1407 2394 1440 2435 1,
1467 2392 1525 2429 50.

157 2447 321 2490 Necne.
358 2454 536 2498 *Accipiat
571 2451 666 2486 enim
699 2449 894 2492 actionem,
936 2459 1101 2490 necne,
1137 2449 1180 2481 ad
1209 2454 1377 2486 eventum
1409 2448 1562 2493 pei-tinet
1593 2450 1628 2490 3,
1658 2449 1694 2490 6,
1716 2467 1728 2493 ,ι

205 2505 262 2536 73.
290 2514 340 2535 an
365 2503 411 2545 (S
417 2514 454 2544 p.
483 2500 661 2533 tollendum
686 2504 813 2539 censet,
849 2495 959 2537 recte)
984 2493 1195 2528 amatorium
1217 2506 1400 2530 venenum
1424 2496 1482 2537 sit,
1512 2494 1692 2528 necne?
1720 2499 1728 2538 ’-

205 2552 240 2591 7,
276 2552 310 2589 3,
344 2550 389 2581 30
420 2549 456 2579 S.
488 2545 714 2579 Vocabulum
736 2553 788 2575 an
813 2540 1004 2585 appellatio
1027 2540 1178 2574 dicenda
1203 2540 1247 2574 sit
1270 2541 1516 2585 προσηγορία,
1550 2544 1586 2573 et
1609 2539 1697 2573 sub-a
1724 2544 1728 2578 j

205 2593 359 2637 jicienda
387 2590 545 2632 nomini,
581 2599 735 2624 necne
759 2605 804 2611 --
827 2589 979 2635 liberum
1003 2586 1200 2631 opinaturis
1226 2586 1390 2630 relinquo
1425 2589 1458 2626 1,
1485 2584 1520 2625 4,
1545 2587 1601 2619 21.
1715 2589 1728 2610 -'

160 2637 295 2681 'Noco-
336 2659 376 2681 ac
405 2648 434 2680 si
459 2647 575 2681 virum
604 2655 748 2680 veneno
772 2649 934 2678 necasset
957 2646 991 2686 7,
1017 2645 1053 2686 8,
1072 2646 1114 2677 ³2.
1162 2642 1289 2677 Cicero
1318 2662 1364 2668 —
1390 2641 1486 2675 addit
1508 2652 1558 2684 ,ex
1583 2641 1696 2675 abun—

210 2694 305 2729 danti
321 2721 331 2737 ‚
365 2694 470 2726 talem
498 2693 614 2726 civem
640 2703 719 2726 cum
744 2701 878 2725 summa
902 2689 1033 2727 virtute
1057 2687 1401 2724 interfectoris
1434 2692 1469 2721 et
1493 2687 1605 2734 gloria
1630 2697 1694 2721 no·-
