<?xml version="1.0" encoding="UTF-8"?>
<!DOCTYPE html PUBLIC "-//W3C//DTD XHTML 1.0 Transitional//EN"
    "http://www.w3.org/TR/xhtml1/DTD/xhtml1-transitional.dtd">
<html xmlns="http://www.w3.org/1999/xhtml" xml:lang="en" lang="en">
 <head>
  <title>
</title>
<meta http-equiv="Content-Type" content="text/html;charset=utf-8" />
  <meta name='ocr-system' content='tesseract 3.04.00' />
  <meta name='ocr-capabilities' content='ocr_page ocr_carea ocr_par ocr_line ocrx_word'/>
</head>
<body>
  <div class='ocr_page' id='page_1' title='image "./lexiconquintilia06bonnuoft_0793.png"; bbox 0 0 1728 3002; ppageno 0'>
   <div class='ocr_carea' id='block_1_1' title="bbox 1572 72 1589 101">
    <p class='ocr_par' dir='ltr' id='par_1_1' title="bbox 1572 72 1589 101">
     <span class='ocr_line' id='line_1_1' title="bbox 1572 72 1589 101; baseline 0 0"><span class='ocrx_word' id='word_1_1' title='bbox 1572 72 1589 101; x_wconf 60' lang='lat' dir='ltr'>k</span> 
     </span>
    </p>
   </div>
   <div class='ocr_carea' id='block_1_2' title="bbox 532 171 1559 216">
    <p class='ocr_par' dir='ltr' id='par_1_2' title="bbox 532 171 1559 216">
     <span class='ocr_line' id='line_1_2' title="bbox 532 171 1559 216; baseline -0.002 0"><span class='ocrx_word' id='word_1_2' title='bbox 532 173 726 216; x_wconf 88' lang='lat' dir='ltr'>Produco</span> <span class='ocrx_word' id='word_1_3' title='bbox 754 195 809 205; x_wconf 89' lang='lat'><em>—</em></span> <span class='ocrx_word' id='word_1_4' title='bbox 838 171 1059 216; x_wconf 72' lang='lat' dir='ltr'>Profectus</span> <span class='ocrx_word' id='word_1_5' title='bbox 1481 176 1559 214; x_wconf 81' lang='lat'>701</span> 
     </span>
    </p>
   </div>
   <div class='ocr_carea' id='block_1_3' title="bbox 70 285 1569 611">
    <p class='ocr_par' dir='ltr' id='par_1_3' title="bbox 70 285 1569 611">
     <span class='ocr_line' id='line_1_3' title="bbox 70 285 1566 342; baseline -0.002 -18"><span class='ocrx_word' id='word_1_6' title='bbox 70 292 122 338; x_wconf 74' lang='lat'>&#39;9‚</span> <span class='ocrx_word' id='word_1_7' title='bbox 144 297 180 336; x_wconf 77' lang='lat'>2,</span> <span class='ocrx_word' id='word_1_8' title='bbox 207 293 265 327; x_wconf 88' lang='grc'>83.</span> <span class='ocrx_word' id='word_1_9' title='bbox 312 289 466 333; x_wconf 85' lang='lat' dir='ltr'>produnt</span> <span class='ocrx_word' id='word_1_10' title='bbox 487 286 681 322; x_wconf 86' lang='lat' dir='ltr'>mentiendi</span> <span class='ocrx_word' id='word_1_11' title='bbox 703 286 885 323; x_wconf 79' lang='lat' dir='ltr'><strong>licentiam</strong></span> <span class='ocrx_word' id='word_1_12' title='bbox 915 285 955 332; x_wconf 80' lang='lat'>4,</span> <span class='ocrx_word' id='word_1_13' title='bbox 976 290 1012 340; x_wconf 81' lang='grc'>2,</span> <span class='ocrx_word' id='word_1_14' title='bbox 1035 288 1094 323; x_wconf 88' lang='grc'>89.</span> <span class='ocrx_word' id='word_1_15' title='bbox 1139 287 1258 342; x_wconf 76' lang='lat' dir='ltr'>prodit</span> <span class='ocrx_word' id='word_1_16' title='bbox 1285 298 1338 328; x_wconf 79' lang='lat' dir='ltr'>se,</span> <span class='ocrx_word' id='word_1_17' title='bbox 1374 287 1566 330; x_wconf 81' lang='lat' dir='ltr'><strong>quamlibet</strong></span> 
     </span>
     <span class='ocr_line' id='line_1_4' title="bbox 86 333 1566 386; baseline -0.003 -13"><span class='ocrx_word' id='word_1_18' title='bbox 86 339 329 380; x_wconf 75' lang='lat' dir='ltr'>custodiatur,</span> <span class='ocrx_word' id='word_1_19' title='bbox 363 333 541 369; x_wconf 61' lang='lat' dir='ltr'>simulatio</span> <span class='ocrx_word' id='word_1_20' title='bbox 565 335 628 375; x_wconf 85' lang='grc'>12,</span> <span class='ocrx_word' id='word_1_21' title='bbox 668 335 710 376; x_wconf 98' lang='grc'>1,</span> <span class='ocrx_word' id='word_1_22' title='bbox 743 333 802 369; x_wconf 92' lang='grc'>29.</span> <span class='ocrx_word' id='word_1_23' title='bbox 858 343 949 378; x_wconf 84' lang='lat' dir='ltr'>quae</span> <span class='ocrx_word' id='word_1_24' title='bbox 981 335 1285 369; x_wconf 77' lang='lat' dir='ltr'>circumstantibus</span> <span class='ocrx_word' id='word_1_25' title='bbox 1316 338 1566 386; x_wconf 40' lang='lat' dir='ltr'>osten-ture</span> 
     </span>
     <span class='ocr_line' id='line_1_5' title="bbox 86 378 1568 426; baseline -0.003 -7"><span class='ocrx_word' id='word_1_26' title='bbox 86 386 276 426; x_wconf 75' lang='lat' dir='ltr'>volumus,</span> <span class='ocrx_word' id='word_1_27' title='bbox 306 381 481 425; x_wconf 80' lang='lat' dir='ltr'>iudicibus</span> <span class='ocrx_word' id='word_1_28' title='bbox 505 378 742 421; x_wconf 71' lang='lat' dir='ltr'>prodimus</span> <span class='ocrx_word' id='word_1_29' title='bbox 762 378 798 422; x_wconf 81' lang='lat'>4,</span> <span class='ocrx_word' id='word_1_30' title='bbox 823 381 858 422; x_wconf 84' lang='lat'>2,</span> <span class='ocrx_word' id='word_1_31' title='bbox 881 382 971 422; x_wconf 73' lang='lat'>1275</span> <span class='ocrx_word' id='word_1_32' title='bbox 1010 391 1078 414; x_wconf 88' lang='lat' dir='ltr'>nec</span> <span class='ocrx_word' id='word_1_33' title='bbox 1100 380 1177 414; x_wconf 88' lang='lat' dir='ltr'>sine</span> <span class='ocrx_word' id='word_1_34' title='bbox 1203 379 1462 415; x_wconf 74' lang='lat' dir='ltr'>causa-Graeci</span> <span class='ocrx_word' id='word_1_35' title='bbox 1485 389 1568 422; x_wconf 89' lang='lat' dir='ltr'>pro-</span> 
     </span>
     <span class='ocr_line' id='line_1_6' title="bbox 88 424 1567 472; baseline -0.003 -8"><span class='ocrx_word' id='word_1_36' title='bbox 88 430 276 472; x_wconf 80' lang='lat' dir='ltr'>diderunt,</span> <span class='ocrx_word' id='word_1_37' title='bbox 298 429 345 462; x_wconf 90' lang='lat' dir='ltr'>Ut</span> <span class='ocrx_word' id='word_1_38' title='bbox 366 427 485 468; x_wconf 78' lang='lat' dir='ltr'>vivat,</span> <span class='ocrx_word' id='word_1_39' title='bbox 509 436 684 470; x_wconf 81' lang='lat' dir='ltr'><strong>quemque</strong></span> <span class='ocrx_word' id='word_1_40' title='bbox 713 424 819 459; x_wconf 82' lang='lat' dir='ltr'>etiam</span> <span class='ocrx_word' id='word_1_41' title='bbox 841 424 961 459; x_wconf 74' lang='lat' dir='ltr'>dicere</span> <span class='ocrx_word' id='word_1_42' title='bbox 985 428 1042 468; x_wconf 88' lang='lat'>11,</span> <span class='ocrx_word' id='word_1_43' title='bbox 1069 427 1101 468; x_wconf 87' lang='lat'>1,</span> <span class='ocrx_word' id='word_1_44' title='bbox 1125 427 1184 460; x_wconf 92' lang='grc'>30.</span> <span class='ocrx_word' id='word_1_45' title='bbox 1230 425 1283 470; x_wconf 85' lang='lat'>11)</span> <span class='ocrx_word' id='word_1_46' title='bbox 1308 428 1332 459; x_wconf 85' lang='grc' dir='ltr'>ἰ.</span> <span class='ocrx_word' id='word_1_47' title='bbox 1358 438 1390 470; x_wconf 83' lang='lat' dir='ltr'>q.</span> <span class='ocrx_word' id='word_1_48' title='bbox 1413 428 1451 458; x_wconf 78' lang='lat' dir='ltr'>in</span> <span class='ocrx_word' id='word_1_49' title='bbox 1477 439 1567 470; x_wconf 87' lang='lat' dir='ltr'>per-</span> 
     </span>
     <span class='ocr_line' id='line_1_7' title="bbox 87 470 1569 516; baseline -0.003 -6"><span class='ocrx_word' id='word_1_50' title='bbox 87 479 251 512; x_wconf 29' lang='lat' dir='ltr'>niciem!</span> <span class='ocrx_word' id='word_1_51' title='bbox 265 475 336 508; x_wconf 70' lang='lat' dir='ltr'>do:</span> <span class='ocrx_word' id='word_1_52' title='bbox 366 472 398 507; x_wconf 82' lang='lat' dir='ltr'>si</span> <span class='ocrx_word' id='word_1_53' title='bbox 421 483 537 516; x_wconf 85' lang='lat' dir='ltr'>neque</span> <span class='ocrx_word' id='word_1_54' title='bbox 560 470 808 513; x_wconf 77' lang='lat' dir='ltr'>defenderint,</span> <span class='ocrx_word' id='word_1_55' title='bbox 837 481 953 515; x_wconf 90' lang='lat' dir='ltr'>neque</span> <span class='ocrx_word' id='word_1_56' title='bbox 976 471 1219 514; x_wconf 80' lang='lat' dir='ltr'>narraverint,</span> <span class='ocrx_word' id='word_1_57' title='bbox 1256 478 1331 507; x_wconf 84' lang='lat' dir='ltr'>tota</span> <span class='ocrx_word' id='word_1_58' title='bbox 1353 483 1458 506; x_wconf 79' lang='lat' dir='ltr'>causa</span> <span class='ocrx_word' id='word_1_59' title='bbox 1482 483 1569 516; x_wconf 78' lang='lat' dir='ltr'>pro-</span> 
     </span>
     <span class='ocr_line' id='line_1_8' title="bbox 92 515 1568 564; baseline -0.002 -9"><span class='ocrx_word' id='word_1_60' title='bbox 92 523 197 556; x_wconf 83' lang='lat' dir='ltr'>detur</span> <span class='ocrx_word' id='word_1_61' title='bbox 216 521 254 564; x_wconf 81' lang='lat'>4,</span> <span class='ocrx_word' id='word_1_62' title='bbox 276 522 312 563; x_wconf 81' lang='lat'>2,</span> <span class='ocrx_word' id='word_1_63' title='bbox 337 519 394 554; x_wconf 89' lang='grc'>78.</span> <span class='ocrx_word' id='word_1_64' title='bbox 445 528 520 552; x_wconf 87' lang='lat' dir='ltr'>non</span> <span class='ocrx_word' id='word_1_65' title='bbox 547 517 822 559; x_wconf 85' lang='lat' dir='ltr'>pulcherrimum</span> <span class='ocrx_word' id='word_1_66' title='bbox 858 517 1058 551; x_wconf 77' lang='lat' dir='ltr'>exercitum</span> <span class='ocrx_word' id='word_1_67' title='bbox 1091 518 1305 559; x_wconf 86' lang='lat' dir='ltr'>prodidisset</span> <span class='ocrx_word' id='word_1_68' title='bbox 1334 515 1500 562; x_wconf 75' lang='lat' dir='ltr'>(Nicias)</span> <span class='ocrx_word' id='word_1_69' title='bbox 1534 522 1568 563; x_wconf 83' lang='lat'>1,</span> 
     </span>
     <span class='ocr_line' id='line_1_9' title="bbox 87 563 1086 611; baseline -0.005 -9"><span class='ocrx_word' id='word_1_70' title='bbox 87 570 147 611; x_wconf 89' lang='lat'>10,</span> <span class='ocrx_word' id='word_1_71' title='bbox 168 566 227 602; x_wconf 82' lang='lat'>48.</span> <span class='ocrx_word' id='word_1_72' title='bbox 274 577 320 600; x_wconf 86' lang='lat' dir='ltr'>an</span> <span class='ocrx_word' id='word_1_73' title='bbox 342 564 375 599; x_wconf 88' lang='lat' dir='ltr'>is</span> <span class='ocrx_word' id='word_1_74' title='bbox 398 573 511 605; x_wconf 80' lang='lat' dir='ltr'>remP.</span> <span class='ocrx_word' id='word_1_75' title='bbox 546 568 639 597; x_wconf 82' lang='lat' dir='ltr'>esset</span> <span class='ocrx_word' id='word_1_76' title='bbox 659 563 863 605; x_wconf 82' lang='lat' dir='ltr'>proditurus</span> <span class='ocrx_word' id='word_1_77' title='bbox 886 563 920 605; x_wconf 90' lang='lat'>5,</span> <span class='ocrx_word' id='word_1_78' title='bbox 948 566 1004 606; x_wconf 89' lang='grc'>12,</span> <span class='ocrx_word' id='word_1_79' title='bbox 1030 566 1086 598; x_wconf 90' lang='grc'>10.</span> 
     </span>
    </p>
   </div>
   <div class='ocr_carea' id='block_1_4' title="bbox 41 623 1592 1043">
    <p class='ocr_par' dir='ltr' id='par_1_4' title="bbox 41 623 1592 1043">
     <span class='ocr_line' id='line_1_10' title="bbox 41 623 1570 684; baseline 0.002 -19"><span class='ocrx_word' id='word_1_80' title='bbox 41 623 249 665; x_wconf 71' lang='lat' dir='ltr'>Protheo-</span> <span class='ocrx_word' id='word_1_81' title='bbox 304 631 339 676; x_wconf 90' lang='grc' dir='ltr'>Ι)</span> <span class='ocrx_word' id='word_1_82' title='bbox 365 633 522 676; x_wconf 71' lang='lat' dir='ltr'>proprie:</span> <span class='ocrx_word' id='word_1_83' title='bbox 556 631 756 673; x_wconf 78' lang='lat' dir='ltr'>producere</span> <span class='ocrx_word' id='word_1_84' title='bbox 780 630 896 674; x_wconf 79' lang='lat' dir='ltr'>ipsos,</span> <span class='ocrx_word' id='word_1_85' title='bbox 923 631 986 683; x_wconf 73' lang='lat' dir='ltr'>qui</span> <span class='ocrx_word' id='word_1_86' title='bbox 1004 631 1268 684; x_wconf 74' lang='lat' dir='ltr'>periclitentur,</span> <span class='ocrx_word' id='word_1_87' title='bbox 1291 632 1472 676; x_wconf 78' lang='lat' dir='ltr'>squalidos</span> <span class='ocrx_word' id='word_1_88' title='bbox 1497 639 1570 677; x_wconf 85' lang='lat' dir='ltr'>atq.</span> 
     </span>
     <span class='ocr_line' id='line_1_11' title="bbox 88 677 1572 722; baseline 0 -8"><span class='ocrx_word' id='word_1_89' title='bbox 88 681 268 715; x_wconf 73' lang='lat' dir='ltr'>deformes</span> <span class='ocrx_word' id='word_1_90' title='bbox 290 679 326 720; x_wconf 84' lang='lat'>6,</span> <span class='ocrx_word' id='word_1_91' title='bbox 350 681 384 722; x_wconf 91' lang='lat'>1,</span> <span class='ocrx_word' id='word_1_92' title='bbox 407 679 464 711; x_wconf 88' lang='grc'>30.</span> <span class='ocrx_word' id='word_1_93' title='bbox 511 686 595 710; x_wconf 84' lang='lat' dir='ltr'>suos</span> <span class='ocrx_word' id='word_1_94' title='bbox 629 677 761 711; x_wconf 88' lang='lat' dir='ltr'>liberos</span> <span class='ocrx_word' id='word_1_95' title='bbox 785 678 954 718; x_wconf 80' lang='lat' dir='ltr'>parvulos</span> <span class='ocrx_word' id='word_1_96' title='bbox 977 689 1012 710; x_wconf 89' lang='lat' dir='ltr'>1n</span> <span class='ocrx_word' id='word_1_97' title='bbox 1049 684 1250 712; x_wconf 73' lang='lat' dir='ltr'>contionem</span> <span class='ocrx_word' id='word_1_98' title='bbox 1286 680 1505 719; x_wconf 82' lang='lat' dir='ltr'>produxerat</span> <span class='ocrx_word' id='word_1_99' title='bbox 1534 684 1572 722; x_wconf 83' lang='lat'>2,</span> 
     </span>
     <span class='ocr_line' id='line_1_12' title="bbox 85 721 1571 770; baseline -0.001 -9"><span class='ocrx_word' id='word_1_100' title='bbox 85 722 136 761; x_wconf 33' lang='grc' dir='ltr'>15μ</span> <span class='ocrx_word' id='word_1_101' title='bbox 165 726 200 761; x_wconf 87' lang='grc'>8.</span> <span class='ocrx_word' id='word_1_102' title='bbox 245 735 351 768; x_wconf 81' lang='lat' dir='ltr'>quem</span> <span class='ocrx_word' id='word_1_103' title='bbox 376 722 545 767; x_wconf 82' lang='lat' dir='ltr'>(puerum)</span> <span class='ocrx_word' id='word_1_104' title='bbox 579 722 611 755; x_wconf 86' lang='lat' dir='ltr'>is</span> <span class='ocrx_word' id='word_1_105' title='bbox 636 723 720 767; x_wconf 85' lang='lat' dir='ltr'><strong>(Sp.</strong></span> <span class='ocrx_word' id='word_1_106' title='bbox 745 722 784 755; x_wconf 86' lang='lat' dir='ltr'>in</span> <span class='ocrx_word' id='word_1_107' title='bbox 806 721 878 766; x_wconf 87' lang='lat' dir='ltr'>jus)</span> <span class='ocrx_word' id='word_1_108' title='bbox 902 724 1113 764; x_wconf 87' lang='lat' dir='ltr'>productum</span> <span class='ocrx_word' id='word_1_109' title='bbox 1132 743 1179 749; x_wconf 97' lang='lat'>—</span> <span class='ocrx_word' id='word_1_110' title='bbox 1206 723 1447 770; x_wconf 79' lang='lat' dir='ltr'>interrogabat</span> <span class='ocrx_word' id='word_1_111' title='bbox 1477 727 1513 768; x_wconf 82' lang='lat'>6,</span> <span class='ocrx_word' id='word_1_112' title='bbox 1538 730 1571 768; x_wconf 83' lang='lat'>1,</span> 
     </span>
     <span class='ocr_line' id='line_1_13' title="bbox 83 752 1572 814; baseline 0.001 -11"><span class='ocrx_word' id='word_1_113' title='bbox 83 752 196 807; x_wconf 59' lang='lat'><strong>41⁹2.</strong></span> <span class='ocrx_word' id='word_1_114' title='bbox 229 769 349 812; x_wconf 89' lang='lat' dir='ltr'>pueris</span> <span class='ocrx_word' id='word_1_115' title='bbox 372 769 410 803; x_wconf 88' lang='lat' dir='ltr'>in</span> <span class='ocrx_word' id='word_1_116' title='bbox 433 767 612 814; x_wconf 85' lang='lat' dir='ltr'>epilogum</span> <span class='ocrx_word' id='word_1_117' title='bbox 633 769 814 810; x_wconf 76' lang='lat' dir='ltr'>productis</span> <span class='ocrx_word' id='word_1_118' title='bbox 837 770 879 802; x_wconf 74' lang='lat' dir='ltr'><strong>ib.</strong></span> <span class='ocrx_word' id='word_1_119' title='bbox 906 767 963 803; x_wconf 87' lang='lat'>47.</span> <span class='ocrx_word' id='word_1_120' title='bbox 988 769 1208 813; x_wconf 87' lang='lat' dir='ltr'>propinquos</span> <span class='ocrx_word' id='word_1_121' title='bbox 1234 771 1433 811; x_wconf 79' lang='lat' dir='ltr'>producere</span> <span class='ocrx_word' id='word_1_122' title='bbox 1456 774 1513 814; x_wconf 87' lang='lat'>11,</span> <span class='ocrx_word' id='word_1_123' title='bbox 1536 774 1572 814; x_wconf 82' lang='lat'>3,</span> 
     </span>
     <span class='ocr_line' id='line_1_14' title="bbox 78 812 1592 863; baseline 0 -12"><span class='ocrx_word' id='word_1_124' title='bbox 78 815 166 852; x_wconf 32' lang='lat'><strong>⁴174.</strong></span> <span class='ocrx_word' id='word_1_125' title='bbox 210 817 360 863; x_wconf 84' lang='lat' dir='ltr'>pignora</span> <span class='ocrx_word' id='word_1_126' title='bbox 385 825 528 849; x_wconf 88' lang='lat' dir='ltr'>reorum</span> <span class='ocrx_word' id='word_1_127' title='bbox 555 812 572 855; x_wconf 94' lang='grc'>(</span> <span class='ocrx_word' id='word_1_128' title='bbox 581 815 646 858; x_wconf 85' lang='lat' dir='ltr'><strong>Sp.</strong></span> <span class='ocrx_word' id='word_1_129' title='bbox 676 814 819 857; x_wconf 79' lang='lat' dir='ltr'>eorum)</span> <span class='ocrx_word' id='word_1_130' title='bbox 843 815 1041 856; x_wconf 88' lang='lat' dir='ltr'>producere</span> <span class='ocrx_word' id='word_1_131' title='bbox 1064 815 1107 857; x_wconf 86' lang='lat'>4,</span> <span class='ocrx_word' id='word_1_132' title='bbox 1138 819 1179 859; x_wconf 92' lang='lat'>1,</span> <span class='ocrx_word' id='word_1_133' title='bbox 1203 817 1249 850; x_wconf 88' lang='grc'>28</span> <span class='ocrx_word' id='word_1_134' title='bbox 1272 819 1316 850; x_wconf 93' lang='grc' dir='ltr'>Ζ.</span> <span class='ocrx_word' id='word_1_135' title='bbox 1372 818 1592 858; x_wconf 31' lang='lat' dir='ltr'>producere,</span> 
     </span>
     <span class='ocr_line' id='line_1_15' title="bbox 85 859 1572 908; baseline 0.001 -12"><span class='ocrx_word' id='word_1_136' title='bbox 85 868 213 897; x_wconf 85' lang='lat' dir='ltr'>testem</span> <span class='ocrx_word' id='word_1_137' title='bbox 236 863 270 903; x_wconf 83' lang='lat'>5,</span> <span class='ocrx_word' id='word_1_138' title='bbox 292 865 326 903; x_wconf 88' lang='lat'>7,</span> <span class='ocrx_word' id='word_1_139' title='bbox 355 863 411 894; x_wconf 89' lang='lat'>10.</span> <span class='ocrx_word' id='word_1_140' title='bbox 443 863 500 893; x_wconf 89' lang='lat'>11.</span> <span class='ocrx_word' id='word_1_141' title='bbox 532 860 597 901; x_wconf 78' lang='lat'>233</span> <span class='ocrx_word' id='word_1_142' title='bbox 639 859 700 903; x_wconf 88' lang='lat' dir='ltr'>qui</span> <span class='ocrx_word' id='word_1_143' title='bbox 725 871 764 893; x_wconf 88' lang='lat' dir='ltr'>se</span> <span class='ocrx_word' id='word_1_144' title='bbox 787 860 942 901; x_wconf 85' lang='lat' dir='ltr'>praetori</span> <span class='ocrx_word' id='word_1_145' title='bbox 974 861 1012 894; x_wconf 90' lang='lat' dir='ltr'>in</span> <span class='ocrx_word' id='word_1_146' title='bbox 1047 861 1162 895; x_wconf 84' lang='lat' dir='ltr'>hortis</span> <span class='ocrx_word' id='word_1_147' title='bbox 1196 863 1420 905; x_wconf 82' lang='lat' dir='ltr'>ostenderat,</span> <span class='ocrx_word' id='word_1_148' title='bbox 1454 875 1572 908; x_wconf 82' lang='lat' dir='ltr'>neque</span> 
     </span>
     <span class='ocr_line' id='line_1_16' title="bbox 87 902 1573 954; baseline 0.001 -12"><span class='ocrx_word' id='word_1_149' title='bbox 87 914 167 942; x_wconf 84' lang='lat' dir='ltr'>erat</span> <span class='ocrx_word' id='word_1_150' title='bbox 187 909 379 949; x_wconf 85' lang='lat' dir='ltr'>productus</span> <span class='ocrx_word' id='word_1_151' title='bbox 401 907 445 946; x_wconf 82' lang='lat' dir='ltr'>(in</span> <span class='ocrx_word' id='word_1_152' title='bbox 469 902 580 946; x_wconf 79' lang='lat' dir='ltr'>scena)</span> <span class='ocrx_word' id='word_1_153' title='bbox 605 907 647 946; x_wconf 85' lang='lat'>3,</span> <span class='ocrx_word' id='word_1_154' title='bbox 670 906 711 947; x_wconf 90' lang='grc'><strong>6,</strong></span> <span class='ocrx_word' id='word_1_155' title='bbox 736 907 797 946; x_wconf 79' lang='lat'>183</span> <span class='ocrx_word' id='word_1_156' title='bbox 832 912 951 952; x_wconf 86' lang='lat' dir='ltr'>gestus</span> <span class='ocrx_word' id='word_1_157' title='bbox 973 926 1020 931; x_wconf 95' lang='lat'>—</span> <span class='ocrx_word' id='word_1_158' title='bbox 1045 908 1153 947; x_wconf 88' lang='lat' dir='ltr'>paulo</span> <span class='ocrx_word' id='word_1_159' title='bbox 1191 909 1484 948; x_wconf 73' lang='lat' dir='ltr'>productior</span> <span class='ocrx_word' id='word_1_160' title='bbox 1515 914 1573 954; x_wconf 88' lang='lat'>11,</span> 
     </span>
     <span class='ocr_line' id='line_1_17' title="bbox 87 951 1574 996; baseline 0.001 -8"><span class='ocrx_word' id='word_1_161' title='bbox 87 955 124 996; x_wconf 88' lang='grc'>3,</span> <span class='ocrx_word' id='word_1_162' title='bbox 147 955 193 988; x_wconf 86' lang='grc'>92</span> <span class='ocrx_word' id='word_1_163' title='bbox 214 954 262 987; x_wconf 84' lang='lat' dir='ltr'>N.</span> <span class='ocrx_word' id='word_1_164' title='bbox 319 951 371 994; x_wconf 83' lang='lat'>11)</span> <span class='ocrx_word' id='word_1_165' title='bbox 398 954 431 983; x_wconf 76' lang='lat' dir='ltr'>in</span> <span class='ocrx_word' id='word_1_166' title='bbox 456 951 592 984; x_wconf 81' lang='lat' dir='ltr'>dicendo</span> <span class='ocrx_word' id='word_1_167' title='bbox 615 953 639 984; x_wconf 82' lang='lat' dir='ltr'>i.</span> <span class='ocrx_word' id='word_1_168' title='bbox 666 964 697 995; x_wconf 87' lang='lat' dir='ltr'>q.</span> <span class='ocrx_word' id='word_1_169' title='bbox 720 953 867 985; x_wconf 76' lang='lat' dir='ltr'>traho:</span> <span class='ocrx_word' id='word_1_170' title='bbox 895 953 1195 993; x_wconf 63' lang='lat' dir='ltr'>producenda</span> <span class='ocrx_word' id='word_1_171' title='bbox 1220 954 1359 994; x_wconf 88' lang='lat' dir='ltr'>omnia,</span> <span class='ocrx_word' id='word_1_172' title='bbox 1383 957 1574 990; x_wconf 86' lang='lat' dir='ltr'>trahen-</span> 
     </span>
     <span class='ocr_line' id='line_1_18' title="bbox 88 996 1575 1043; baseline 0.001 -11"><span class='ocrx_word' id='word_1_173' title='bbox 88 999 244 1043; x_wconf 83' lang='lat' dir='ltr'>daeque</span> <span class='ocrx_word' id='word_1_174' title='bbox 268 1003 342 1032; x_wconf 87' lang='lat' dir='ltr'>tum</span> <span class='ocrx_word' id='word_1_175' title='bbox 365 997 511 1031; x_wconf 78' lang='lat' dir='ltr'>vocales</span> <span class='ocrx_word' id='word_1_176' title='bbox 542 999 598 1037; x_wconf 89' lang='lat'>11,</span> <span class='ocrx_word' id='word_1_177' title='bbox 619 997 654 1037; x_wconf 88' lang='grc'>3,</span> <span class='ocrx_word' id='word_1_178' title='bbox 684 996 760 1030; x_wconf 88' lang='grc'><strong>167.</strong></span> <span class='ocrx_word' id='word_1_179' title='bbox 807 1003 910 1038; x_wconf 88' lang='lat' dir='ltr'>turpe</span> <span class='ocrx_word' id='word_1_180' title='bbox 930 996 1020 1030; x_wconf 80' lang='lat' dir='ltr'>inud</span> <span class='ocrx_word' id='word_1_181' title='bbox 1044 997 1236 1032; x_wconf 80' lang='lat' dir='ltr'>intervallo</span> <span class='ocrx_word' id='word_1_182' title='bbox 1266 1001 1418 1042; x_wconf 81' lang='lat' dir='ltr'>quodam</span> <span class='ocrx_word' id='word_1_183' title='bbox 1439 1003 1575 1043; x_wconf 88' lang='lat' dir='ltr'>produ-</span> 
     </span>
    </p>
   </div>
   <div class='ocr_carea' id='block_1_5' title="bbox 31 1040 1594 1090">
    <p class='ocr_par' dir='ltr' id='par_1_5' title="bbox 31 1040 1594 1090">
     <span class='ocr_line' id='line_1_19' title="bbox 31 1040 1594 1090; baseline 0.003 -13"><span class='ocrx_word' id='word_1_184' title='bbox 31 1040 33 1048; x_wconf 56' lang='lat'>*</span> <span class='ocrx_word' id='word_1_185' title='bbox 80 1055 202 1079; x_wconf 63' lang='lat' dir='ltr'>cimus</span> <span class='ocrx_word' id='word_1_186' title='bbox 234 1045 276 1086; x_wconf 89' lang='grc'>9,</span> <span class='ocrx_word' id='word_1_187' title='bbox 305 1042 350 1086; x_wconf 75' lang='lat'>4,</span> <span class='ocrx_word' id='word_1_188' title='bbox 380 1043 458 1076; x_wconf 91' lang='lat'><strong>108.</strong></span> <span class='ocrx_word' id='word_1_189' title='bbox 506 1052 586 1075; x_wconf 91' lang='lat' dir='ltr'>cum</span> <span class='ocrx_word' id='word_1_190' title='bbox 612 1043 748 1085; x_wconf 79' lang='lat' dir='ltr'>syllaba</span> <span class='ocrx_word' id='word_1_191' title='bbox 778 1049 1003 1084; x_wconf 85' lang='lat' dir='ltr'>correpta</span> <span class='ocrx_word' id='word_1_192' title='bbox 1029 1045 1303 1085; x_wconf 84' lang='lat' dir='ltr'>producitur</span> <span class='ocrx_word' id='word_1_193' title='bbox 1339 1049 1383 1088; x_wconf 89' lang='lat'>1,</span> <span class='ocrx_word' id='word_1_194' title='bbox 1407 1048 1448 1090; x_wconf 96' lang='grc'>5,</span> <span class='ocrx_word' id='word_1_195' title='bbox 1475 1048 1520 1082; x_wconf 89' lang='grc'><strong>18</strong></span> <span class='ocrx_word' id='word_1_196' title='bbox 1542 1060 1594 1082; x_wconf 83' lang='lat' dir='ltr'>v.-</span> 
     </span>
    </p>
   </div>
   <div class='ocr_carea' id='block_1_6' title="bbox 59 1086 1618 1227">
    <p class='ocr_par' dir='ltr' id='par_1_6' title="bbox 59 1086 1618 1227">
     <span class='ocr_line' id='line_1_20' title="bbox 91 1086 1574 1137; baseline 0.002 -13"><span class='ocrx_word' id='word_1_197' title='bbox 91 1089 334 1131; x_wconf 85' lang='lat' dir='ltr'>Corripio.</span> <span class='ocrx_word' id='word_1_198' title='bbox 366 1088 540 1129; x_wconf 82' lang='lat' dir='ltr'>producta</span> <span class='ocrx_word' id='word_1_199' title='bbox 565 1086 668 1121; x_wconf 79' lang='lat' dir='ltr'>litera</span> <span class='ocrx_word' id='word_1_200' title='bbox 702 1091 734 1130; x_wconf 82' lang='lat'>1,</span> <span class='ocrx_word' id='word_1_201' title='bbox 760 1091 796 1132; x_wconf 92' lang='grc'>7,</span> <span class='ocrx_word' id='word_1_202' title='bbox 818 1091 852 1122; x_wconf 89' lang='grc'>2.</span> <span class='ocrx_word' id='word_1_203' title='bbox 898 1090 1035 1133; x_wconf 78' lang='lat' dir='ltr'>syllaba</span> <span class='ocrx_word' id='word_1_204' title='bbox 1058 1091 1230 1130; x_wconf 85' lang='lat' dir='ltr'>producta</span> <span class='ocrx_word' id='word_1_205' title='bbox 1255 1094 1288 1133; x_wconf 90' lang='lat'>1,</span> <span class='ocrx_word' id='word_1_206' title='bbox 1312 1091 1347 1134; x_wconf 88' lang='lat'>5,</span> <span class='ocrx_word' id='word_1_207' title='bbox 1375 1093 1432 1126; x_wconf 82' lang='grc'>60.</span> <span class='ocrx_word' id='word_1_208' title='bbox 1479 1096 1514 1136; x_wconf 88' lang='grc'>1,</span> <span class='ocrx_word' id='word_1_209' title='bbox 1538 1094 1574 1137; x_wconf 86' lang='grc'>6,</span> 
     </span>
     <span class='ocr_line' id='line_1_21' title="bbox 59 1132 1614 1185; baseline 0.002 -14"><span class='ocrx_word' id='word_1_210' title='bbox 59 1144 62 1152; x_wconf 92' lang='grc'><strong>“</strong></span> <span class='ocrx_word' id='word_1_211' title='bbox 87 1139 125 1171; x_wconf 86' lang='grc'>7.</span> <span class='ocrx_word' id='word_1_212' title='bbox 148 1135 247 1170; x_wconf 84' lang='lat' dir='ltr'>aliud.</span> <span class='ocrx_word' id='word_1_213' title='bbox 267 1133 422 1169; x_wconf 77' lang='lat' dir='ltr'>ostendit</span> <span class='ocrx_word' id='word_1_214' title='bbox 443 1132 602 1167; x_wconf 80' lang='lat' dir='ltr'>brevis</span> <span class='ocrx_word' id='word_1_215' title='bbox 626 1135 781 1167; x_wconf 82' lang='lat' dir='ltr'>secunda</span> <span class='ocrx_word' id='word_1_216' title='bbox 803 1135 954 1178; x_wconf 81' lang='lat' dir='ltr'>syllaba,</span> <span class='ocrx_word' id='word_1_217' title='bbox 978 1135 1074 1168; x_wconf 88' lang='lat' dir='ltr'>aliud</span> <span class='ocrx_word' id='word_1_218' title='bbox 1097 1137 1175 1170; x_wconf 86' lang='lat' dir='ltr'>ead.</span> <span class='ocrx_word' id='word_1_219' title='bbox 1191 1135 1327 1180; x_wconf 84' lang='lat' dir='ltr'><strong>syllaba</strong></span> <span class='ocrx_word' id='word_1_220' title='bbox 1352 1139 1575 1178; x_wconf 84' lang='lat' dir='ltr'>producta</span> <span class='ocrx_word' id='word_1_221' title='bbox 1611 1182 1614 1185; x_wconf 80' lang='lat'><strong>.</strong></span> 
     </span>
     <span class='ocr_line' id='line_1_22' title="bbox 86 1178 1618 1227; baseline 0.005 -14"><span class='ocrx_word' id='word_1_222' title='bbox 86 1184 124 1224; x_wconf 90' lang='lat'>7,</span> <span class='ocrx_word' id='word_1_223' title='bbox 146 1182 182 1224; x_wconf 88' lang='grc'>9,</span> <span class='ocrx_word' id='word_1_224' title='bbox 206 1183 260 1216; x_wconf 83' lang='lat'>13.</span> <span class='ocrx_word' id='word_1_225' title='bbox 306 1181 427 1216; x_wconf 77' lang='lat' dir='ltr'>dulces</span> <span class='ocrx_word' id='word_1_226' title='bbox 451 1178 730 1213; x_wconf 83' lang='lat' dir='ltr'>exclamationes</span> <span class='ocrx_word' id='word_1_227' title='bbox 760 1180 889 1214; x_wconf 77' lang='lat' dir='ltr'>theatri</span> <span class='ocrx_word' id='word_1_228' title='bbox 924 1192 1031 1215; x_wconf 84' lang='lat' dir='ltr'>causa</span> <span class='ocrx_word' id='word_1_229' title='bbox 1061 1182 1260 1223; x_wconf 85' lang='lat' dir='ltr'>producere</span> <span class='ocrx_word' id='word_1_230' title='bbox 1289 1186 1348 1227; x_wconf 86' lang='lat'>11,</span> <span class='ocrx_word' id='word_1_231' title='bbox 1371 1185 1407 1227; x_wconf 86' lang='lat'>3,</span> <span class='ocrx_word' id='word_1_232' title='bbox 1433 1186 1499 1221; x_wconf 86' lang='lat'>179</span> <span class='ocrx_word' id='word_1_233' title='bbox 1523 1187 1573 1220; x_wconf 81' lang='lat' dir='ltr'>N.</span> <span class='ocrx_word' id='word_1_234' title='bbox 1612 1203 1618 1208; x_wconf 79' lang='lat'><strong>·</strong></span> 
     </span>
    </p>
   </div>
   <div class='ocr_carea' id='block_1_7' title="bbox 42 1226 656 1277">
    <p class='ocr_par' dir='ltr' id='par_1_7' title="bbox 42 1226 656 1277">
     <span class='ocr_line' id='line_1_23' title="bbox 42 1226 656 1277; baseline 0.003 -9"><span class='ocrx_word' id='word_1_235' title='bbox 42 1226 285 1268; x_wconf 83' lang='lat' dir='ltr'>Productio.</span> <span class='ocrx_word' id='word_1_236' title='bbox 315 1249 351 1270; x_wconf 74' lang='lat' dir='ltr'>v.</span> <span class='ocrx_word' id='word_1_237' title='bbox 374 1234 404 1270; x_wconf 90' lang='lat' dir='ltr'><strong>G</strong></span> <span class='ocrx_word' id='word_1_238' title='bbox 416 1246 439 1270; x_wconf 91' lang='grc' dir='ltr'><strong>ο</strong></span> <span class='ocrx_word' id='word_1_239' title='bbox 450 1239 498 1270; x_wconf 71' lang='lat' dir='ltr'>rr</span> <span class='ocrx_word' id='word_1_240' title='bbox 510 1244 561 1277; x_wconf 84' lang='lat' dir='ltr'>ep</span> <span class='ocrx_word' id='word_1_241' title='bbox 572 1240 584 1268; x_wconf 78' lang='lat' dir='ltr'>t</span> <span class='ocrx_word' id='word_1_242' title='bbox 595 1234 608 1268; x_wconf 90' lang='lat' dir='ltr'>i</span> <span class='ocrx_word' id='word_1_243' title='bbox 619 1245 656 1270; x_wconf 92' lang='lat' dir='ltr'>o.</span> 
     </span>
    </p>
   </div>
   <div class='ocr_carea' id='block_1_8' title="bbox 39 1281 1574 1386">
    <p class='ocr_par' dir='ltr' id='par_1_8' title="bbox 39 1281 1574 1386">
     <span class='ocr_line' id='line_1_24' title="bbox 39 1281 1574 1337; baseline 0.005 -12"><span class='ocrx_word' id='word_1_244' title='bbox 39 1281 246 1328; x_wconf 65' lang='lat' dir='ltr'>Proelior-</span> <span class='ocrx_word' id='word_1_245' title='bbox 275 1300 279 1308; x_wconf 79' lang='lat'><strong>¹</strong></span> <span class='ocrx_word' id='word_1_246' title='bbox 307 1299 349 1326; x_wconf 88' lang='lat' dir='ltr'>ut</span> <span class='ocrx_word' id='word_1_247' title='bbox 382 1291 549 1334; x_wconf 81' lang='lat' dir='ltr'>proeliari</span> <span class='ocrx_word' id='word_1_248' title='bbox 583 1291 771 1326; x_wconf 83' lang='lat' dir='ltr'>videamur</span> <span class='ocrx_word' id='word_1_249' title='bbox 806 1291 860 1336; x_wconf 81' lang='lat' dir='ltr'>(in</span> <span class='ocrx_word' id='word_1_250' title='bbox 884 1292 1044 1336; x_wconf 74' lang='lat' dir='ltr'>somniis)</span> <span class='ocrx_word' id='word_1_251' title='bbox 1077 1294 1124 1336; x_wconf 90' lang='lat'>6,</span> <span class='ocrx_word' id='word_1_252' title='bbox 1149 1297 1190 1337; x_wconf 85' lang='lat'>2,</span> <span class='ocrx_word' id='word_1_253' title='bbox 1215 1282 1272 1329; x_wconf 83' lang='grc'>30.</span> <span class='ocrx_word' id='word_1_254' title='bbox 1318 1307 1388 1330; x_wconf 87' lang='lat' dir='ltr'>nec</span> <span class='ocrx_word' id='word_1_255' title='bbox 1420 1298 1574 1333; x_wconf 81' lang='lat' dir='ltr'>fortibus</span> 
     </span>
     <span class='ocr_line' id='line_1_25' title="bbox 84 1337 1574 1386; baseline 0.003 -12"><span class='ocrx_word' id='word_1_256' title='bbox 84 1340 193 1374; x_wconf 83' lang='lat' dir='ltr'>modo</span> <span class='ocrx_word' id='word_1_257' title='bbox 219 1339 291 1373; x_wconf 68' lang='lat' dir='ltr'>sed.</span> <span class='ocrx_word' id='word_1_258' title='bbox 305 1337 411 1374; x_wconf 89' lang='lat' dir='ltr'>etiam</span> <span class='ocrx_word' id='word_1_259' title='bbox 432 1337 649 1384; x_wconf 79' lang='lat' dir='ltr'>fulgentibus</span> <span class='ocrx_word' id='word_1_260' title='bbox 675 1338 780 1371; x_wconf 89' lang='lat' dir='ltr'>armis</span> <span class='ocrx_word' id='word_1_261' title='bbox 805 1338 997 1380; x_wconf 86' lang='lat' dir='ltr'>proeliatur</span> <span class='ocrx_word' id='word_1_262' title='bbox 1027 1340 1120 1383; x_wconf 88' lang='lat' dir='ltr'><strong>(Sp.</strong></span> <span class='ocrx_word' id='word_1_263' title='bbox 1144 1341 1360 1386; x_wconf 82' lang='lat' dir='ltr'>proeliatus)</span> <span class='ocrx_word' id='word_1_264' title='bbox 1393 1342 1433 1377; x_wconf 90' lang='lat' dir='ltr'>in</span> <span class='ocrx_word' id='word_1_265' title='bbox 1467 1356 1574 1380; x_wconf 77' lang='lat' dir='ltr'>causa</span> 
     </span>
    </p>
   </div>
   <div class='ocr_carea' id='block_1_9' title="bbox 82 1383 1654 1435">
    <p class='ocr_par' dir='ltr' id='par_1_9' title="bbox 47 1383 1654 1435">
     <span class='ocr_line' id='line_1_26' title="bbox 82 1383 1654 1435; baseline 0.004 -16.848"><span class='ocrx_word' id='word_1_266' title='bbox 82 1383 178 1429; x_wconf 81' lang='lat' dir='ltr'><strong>(Sp.</strong></span> <span class='ocrx_word' id='word_1_267' title='bbox 201 1387 299 1418; x_wconf 79' lang='lat' dir='ltr'>inser.</span> <span class='ocrx_word' id='word_1_268' title='bbox 322 1383 401 1428; x_wconf 87' lang='lat' dir='ltr'>est)</span> <span class='ocrx_word' id='word_1_269' title='bbox 434 1384 561 1419; x_wconf 90' lang='lat' dir='ltr'>Cicero</span> <span class='ocrx_word' id='word_1_270' title='bbox 586 1383 746 1418; x_wconf 89' lang='lat' dir='ltr'>Cornelii</span> <span class='ocrx_word' id='word_1_271' title='bbox 777 1385 821 1426; x_wconf 88' lang='grc'>8,</span> <span class='ocrx_word' id='word_1_272' title='bbox 846 1386 889 1428; x_wconf 89' lang='grc'>3,</span> <span class='ocrx_word' id='word_1_273' title='bbox 918 1385 938 1418; x_wconf 83' lang='lat'>3</span> <span class='ocrx_word' id='word_1_274' title='bbox 964 1389 1007 1419; x_wconf 95' lang='grc' dir='ltr'>Ζ.</span> <span class='ocrx_word' id='word_1_275' title='bbox 1056 1386 1194 1428; x_wconf 83' lang='lat' dir='ltr'>oratio,</span> <span class='ocrx_word' id='word_1_276' title='bbox 1227 1399 1318 1431; x_wconf 87' lang='lat' dir='ltr'>quae</span> <span class='ocrx_word' id='word_1_277' title='bbox 1351 1395 1430 1422; x_wconf 88' lang='lat' dir='ltr'>astu</span> <span class='ocrx_word' id='word_1_278' title='bbox 1463 1398 1574 1435; x_wconf 84' lang='lat' dir='ltr'>caret,</span> <span class='ocrx_word' id='word_1_279' title='bbox 1644 1387 1654 1390; x_wconf 61' lang='grc'><strong>”</strong></span> 
     </span>
    </p>
   </div>
   <div class='ocr_carea' id='block_1_10' title="bbox 0 1429 1574 1480">
    <p class='ocr_par' dir='ltr' id='par_1_10' title="bbox 0 1429 1574 1480">
     <span class='ocr_line' id='line_1_27' title="bbox 0 1429 1574 1480; baseline 0.006 -17"><span class='ocrx_word' id='word_1_280' title='bbox 0 1435 10 1478; x_wconf 66' lang='grc' dir='ltr'>ξ’</span> <span class='ocrx_word' id='word_1_281' title='bbox 75 1431 243 1474; x_wconf 69' lang='lat' dir='ltr'>‚pondere</span> <span class='ocrx_word' id='word_1_282' title='bbox 265 1431 372 1464; x_wconf 88' lang='lat' dir='ltr'>modo</span> <span class='ocrx_word' id='word_1_283' title='bbox 397 1435 433 1463; x_wconf 89' lang='lat' dir='ltr'>et</span> <span class='ocrx_word' id='word_1_284' title='bbox 454 1429 607 1470; x_wconf 85' lang='lat' dir='ltr'>impulsu</span> <span class='ocrx_word' id='word_1_285' title='bbox 630 1429 823 1471; x_wconf 83' lang='lat' dir='ltr'>proeliatur</span> <span class='ocrx_word' id='word_1_286' title='bbox 852 1432 899 1473; x_wconf 88' lang='lat'>9,</span> <span class='ocrx_word' id='word_1_287' title='bbox 939 1433 957 1464; x_wconf 91' lang='lat'>1</span> <span class='ocrx_word' id='word_1_288' title='bbox 974 1456 985 1475; x_wconf 87' lang='lat'>,</span> <span class='ocrx_word' id='word_1_289' title='bbox 1019 1433 1076 1465; x_wconf 88' lang='grc'><strong>20.</strong></span> <span class='ocrx_word' id='word_1_290' title='bbox 1125 1429 1272 1467; x_wconf 77' lang='lat' dir='ltr'>amictus</span> <span class='ocrx_word' id='word_1_291' title='bbox 1303 1432 1411 1471; x_wconf 61' lang='lat' dir='ltr'>hab‘et</span> <span class='ocrx_word' id='word_1_292' title='bbox 1441 1439 1574 1480; x_wconf 90' lang='lat' dir='ltr'>quend.</span> 
     </span>
    </p>
   </div>
   <div class='ocr_carea' id='block_1_11' title="bbox 91 2697 1568 2756">
    <p class='ocr_par' dir='ltr' id='par_1_11' title="bbox 22 2697 1568 2756">
     <span class='ocr_line' id='line_1_28' title="bbox 91 2697 1568 2756; baseline 0.012 -29.152"><span class='ocrx_word' id='word_1_293' title='bbox 91 2697 256 2738; x_wconf 75' lang='lat' dir='ltr'>proprius</span> <span class='ocrx_word' id='word_1_294' title='bbox 281 2700 376 2742; x_wconf 89' lang='lat' dir='ltr'>quid.</span> <span class='ocrx_word' id='word_1_295' title='bbox 413 2698 484 2733; x_wconf 81' lang='lat' dir='ltr'>fori</span> <span class='ocrx_word' id='word_1_296' title='bbox 512 2701 604 2742; x_wconf 85' lang='lat' dir='ltr'>prof.</span> <span class='ocrx_word' id='word_1_297' title='bbox 643 2703 707 2741; x_wconf 83' lang='lat'>12,</span> <span class='ocrx_word' id='word_1_298' title='bbox 732 2702 774 2742; x_wconf 89' lang='grc'>6,</span> <span class='ocrx_word' id='word_1_299' title='bbox 798 2701 831 2736; x_wconf 83' lang='grc'>4.</span> <span class='ocrx_word' id='word_1_300' title='bbox 880 2704 972 2744; x_wconf 85' lang='lat' dir='ltr'>prof.</span> <span class='ocrx_word' id='word_1_301' title='bbox 1007 2707 1197 2748; x_wconf 83' lang='lat' dir='ltr'>praecipue</span> <span class='ocrx_word' id='word_1_302' title='bbox 1226 2709 1406 2756; x_wconf 80' lang='lat' dir='ltr'>diligentia</span> <span class='ocrx_word' id='word_1_303' title='bbox 1428 2718 1568 2745; x_wconf 86' lang='lat' dir='ltr'>constat</span> 
     </span>
    </p>
   </div>
   <div class='ocr_carea' id='block_1_12' title="bbox 83 1474 827 1518">
    <p class='ocr_par' dir='ltr' id='par_1_12' title="bbox 83 1474 827 1518">
     <span class='ocr_line' id='line_1_29' title="bbox 83 1474 827 1518; baseline 0 -8"><span class='ocrx_word' id='word_1_304' title='bbox 83 1475 201 1511; x_wconf 72' lang='lat' dir='ltr'>actum</span> <span class='ocrx_word' id='word_1_305' title='bbox 220 1478 321 1512; x_wconf 78' lang='lat' dir='ltr'>velut</span> <span class='ocrx_word' id='word_1_306' title='bbox 342 1476 574 1518; x_wconf 82' lang='lat' dir='ltr'>proeliantem</span> <span class='ocrx_word' id='word_1_307' title='bbox 601 1478 658 1518; x_wconf 90' lang='lat'>11,</span> <span class='ocrx_word' id='word_1_308' title='bbox 690 1477 723 1518; x_wconf 86' lang='lat'>3,</span> <span class='ocrx_word' id='word_1_309' title='bbox 748 1474 827 1510; x_wconf 78' lang='lat'><strong>145.</strong></span> 
     </span>
    </p>
   </div>
   <div class='ocr_carea' id='block_1_13' title="bbox 37 1519 1576 1811">
    <p class='ocr_par' dir='ltr' id='par_1_13' title="bbox 37 1519 1576 1756">
     <span class='ocr_line' id='line_1_30' title="bbox 37 1519 1574 1582; baseline 0.007 -20"><span class='ocrx_word' id='word_1_310' title='bbox 37 1519 267 1563; x_wconf 75' lang='lat' dir='ltr'>Proelium·</span> <span class='ocrx_word' id='word_1_311' title='bbox 313 1531 482 1566; x_wconf 84' lang='lat' dir='ltr'>Curetum</span> <span class='ocrx_word' id='word_1_312' title='bbox 504 1531 787 1576; x_wconf 89' lang='lat' dir='ltr'>Aetolorumque</span> <span class='ocrx_word' id='word_1_313' title='bbox 814 1541 870 1573; x_wconf 88' lang='lat' dir='ltr'>pr.</span> <span class='ocrx_word' id='word_1_314' title='bbox 906 1534 972 1576; x_wconf 89' lang='grc'>10,</span> <span class='ocrx_word' id='word_1_315' title='bbox 998 1536 1016 1566; x_wconf 94' lang='grc'>1</span> <span class='ocrx_word' id='word_1_316' title='bbox 1031 1559 1042 1576; x_wconf 89' lang='grc'>,</span> <span class='ocrx_word' id='word_1_317' title='bbox 1066 1532 1124 1570; x_wconf 89' lang='grc'>49.</span> <span class='ocrx_word' id='word_1_318' title='bbox 1170 1546 1272 1570; x_wconf 85' lang='lat' dir='ltr'>casus</span> <span class='ocrx_word' id='word_1_319' title='bbox 1297 1537 1515 1578; x_wconf 89' lang='lat' dir='ltr'>proeliorum</span> <span class='ocrx_word' id='word_1_320' title='bbox 1539 1543 1574 1582; x_wconf 88' lang='lat'>7,</span> 
     </span>
     <span class='ocr_line' id='line_1_31' title="bbox 89 1577 1576 1622; baseline 0.004 -10"><span class='ocrx_word' id='word_1_321' title='bbox 89 1580 148 1621; x_wconf 88' lang='grc'>10,</span> <span class='ocrx_word' id='word_1_322' title='bbox 170 1580 229 1612; x_wconf 85' lang='grc'>13.</span> <span class='ocrx_word' id='word_1_323' title='bbox 275 1589 358 1611; x_wconf 85' lang='lat' dir='ltr'>cum</span> <span class='ocrx_word' id='word_1_324' title='bbox 380 1577 556 1619; x_wconf 86' lang='lat' dir='ltr'>proelium</span> <span class='ocrx_word' id='word_1_325' title='bbox 587 1577 733 1611; x_wconf 86' lang='lat' dir='ltr'>inierint</span> <span class='ocrx_word' id='word_1_326' title='bbox 757 1579 791 1620; x_wconf 84' lang='lat'>3,</span> <span class='ocrx_word' id='word_1_327' title='bbox 815 1579 850 1620; x_wconf 89' lang='grc'>8,</span> <span class='ocrx_word' id='word_1_328' title='bbox 873 1580 931 1612; x_wconf 84' lang='grc'>20.</span> <span class='ocrx_word' id='word_1_329' title='bbox 979 1578 1010 1612; x_wconf 86' lang='lat' dir='ltr'>si</span> <span class='ocrx_word' id='word_1_330' title='bbox 1035 1579 1080 1613; x_wconf 86' lang='lat' dir='ltr'>sit</span> <span class='ocrx_word' id='word_1_331' title='bbox 1104 1581 1148 1614; x_wconf 88' lang='lat' dir='ltr'>ad</span> <span class='ocrx_word' id='word_1_332' title='bbox 1171 1590 1226 1622; x_wconf 91' lang='lat' dir='ltr'>pr.</span> <span class='ocrx_word' id='word_1_333' title='bbox 1253 1582 1354 1616; x_wconf 91' lang='lat' dir='ltr'>miles</span> <span class='ocrx_word' id='word_1_334' title='bbox 1381 1585 1576 1618; x_wconf 80' lang='lat' dir='ltr'>cohortan-</span> 
     </span>
     <span class='ocr_line' id='line_1_32' title="bbox 90 1623 1574 1669; baseline 0.006 -14"><span class='ocrx_word' id='word_1_335' title='bbox 90 1623 157 1656; x_wconf 80' lang='lat' dir='ltr'>dus</span> <span class='ocrx_word' id='word_1_336' title='bbox 183 1625 241 1664; x_wconf 82' lang='grc'>12,</span> <span class='ocrx_word' id='word_1_337' title='bbox 263 1625 298 1664; x_wconf 89' lang='grc'>1,</span> <span class='ocrx_word' id='word_1_338' title='bbox 321 1623 376 1656; x_wconf 89' lang='grc'>28.</span> <span class='ocrx_word' id='word_1_339' title='bbox 420 1623 638 1664; x_wconf 86' lang='lat' dir='ltr'>procedente</span> <span class='ocrx_word' id='word_1_340' title='bbox 666 1624 711 1655; x_wconf 86' lang='lat' dir='ltr'>ad</span> <span class='ocrx_word' id='word_1_341' title='bbox 737 1632 789 1663; x_wconf 86' lang='lat' dir='ltr'>pr.</span> <span class='ocrx_word' id='word_1_342' title='bbox 816 1623 977 1657; x_wconf 80' lang='lat' dir='ltr'>exercitu</span> <span class='ocrx_word' id='word_1_343' title='bbox 1007 1625 1052 1667; x_wconf 88' lang='grc'>9,</span> <span class='ocrx_word' id='word_1_344' title='bbox 1079 1625 1123 1669; x_wconf 87' lang='grc'>4,</span> <span class='ocrx_word' id='word_1_345' title='bbox 1148 1630 1204 1660; x_wconf 91' lang='grc'>11.</span> <span class='ocrx_word' id='word_1_346' title='bbox 1251 1626 1290 1660; x_wconf 90' lang='lat' dir='ltr'>in</span> <span class='ocrx_word' id='word_1_347' title='bbox 1311 1629 1459 1669; x_wconf 84' lang='lat' dir='ltr'>proeliis</span> <span class='ocrx_word' id='word_1_348' title='bbox 1482 1637 1574 1665; x_wconf 87' lang='lat' dir='ltr'>stre-</span> 
     </span>
     <span class='ocr_line' id='line_1_33' title="bbox 89 1667 1574 1717; baseline 0.005 -15"><span class='ocrx_word' id='word_1_349' title='bbox 89 1679 198 1702; x_wconf 83' lang='lat' dir='ltr'>nuum</span> <span class='ocrx_word' id='word_1_350' title='bbox 218 1673 254 1701; x_wconf 85' lang='lat' dir='ltr'>et</span> <span class='ocrx_word' id='word_1_351' title='bbox 274 1668 404 1701; x_wconf 77' lang='lat' dir='ltr'>fortem</span> <span class='ocrx_word' id='word_1_352' title='bbox 427 1671 483 1710; x_wconf 87' lang='lat'>12,</span> <span class='ocrx_word' id='word_1_353' title='bbox 507 1670 542 1711; x_wconf 87' lang='grc'>3,</span> <span class='ocrx_word' id='word_1_354' title='bbox 567 1669 600 1702; x_wconf 87' lang='lat'>5.</span> <span class='ocrx_word' id='word_1_355' title='bbox 646 1667 708 1711; x_wconf 86' lang='lat' dir='ltr'>qui</span> <span class='ocrx_word' id='word_1_356' title='bbox 730 1668 871 1702; x_wconf 82' lang='lat' dir='ltr'>fortiter</span> <span class='ocrx_word' id='word_1_357' title='bbox 895 1670 1024 1704; x_wconf 87' lang='lat' dir='ltr'>eodem</span> <span class='ocrx_word' id='word_1_358' title='bbox 1046 1679 1101 1712; x_wconf 83' lang='lat' dir='ltr'>pr.</span> <span class='ocrx_word' id='word_1_359' title='bbox 1122 1672 1257 1706; x_wconf 83' lang='lat' dir='ltr'>fecerat</span> <span class='ocrx_word' id='word_1_360' title='bbox 1279 1674 1315 1716; x_wconf 89' lang='grc'>9,</span> <span class='ocrx_word' id='word_1_361' title='bbox 1338 1676 1373 1717; x_wconf 87' lang='grc'>2,</span> <span class='ocrx_word' id='word_1_362' title='bbox 1397 1675 1456 1709; x_wconf 89' lang='grc'>85.</span> <span class='ocrx_word' id='word_1_363' title='bbox 1502 1678 1574 1710; x_wconf 84' lang='lat' dir='ltr'>Ro-</span> 
     </span>
     <span class='ocr_line' id='line_1_34' title="bbox 88 1712 840 1756; baseline -0.003 -9"><span class='ocrx_word' id='word_1_364' title='bbox 88 1724 214 1747; x_wconf 83' lang='lat' dir='ltr'>manus</span> <span class='ocrx_word' id='word_1_365' title='bbox 236 1712 374 1756; x_wconf 77' lang='lat' dir='ltr'>proelio</span> <span class='ocrx_word' id='word_1_366' title='bbox 395 1712 514 1747; x_wconf 76' lang='lat' dir='ltr'>victor</span> <span class='ocrx_word' id='word_1_367' title='bbox 545 1715 596 1746; x_wconf 85' lang='lat' dir='ltr'>Li</span> <span class='ocrx_word' id='word_1_368' title='bbox 603 1725 637 1746; x_wconf 87' lang='lat' dir='ltr'>v.</span> <span class='ocrx_word' id='word_1_369' title='bbox 662 1715 696 1755; x_wconf 85' lang='grc'>8,</span> <span class='ocrx_word' id='word_1_370' title='bbox 724 1714 759 1755; x_wconf 92' lang='grc'>6,</span> <span class='ocrx_word' id='word_1_371' title='bbox 783 1716 840 1747; x_wconf 84' lang='grc'>20.</span> 
     </span>
    </p>

    <p class='ocr_par' dir='ltr' id='par_1_14' title="bbox 41 1755 875 1811">
     <span class='ocr_line' id='line_1_35' title="bbox 41 1755 875 1811; baseline 0.008 -15"><span class='ocrx_word' id='word_1_372' title='bbox 41 1755 308 1799; x_wconf 79' lang='lat' dir='ltr'>Profanatus.</span> <span class='ocrx_word' id='word_1_373' title='bbox 366 1778 408 1802; x_wconf 85' lang='lat' dir='ltr'>os</span> <span class='ocrx_word' id='word_1_374' title='bbox 430 1769 654 1810; x_wconf 82' lang='lat' dir='ltr'>profanatum</span> <span class='ocrx_word' id='word_1_375' title='bbox 676 1771 734 1811; x_wconf 93' lang='lat'>11,</span> <span class='ocrx_word' id='word_1_376' title='bbox 757 1771 792 1810; x_wconf 92' lang='grc'>1,</span> <span class='ocrx_word' id='word_1_377' title='bbox 817 1769 875 1804; x_wconf 87' lang='grc'>84.</span> 
     </span>
    </p>
   </div>
   <div class='ocr_carea' id='block_1_14' title="bbox 42 1812 1575 1914">
    <p class='ocr_par' dir='ltr' id='par_1_15' title="bbox 42 1812 1575 1914">
     <span class='ocr_line' id='line_1_36' title="bbox 42 1812 1575 1871; baseline 0.011 -18"><span class='ocrx_word' id='word_1_378' title='bbox 42 1812 265 1855; x_wconf 82' lang='lat' dir='ltr'>Profanus.</span> <span class='ocrx_word' id='word_1_379' title='bbox 312 1835 449 1859; x_wconf 85' lang='lat' dir='ltr'>sacer</span> <span class='ocrx_word' id='word_1_380' title='bbox 473 1836 519 1858; x_wconf 84' lang='lat' dir='ltr'>an</span> <span class='ocrx_word' id='word_1_381' title='bbox 542 1834 607 1866; x_wconf 84' lang='lat' dir='ltr'>pr.</span> <span class='ocrx_word' id='word_1_382' title='bbox 644 1825 781 1868; x_wconf 80' lang='lat' dir='ltr'>(locus)</span> <span class='ocrx_word' id='word_1_383' title='bbox 807 1826 850 1869; x_wconf 82' lang='lat'>5,</span> <span class='ocrx_word' id='word_1_384' title='bbox 875 1829 940 1870; x_wconf 90' lang='grc'>10,</span> <span class='ocrx_word' id='word_1_385' title='bbox 969 1828 1026 1862; x_wconf 83' lang='grc'>38.</span> <span class='ocrx_word' id='word_1_386' title='bbox 1073 1827 1135 1863; x_wconf 88' lang='lat' dir='ltr'>illa</span> <span class='ocrx_word' id='word_1_387' title='bbox 1167 1831 1480 1871; x_wconf 85' lang='lat' dir='ltr'>profanorum</span> <span class='ocrx_word' id='word_1_388' title='bbox 1510 1845 1575 1870; x_wconf 82' lang='lat' dir='ltr'>sa-</span> 
     </span>
     <span class='ocr_line' id='line_1_37' title="bbox 90 1869 719 1914; baseline -0.003 -9"><span class='ocrx_word' id='word_1_389' title='bbox 90 1879 347 1914; x_wconf 86' lang='lat' dir='ltr'>crorumque</span> <span class='ocrx_word' id='word_1_390' title='bbox 370 1869 519 1912; x_wconf 85' lang='lat' dir='ltr'>direptio</span> <span class='ocrx_word' id='word_1_391' title='bbox 541 1871 578 1913; x_wconf 88' lang='grc'>8,</span> <span class='ocrx_word' id='word_1_392' title='bbox 604 1872 639 1914; x_wconf 88' lang='grc'>3,</span> <span class='ocrx_word' id='word_1_393' title='bbox 661 1871 719 1906; x_wconf 84' lang='grc'>69.</span> 
     </span>
    </p>
   </div>
   <div class='ocr_carea' id='block_1_15' title="bbox 43 1915 1198 1974">
    <p class='ocr_par' dir='ltr' id='par_1_16' title="bbox 43 1915 1198 1974">
     <span class='ocr_line' id='line_1_38' title="bbox 43 1915 1198 1974; baseline 0.007 -16"><span class='ocrx_word' id='word_1_394' title='bbox 43 1915 271 1958; x_wconf 79' lang='lat' dir='ltr'>Profectio·</span> <span class='ocrx_word' id='word_1_395' title='bbox 315 1926 347 1960; x_wconf 76' lang='lat' dir='ltr'>si</span> <span class='ocrx_word' id='word_1_396' title='bbox 372 1926 430 1960; x_wconf 81' lang='lat' dir='ltr'>cui</span> <span class='ocrx_word' id='word_1_397' title='bbox 455 1927 535 1971; x_wconf 87' lang='lat' dir='ltr'>quis</span> <span class='ocrx_word' id='word_1_398' title='bbox 557 1927 815 1968; x_wconf 79' lang='lat' dir='ltr'>prosectionem</span> <span class='ocrx_word' id='word_1_399' title='bbox 838 1929 986 1964; x_wconf 85' lang='lat' dir='ltr'>suaserit</span> <span class='ocrx_word' id='word_1_400' title='bbox 1017 1933 1053 1974; x_wconf 91' lang='lat'>7,</span> <span class='ocrx_word' id='word_1_401' title='bbox 1077 1933 1112 1974; x_wconf 89' lang='grc'>3,</span> <span class='ocrx_word' id='word_1_402' title='bbox 1140 1933 1198 1966; x_wconf 89' lang='grc'>33.</span> 
     </span>
    </p>
   </div>
   <div class='ocr_carea' id='block_1_16' title="bbox 44 1982 1576 2270">
    <p class='ocr_par' dir='ltr' id='par_1_17' title="bbox 44 1982 1576 2270">
     <span class='ocr_line' id='line_1_39' title="bbox 44 1982 1575 2049; baseline 0.008 -24"><span class='ocrx_word' id='word_1_403' title='bbox 44 1982 252 2025; x_wconf 82' lang='lat' dir='ltr'>Profecto.</span> <span class='ocrx_word' id='word_1_404' title='bbox 310 1993 502 2029; x_wconf 82' lang='lat' dir='ltr'>sublimitas</span> <span class='ocrx_word' id='word_1_405' title='bbox 534 2004 588 2036; x_wconf 84' lang='lat' dir='ltr'>pr.</span> <span class='ocrx_word' id='word_1_406' title='bbox 622 2000 658 2028; x_wconf 86' lang='lat' dir='ltr'>et</span> <span class='ocrx_word' id='word_1_407' title='bbox 687 1995 948 2041; x_wconf 81' lang='lat' dir='ltr'>magnificentia</span> <span class='ocrx_word' id='word_1_408' title='bbox 975 2005 1036 2032; x_wconf 76' lang='lat' dir='ltr'>etc.</span> <span class='ocrx_word' id='word_1_409' title='bbox 1072 1999 1248 2040; x_wconf 81' lang='lat' dir='ltr'>expressit</span> <span class='ocrx_word' id='word_1_410' title='bbox 1273 2000 1372 2035; x_wconf 87' lang='lat' dir='ltr'>illum</span> <span class='ocrx_word' id='word_1_411' title='bbox 1395 2002 1575 2049; x_wconf 79' lang='lat' dir='ltr'>fragorem</span> 
     </span>
     <span class='ocr_line' id='line_1_40' title="bbox 91 2038 1574 2092; baseline 0.008 -20"><span class='ocrx_word' id='word_1_412' title='bbox 91 2041 128 2082; x_wconf 87' lang='lat'>8,</span> <span class='ocrx_word' id='word_1_413' title='bbox 151 2041 186 2081; x_wconf 83' lang='lat'>3,</span> <span class='ocrx_word' id='word_1_414' title='bbox 210 2040 245 2073; x_wconf 82' lang='lat'>3.</span> <span class='ocrx_word' id='word_1_415' title='bbox 292 2038 337 2080; x_wconf 61' lang='lat' dir='ltr'><strong>qs.</strong></span> <span class='ocrx_word' id='word_1_416' title='bbox 372 2042 428 2082; x_wconf 90' lang='lat'>10,</span> <span class='ocrx_word' id='word_1_417' title='bbox 453 2043 486 2082; x_wconf 93' lang='lat'>1,</span> <span class='ocrx_word' id='word_1_418' title='bbox 514 2043 570 2075; x_wconf 81' lang='grc' dir='ltr'>το.</span> <span class='ocrx_word' id='word_1_419' title='bbox 606 2042 684 2074; x_wconf 82' lang='lat'><strong>120.</strong></span> <span class='ocrx_word' id='word_1_420' title='bbox 725 2044 793 2083; x_wconf 84' lang='lat'>11,</span> <span class='ocrx_word' id='word_1_421' title='bbox 820 2044 864 2083; x_wconf 90' lang='lat'>1,</span> <span class='ocrx_word' id='word_1_422' title='bbox 887 2045 945 2076; x_wconf 87' lang='lat'>71.</span> <span class='ocrx_word' id='word_1_423' title='bbox 991 2053 1045 2084; x_wconf 78' lang='lat' dir='ltr'>pr.</span> <span class='ocrx_word' id='word_1_424' title='bbox 1069 2046 1266 2085; x_wconf 80' lang='lat' dir='ltr'>perfectum</span> <span class='ocrx_word' id='word_1_425' title='bbox 1300 2047 1465 2092; x_wconf 82' lang='lat' dir='ltr'>quiddam</span> <span class='ocrx_word' id='word_1_426' title='bbox 1496 2051 1574 2084; x_wconf 82' lang='lat' dir='ltr'>fieri</span> 
     </span>
     <span class='ocr_line' id='line_1_41' title="bbox 90 2086 1575 2137; baseline 0.008 -19"><span class='ocrx_word' id='word_1_427' title='bbox 90 2095 238 2119; x_wconf 84' lang='lat' dir='ltr'>necesse</span> <span class='ocrx_word' id='word_1_428' title='bbox 270 2090 324 2118; x_wconf 87' lang='lat' dir='ltr'>est</span> <span class='ocrx_word' id='word_1_429' title='bbox 351 2088 416 2127; x_wconf 91' lang='lat'>11,</span> <span class='ocrx_word' id='word_1_430' title='bbox 441 2087 485 2128; x_wconf 84' lang='lat'>3,</span> <span class='ocrx_word' id='word_1_431' title='bbox 511 2086 546 2120; x_wconf 94' lang='lat'>9.</span> <span class='ocrx_word' id='word_1_432' title='bbox 592 2095 646 2127; x_wconf 88' lang='lat' dir='ltr'>pr.</span> <span class='ocrx_word' id='word_1_433' title='bbox 680 2096 755 2119; x_wconf 89' lang='lat' dir='ltr'>nou</span> <span class='ocrx_word' id='word_1_434' title='bbox 775 2087 944 2121; x_wconf 82' lang='lat' dir='ltr'>taciturus</span> <span class='ocrx_word' id='word_1_435' title='bbox 970 2090 1014 2122; x_wconf 90' lang='lat' dir='ltr'>de</span> <span class='ocrx_word' id='word_1_436' title='bbox 1038 2100 1101 2124; x_wconf 88' lang='lat' dir='ltr'>sua</span> <span class='ocrx_word' id='word_1_437' title='bbox 1136 2090 1251 2137; x_wconf 86' lang='lat' dir='ltr'>gloria</span> <span class='ocrx_word' id='word_1_438' title='bbox 1274 2095 1338 2135; x_wconf 87' lang='lat'>11,</span> <span class='ocrx_word' id='word_1_439' title='bbox 1362 2096 1406 2136; x_wconf 80' lang='lat'>2,</span> <span class='ocrx_word' id='word_1_440' title='bbox 1434 2095 1499 2129; x_wconf 85' lang='lat'><strong>16..</strong></span> <span class='ocrx_word' id='word_1_441' title='bbox 1535 2097 1575 2130; x_wconf 87' lang='lat' dir='ltr'>in</span> 
     </span>
     <span class='ocr_line' id='line_1_42' title="bbox 91 2130 1574 2185; baseline 0.007 -21"><span class='ocrx_word' id='word_1_442' title='bbox 91 2130 208 2164; x_wconf 84' lang='lat' dir='ltr'>causis</span> <span class='ocrx_word' id='word_1_443' title='bbox 235 2130 427 2164; x_wconf 78' lang='lat' dir='ltr'>defendere</span> <span class='ocrx_word' id='word_1_444' title='bbox 450 2131 592 2174; x_wconf 83' lang='lat' dir='ltr'>quidem</span> <span class='ocrx_word' id='word_1_445' title='bbox 616 2141 698 2164; x_wconf 88' lang='lat' dir='ltr'>reos</span> <span class='ocrx_word' id='word_1_446' title='bbox 720 2141 775 2172; x_wconf 91' lang='lat' dir='ltr'>pr.</span> <span class='ocrx_word' id='word_1_447' title='bbox 801 2143 904 2176; x_wconf 88' lang='lat' dir='ltr'>quam</span> <span class='ocrx_word' id='word_1_448' title='bbox 926 2134 1046 2168; x_wconf 83' lang='lat' dir='ltr'>facere</span> <span class='ocrx_word' id='word_1_449' title='bbox 1068 2136 1127 2170; x_wconf 85' lang='lat' dir='ltr'>vir</span> <span class='ocrx_word' id='word_1_450' title='bbox 1160 2137 1275 2170; x_wconf 83' lang='lat' dir='ltr'>bonus</span> <span class='ocrx_word' id='word_1_451' title='bbox 1307 2141 1414 2173; x_wconf 87' lang='lat' dir='ltr'>malet</span> <span class='ocrx_word' id='word_1_452' title='bbox 1440 2143 1505 2183; x_wconf 85' lang='lat'>12,</span> <span class='ocrx_word' id='word_1_453' title='bbox 1537 2145 1574 2185; x_wconf 87' lang='grc'>7,</span> 
     </span>
     <span class='ocr_line' id='line_1_43' title="bbox 93 2173 1576 2226; baseline 0.009 -19"><span class='ocrx_word' id='word_1_454' title='bbox 93 2179 127 2210; x_wconf 85' lang='grc'>1.</span> <span class='ocrx_word' id='word_1_455' title='bbox 179 2173 288 2219; x_wconf 90' lang='lat' dir='ltr'>[haec</span> <span class='ocrx_word' id='word_1_456' title='bbox 308 2174 338 2208; x_wconf 85' lang='lat' dir='ltr'>si</span> <span class='ocrx_word' id='word_1_457' title='bbox 362 2174 440 2219; x_wconf 85' lang='lat' dir='ltr'>quis</span> <span class='ocrx_word' id='word_1_458' title='bbox 468 2186 529 2218; x_wconf 91' lang='lat' dir='ltr'>pr.</span> <span class='ocrx_word' id='word_1_459' title='bbox 552 2176 611 2218; x_wconf 88' lang='lat' dir='ltr'>(Z.</span> <span class='ocrx_word' id='word_1_460' title='bbox 638 2175 716 2216; x_wconf 84' lang='lat' dir='ltr'><strong>om.)</strong></span> <span class='ocrx_word' id='word_1_461' title='bbox 759 2177 898 2223; x_wconf 79' lang='lat' dir='ltr'>ignorat</span> <span class='ocrx_word' id='word_1_462' title='bbox 923 2180 966 2219; x_wconf 86' lang='grc'>8,</span> <span class='ocrx_word' id='word_1_463' title='bbox 988 2180 1032 2222; x_wconf 88' lang='grc'>6,</span> <span class='ocrx_word' id='word_1_464' title='bbox 1056 2179 1139 2224; x_wconf 90' lang='grc'><strong>57.]</strong></span> <span class='ocrx_word' id='word_1_465' title='bbox 1187 2182 1296 2216; x_wconf 88' lang='lat' dir='ltr'>nimia</span> <span class='ocrx_word' id='word_1_466' title='bbox 1319 2193 1374 2226; x_wconf 86' lang='lat' dir='ltr'>pr.</span> <span class='ocrx_word' id='word_1_467' title='bbox 1404 2186 1576 2222; x_wconf 79' lang='lat' dir='ltr'>novitatis</span> 
     </span>
     <span class='ocr_line' id='line_1_44' title="bbox 94 2220 1300 2270; baseline 0.007 -15"><span class='ocrx_word' id='word_1_468' title='bbox 94 2220 284 2262; x_wconf 84' lang='lat' dir='ltr'>cupiditate</span> <span class='ocrx_word' id='word_1_469' title='bbox 309 2222 434 2255; x_wconf 86' lang='lat' dir='ltr'>ductus</span> <span class='ocrx_word' id='word_1_470' title='bbox 458 2224 494 2264; x_wconf 84' lang='lat'>9,</span> <span class='ocrx_word' id='word_1_471' title='bbox 524 2225 557 2264; x_wconf 90' lang='lat'>1,</span> <span class='ocrx_word' id='word_1_472' title='bbox 583 2223 639 2265; x_wconf 74' lang='grc'>18.</span> <span class='ocrx_word' id='word_1_473' title='bbox 686 2223 800 2257; x_wconf 81' lang='lat' dir='ltr'>Uter?</span> <span class='ocrx_word' id='word_1_474' title='bbox 844 2233 898 2266; x_wconf 87' lang='lat' dir='ltr'>pr.</span> <span class='ocrx_word' id='word_1_475' title='bbox 922 2223 1081 2260; x_wconf 85' lang='lat' dir='ltr'>Clodius.</span> <span class='ocrx_word' id='word_1_476' title='bbox 1121 2230 1156 2270; x_wconf 91' lang='lat'>7,</span> <span class='ocrx_word' id='word_1_477' title='bbox 1181 2231 1215 2270; x_wconf 90' lang='lat'>1,</span> <span class='ocrx_word' id='word_1_478' title='bbox 1242 2230 1300 2264; x_wconf 89' lang='grc'>35.</span> 
     </span>
    </p>
   </div>
   <div class='ocr_carea' id='block_1_17' title="bbox 46 2273 1574 2708">
    <p class='ocr_par' dir='ltr' id='par_1_18' title="bbox 46 2273 1574 2708">
     <span class='ocr_line' id='line_1_45' title="bbox 46 2273 1574 2343; baseline 0.011 -25"><span class='ocrx_word' id='word_1_479' title='bbox 46 2276 282 2319; x_wconf 78' lang='lat' dir='ltr'>Profectus·</span> <span class='ocrx_word' id='word_1_480' title='bbox 340 2287 396 2321; x_wconf 84' lang='lat' dir='ltr'>his</span> <span class='ocrx_word' id='word_1_481' title='bbox 421 2288 593 2323; x_wconf 85' lang='lat' dir='ltr'>aetatibus</span> <span class='ocrx_word' id='word_1_482' title='bbox 622 2289 736 2324; x_wconf 86' lang='lat' dir='ltr'>omnis</span> <span class='ocrx_word' id='word_1_483' title='bbox 769 2290 806 2324; x_wconf 91' lang='lat' dir='ltr'>in</span> <span class='ocrx_word' id='word_1_484' title='bbox 838 2291 1013 2327; x_wconf 87' lang='lat' dir='ltr'>audiendo</span> <span class='ocrx_word' id='word_1_485' title='bbox 1047 2295 1228 2334; x_wconf 82' lang='lat' dir='ltr'>profectus</span> <span class='ocrx_word' id='word_1_486' title='bbox 1262 2301 1316 2330; x_wconf 86' lang='lat' dir='ltr'>est</span> <span class='ocrx_word' id='word_1_487' title='bbox 1348 2300 1390 2340; x_wconf 87' lang='lat'>1,</span> <span class='ocrx_word' id='word_1_488' title='bbox 1423 2273 1495 2343; x_wconf 69' lang='lat'>12,=</span> <span class='ocrx_word' id='word_1_489' title='bbox 1517 2302 1574 2335; x_wconf 84' lang='lat'>12.</span> 
     </span>
     <span class='ocr_line' id='line_1_46' title="bbox 93 2333 1574 2386; baseline 0.01 -21"><span class='ocrx_word' id='word_1_490' title='bbox 93 2333 266 2370; x_wconf 84' lang='lat' dir='ltr'>firmiores</span> <span class='ocrx_word' id='word_1_491' title='bbox 290 2333 327 2366; x_wconf 90' lang='lat' dir='ltr'>in</span> <span class='ocrx_word' id='word_1_492' title='bbox 348 2333 460 2368; x_wconf 86' lang='lat' dir='ltr'>literis</span> <span class='ocrx_word' id='word_1_493' title='bbox 490 2344 544 2376; x_wconf 90' lang='lat' dir='ltr'>pr.</span> <span class='ocrx_word' id='word_1_494' title='bbox 569 2335 630 2369; x_wconf 86' lang='lat' dir='ltr'>alit</span> <span class='ocrx_word' id='word_1_495' title='bbox 664 2336 852 2370; x_wconf 84' lang='lat' dir='ltr'>aemulatio</span> <span class='ocrx_word' id='word_1_496' title='bbox 880 2340 921 2380; x_wconf 93' lang='lat'>1,</span> <span class='ocrx_word' id='word_1_497' title='bbox 947 2341 992 2380; x_wconf 88' lang='grc'>2,</span> <span class='ocrx_word' id='word_1_498' title='bbox 1014 2339 1060 2374; x_wconf 87' lang='grc'>26</span> <span class='ocrx_word' id='word_1_499' title='bbox 1084 2341 1130 2373; x_wconf 89' lang='grc' dir='ltr'>Ν.</span> <span class='ocrx_word' id='word_1_500' title='bbox 1159 2352 1299 2386; x_wconf 87' lang='lat' dir='ltr'>quoque</span> <span class='ocrx_word' id='word_1_501' title='bbox 1335 2345 1431 2379; x_wconf 89' lang='lat' dir='ltr'>solus</span> <span class='ocrx_word' id='word_1_502' title='bbox 1464 2357 1574 2381; x_wconf 76' lang='lat' dir='ltr'>verus</span> 
     </span>
     <span class='ocr_line' id='line_1_47' title="bbox 93 2379 1574 2435; baseline 0.009 -23"><span class='ocrx_word' id='word_1_503' title='bbox 93 2379 155 2412; x_wconf 88' lang='lat' dir='ltr'>ille</span> <span class='ocrx_word' id='word_1_504' title='bbox 181 2387 233 2419; x_wconf 86' lang='lat' dir='ltr'>pr.</span> <span class='ocrx_word' id='word_1_505' title='bbox 260 2384 294 2411; x_wconf 87' lang='lat' dir='ltr'>et</span> <span class='ocrx_word' id='word_1_506' title='bbox 322 2379 399 2413; x_wconf 82' lang='lat' dir='ltr'>altis</span> <span class='ocrx_word' id='word_1_507' title='bbox 422 2380 598 2415; x_wconf 85' lang='lat' dir='ltr'>radicibus</span> <span class='ocrx_word' id='word_1_508' title='bbox 620 2381 730 2415; x_wconf 88' lang='lat' dir='ltr'>nixus</span> <span class='ocrx_word' id='word_1_509' title='bbox 754 2389 897 2423; x_wconf 89' lang='lat' dir='ltr'>paretur</span> <span class='ocrx_word' id='word_1_510' title='bbox 918 2386 953 2426; x_wconf 93' lang='lat'>1,</span> <span class='ocrx_word' id='word_1_511' title='bbox 979 2387 1012 2427; x_wconf 89' lang='lat'>1,</span> <span class='ocrx_word' id='word_1_512' title='bbox 1034 2386 1092 2419; x_wconf 85' lang='grc'>28.</span> <span class='ocrx_word' id='word_1_513' title='bbox 1139 2398 1229 2431; x_wconf 87' lang='lat' dir='ltr'>quae</span> <span class='ocrx_word' id='word_1_514' title='bbox 1252 2399 1399 2435; x_wconf 79' lang='lat' dir='ltr'>magnos</span> <span class='ocrx_word' id='word_1_515' title='bbox 1423 2400 1478 2432; x_wconf 85' lang='lat' dir='ltr'>pr.</span> <span class='ocrx_word' id='word_1_516' title='bbox 1498 2392 1574 2427; x_wconf 79' lang='lat' dir='ltr'>fre-</span> 
     </span>
     <span class='ocr_line' id='line_1_48' title="bbox 91 2425 1574 2478; baseline 0.011 -22"><span class='ocrx_word' id='word_1_517' title='bbox 91 2429 241 2468; x_wconf 86' lang='lat' dir='ltr'>quenter</span> <span class='ocrx_word' id='word_1_518' title='bbox 268 2425 418 2466; x_wconf 88' lang='lat' dir='ltr'>perdidit</span> <span class='ocrx_word' id='word_1_519' title='bbox 439 2437 606 2473; x_wconf 80' lang='lat' dir='ltr'>arrogans</span> <span class='ocrx_word' id='word_1_520' title='bbox 633 2428 677 2460; x_wconf 91' lang='lat' dir='ltr'>de</span> <span class='ocrx_word' id='word_1_521' title='bbox 701 2438 740 2461; x_wconf 88' lang='lat' dir='ltr'>se</span> <span class='ocrx_word' id='word_1_522' title='bbox 754 2428 934 2469; x_wconf 81' lang='lat' dir='ltr'>persuasio</span> <span class='ocrx_word' id='word_1_523' title='bbox 956 2432 992 2472; x_wconf 89' lang='lat'>2,</span> <span class='ocrx_word' id='word_1_524' title='bbox 1015 2429 1052 2474; x_wconf 83' lang='lat'>4,</span> <span class='ocrx_word' id='word_1_525' title='bbox 1081 2431 1135 2465; x_wconf 88' lang='grc'>16.</span> <span class='ocrx_word' id='word_1_526' title='bbox 1172 2433 1338 2468; x_wconf 84' lang='lat' dir='ltr'>libentius</span> <span class='ocrx_word' id='word_1_527' title='bbox 1364 2447 1411 2470; x_wconf 87' lang='lat' dir='ltr'>se</span> <span class='ocrx_word' id='word_1_528' title='bbox 1432 2437 1574 2478; x_wconf 82' lang='lat' dir='ltr'>pri-ma</span> 
     </span>
     <span class='ocr_line' id='line_1_49' title="bbox 93 2469 1573 2531; baseline 0.011 -29"><span class='ocrx_word' id='word_1_529' title='bbox 93 2469 246 2503; x_wconf 84' lang='lat' dir='ltr'>studia</span> <span class='ocrx_word' id='word_1_530' title='bbox 278 2476 544 2515; x_wconf 68' lang='lat' dir='ltr'>tenerosque</span> <span class='ocrx_word' id='word_1_531' title='bbox 576 2482 655 2514; x_wconf 89' lang='lat' dir='ltr'>pro</span> <span class='ocrx_word' id='word_1_532' title='bbox 668 2474 695 2507; x_wconf 86' lang='lat' dir='ltr'>f.</span> <span class='ocrx_word' id='word_1_533' title='bbox 732 2475 776 2506; x_wconf 90' lang='lat' dir='ltr'>ad</span> <span class='ocrx_word' id='word_1_534' title='bbox 806 2474 1038 2508; x_wconf 72' lang='lat' dir='ltr'>imitationem</span> <span class='ocrx_word' id='word_1_535' title='bbox 1073 2478 1394 2521; x_wconf 82' lang='lat' dir='ltr'>condiscipulorum</span> <span class='ocrx_word' id='word_1_536' title='bbox 1435 2483 1573 2531; x_wconf 87' lang='lat' dir='ltr'>erigere</span> 
     </span>
     <span class='ocr_line' id='line_1_50' title="bbox 91 2514 1574 2572; baseline 0.011 -23"><span class='ocrx_word' id='word_1_537' title='bbox 91 2517 127 2556; x_wconf 81' lang='lat'>2,</span> <span class='ocrx_word' id='word_1_538' title='bbox 149 2517 186 2557; x_wconf 86' lang='lat'>3,</span> <span class='ocrx_word' id='word_1_539' title='bbox 211 2518 263 2549; x_wconf 90' lang='lat'>10.</span> <span class='ocrx_word' id='word_1_540' title='bbox 314 2514 412 2560; x_wconf 91' lang='lat' dir='ltr'>[uon</span> <span class='ocrx_word' id='word_1_541' title='bbox 439 2522 575 2550; x_wconf 83' lang='lat' dir='ltr'>tantum</span> <span class='ocrx_word' id='word_1_542' title='bbox 598 2519 682 2551; x_wconf 89' lang='lat' dir='ltr'>dum</span> <span class='ocrx_word' id='word_1_543' title='bbox 715 2519 886 2553; x_wconf 84' lang='lat' dir='ltr'>adolescit</span> <span class='ocrx_word' id='word_1_544' title='bbox 907 2522 1000 2561; x_wconf 84' lang='lat' dir='ltr'>prof.</span> <span class='ocrx_word' id='word_1_545' title='bbox 1028 2521 1098 2565; x_wconf 83' lang='lat' dir='ltr'>(sic</span> <span class='ocrx_word' id='word_1_546' title='bbox 1121 2526 1219 2567; x_wconf 81' lang='lat' dir='ltr'>edd.;</span> <span class='ocrx_word' id='word_1_547' title='bbox 1259 2528 1361 2562; x_wconf 77' lang='lat' dir='ltr'>Codd.</span> <span class='ocrx_word' id='word_1_548' title='bbox 1397 2536 1478 2572; x_wconf 75' lang='lat' dir='ltr'>opu.</span> <span class='ocrx_word' id='word_1_549' title='bbox 1514 2529 1574 2563; x_wconf 85' lang='lat' dir='ltr'>in-</span> 
     </span>
     <span class='ocr_line' id='line_1_51' title="bbox 91 2562 1572 2620; baseline 0.009 -25"><span class='ocrx_word' id='word_1_550' title='bbox 91 2566 241 2603; x_wconf 80' lang='lat' dir='ltr'>ventus,</span> <span class='ocrx_word' id='word_1_551' title='bbox 283 2565 328 2595; x_wconf 83' lang='lat' dir='ltr'><strong>al.</strong></span> <span class='ocrx_word' id='word_1_552' title='bbox 360 2562 546 2605; x_wconf 82' lang='lat' dir='ltr'>juventus;</span> <span class='ocrx_word' id='word_1_553' title='bbox 596 2565 698 2598; x_wconf 74' lang='lat' dir='ltr'><strong>Ala.</strong></span> <span class='ocrx_word' id='word_1_554' title='bbox 736 2565 901 2608; x_wconf 78' lang='lat' dir='ltr'>juvenis,</span> <span class='ocrx_word' id='word_1_555' title='bbox 935 2579 1035 2610; x_wconf 79' lang='lat' dir='ltr'>quam</span> <span class='ocrx_word' id='word_1_556' title='bbox 1067 2572 1160 2612; x_wconf 58' lang='lat' dir='ltr'>lecu,</span> <span class='ocrx_word' id='word_1_557' title='bbox 1205 2583 1227 2603; x_wconf 81' lang='lat' dir='ltr'>a</span> <span class='ocrx_word' id='word_1_558' title='bbox 1262 2573 1464 2617; x_wconf 74' lang='lat' dir='ltr'>Gedoyno</span> <span class='ocrx_word' id='word_1_559' title='bbox 1497 2576 1572 2620; x_wconf 78' lang='lat' dir='ltr'>jam</span> 
     </span>
     <span class='ocr_line' id='line_1_52' title="bbox 93 2610 1573 2665; baseline 0.011 -26"><span class='ocrx_word' id='word_1_560' title='bbox 93 2619 280 2650; x_wconf 73' lang='lat' dir='ltr'>expressam</span> <span class='ocrx_word' id='word_1_561' title='bbox 295 2633 306 2649; x_wconf 94' lang='lat'>,</span> <span class='ocrx_word' id='word_1_562' title='bbox 341 2619 454 2641; x_wconf 84' lang='lat' dir='ltr'>veram</span> <span class='ocrx_word' id='word_1_563' title='bbox 484 2610 656 2651; x_wconf 77' lang='lat' dir='ltr'>existimo)</span> <span class='ocrx_word' id='word_1_564' title='bbox 697 2611 758 2643; x_wconf 82' lang='lat' dir='ltr'>sed</span> <span class='ocrx_word' id='word_1_565' title='bbox 783 2611 887 2644; x_wconf 85' lang='lat' dir='ltr'>etiam</span> <span class='ocrx_word' id='word_1_566' title='bbox 920 2623 1000 2645; x_wconf 88' lang='lat' dir='ltr'>cum</span> <span class='ocrx_word' id='word_1_567' title='bbox 1024 2619 1078 2647; x_wconf 86' lang='lat' dir='ltr'>est</span> <span class='ocrx_word' id='word_1_568' title='bbox 1101 2623 1382 2661; x_wconf 84' lang='lat' dir='ltr'>consummatus,</span> <span class='ocrx_word' id='word_1_569' title='bbox 1427 2625 1463 2654; x_wconf 90' lang='lat' dir='ltr'>et</span> <span class='ocrx_word' id='word_1_570' title='bbox 1502 2622 1573 2665; x_wconf 81' lang='lat' dir='ltr'>jam</span> 
     </span>
     <span class='ocr_line' id='line_1_53' title="bbox 90 2651 1572 2708; baseline 0.011 -24"><span class='ocrx_word' id='word_1_571' title='bbox 90 2651 130 2685; x_wconf 91' lang='lat' dir='ltr'>in</span> <span class='ocrx_word' id='word_1_572' title='bbox 152 2652 235 2686; x_wconf 76' lang='lat' dir='ltr'>foro</span> <span class='ocrx_word' id='word_1_573' title='bbox 261 2653 374 2687; x_wconf 86' lang='lat' dir='ltr'>clarus</span> <span class='ocrx_word' id='word_1_574' title='bbox 399 2655 463 2695; x_wconf 90' lang='grc'>10,</span> <span class='ocrx_word' id='word_1_575' title='bbox 498 2655 541 2696; x_wconf 92' lang='grc'>5,</span> <span class='ocrx_word' id='word_1_576' title='bbox 578 2653 660 2698; x_wconf 85' lang='grc'><strong>14.]</strong></span> <span class='ocrx_word' id='word_1_577' title='bbox 717 2665 772 2696; x_wconf 89' lang='lat' dir='ltr'>pr.</span> <span class='ocrx_word' id='word_1_578' title='bbox 800 2667 872 2690; x_wconf 88' lang='lat' dir='ltr'>non</span> <span class='ocrx_word' id='word_1_579' title='bbox 898 2668 918 2690; x_wconf 85' lang='lat' dir='ltr'>a</span> <span class='ocrx_word' id='word_1_580' title='bbox 944 2669 1081 2693; x_wconf 86' lang='lat' dir='ltr'>summo</span> <span class='ocrx_word' id='word_1_581' title='bbox 1114 2662 1244 2702; x_wconf 82' lang='lat' dir='ltr'>petitus</span> <span class='ocrx_word' id='word_1_582' title='bbox 1274 2667 1340 2707; x_wconf 90' lang='grc'>10,</span> <span class='ocrx_word' id='word_1_583' title='bbox 1364 2667 1410 2708; x_wconf 86' lang='grc'>3,</span> <span class='ocrx_word' id='word_1_584' title='bbox 1432 2669 1468 2699; x_wconf 87' lang='grc'>2.</span> <span class='ocrx_word' id='word_1_585' title='bbox 1517 2673 1572 2700; x_wconf 87' lang='lat' dir='ltr'>est</span> 
     </span>
    </p>
   </div>
   <div class='ocr_carea' id='block_1_18' title="bbox 92 2744 1571 2799">
    <p class='ocr_par' dir='ltr' id='par_1_19' title="bbox 92 2744 1571 2799">
     <span class='ocr_line' id='line_1_54' title="bbox 92 2744 1571 2799; baseline 0.011 -23"><span class='ocrx_word' id='word_1_586' title='bbox 92 2746 130 2786; x_wconf 88' lang='grc'>2,</span> <span class='ocrx_word' id='word_1_587' title='bbox 150 2746 187 2786; x_wconf 89' lang='grc'>7,</span> <span class='ocrx_word' id='word_1_588' title='bbox 212 2746 244 2777; x_wconf 84' lang='grc'>1.</span> <span class='ocrx_word' id='word_1_589' title='bbox 292 2744 417 2779; x_wconf 84' lang='lat' dir='ltr'>deinde</span> <span class='ocrx_word' id='word_1_590' title='bbox 445 2751 512 2780; x_wconf 85' lang='lat' dir='ltr'>stat</span> <span class='ocrx_word' id='word_1_591' title='bbox 536 2746 651 2790; x_wconf 65' lang='lat' dir='ltr'>profi,</span> <span class='ocrx_word' id='word_1_592' title='bbox 677 2747 861 2783; x_wconf 83' lang='lat' dir='ltr'>admiratio</span> <span class='ocrx_word' id='word_1_593' title='bbox 885 2749 1059 2785; x_wconf 81' lang='lat' dir='ltr'>decrescit</span> <span class='ocrx_word' id='word_1_594' title='bbox 1083 2757 1123 2796; x_wconf 88' lang='lat'>1,</span> <span class='ocrx_word' id='word_1_595' title='bbox 1146 2756 1188 2795; x_wconf 82' lang='grc'>3,</span> <span class='ocrx_word' id='word_1_596' title='bbox 1213 2756 1257 2799; x_wconf 89' lang='lat'>5;</span> <span class='ocrx_word' id='word_1_597' title='bbox 1287 2756 1374 2791; x_wconf 81' lang='lat' dir='ltr'>citra</span> <span class='ocrx_word' id='word_1_598' title='bbox 1402 2764 1571 2792; x_wconf 80' lang='lat' dir='ltr'>constan-</span> 
     </span>
    </p>
   </div>
  </div>
 </body>
</html>
