1728 3002
595 191 735 236 Cardo
764 216 819 224 —-
850 190 1034 234 cannen
1507 194 1587 235 113

96 324 180 349 cum
200 312 266 348 titii
286 316 394 356 caput
419 310 535 356 palam
562 307 784 355 impugnaret
810 309 867 350 11,
890 308 925 351 1,
950 305 1008 342 62.
1047 310 1153 350 caput
1179 305 1325 341 alterius
1351 306 1442 342 ‘uste
1464 313 1590 352 petere

93 360 132 403 6,
156 361 191 403 3,
217 360 275 394 28.
316 361 423 401 caput
442 355 537 390 tueri
559 355 604 398 9,
627 357 663 397 2,
688 354 746 389 74.
782 357 944 388 orantem
963 362 1033 406 pro
1058 351 1174 396 capite
1198 355 1255 396 11,
1281 354 1314 395 1,
1338 318 1396 387 44.
1435 364 1502 398 pro
1526 365 1589 389 oa-

94 406 171 452 pite
193 415 260 440 suo
282 402 539 447 supplicantem
558 401 594 443 6,
614 403 647 444 1,
666 401 723 435 25.
749 399 864 444 capite
885 404 1055 443 punietur
1076 397 1111 440 4,
1135 401 1170 440 2,
1194 398 1251 434 69.
1277 401 1312 441 7,
1336 399 1371 441 6,
1395 399 1430 434 6.
1457 399 1588 435 actioni

97 455 153 495 (a.
179 455 203 485 1.
229 447 472 491 acmisationi)
497 452 622 482 contra
643 452 749 492 caput
778 449 833 489 11,
860 447 893 487 1,
919 445 976 479 69.
1014 443 1053 478 in
1078 443 1284 478 discrimine
1307 444 1433 490 capitis
1458 448 1501 481 ib.
1527 446 1587 482 49.

97 497 222 542 capitis
245 495 405 541 pericula
423 493 460 538 4,
485 491 623 537 2,’122.
652 503 720 538 pro
743 502 807 526 reo
832 490 958 536 capitis
986 492 1042 533 12,
1069 493 1124 533 10,
1150 492 1206 525 70.

53 551 208 595 cardo·
256 563 317 598 hic
341 573 470 597 causae
494 557 675 595 cardinem
701 559 804 604 ponit
833 560 875 602 5,
901 560 962 600 12,
987 559 1021 592 3.
1063 557 1124 592 ubi
1149 557 1267 592 litium
1291 559 1400 594 cardo
1426 565 1589 595 vertatur

99 613 156 654 12,
172 611 208 653 8,
223 613 258 644 2.
283 615 451 655 quattuor
474 613 603 644 ventos
621 618 642 654 a
653 606 802 641 totidem
819 604 940 639 mundi
954 605 1052 639 card.
1066 604 1268 649 accepimus
1284 605 1371 639 flare
1387 607 1442 649 12,
1457 609 1512 650 10,
1527 610 1586 642 67.
1635 648 1637 651 ,

53 663 206 711 careo.
261 677 296 722 1)
327 675 388 722 qui
409 675 521 722 pilum
545 673 692 717 emittit,
731 672 967 718 appellatione
989 671 1156 717 privatim
1188 671 1256 706 sibi
1289 672 1465 720 assignata
1490 681 1588 710 caret

96 725 139 768 8,
163 726 207 766 2,
232 725 265 759 5.
299 734 426 758 carens
450 728 524 756 arte
549 720 704 755 oratoria
727 721 769 763 8,
795 722 835 762 3,
861 719 918 754 52.
947 730 980 752 v.
1005 717 1108 752 Ars.
1134 718 1188 759 11,
1214 731 1242 752 ι.
1282 730 1350 763 qua
1376 721 1587 766 (calumnia)

62 784 67 786 ·
95 780 143 804 ne
165 770 217 804 M.
245 769 388 814 quidem
405 767 546 802 Tullius
570 766 684 801 caruit
706 767 741 808 9,
766 764 801 808 4,
827 767 883 800 57.
914 774 989 798 non
1013 765 1088 798 sola
1112 763 1374 808 compositione
1396 774 1588 807 caruerunt

96 818 139 850 ib.
161 814 197 850 4.
226 816 419 850 carendum
444 824 517 848 non
541 815 656 847 solinu
681 812 829 846 crimine
848 810 1076 855 turpitudinis
1103 820 1230 844 verum
1253 810 1359 844 etiam
1381 812 1587 857 suspicione

60 885 68 889 -
96 863 138 903 2,
161 864 197 905 2,
220 861 276 896 14.
311 862 415 904 culpa
442 865 539 894 caret
563 861 598 901 6,
623 861 657 901 3,
685 859 742 892 28.
779 856 838 902 qui
863 862 983 890 carent
1008 857 1104 889 cultu
1128 861 1234 900 atque
1259 857 1444 892 sententiis
1471 861 1525 902 10,
1549 863 1584 903 2,

97 909 152 942 17.
172 907 359 952 *loquendi
381 908 549 941 facultate
575 909 767 938 caruerunt
791 906 853 943 10,
880 906 896 936 1
911 929 922 944 ,
948 904 1004 936 10.
1042 912 1166 935 carere
1188 902 1371 936 intellectu
1395 906 1458 946 11,
1483 907 1525 948 2,
1550 907 1584 940 6.

4 976 10 985 -.
95 954 202 987 laude
226 964 290 986 sua
311 963 386 987 non
409 951 545 986 carebit
567 953 609 993 2,
634 952 698 992 20,
730 951 785 983 10.
824 948 966 991 literae,
998 947 1125 991 quibus
1150 947 1301 982 Graecia
1325 955 1423 983 caret
1447 953 1502 994 12,
1529 954 1586 994 10,

11 994 35 1034 5(
95 999 155 1034 28.
196 999 279 1032 luce
314 997 492 1042 praesenti
525 1007 567 1029 ac
599 995 770 1030 memoria
797 992 1015 1039 posteritatis
1036 999 1160 1027 carent
1185 997 1250 1035 12,
1277 997 1341 1037 11,
1365 997 1423 1030 30.
1463 996 1586 1031 nervis

98 1050 222 1078 carent
244 1040 530 1088 (declamatores)
557 1044 599 1084 5,
626 1044 689 1084 12,
716 1044 770 1075 17.
808 1045 930 1074 carent
952 1049 1117 1073 sermone
1140 1042 1181 1081 2,
1207 1040 1269 1080 16,
1296 1041 1351 1074 16.
1384 1043 1440 1082 11,
1463 1044 1498 1084 3,
1526 1043 1585 1078 66.

97 1089 300 1133 suspicione
323 1100 397 1123 non
422 1087 553 1123 carebit
577 1085 623 1130 4,
647 1090 680 1129 2,
705 1087 764 1121 96.
798 1085 858 1130 qui
881 1095 997 1119 uxore
1022 1090 1165 1118 careant
1191 1088 1222 1127 1,
1250 1086 1285 1127 6,
1309 1087 1366 1120 36.
1401 1086 1500 1122 vitiis
1523 1100 1586 1123 ca-

93 1146 176 1169 rere
198 1137 242 1178 8,
265 1137 308 1178 3,
332 1139 364 1169 1.
389 1133 446 1168 41.
479 1137 524 1176 2,
547 1132 589 1175 4,
612 1134 645 1167 9.
675 1133 719 1173 6,
744 1134 784 1173 3,
812 1134 866 1165 10.
937 1130 988 1174 11)
1013 1133 1055 1164 tle
1078 1133 1253 1165 inanimis.-
1294 1143 1387 1176 quae
1410 1144 1518 1167 sensu
1549 1141 1587 1169 et

95 1181 212 1215 anima
236 1186 360 1215 carent
383 1183 416 1222 1,
441 1182 475 1223 3,
499 1180 533 1214 8.
567 1177 612 1219 cs.
637 1180 670 1220 3,
695 1181 730 1220 7,
754 1178 787 1212 6.
819 1178 853 1219 8,
879 1176 922 1218 6,
949 1179 1003 1211 11.
1045 1177 1182 1218 oratio,
1211 1188 1304 1221 quae
1328 1183 1404 1212 astu
1430 1186 1527 1214 caret
1548 1182 1585 1225 9,

96 1228 145 1270 1,
170 1228 228 1261 20.
269 1237 440 1261 vacare
472 1225 550 1259 aliis
576 1223 740 1259 omnibus
771 1222 877 1258 etiam
903 1224 1007 1275 culpa
1036 1222 1238 1257 carentibus
1265 1224 1359 1257 curis
1389 1227 1450 1267 12,
1483 1230 1498 1260 1
1514 1253 1524 1269 ,
1550 1229 1584 1261 5.

95 1271 293 1307 orationem
315 1270 496 1306 carentem
518 1270 639 1316 figuris
662 1271 704 1311 9,
731 1271 770 1311 1,
796 1271 853 1303 30.
893 1270 992 1302 rudis
1017 1275 1052 1302 et
1077 1270 1247 1304 confusus
1273 1269 1375 1304 stilus
1400 1270 1586 1306 intellectu

94 1324 191 1356 caret
217 1321 257 1361 1,
284 1321 324 1361 1,
346 1318 404 1354 28.
444 1317 627 1364 ingenium
650 1315 782 1357 iudicio
808 1321 906 1349 caret
931 1316 971 1356 8,
997 1317 1037 1357 3,
1062 1316 1118 1350 56.
1154 1317 1249 1360 quod
1272 1317 1377 1359 loco,
1416 1317 1453 1351 in
1479 1330 1585 1362 quem

0 1394 1 1402 1
61 1370 255 1408 „crescon
281 1369 381 1399 caret
401 1364 437 1406 8,
462 1365 496 1407 5,
519 1363 577 1398 26.
619 1361 722 1396 Arati
747 1361 895 1395 materia
918 1367 1018 1395 motu
1041 1367 1138 1395 caret
1165 1363 1226 1403 10,
1254 1364 1269 1394 1
1284 1387 1294 1405 ,
1321 1362 1377 1397 55.
1415 1363 1453 1397 hi
1477 1364 1585 1413 (affe-

43 1431 49 1438 .
94 1408 182 1454 etus)
205 1415 327 1444 carent
349 1415 475 1443 natura
499 1412 555 1451 11,
579 1410 620 1452 3,
644 1409 702 1443 62.
739 1407 952 1441 oeconomia
976 1407 1122 1441 nomine
1148 1408 1276 1441 Latino
1301 1414 1398 1442 caret
1425 1411 1459 1452 3,
1485 1413 1520 1451 3,
1547 1412 1581 1445 9.

18 1480 34 1493 -,
93 1462 135 1491 ut
159 1457 331 1502 quaedam
354 1455 523 1503 singulari
547 1465 717 1496 numero,
747 1454 920 1498 quaedam
944 1453 1084 1486 casibus
1109 1460 1252 1487 careant
1279 1456 1310 1495 1,
1336 1455 1371 1498 6,
1395 1457 1452 1490 25.
1481 1457 1585 1490 labor

0 1493 2 1510 ¹
32 1514 44 1542 ,·
94 1512 220 1536 carens
240 1507 382 1536 rectore
407 1505 469 1544 10,
496 1503 538 1543 1,
565 1503 600 1534 2.
640 1499 730 1534 nihil
762 1501 890 1534 horum
923 1504 1021 1533 caret
1049 1500 1332 1543 reprehensione
1368 1504 1411 1543 1,
1445 1502 1490 1545 6,
1523 1502 1582 1537 44.

86 1549 275 1583 *schemata
298 1553 422 1582 carent
446 1547 590 1581 nomina
615 1549 654 1590 1,
676 1547 720 1588 5,
745 1545 802 1580 54.
839 1555 968 1588 corpus
993 1544 1118 1589 spiritu
1144 1552 1240 1580 caret
1265 1546 1301 1587 9,
1329 1549 1363 1588 2,
1386 1547 1420 1580 4.
1457 1558 1585 1582 caren-

62 1598 168 1627 „tem
189 1593 420 1638 supervacuis
445 1592 685 1637 eloquentiam
714 1594 769 1634 12,
795 1594 851 1634 10,
876 1590 934 1626 64.
970 1591 1224 1635 (pronuntiatio)
1252 1591 1343 1627 vitio
1368 1594 1502 1628 carebit
1527 1597 1584 1639 11,

94 1640 131 1682 3,
153 1641 211 1674 30.
240 1638 287 1682 cf.
310 1643 370 1674 71.
395 1642 429 1682 1,
453 1641 489 1682 5,
515 1640 571 1674 53.
605 1637 721 1672 oratio
744 1649 870 1672 carens
893 1638 960 1671 hac
987 1637 1119 1673 virtute
1142 1641 1177 1681 7,
1200 1639 1257 1672 Pr.
1283 1639 1316 1672 3.

29 1692 228 1753 -Οδῗὶωσ
274 1718 401 1742 amor
429 1706 577 1748 πάθος,
625 1704 800 1740 caritas
834 1697 928 1745 ἦθος
957 1705 1000 1748 6,
1033 1707 1078 1746 2,
1111 1707 1167 1738 12.
1214 1703 1244 1738 si
1273 1704 1313 1738 in
1341 1711 1415 1740 tota
1441 1706 1584 1742 actione

68 1753 288 1797 ,aequaliter
313 1758 481 1798 appareat
505 1763 577 1786 non
600 1751 754 1785 honor
781 1751 890 1784 modo
915 1751 979 1784 sed
1010 1750 1117 1785 etiam
1141 1750 1319 1784 caritas
1349 1755 1414 1795 11,
1448 1755 1490 1794 1,
1523 1756 1583 1788 72.

27 1812 35 1825 κ
90 1796 132 1832 hi
157 1797 313 1843 (patres,
340 1806 464 1832 tutores
490 1797 575 1841 etc.)
598 1797 807 1841 praeferunt
832 1807 955 1831 eorum
980 1796 1160 1840 ipsorum,
1199 1807 1220 1829 a
1244 1796 1374 1840 quibus
1395 1799 1586 1834 laeduntur

62 1885 72 1891 ,
87 1843 272 1879 caritatem
293 1846 329 1888 6,
352 1847 390 1887 2,
416 1843 472 1878 14.
501 1843 657 1878 caritatis
679 1842 774 1877 inter
795 1853 863 1876 nos
887 1849 1030 1876 mutuae
1052 1844 1181 1889 pignus
1207 1843 1264 1876 Pr.
1287 1843 1321 1878 6.

48 1895 254 1941 carmen(
294 1912 335 1952 a)
358 1924 435 1954 opp.
459 1921 628 1955 prosae
652 1912 694 1952 1,
717 1911 758 1952 8,
782 1912 816 1943 2.
847 1911 904 1952 10,
929 1912 965 1952 7,
992 1911 1046 1945 19.
1077 1910 1166 1944 alius
1190 1910 1411 1953 compositus
1436 1911 1480 1944 ad
1503 1922 1584 1944 car-

91 1966 198 1998 men,
223 1956 312 1990 alius
337 1956 435 1990 utilis
458 1955 575 1990 studio
600 1955 688 1999 juris
711 1958 747 1998 2,
771 1957 807 1997 8,
831 1959 866 1990 7.
905 1956 974 1989 nisi
995 1957 1092 1990 sorte
1117 1956 1156 1989 in
1183 1955 1478 1989 carminibus
1503 1963 1585 1990 tan-

84 2004 170 2034 -tum
194 2006 235 2034 et
264 2001 304 2034 in
338 2000 545 2035 canticis
577 2001 735 2046 exigitur
768 2006 944 2034 structura
973 2002 1098 2045 quaed.
1133 2008 1169 2036 et
1199 2001 1375 2035 inoffensa
1403 2003 1583 2045 copulatio

91 2054 227 2081 vocum
252 2049 270 2079 1
286 2072 296 2087 ,
322 2048 384 2088 10,
407 2048 466 2079 23.
499 2052 586 2079 ante
609 2057 754 2079 carmen
778 2052 895 2079 ortum
925 2052 999 2088 est,
1042 2058 1148 2090 quam
1178 2047 1383 2080 observatio
1416 2048 1582 2081 carminis

92 2092 139 2134 9,
164 2090 208 2133 4,
234 2092 311 2126 115.
350 2090 512 2124 carmina
534 2090 677 2137 Virgilii
702 2092 791 2133 (Sp.
817 2103 879 2124 om.
906 2091 1025 2137 Virg.)
1058 2091 1248 2138 Virgilium
1272 2092 1454 2135 (dicimus)
1481 2094 1523 2135 8,
1547 2094 1583 2137 6,

20 2170 27 2178 ,
91 2137 139 2171 26
162 2138 210 2171 N.
237 2150 282 2171 cr.
321 2137 448 2170 satirae
475 2147 586 2183 genus
615 2146 689 2169 non
716 2136 831 2168 solum
862 2137 1059 2169 carminum
1084 2137 1259 2170 varietate
1281 2138 1432 2170 mixtum
1459 2140 1522 2180 10,
1547 2142 1581 2182 1,

32 2199 39 2201 *
85 2184 139 2219 95
161 2183 207 2216 Ν.
250 2183 447 2217 carminum
478 2187 640 2215 auctores
671 2194 749 2224 opp.
775 2186 897 2214 orator
921 2183 967 2223 8,
992 2183 1037 2223 6,
1062 2184 1124 2223 273
1161 2182 1339 2215 nutricum
1364 2183 1583 2218 allactationi

46 2242 51 2248 ⁴
92 2239 196 2263 auum
226 2229 359 2273 quodd.
391 2239 536 2262 carmen
566 2227 724 2271 assignat
753 2228 794 2267 1,
827 2228 891 2268 10,
924 2229 980 2260 32.
1017 2227 1173 2260 carmina
1195 2227 1233 2260 in
1255 2228 1374 2262 varias
1398 2240 1582 2265 mensuras

23 2278 42 2311 ’ἶ
93 2277 291 2320 coegerunt
314 2275 348 2316 9,
372 2273 408 2316 4,
433 2275 487 2308 53.
525 2272 682 2307 carmina
705 2272 748 2305 ad
774 2273 889 2316 lyram
916 2279 1195 2316 composuerunt
1220 2276 1252 2315 1,
1280 2276 1335 2316 10,
1362 2275 1420 2310 29.
1459 2287 1581 2320 carm„

26 2376 34 2386 ,
70 2318 1580 2408 *ffikzfi.⁰;2“;32⁸.⁰fm}’3¹²³23⁰fffl1134.²233.13055312‘0231'230{⁸¹2⁰2‘T?

24 2427 42 2455 4
91 2409 251 2445 cai-ruine
266 2412 390 2445 ludere
410 2413 466 2454 10,
485 2391 520 2453 ’5,
537 2391 592 2445 15.
617 2389 806 2454 praecepta
823 2409 1071 2454 philosophiae
1085 2410 1240 2444 carmine
1255 2389 1334 2445 esse
1352 2393 1582 2456 comple’xuni

85 2457 138 2499 -3,
161 2458 202 2499 1,
223 2454 258 2490 4.
301 2462 406 2491 extra
427 2467 569 2490 carmen
595 2459 636 2498 1,
661 2455 704 2499 5,
733 2456 788 2490 18.
824 2454 913 2488 vitia
935 2455 974 2488 in
997 2455 1152 2490 carmine
1177 2456 1254 2490 aliis
1284 2458 1581 2501 appellationibus

52 2501 320 2540 vv-jiominantur
346 2505 380 2544 1,
406 2503 440 2544 8,
465 2501 521 2536 14.
557 2512 682 2546 aspera
704 2506 741 2535 et
762 2501 935 2534 maledica
957 2501 994 2533 in
1020 2501 1200 2536 carminib.
1228 2502 1352 2537 iambis
1376 2511 1582 2550 grassantur

72 2547 132 2589 eo,
152 2546 188 2590 4,
214 2546 292 2582 141.
330 2548 475 2590 fabula,
511 2557 603 2591 quae
627 2553 792 2582 versatur
814 2546 850 2579 in
875 2547 1138 2592 tragoediis
1161 2554 1267 2593 atque
1292 2550 1580 2585 carminibus

51 2594 141 2635 ²2,
161 2592 209 2636 4,
232 2597 265 2628 2.
298 2593 337 2627 in
359 2592 531 2627 fabulosis
555 2598 592 2627 et
609 2592 768 2627 carmine
795 2592 931 2625 traditis
964 2595 1006 2626 ib.
1033 2594 1089 2628 18.
1129 2595 1225 2638 quod
1250 2594 1286 2627 in
1315 2595 1501 2629 carminib.
1527 2603 1581 2630 est

66 2656 92 2685 ².
195 2640 267 2674 olle
288 2639 385 2682 9,·4,
406 2639 466 2674 65.
495 2637 538 2679 cf.
566 2641 622 2680 11,
649 2641 682 2680 1,
705 2638 762 2672 24.
790 2643 830 2670 ut
854 2637 1007 2672 Ovidius
1030 2650 1079 2673 ex
1101 2640 1333 2674 tetrastichon
1358 2641 1513 2675 carmine
1538 2643 1580 2676 li-

67 2686 69 2688 ’
215 2684 256 2718 in
278 2686 393 2719 malos
415 2688 541 2729 poctas
563 2683 802 2728 composuerit
825 2684 860 2726 6,
884 2685 924 2726 3,
947 2685 1004 2719 96.
1062 2683 1106 2728 β)
1140 2699 1168 2719 c.
1192 2688 1369 2719 Ant-ibatis
1383 2701 1393 2719 .-
1429 2687 1580 2731 Lyrico-

71 2730 419 2773 1nmscarmina⁷9,
445 2729 492 2773 4,
517 2731 574 2768 53.
613 2748 660 2755 —-
686 2729 864 2763 Saliorum
890 2732 932 2771 1,
959 2730 1004 2772 6,
1028 2729 1085 2764 40.
1122 2748 1167 2756 -
1194 2741 1378 2778 magorum
1399 2735 1443 2775 7,
1465 2735 1511 2775 -3,
1536 2737 1577 2775 7;

71 2775 323 2813 »tetrastichon
345 2774 396 2821 (α.
409 2779 442 2809 J.
467 2773 605 2820 -clio‘D
618 2775 783 2814 *carmine
799 2775 835 2819 6,
859 2777 895 2819 3,
915 2775 1028 2811 96ιΝ.
1050 2789 1096 2811 cr.
1126 2776 1355 2812 conditorum
1372 2776 1581 2813 Chalcidico

139 2843 223 2876 Lex.
248 2843 362 2885 Quint.
1181 2845 1206 2879 8
