1728 3002
857 211 925 254 An
1605 208 1656 248 61

172 331 208 371 1,
233 329 278 362 13
299 328 348 362 N.
374 340 422 362 cr.
456 327 542 362 loco
564 327 729 372 publico,
756 324 981 370 privatorie,
1008 321 1145 357 celebri
1165 331 1221 356 an
1247 317 1388 356 secreto
1410 319 1526 364 dicas,
1548 319 1663 355 inter-

173 378 228 408 est
249 373 442 417 plurimum
462 376 520 416 11,
538 375 570 416 1,
589 373 648 407 47.
686 378 847 407 rectene
870 373 1004 405 factum
1030 369 1128 414 quid,
1152 379 1207 402 an
1221 367 1284 413 ,(α.
1304 372 1327 402 1.
1353 367 1439 411 aut)
1463 371 1589 402 contra
1603 367 1662 410 sit,

173 420 355 466 quaeritur
381 420 417 463 6,
443 418 478 463 4,
500 419 526 453 4
549 420 595 453 N.
622 431 668 454 cr.
714 418 758 460 ej:
785 420 819 460 5,
843 420 899 460 10,
923 418 972 452 69
994 417 1042 450 N.
1068 429 1114 450 cr.
1154 425 1344 449 eorumne
1374 413 1420 447 sit
1451 412 1662 456 differentia,

173 466 210 499 in
234 465 362 510 quibus
385 476 470 500 aura
490 465 552 500 iun
574 465 787 509 concipitur,
813 475 867 497 an
889 474 1030 505 eorum,
1057 473 1123 506 per
1147 472 1240 505 quae
1263 462 1367 497 velut
1387 470 1524 507 organa
1546 465 1663 501 meat,

173 511 252 556 (an
278 514 344 555 Sp.
370 513 730 555 recteexpungendurn
758 509 903 553 censuit)
932 509 1003 554 ipsi
1026 507 1171 553 propria
1193 513 1339 550 natura,
1376 517 1431 540 an
1456 511 1563 558 prout
1586 515 1664 538 mo·

173 563 299 599 vetum
334 558 456 592 lateris
481 558 683 602 pectorisve
710 556 874 598 firmitas,
912 567 968 589 an
999 554 1125 599 capitis
1156 553 1295 588 etiam
1326 554 1406 597 plus
1437 553 1582 595 adjuvet
1606 554 1666 593 11,

174 605 209 646 3,
234 604 278 638 16
297 605 344 637 N.
385 603 430 645 cs.
456 604 489 647 5,
509 607 563 647 12,
581 602 635 637 14.
677 604 711 646 6,
729 604 763 645 5,
780 603 812 637 5.
870 601 915 647 β)
942 604 1110 643 directae,
1139 603 1250 644 priore
1277 601 1543 641 interrogationis
1568 605 1666 639 parte

174 653 340 692 supplem,
367 662 440 682 eum
463 653 500 682 m·
521 652 717 683 dubitativa.
767 649 805 692 a)
826 662 853 682 c.
879 649 1044 681 Indicm.:
1070 647 1307 690 Enthymema
1330 656 1379 679 ex
1399 643 1638 691 pugnantibus
1653 657 1663 676 τ

174 694 239 727 An
264 695 395 728 bonum
419 701 472 728 est
494 695 658 740 pecunia,
683 707 752 739 qua
770 694 848 738 quis
870 696 963 728 male
985 692 1038 726 uti
1056 693 1191 737 potest?
1217 692 1322 735 5,14‚
1338 693 1394 725 23.
1431 689 1666 736 Sacrilegium

174 746 230 774 est
250 752 328 774 rem
351 752 489 774 sacram
509 742 554 776 de
578 742 710 785 templo
735 741 931 784 surripere:
956 751 1010 773 an
1034 738 1121 784 (Sp.
1140 737 1242 781 num)
1262 744 1299 772 et
1320 738 1496 782 privatam
1509 739 1546 780 7,
1559 739 1593 778 3,
1608 737 1667 787 10.

174 785 244 820 An
267 787 455 830 cujuslibet
479 788 573 821 auris
600 794 672 829 est,
702 787 850 832 exigere
877 785 1060 819 literarum
1085 783 1220 819 sonos?
1268 794 1356 818 non
1379 783 1528 817 hercule
1551 792 1666 828 magls

175 843 281 876 quam
315 843 510 867 nervorum
542 837 581 876 1,
605 832 647 875 4,
672 836 707 867 7.
753 833 822 866 An
850 830 1053 875 hujusmodi
1084 841 1144 864 res
1170 841 1239 863 uec
1269 829 1308 864 in
1337 831 1498 871 laudem,
1531 839 1602 862 nec
1629 828 1668 861 in

175 878 491 922 deliberationem,
518 890 588 913 nec
610 879 649 912 in
672 878 843 919 iudicium
866 876 1044 911 veniunt?
1066 880 1109 917 2,
1135 879 1200 918 21,
1226 877 1282 910 18.
1329 874 1399 909 An
1429 875 1491 909 ille
1517 873 1667 916 dolebit,

175 924 236 967 qui
263 925 382 958 audiet
412 936 489 967 me,
519 924 580 968 qui
608 925 646 957 in
675 926 746 958 hoc
776 925 912 965 dicam,
946 933 1020 956 non
1048 921 1256 955 dolentem?
1283 921 1318 963 6,
1343 924 1380 964 2,
1403 923 1460 955 27.
1502 918 1547 962 qs.
1575 920 1612 962 9,
1629 919 1666 962 4,

175 971 256 1002 133.
301 969 390 1011 An,
420 971 451 1004 si
477 970 767 1014 frequentissime
795 971 839 1002 de
866 969 998 1013 justitia
1022 975 1082 1001 etc.
1111 967 1157 1000 sit
1180 967 1428 1000 disserendum
1451 986 1500 993 —-
1525 966 1669 999 dubita-

174 1014 271 1048 bitur
293 1031 338 1039 --
365 1015 417 1048 ibi
446 1022 564 1060 partes
589 1015 739 1049 oratoris
769 1026 849 1049 esse
875 1013 1113 1058 praecipuas?
1140 1013 1197 1046 Pr.
1225 1016 1279 1046 12.
1326 1013 1395 1046 Au
1428 1013 1668 1057 quisquam

176 1063 249 1093 tam
269 1062 397 1104 procul
419 1072 441 1094 a
466 1061 710 1105 concipiendis
732 1072 853 1094 rerum
875 1060 1088 1107 imaginibus
1111 1059 1228 1099 abest,
1255 1063 1295 1091 ut
1320 1066 1381 1092 etc.
1407 1060 1442 1100 8,
1468 1061 1501 1100 3,
1527 1057 1584 1092 6-1».
1621 1069 1670 1091 an

154 1105 230 1139 illi
250 1107 358 1140 mdes
380 1127 427 1132 —
452 1108 549 1141 ducti
570 1113 652 1140 sunt
675 1107 714 1140 in
737 1107 810 1140 hoc
829 1127 888 1149 —,
916 1117 984 1140 nos
1007 1115 1098 1138 non
1123 1105 1374 1139 concitemur?
1402 1107 1458 1151 10,
1478 1107 1514 1147 2,
1532 1104 1565 1139 5.
1598 1103 1669 1138 An

177 1152 304 1186 eodem
340 1153 449 1186 modo
482 1150 675 1198 cogilavit,
717 1157 798 1186 aut
830 1153 980 1186 eandem
1014 1161 1209 1196 personam
1242 1151 1358 1184 induit
1391 1150 1546 1194 Cicero,
1586 1161 1670 1183 cum

174 1196 346 1231 scriberet
373 1197 439 1232 Cn.
462 1199 653 1242 Pompejo,
681 1218 729 1224 —
755 1199 955 1241 ceterisve3
991 1209 1039 1231 ac
1067 1208 1152 1231 non
1182 1197 1463 1242 uniuscujusque
1485 1198 1670 1231 fortunam

177 1249 237 1276 eie.
273 1242 439 1286 intuitus,
474 1244 632 1278 omnium
658 1264 706 1270 —
735 1243 927 1291 imaginem
959 1243 1164 1288 expressit?
1194 1246 1235 1286 3,
1261 1245 1302 1286 8,
1327 1245 1384 1278 50.
1442 1242 1512 1276 An
1545 1243 1671 1275 laudes

175 1287 368 1331 Capitolini
391 1289 494 1324 Jovis
519 1309 564 1314 —
590 1291 670 1325 vel
697 1290 825 1324 dubiae
849 1296 949 1331 sunt,
977 1291 1054 1324 vel
1077 1301 1151 1323 nou
1175 1289 1334 1323 oratorio
1359 1300 1493 1336 genere
1512 1294 1671 1322 tractan-

174 1334 260 1368 tm?
291 1337 325 1377 3,
352 1339 387 1377 7,
411 1334 445 1369 4.
501 1335 542 1380 b)
574 1349 602 1369 c.
636 1337 728 1380 Conj.
745 1351 755 1369 .-
790 1336 851 1370 An
878 1336 1066 1380 Philippus
1094 1337 1338 1369 Macedonum
1365 1347 1434 1369 rex
1458 1335 1671 1369 Alexandro

173 1379 288 1423 prima
315 1380 498 1414 literarum
530 1383 705 1415 elementa
735 1382 827 1416 tradi
854 1383 899 1416 ab
926 1382 1123 1416 Aristotele
1146 1382 1322 1416 voluisset
1350 1399 1397 1404 —
1424 1380 1455 1415 si
1486 1392 1562 1415 non
1594 1386 1673 1414 stu-

176 1425 316 1459 diorum
338 1427 439 1460 initia
462 1433 499 1461 et
522 1439 543 1461 a
564 1427 827 1471 perfectissimo
852 1439 996 1472 quoque
1021 1429 1154 1472 optime
1177 1427 1322 1461 tractari
1346 1427 1558 1461 credidisset
1583 1430 1616 1470 1,
1636 1429 1671 1469 1,

177 1474 265 1515 1233
297 1472 366 1506 An
391 1474 656 1508 Demosthenes
683 1475 776 1507 male
800 1474 852 1508 sic
877 1475 1026 1521 egisset,
1054 1480 1093 1507 ut
1118 1474 1278 1518 scripsit,
1308 1479 1381 1507 aut
1407 1473 1564 1507 Cicero?
1600 1478 1672 1506 aut

176 1527 242 1552 eos
266 1519 587 1562 praestantissimos
612 1520 803 1563 scriptores
827 1521 897 1554 alio
926 1532 1032 1564 quam
1055 1520 1197 1563 scriptis
1214 1516 1500 1566 cognoscimus?
1529 1521 1587 1561 12,
1613 1521 1670 1561 10,

177 1561 234 1597 54.
279 1563 341 1598 An
372 1570 439 1612 ego
470 1566 623 1600 fundum
652 1566 839 1600 cultiorem
869 1573 1009 1610 putem,
1044 1566 1083 1599 in
1110 1577 1181 1611 quo
1208 1566 1296 1600 mihi
1319 1565 1448 1609 aliquis
1475 1564 1672 1599 ostenderit

175 1608 253 1643 lilia
280 1616 318 1643 et
342 1610 459 1644 violas
482 1619 543 1645 ew.
557 1638 567 1654 ,
597 1623 700 1656 quam
726 1612 788 1645 ubi
810 1614 916 1656 plena
939 1612 1067 1646 messis
1090 1620 1150 1646 etc.
1180 1618 1287 1646 erunt
1308 1613 1343 1653 8,
1361 1614 1396 1654 3,
1412 1613 1447 1646 8.
1484 1622 1560 1645 nou
1582 1621 1673 1658 ergo

177 1654 347 1700 credibile
378 1662 433 1690 est
471 1658 515 1691 de
548 1658 725 1693 advocato
754 1659 911 1692 damnati
939 1658 1129 1702 scriptum:
1166 1669 1222 1692 an
1249 1658 1389 1702 possint
1420 1657 1543 1691 enim
1573 1657 1672 1691 bona

178 1711 258 1736 esse
282 1702 356 1735 una
381 1702 526 1736 exulis?
549 1707 584 1746 7,
613 1707 645 1745 1,
672 1706 727 1738 57.
784 1706 822 1746 c)
849 1708 915 1738 An
947 1717 1070 1738 vero:
1104 1710 1143 1737 ut
1167 1703 1347 1738 aestimari
1368 1703 1500 1748 possit,
1527 1704 1611 1747 plus
1631 1703 1672 1736 in

178 1757 245 1794 eo„
279 1749 375 1791 quod
397 1748 566 1791 petimus,
602 1750 649 1783 sit
673 1750 872 1791 commodi3
907 1761 960 1783 an
986 1761 1104 1786 vero
1132 1750 1171 1784 in
1195 1761 1260 1793 eo,
1287 1761 1355 1794 per
1382 1750 1480 1794 quod
1503 1749 1671 1794 petimus,

176 1791 418 1844 incommodi?
450 1796 484 1836 3,
506 1796 540 1837 8,
565 1794 622 1830 34.
669 1795 741 1828 An
764 1795 795 1829 si
823 1796 901 1840 quis
927 1796 1074 1842 ingenio
1101 1802 1290 1840 corruptus
1311 1795 1497 1838 inciderit,
1534 1795 1575 1841 in
1598 1796 1674 1830 hoo

178 1848 263 1871 eum
285 1850 339 1872 xre
362 1839 561 1882 patiemur?
586 1861 635 1866 —
677 1841 747 1874 An
774 1853 887 1877 vero
921 1844 1097 1876 Isocrates
1124 1861 1170 1868 —
1193 1842 1472 1878 concitationem
1495 1842 1674 1886 adjuvau-

178 1883 262 1934 «iam
287 1884 450 1919 docendo
477 1886 722 1922 existimavit?
756 1890 791 1929 2,
817 1889 853 1931 8,
878 1889 912 1923 9.
942 1892 996 1922 11.
1034 1889 1132 1932 quod
1163 1888 1279 1932 ipsum
1303 1899 1565 1931 nonnunquam
1587 1897 1674 1931 per-

178 1933 295 1978 tinere
315 1930 362 1962 ad
375 1936 555 1965 oratorem
572 1937 701 1975 potest.
730 1932 800 1966 An
822 1945 949 1975 vero,
978 1945 1060 1968 cum
1078 1934 1236 1968 Pericles
1251 1934 1494 1969 Athenienses
1510 1951 1556 1957 —-
1572 1939 1674 1968 metu

179 1973 364 2024 liberavit:
394 1981 474 2008 aut
497 1987 579 2010 cum
600 1977 778 2026 Sulpicius
796 1999 843 2004 —
870 1981 915 2013 de
937 1981 1061 2014 Lunae
1084 1981 1287 2014 defectione
1311 1979 1495 2022 disseruit,
1514 1996 1560 2005 —
1583 1989 1673 2013 non

182 2018 326 2052 videtur
356 2030 435 2053 esse
460 2032 546 2055 usus
577 2023 731 2056 oratoris
764 2024 912 2058 officio?
950 2029 988 2068 1,
1016 2028 1078 2067 10,
1100 2025 1159 2059 47.
1206 2027 1276 2059 Au
1306 2027 1364 2066 (a.
1389 2029 1412 2058 1·
1438 2025 1519 2066 At)
1549 2034 1673 2060 vero

183 2062 395 2097 declamabit
427 2065 568 2108 quidem
591 2073 823 2111 praeceptor,
857 2075 899 2102 ut
929 2070 975 2104 sit
1005 2073 1175 2114 exemplo
1205 2071 1279 2105 suis
1303 2071 1546 2105 auditoribus:
1577 2081 1673 2107 non

181 2108 263 2152 plus
285 2110 501 2144 contulerint
524 2112 607 2145 lecti
631 2111 760 2146 Cicero
785 2118 843 2146 aut
865 2115 1154 2149 Demosthenes?
1181 2117 1266 2158 2,5‚
1286 2117 1330 2150 16
1345 2117 1391 2150 N.
1414 2128 1459 2149 cr.
1491 2115 1538 2156 qs.
1562 2117 1672 2160 5,12,

181 2155 241 2187 21.
263 2153 330 2188 An
350 2165 460 2194 vero
483 2156 576 2190 inter
594 2156 667 2191 otia
684 2157 883 2192 animorum
903 2179 945 2185 —
964 2170 1032 2194 nos
1052 2161 1122 2194 hae
1140 2160 1210 2193 ima
1234 2159 1313 2194 ines
1329 2166 1674 2207 prosequuntur—2

181 2200 253 2234 hoc
277 2200 387 2234 animi
406 2201 535 2236 vitium
556 2203 600 2236 ad
627 2202 813 2237 utilitatem
835 2214 928 2237 non
949 2207 1223 2240 transferemus.
1251 2207 1287 2249 6,
1303 2210 1338 2249 2,
1357 2204 1414 2241 30.
1462 2209 1529 2242 Διι
1550 2218 1672 2243 vero

117 2284 119 2286 ¹
180 2245 390 2290 trequenter
421 2247 527 2282 etiam
556 2247 706 2282 fortuita
729 2249 801 2282 hoc
824 2249 993 2296 cogitatio
1016 2257 1192 2295 praestat,
1226 2258 1264 2286 ut
1294 2251 1424 2287 obvios
1446 2250 1523 2288 nou
1543 2253 1674 2289 videa-

181 2302 261 2325 mus
291 2304 359 2326 —:
406 2304 498 2328 non
532 2305 794 2339 consequemur
822 2294 936 2338 idem,
974 2296 1007 2330 si
1039 2302 1076 2331 et
1107 2298 1356 2334 voluerimus?
1395 2301 1460 2342 10,
1483 2302 1524 2342 3,
1549 2301 1598 2336 29
1619 2300 1671 2334 Ν.

184 2334 229 2376 tf.
251 2339 328 2388 ..¹²2
352 2341 393 2381 1,
416 2341 473 2373 22.
527 2338 596 2378 An
627 2351 741 2375 vero
769 2341 947 2376 Scaevola
976 2342 1016 2375 in
1046 2344 1128 2377 lusu
1160 2344 1350 2379 duodecim
1379 2345 1594 2388 scriptorum
1622 2363 1672 2372 -

183 2382 290 2432 redut
311 2385 356 2416 ad
377 2395 480 2428 eum,
511 2386 655 2430 quicmu
677 2387 810 2420 luserat
835 2404 879 2411 -
892 2399 903 2420 :
941 2388 1090 2422 minus
1124 2387 1219 2423 idem
1245 2391 1335 2424 ordo
1358 2391 1495 2425 valebit
1520 2392 1561 2426 in
1588 2402 1671 2426 ora-

184 2427 310 2461 tione?
346 2431 411 2482 13,
433 2433 478 2473 2,
501 2433 559 2466 38.
606 2433 672 2466 An
701 2443 809 2466 vero
844 2431 1042 2468 citharoedi
1073 2446 1159 2469 non
1187 2435 1297 2470 simul·
1316 2441 1353 2470 et
1376 2437 1593 2481 memoriae,
1633 2443 1672 2473 et

183 2482 276 2507 sono
297 2485 418 2518 voca,
445 2482 483 2511 et
503 2478 665 2521 pluribus
689 2478 843 2512 flexibus
871 2479 1060 2514 serviunt?
1085 2484 1117 2524 1,
1138 2484 1193 2523 12,
1212 2483 1246 2522 3.
1282 2481 1328 2523 cs.
1355 2484 1389 2525 5,
1416 2485 1471 2524 11,
1495 2485 1555 2518 38.
1601 2483 1670 2518 An

183 2529 237 2554 ve
246 2529 294 2553 ro
317 2520 386 2564 ipsi
407 2533 498 2556 non
520 2523 568 2566 (a.
589 2528 614 2558 1.
638 2523 722 2567 nos)
746 2524 801 2558 bis
825 2535 867 2558 ac
891 2526 1032 2569 saepius
1055 2527 1100 2561 de
1124 2529 1247 2562 eadem
1271 2539 1312 2562 re
1336 2527 1485 2562 dicimus
1508 2531 1564 2572 10,
1580 2529 1615 2572 5,
1631 2533 1668 2567 7.

182 2562 224 2607 d)
248 2568 316 2599 An
340 2579 440 2602 non.-
483 2567 552 2605 Aa
582 2579 677 2604 non
708 2570 856 2605 Marcus
880 2571 1031 2627 Tulliusb
1049 2583 1176 2608 omnes
1199 2574 1411 2608 brevissime
1433 2579 1559 2609 movet
1583 2575 1670 2610 uffe-

181 2610 289 2644 ctus?
314 2610 350 2655 4,
368 2615 404 2657 2,
422 2615 499 2649 113.
545 2615 615 2649 An
641 2626 731 2650 non
752 2616 904 2660 plurima
930 2621 1012 2652 καθ
1052 2614 1262 2663 ὖκερβολὴν
1284 2620 1477 2653 dicuntur?
1499 2621 1536 2662 6,
1552 2621 1588 2663 3,
1606 2622 1667 2656 66.

181 2655 249 2691 An
280 2667 367 2693 nou
403 2670 482 2695 eam
511 2676 558 2686 —
589 2662 729 2696 hastam
762 2662 1024 2706 speciosissime
1056 2671 1257 2707 contortam
1286 2665 1475 2701 videmus!
1513 2665 1608 2710 9„41,
1630 2668 1669 2702 8.

181 2702 227 2743 ff
255 2705 452 2747 11‚3,175.
497 2705 583 2750 An,
612 2719 693 2741 cum
715 2706 777 2741 ille
801 2707 905 2742 fletus
928 2709 1096 2754 erumpit,
1123 2722 1211 2746 non
1233 2712 1347 2756 palam
1372 2712 1467 2746 dicta
1489 2714 1668 2750 sententia

181 2747 265 2782 est?
299 2750 334 2793 6,
357 2753 393 2795 2,
415 2754 450 2786 7.
495 2751 567 2787 An
592 2753 648 2797 ei,
687 2753 749 2798 qui
771 2754 816 2787 ad
839 2755 1083 2791 defendendas
1107 2768 1231 2792 causas
1253 2759 1469 2804 advocatur,
1494 2769 1587 2795 uon
1611 2765 1669 2794 est

182 2804 272 2839 opus
294 2795 364 2832 fide
388 2796 465 2833 —?
499 2799 563 2835 sed
592 2800 813 2843 proditorem
841 2807 903 2837 etc.
940 2802 1152 2838 donabimus
1183 2803 1338 2839 oratoris
1367 2804 1432 2840 illo
1461 2803 1565 2840 sacro
1595 2816 1664 2841 no-
