1728 3002
198 150 249 187 10
624 141 884 184 Acclamatio
914 168 970 175 -—
999 141 1283 184 Accommodo

237 258 382 294 remotis
408 258 587 300 omnibus,
620 259 665 294 de
689 257 817 302 qulbus
839 267 944 301 supra
966 255 1061 300 dixi,
1090 255 1210 298 vitiis,
1242 254 1311 295 erit
1329 254 1417 303 illa,
1450 269 1541 303 qnae
1565 257 1728 304 vocam&

236 301 459 348 ὄρθσέπεια,
498 305 534 338 id
562 310 634 348 est,
671 305 854 339 emendata
886 314 966 337 cum
998 313 1130 338 vocum
1164 302 1341 346 suavitate
1372 303 1595 355 thnatio:
1632 315 1728 354 nam,

235 351 301 384 sic
329 350 441 394 accipi
467 357 583 394 potest
609 356 739 385 recta
763 352 796 393 1,
820 349 855 392 5,
876 350 933 384 33.
969 348 1013 390 cf.
1040 352 1076 394 2,
1099 351 1133 392 3,
1162 351 1220 383 10.
1249 351 1285 391 2,—
1305 351 1364 392 21,
1387 349 1485 393 1.<'4,
1502 352 1539 395 5,
1569 354 1626 386 17.
1662 351 1728 399 di-'

237 395 303 430 ctis
331 396 432 430 aliter
455 397 668 440 accipiendis
695 397 729 437 6,
756 398 791 439 3,
815 394 870 430 24-
899 393 1001 428 aliter
1027 395 1141 438 accipi
1168 394 1352 439 opposita,
1389 391 1497 433 alifien
1514 397 1625 431 noxia
1649 405 1715 445 εἰς,

237 444 271 485 5,
298 445 353 484 11,
377 444 434 476 31.
459 442 503 484 os.
527 446 560 483 1,
588 442 624 486 4,
649 443 695 477 28
721 444 767 476 Ν.
793 453 826 478 v.
851 439 1011 475 Aliter.
1067 443 1121 476 Ne
1147 442 1219 475 hoc
1249 440 1393 485 quidem
1417 438 1624 496 simpliciter
1652 441 1728 493 ac--w'²¹

236 487 438 531 cipiendum
465 487 500 532 4,
523 492 559 532 2,
584 491 630 522 20
657 489 705 523 Ν.
737 487 781 529 cf,
805 488 840 530 8,
866 489 900 527 2,
926 490 959 520 1.
991 487 1030 521 in
1054 486 1211 531 judiciali
1231 487 1379 522 materia
1401 489 1592 533 dupliciter
1609 489 1714 523 ‘acci-

234 534 364 578 pienda
398 539 453 568 est
488 535 700 579 (quaestio)‘:
737 536 847 567 altero
881 534 991 567 modo
1021 549 1066 558 —
1094 535 1205 568 altero
1235 535 1273 577 3,
1303 536 1361 578 11,
1391 537 1427 568 2.
1459 533 1505 576 cs.
1533 534 1653 579 5:13,
1679 537 1714 570 1.

234 580 347 613 verba
379 580 591 626 generaliter
618 579 730 623 accipi
762 581 848 614 volo
884 581 918 621 1,
951 579 986 622 5,
1020 581 1053 614 1.
1090 579 1134 620 cs.
1173 582 1229 622 12,
1257 582 1315 623 10,
1342 581 1402 616 67.
1433 578 1648 627 generatim·
1675 581 1713 617 et

233 625 434 669 specialiter
457 626 626 670 accipitur
648 624 805 670 (tempus)
830 625 865 669 5,
890 627 948 668 10,
969 623 1030 659 42.
1075 626 1112 668 b)
1135 625 1391 660 barbarismum
1412 626 1574 675 pluribus
1594 627 1728 664 modin,

232 671 424 714 accipimus
451 675 484 715 1,
509 672 541 714 5,
566 675 601 707 7.
634 671 678 712 cfi
703 673 737 715 8,
761 673 794 712 3,
815 671 874 706 63.
913 682 983 715 qua
1005 682 1099 706 voce
1125 671 1239 706 omnis
1260 672 1468 708 intellectus
1492 672 1610 718 accipi
1630 678 1719 719 pot<

233 722 289 750 est
312 719 347 759 8,
374 718 408 760 5,
441 721 493 752 12.
524 723 708 762 postquam
735 717 840 751 Urbis
870 717 1106 761 appellatione
1133 717 1179 762 (S
1189 731 1223 762 p.
1251 717 1376 762 -nem)
1404 735 1450 744 -
1471 720 1626 755 Romam·
1648 729 1711 755 ao-

232 763 304 806 cipi
327 763 374 796 sit
401 769 582 807 receptum
604 765 638 805 6,
664 766 698 806 3,
723 765 789 797 103
811 767 855 797 Ζ.
887 764 960 797 hoo
984 763 1099 807 accipi
1123 765 1251 799 volunt
1275 764 1395 800 virum
1424 765 1560 799 bonum
1580 767 1628 809 --2,
1651 763 1713 814 2¹,

233 812 288 842 12⁴
311 810 405 852 quod
429 810 473 843 de
496 814 607 843 matre
631 809 719 850 d'uni,
743 810 787 843 de
807 814 958 852 utroque
983 815 1130 853 parente
1153 810 1399 858 accipiendum
1423 816 1479 846 est
1507 813 1565 855 11,
1589 814 1624 855 1,
1641 811 1713 846 65.

230 865 344 900 genus
371 854 480 896 illud,
520 856 618 899 quod
641 873 685 881 -—
714 866 779 898 per
810 855 1015 902 allegoriam
1041 855 1212 900 accipitur
1239 856 1274 900 5,
1301 859 1358 900 11,
1380 859 1439 891 21.
1509 868 1530 899 c
1573 869 1604 892 o.
1627 859 1728 901 binis„

231 904 389 934 Accuss.:
413 912 602 948 vesperug,
628 902 722 945 quod
746 901 1020 947 vesperuginem
1044 901 1236 945 accipimus
1261 905 1295 946 1,
1318 906 1356 946 7,
1375 905 1432 937 12.
1460 907 1503 939 σὺ
1547 899 1716 948 ιηνιιψδνι

229 957 336 989 quem
370 947 558 990 accipimus
585 946 870 982 ratiocinativum
892 950 925 988 3,
949 948 985 990 6,
1013 946 1072 982 46.
1101 959 1271 983 numeros
1301 945 1465 994 ῥυθμοιῗσ
1485 946 1601 992 meipi
1621 948 1728 994 volo·

228 993 265 1034 9,
293 990 328 1035 4,
354 990 413 1027 45.
444 994 554 1026 hanc
581 992 873 1035 (commotionem)
901 993 1017 1036 accipi
1041 994 1176 1029 volunt
1195 995 1452 1039 temporarium
1477 993 1588 1029 animi
1612 992 1721 1041 luo-3«

227 1043 316 1070 tum
346 1038 379 1077 5,
405 1040 461 1079 10,
488 1039 545 1072 28.
577 1037 615 1071 id
639 1039 865 1081 enthymema
891 1039 1006 1082 accipi
1035 1041 1123 1075 volo
1156 1043 1200 1074 ib.
1225 1043 1262 1078 2.
1295 1039 1341 1082 cf.
1370 1042 1405 1084 9,
1437 1043 1471 1082 1,
1494 1041 1552 1075 13.
1581 1040 1723 1075 urbem.

227 1084 376 1116 Romam
407 1082 598 1126 accipimus
623 1091 684 1117 etc.
711 1085 745 1126 8,
773 1087 806 1124 2,
833 1085 867 1122 8.
898 1084 1017 1127 jocum
1045 1085 1259 1129 accipimus,
1289 1086 1384 1130 quod
1409 1092 1466 1122 est
1491 1085 1728 1124 contrarium,

226 1129 321 1162 serio
343 1130 377 1168 6,
402 1131 436 1172 3,
460 1132 517 1163 21.
550 1129 659 1172 quid
685 1128 847 1173 accipere
878 1131 1067 1164 debeamus
1092 1131 1300 1176 figuram
1330 1133 1367 1175 9,
1391 1134 1424 1174 1,
1450 1135 1504 1166 10.
1545 1131 1590 1174 qi:
1612 1133 1650 1176 9,
1662 1133 1728 1175 ‘31⁵‘-

225 1177 284 1208 37.
341 1173 376 1217 d)
403 1184 432 1209 o.
457 1178 619 1219 Praepos.
649 1187 754 1218 pro.-
790 1176 950 1218 Gurdos,
981 1186 1070 1219 quos
1096 1186 1181 1220 pro
1208 1176 1346 1221 stolidis
1369 1176 1498 1221 accipit
1518 1179 1649 1224 vulgus
1673 1179 1721 1222 1,.

224 1221 260 1263 5,
289 1218 344 1255 57.
383 1220 539 1263 vicinia,
576 1232 644 1265 qua
672 1220 843 1263 accipitur
874 1221 1067 1255 maledicus
1101 1232 1168 1266 pro
1203 1222 1319 1256 libero
1350 1225 1386 1265 2,
1420 1225 1479 1267 12;
1501 1222 1536 1257 4.
1571 1229 1611 1257 nt
1641 1215 1728 1271 pru‘ff

222 1277 313 1300 vero
347 1266 559 1310 accipiamus
591 1269 626 1307 2,
658 1269 715 1309 17,
749 1267 783 1301 6.
819 1266 866 1308 of.
895 1268 930 1308 9,
956 1269 992 1309 2,
1024 1269 1081 1301 33.
1115 1268 1247 1301 salsiun
1279 1267 1319 1301 in
1346 1268 1607 1304 consuetudine
1627 1277 1709 1313 -pro

221 1311 374 1346 ridiculo
406 1317 542 1346 tantum
575 1311 766 1355 accipimus
796 1312 840 1355 6,
868 1314 911 1355 3,
944 1314 999 1347 18.
1043 1324 1089 1346 an
1122 1313 1306 1348 restitutor
1334 1314 1448 1359 accipi
1479 1316 1607 1350 debeat
1641 1320 1709 1362 1)ξο

221 1358 397 1391 advocato
422 1375 466 1381 --
490 1368 558 1391 nec
582 1358 782 1401 improbum
811 1357 879 1401 sit,
909 1369 976 1402 pro
995 1358 1114 1403 simili
1139 1359 1270 1404 accipi,
1302 1361 1399 1404 quod
1429 1362 1515 1406 plus
1534 1360 1587 1410 sit
1608 1362 1725 1409 7,·1,1

221 1404 278 1437 61.
309 1403 346 1436 in
370 1403 440 1437 fine
472 1413 538 1447 pro
568 1405 676 1450 longa
708 1397 821 1447 accipi
845 1405 992 1439 brevem
1018 1406 1054 1448 9,
1077 1403 1114 1447 4,
1137 1407 1194 1440 93.
1223 1417 1269 1440 an
1293 1405 1426 1450 aliquas
1443 1406 1614 1452 (vocales)
1639 1416 1728 1454 pro

221 1449 498 1482 consonantibus
529 1460 614 1482 usus
644 1450 821 1493 acceperit
854 1453 895 1494 1,
918 1449 952 1492 4,
977 1453 1032 1485 10.
1067 1451 1193 1486 civitas
1218 1451 1492 1495 Atheniensium
1520 1463 1597 1502 non
1626 1454 1725 1499 θεῷ’

220 1495 508 1536 (misericordiam)
532 1506 597 1538 pro
621 1495 768 1539 affectu,
797 1497 860 1530 sed
883 1507 948 1539 pro
973 1496 1117 1531 numine
1141 1497 1279 1542 accepit
1303 1499 1338 1540 5,
1369 1501 1425 1540 11,
1447 1496 1521 1534 38.1
1536 1500 1646 1543 'dnm’
1674 1497 1707 1534 si

221 1551 291 1584 qua
312 1547 395 1573 sunt
420 1540 512 1574 dicta
535 1541 740 1585 juveniliter
762 1552 827 1585 pro
850 1542 970 1582 indole
995 1542 1215 1586 accipiuntur
1240 1546 1296 1587 12,
1318 1545 1354 1588 6,
1381 1547 1417 1579 3.
1447 1544 1494 1586 ᾧ
1518 1547 1555 1590 1,
1574 1545 1614 1590 6,
1635 1543 1704 1588 44,

220 1586 252 1619 si
279 1586 523 1630 accipiendum
547 1591 594 1630 (a.
618 1591 642 1622 l.
668 1590 746 1630 om.)
769 1587 924 1622 criminis
947 1589 1051 1623 loco
1076 1595 1240 1637 negasset
1266 1592 1323 1634 11,
1352 1593 1392 1633 1,
1417 1591 1478 1627 28.
1551 1592 1556 1596 '
1582 1605 1587 1609 ·

175 1641 447 1684 Acclamatio·
490 1657 715 1689 audientium.-
751 1656 814 1689 Est
847 1656 1151 1700 epiphonema
1183 1656 1237 1691 rei
1264 1663 1428 1693 narratae
1452 1659 1516 1694 vel
1535 1651 1718 1703 probatae

220 1711 355 1732 summa
377 1711 425 1734 ac
439 1702 487 1734 cl.
511 1703 546 1744 8,
575 1702 609 1743 5,
636 1705 690 1737 11.
723 1707 825 1745 turpe
849 1703 982 1737 ducunt
1006 1721 1050 1728 —-
1074 1703 1250 1747 respirare
1273 1705 1349 1739 ullo
1372 1706 1478 1748 loco,
1503 1701 1565 1750 qui
1587 1705 1728 1749 avola-4·

219 1745 411 1780 mationem
434 1757 508 1780 non
532 1747 674 1793 petierit
696 1750 739 1782 ib.
763 1747 818 1781 14.
852 1749 960 1782 animi
985 1749 1215 1792 praestantia,
1239 1762 1347 1795 quam
1368 1768 1415 1775 —
1434 1760 1503 1784 nec
1526 1751 1706 1785 acclama-

218 1791 270 1825 tio
302 1797 433 1826 terreat
459 1800 520 1827 etc.
547 1795 611 1835 12,
638 1795 681 1837 5,
706 1797 738 1828 1.
775 1799 815 1827 ut
840 1795 1107 1830 admirationem
1132 1807 1232 1830 suam
1261 1806 1339 1830 non
1362 1796 1728 1837 acclamationis„

221 1842 374 1881 tantum,
403 1839 470 1872 sed
493 1839 598 1873 etiam
624 1840 795 1884 plausu
818 1841 1047 1875 confiteretur
1070 1843 1105 1885 8,
1130 1844 1165 1885 3,
1190 1844 1226 1876 3.
1386 1847 1390 1853 ”
1423 1860 1433 1865 ,
1706 1827 1728 1873 5⁴3

174 1892 478 1936 Accommodo.
533 1908 567 1950 1)
599 1906 641 1951 α)
666 1921 695 1940 c.
719 1911 825 1943 Dat„-
863 1909 1011 1943 dextrae
1041 1921 1079 1944 se
1111 1909 1591 1954 frequenterpaccommodat
1615 1891 1728 1957 sitii-³¹,

220 1956 293 1983 stra
315 1952 453 1995 (manus)
480 1955 533 1995 11,
557 1955 591 1996 3,
623 1952 706 1995 1143
773 1966 865 1998 quae
895 1955 941 1988 sit
964 1961 1066 1999 apta
1094 1955 1352 1999 pronuntiatio.
1414 1956 1516 2002 Quae
1539 1960 1638 1990 certe
1660 1963 1706 1991 ‘ea

219 2003 292 2039 est,
331 2009 421 2041 quae
444 1998 507 2041 iis,
541 2000 586 2033 de
616 2000 742 2043 quibus
773 2000 942 2044 dicimus,
980 2003 1362 2036 accommodatur
1391 2003 1435 2036 ib.
1457 2002 1516 2036 61.
1552 2000 1598 2044 ⁶112
1622 1999 1703 2047 174.

217 2054 290 2085 res,
316 2043 373 2076 cni
403 2045 665 2079 accommodari
688 2047 794 2080 debet
817 2047 932 2080 oratio
961 2050 995 2091 3,
1019 2049 1054 2089 8,
1078 2048 1132 2082 51.
1158 2047 1248 2081 adeo
1270 2048 1378 2082 rebus
1402 2046 1706 2093 accommodaida

218 2089 428 2132 compositio
446 2091 482 2133 9,
505 2089 539 2132 4,
566 2092 643 2126 126.
673 2094 727 2136 10,
755 2096 790 2136 2,
817 2095 872 2127 13.
903 2093 971 2134 ita,
1005 2105 1094 2138 quae
1118 2093 1304 2137 dicuntur,
1341 2093 1471 2128 omnia*
1488 2099 1571 2127 cum
1595 2094 1724 2142 rebus¹

158 2166 163 2172 ,
219 2140 292 2167 tum
316 2136 478 2178 personis
501 2139 766 2171 accommodata
792 2145 873 2172 sunt
900 2142 956 2182 10,
982 2142 1015 2177 1.
1043 2142 1122 2174 101.
1156 2139 1201 2180 cs:
1223 2141 1258 2180 9,
1287 2142 1321 2182 1,
1347 2139 1403 2174 15.
1434 2139 1601 2183 ,corporis
1622 2149 1706 2174 mo·

219 2186 311 2222 tum,
351 2192 424 2215 non
455 2182 702 2226 enuntiandis,
742 2185 804 2218 sed
838 2185 1049 2229 quaerendis
1081 2185 1203 2220 verbis
1233 2185 1561 2226 accommodant-2,
1586 2187 1644 2227 11,
1666 2183 1727 2220 ,4.;

219 2235 294 2258 non
316 2237 393 2260 vox
418 2233 454 2261 et
481 2235 600 2274 gestus
625 2232 910 2264 accommodatur
932 2237 1080 2264 naturae
1102 2231 1284 2274 ipsarum,
1317 2230 1362 2262 de
1386 2228 1514 2273 quibus
1538 2228 1728 2273 dicimus,¹.

220 2273 366 2304 rerum?
391 2274 427 2315 9,
452 2272 487 2315 4,
515 2276 592 2309 139.
614 2275 698 2310 voci
723 2282 842 2322 gestus
866 2277 1153 2310 accommodatur
1176 2278 1233 2315 11,
1259 2277 1294 2316 3,
1321 2272 1375 2306 14.
1404 2275 1590 2326 translatio
1615 2279 1728 2320 quo-³

220 2326 290 2357 que
314 2318 424 2351 verba
455 2329 527 2352 non
559 2320 633 2353 suis
664 2322 769 2355 rebus
801 2323 1045 2356 accommodat
1075 2322 1111 2361 8,·
1136 2322 1173 2361 2,
1195 2320 1231 2354 6.
1268 2330 1371 2351 suum
1400 2330 1530 2364 cuique
1563 2324 1723 2365 eomm,⁴

221 2372 313 2403 quae
338 2362 451 2404 dicet,
490 2365 603 2398 colori
630 2369 898 2401 accommodare
922 2372 1039 2400 acttun
1063 2369 1099 2408 2,
1125 2367 1182 2407 12,
1207 2366 1262 2399 10.
1299 2370 1339 2398 ut
1371 2365 1488 2400 media
1516 2365 1640 2411 primis
1659 2372 1705 2406 vet

220 2417 355 2439 summa
379 2408 503 2442 mediis
530 2414 859 2452 accommodentur,
894 2417 930 2446 et
959 2421 1172 2455 quocunque
1203 2411 1312 2444 modo
1337 2412 1605 2447 accommodari
1621 2418 1703 2458 pot-

221 2456 274 2484 est
297 2453 333 2494 9,
358 2454 392 2494 3,
415 2455 473 2487 78.
502 2454 627 2501 ingens
658 2456 695 2490 in
728 2457 878 2504 epilogis
904 2456 999 2491 verti
1025 2456 1233 2498 discrimen,
1266 2459 1445 2500 quomodo
1475 2458 1535 2501 soff
1554 2458 1715 2508 (licenti,v

221 2497 282 2540 qui
306 2498 501 2541 excitatur,
534 2504 779 2537 accommodet
803 2504 838 2545 6,
867 2505 900 2546 1,
925 2504 988 2543 37·;
1049 2504 1118 2535 sine
1140 2504 1244 2535 Dat..-
1281 2508 1317 2535 et
1339 2503 1456 2537 luctus
1483 2522 1526 2531 —-
1551 2504 1703 2550 ridicula

219 2542 328 2576 fuerit
351 2543 517 2585 imitatio,
555 2545 585 2578 ai
606 2548 717 2580 verba
738 2550 946 2592 vultumque
969 2552 1124 2590 tantum,
1150 2557 1226 2580 non
1249 2547 1356 2581 etiam
1379 2548 1535 2583 animum
1560 2552 1702 2590 accom-

220 2589 435 2622 modarimus
457 2588 502 2632 (S
511 2603 544 2633 p.
570 2591 759 2636 serimus)
784 2595 819 2636 6,
843 2597 877 2634 2,
901 2594 959 2627 26.
1016 2591 1059 2637 β)
1085 2605 1114 2626 c.
1134 2595 1296 2636 Praepos.
1319 2595 1397 2628 ud.-
1433 2601 1473 2629 ut
1501 2601 1624 2642 gestum
1644 2594 1713 2632 ἃᾶ

220 2645 371 2679 vocem,
406 2638 525 2670 vultus
558 2637 609 2669 ad
643 2643 780 2683 gestum
810 2639 1098 2678 accommodetur
1129 2640 1163 2680 1,
1191 2641 1248 2682 11,
1270 2640 1305 2674 8.
1338 2645 1378 2672 nt
1414 2640 1460 2674 sit
1493 2647 1616 2688 gestus
1636 2642 1701 2675 ad

221 2689 363 2714 sensum
394 2681 504 2727 magis
531 2693 636 2725 quam
669 2683 721 2715 ad
752 2685 863 2719 verba
889 2685 1174 2718 accommodatus
1206 2687 1262 2726 11,
1286 2687 1322 2728 3,
1349 2684 1408 2721 89.
1439 2686 1485 2728 cs-
1505 2688 1600 2722 11o.‘'
1639 2686 1702 2725 Sic

222 2727 271 2759 nd
304 2728 523 2761 voluntatem
552 2728 663 2762 verba
692 2734 858 2772 poterunt
893 2729 1154 2764 aooommodari
1185 2733 1221 2773 7,
1248 2734 1287 2773 3,
1312 2734 1370 2768 21.
1408 2733 1525 2767 omnis
1551 2732 1715 2778 imitatio,
