1702 3054
510 274 563 316 do
594 273 879 317 Grammatico
909 271 1216 325 Quintilianea.
1491 273 1640 309 xxvn

443 438 508 487 11.
578 437 682 488 DE
713 400 1041 487 commea
1053 432 1284 485 ΤῙΟΝΕ.

231 566 271 598 1.
339 551 405 600 In
422 551 717 603 Perfeeti
739 551 973 602 Aetivi
997 551 1158 600 tertia
1181 564 1417 617 persona
1435 548 1636 614 plurali

90 629 478 697 Quintilianus,
513 647 578 682 ut
605 634 715 682 fere
737 631 1108 701 elegantissimi
1127 631 1435 697 scriptores,
1467 629 1633 677 finem

90 719 249 761 erunt,
277 711 511 761 breviori
551 717 645 763 sed
682 713 956 762 deterioris
994 712 1206 762 numeri
1248 729 1334 760 ere
1369 711 1634 777 praefert3

87 791 356 859 reperitur
382 791 470 841 hie
503 793 645 844 enim
678 812 811 861 prae
849 792 1141 843 innumeris
1173 793 1392 842 alterius
1425 790 1633 859 generis

42 934 47 941 '
88 871 343 939 exemplis
371 890 618 939 perraro,
662 878 940 941 utzfuere
979 893 1028 936 1,
1066 890 1152 937 10,
1189 870 1262 922 15.
1313 887 1398 932 12,
1438 886 1523 930 10,
1555 884 1633 918 ιο.

87 953 333 1001 incessere
368 969 444 1014 12,
475 970 551 1015 10,
586 972 660 1003 12.
684 973 1000 1022 proposuere
1026 973 1066 1015 1,
1087 957 1135 1015 8,
1166 971 1240 1001 12.
1276 954 1522 1018 scripsere
1555 957 1631 1006 ιο,

96 1051 147 1104 1,
180 1032 259 1095 75.
291 1051 570 1083 successere
598 1035 654 1097 3,
685 1054 702 1082 1
720 1074 734 1098 ,
763 1037 863 1098 15,,
899 1035 1096 1102 quibus
1118 1034 1337 1100 adjicias
1366 1047 1632 1099 sperat-ere

92 1129 148 1176 ¹7,
167 1129 224 1174 2,
248 1112 354 1174 5ο.,
384 1113 484 1162 nisi
506 1117 647 1164 forte
674 1116 895 1165 Gesneri
919 1116 1292 1184 conjecturam
1316 1113 1633 1182 sperare-rint

80 1192 285 1256 gnavis3
309 1194 588 1259 permisere
613 1211 796 1247 autem
819 1213 915 1258 10,
944 1214 961 1243 1
981 1234 995 1258 ,
1020 1196 1099 1245 66.
1133 1215 1200 1245 ex
1229 1195 1440 1263 optimis
1468 1192 1631 1243 Codi-

51 1327 55 1330 ,
87 1275 237 1322 cibus
262 1273 320 1322 in
343 1277 694 1341 permiserunt
729 1281 1055 1327 mutandum
1093 1292 1187 1327 est.
1275 1280 1438 1326 Hanc
1478 1274 1537 1322 in
1573 1291 1633 1321 re

28 1362 35 1369 “
72 1354 343 1404 «mollitam
368 1357 596 1406 formam
626 1358 787 1408 etiam
814 1359 872 1407 in
903 1363 1143 1408 secunda
1172 1375 1408 1425 persona
1431 1353 1633 1403 Passivi

28 1446 29 1450 ’
82 1449 150 1484 ut
178 1436 472 1485 obsoletam
503 1438 608 1504 (ῥυ.
638 1439 867 1505 respuit,
903 1458 1031 1488 nam
1058 1439 1282 1488 unicum
1311 1438 1447 1485 illud
1478 1445 1633 1484 utare

52 1514 54 1517 ’
86 1531 146 1577 2,
181 1533 234 1577 1,
270 1529 372 1577 12.,
405 1517 502 1565 etsi
531 1518 875 1568 Ambrosiani
903 1522 942 1570 I.
983 1524 1078 1568 sed
1109 1520 1270 1568 solius
1303 1516 1632 1567 auctoritate

84 1595 282 1657 nisum,
316 1596 452 1645 nihil
478 1599 701 1649 valebit.
740 1584 951 1667 ¹Ipsum
982 1605 1050 1649 de
1087 1604 1192 1648 hac
1229 1601 1404 1648 forma
1447 1597 1630 1662 dispu-

84 1690 292 1725 tantem
311 1676 438 1726 vide
464 1694 505 1738 1,
529 1676 577 1739 5,
600 1692 680 1740 42.
737 1681 989 1730 Ceterum
1009 1696 1073 1730 ut
1092 1682 1263 1731 evitat
1283 1680 1342 1728 in
1364 1676 1631 1727 Praeteri-

83 1757 150 1806 tis
170 1760 312 1805 hano
337 1760 676 1808 decurtatam
706 1761 961 1824 formam,
996 1763 1073 1810 ita
1103 1776 1249 1809 amat
1274 1773 1631 1817 contractam,

32 1863 34 1868 ν
58 1858 73 1871 ⁴⁵
84 1837 380 1903 praecipue
408 1837 464 1884 in
486 1838 661 1904 prima
684 1840 1086 1910 Conjugatione
1114 1857 1179 1890 ut
1208 1843 1562 1908 deprararuut
1581 1852 1629 1900 9,

51 1915 146 1975 ·”5,
172 1931 280 1967 100.
309 1917 645 1969 elaborarunt
666 1936 750 1984 12,
779 1938 796 1967 1
813 1939 854 1982 1,
874 1938 953 1969 22.
983 1933 1245 1987 negarunt
1266 1941 1319 1985 7,
1341 1939 1388 1983 4,
1417 1939 1490 1983 17.
1521 1937 1630 1967 rm-

87 1996 334 2044 dicarunt
350 2014 396 2057 2,
414 2014 511 2057 7,2
515 2035 552 2059 .,
579 2018 745 2065 porro
755 2004 1113 2066 fastedaeermzt
1131 2001 1222 2064 5,1
1241 2022 1256 2050 1
1269 2003 1407 2066 ,5.9
1436 2017 1629 2067 quam-

39 2079 51 2084 ”
87 2072 167 2122 vis
198 2074 255 2121 in
284 2075 361 2121 his
392 2079 730 2141 frequentior
758 2082 918 2131 etiam
952 2084 1016 2132 sit
1046 2085 1261 2150 plenior
1291 2086 1488 2131 forma:
1522 2080 1631 2127 rin-

54 2196 58 2197 .
87 2152 390 2202 diem-erunt
421 2171 472 2214 1,
495 2153 553 2216 5,
581 2157 653 2203 15.
668 2169 992 2222 putarem-met
1010 2167 1094 2211 Pr.
1120 2179 1195 2211 10.
1229 2179 1283 2226 9,
1313 2181 1365 2223 1,
1392 2159 1468 2209 15.
1495 2175 1607 2223 922
1611 2196 1634 2218 ιιΔ

59 2243 61 2246 ’
87 2248 168 2296 93.
206 2250 280 2294 11,
304 2233 351 2294 5,
377 2251 454 2295 71.
492 2252 566 2297 12,
592 2232 639 2298 5,
668 2255 707 2287 1.
741 2252 795 2286 et
821 2241 927 2287 alia
943 2245 1228 2306 permulta.
1296 2243 1373 2290 At
1402 2244 1460 2290 in
1479 2242 1628 2289 Con-

85 2311 334 2378 junetivo
380 2313 527 2382 illam
579 2333 917 2368 contractam
968 2322 1194 2372 formam
1239 2323 1471 2372 maxime
1514 2338 1627 2368 am-

84 2393 276 2457 plexus
312 2407 412 2455 est,
459 2413 630 2462 quum
655 2399 857 2448 diceret
886 2403 1107 2451 mutarit
1132 2401 1188 2463 5,
1210 2408 1268 2464 4,
1292 2420 1338 2453 2.
1380 2401 1632 2453 salutarit

92 2487 110 2515 ¹
129 2506 143 2530 9
169 2473 225 2531 5,
247 2488 326 2521 21·
353 2479 642 2540 segregant
666 2498 682 2525 1
703 2497 794 2540 ,2,
826 2496 904 2530 20.
940 2485 1243 2548 temptarint
1259 2501 1313 2545 2,
1342 2491 1416 2545 14,
1445 2502 1485 2533 1.
1519 2491 1647 2531 ἱνα»

53 2593 58 2598 .
86 2553 246 2600 ctarit
277 2569 359 2614 12,
389 2571 445 2617 2,
466 2557 512 2605 5.
533 2574 633 2609 etc.
667 2578 717 2609 v.
741 2563 906 2622 Lex„
943 2563 1030 2611 eui
1060 2581 1288 2612 numero
1319 2583 1387 2613 ex
1418 2562 1631 2629 optimis

88 2630 253 2682 Codd.
276 2629 330 2694 5,
355 2652 408 2696 7,
439 2654 455 2682 1
472 2655 512 2686 1.
534 2642 919 2704 perseverarint
943 2643 1309 2708 adjiciendum
1332 2659 1433 2701 est3
1468 2659 1630 2710 prae·

89 2724 232 2759 terea
254 2714 454 2765 sceerim
482 2733 563 2780 12,
593 2738 609 2766 1
627 2739 666 2781 1,
692 2722 737 2768 8.
770 2723 950 2771 scierit
963 2729 1010 2783 4,
1035 2721 1079 2783 5,
1113 2741 1153 2772 1.
1189 2723 1236 2785 5,
1265 2724 1339 2787 15,
1363 2721 1443 2774 52.
1480 2742 1524 2785 7,
1550 2736 1626 2778 10,

78 2787 217 2867 r6.,8,
241 2795 296 2853 6>
326 2797 396 2844 [δι
430 2813 486 2859 9,
507 2815 563 2859 2,
591 2808 639 2855 4.
682 2816 767 2861 10,
797 2820 812 2848 1
833 2839 846 2863 ,
872 2820 917 2850 2.
952 2804 1215 2852 severimus
1241 2801 1295 2865 5,
1326 2820 1409 2865 10,
1434 2820 1512 2851 22.
1551 2815 1626 2858 10,
