1702 3054
704 171 934 214 Praefatio.
1502 170 1602 208 XlX

0 326 3 342 ς
54 303 272 354 operam
299 304 486 348 meam,
518 287 576 348 si,
613 287 721 352 qui·
743 286 824 334 his
855 303 1066 334 mecum
1091 284 1170 332 uti
1194 282 1388 343 velint,
1426 284 1596 348 probe

0 356 430 430 ·:'*,intellexerint,
469 382 538 427 et,
569 370 721 433 quod
757 384 971 432 sperare
1007 382 1161 432 posse
1196 381 1316 412 meo
1352 366 1594 429 quodam

49 447 165 515 jure
203 447 331 496 mihi
366 447 579 509 videor,
617 447 664 494 ci
703 446 930 515 gratiam
976 447 1300 494 nonnullam
1335 446 1589 505 habeant,

45 531 145 577 hos
172 544 322 597 rogo,
351 542 430 588 ut,
461 528 502 576 si
523 545 635 594 qua
654 541 884 592 peccata
915 524 1241 586 invenerint,
1280 523 1513 591 benigne
1536 540 1590 571 et

46 608 267 657 comiter
297 607 477 674 potius
524 621 702 657 errata
737 607 1038 676 corrigant,
1076 622 1243 672 quam
1271 622 1357 652 me
1393 605 1589 653 aceiba

45 688 406 778 castigatione
419 690 664 756 fatigent.

69 764 73 778 ‘
173 770 289 818 Iam
336 769 501 838 igitur
541 772 769 817 lectores
816 771 887 816 ad
929 782 1150 834 paratas
1197 779 1251 814 et
1294 767 1584 815 instructas

41 844 207 915 dapes
234 848 376 916 ipsas
408 854 743 899 adducturus
775 847 1254 896 commonefaciam
1275 862 1328 895 et
1354 849 1582 909 docebo,

40 931 235 996 quibus
253 929 552 979 rationibus
581 944 636 977 et
664 926 823 996 signis
859 931 931 976 ad
964 927 1302 996 singulorum
1335 930 1583 976 locorum

38 1010 373 1058 intellectum
406 970 782 1076 adjuvandtiom
811 1023 979 1074 atque
1006 1011 1419 1075 explanandum
1449 1024 1579 1056 usus

36 1090 144 1138 sim.
216 1089 398 1137 Rectis
429 1089 590 1136 literis
617 1088 819 1154 scripta
847 1103 975 1136 sunt
1005 1089 1188 1137 omnia
1216 1088 1380 1154 ipsius
1402 1087 1576 1151 Quin-

37 1169 207 1219 tiliani
230 1169 412 1229 verba,
444 1171 614 1234 paulo
639 1168 1194 1218 distractioribus
1226 1187 1307 1231 ea,
1340 1168 1398 1216 in
1431 1185 1575 1233 quae

32 1251 267 1318 legentes
301 1248 552 1315 imprimis
585 1263 906 1299 convertere
946 1250 1123 1311 volui,
1159 1265 1222 1299 ut
1255 1249 1313 1296 in
1347 1248 1574 1297 rariores

29 1331 223 1378 formas
246 1343 299 1377 et
320 1329 770 1394 constructiones,
789 1329 848 1378 in
866 1331 1036 1381 verba
1055 1328 1197 1377 idem
1212 1329 1575 1397 significantia

31 1424 86 1459 et
128 1409 396 1476 opposita,
431 1425 528 1459 aut
570 1410 613 1459 si
649 1428 761 1476 qua
791 1411 1044 1479 graviora
1072 1409 1225 1458 nimis
1260 1413 1431 1459 latere
1467 1410 1569 1458 cir·

27 1489 451 1558 cumjacentibus
513 1490 641 1539 mihi
698 1492 1043 1553 viderentur3
1103 1506 1299 1541 contra
1360 1492 1570 1558 obliquis·

24 1571 205 1631 literis,
239 1587 605 1636 quaecunque
628 1575 696 1620 de
717 1590 837 1620 meo
860 1571 1050 1639 adjeci,
1087 1586 1256 1638 atque
1284 1577 1420 1621 haec
1453 1573 1570 1637 ipsa

0 1650 280 1707 *cancellis
334 1650 541 1712 cincta,
587 1652 839 1717 quotiens
894 1670 1020 1701 cum
1077 1653 1349 1719 scriptoris
1393 1655 1569 1704 verbis

25 1732 393 1780 miscerentur:
445 1732 599 1780 uncis
642 1751 775 1783 vero
818 1732 1038 1796 inclusi,
1079 1750 1226 1798 quae
1270 1733 1437 1782 dubia
1471 1746 1569 1781 aut

7 1799 264 1860 Lineertae
292 1812 627 1861 auctoritatis
657 1814 1002 1864 videbantur.
1070 1815 1360 1863 Praeterea
1389 1813 1568 1882 sigillis

29 1906 93 1938 ac
118 1890 259 1937 notis
285 1892 600 1960 vulgaribus
629 1912 756 1942 usus
786 1913 902 1942 sum
925 1898 997 1942 ad
1028 1899 1300 1960 quaedam
1333 1894 1570 1944 breviter

27 1968 335 2031 indicanda,
371 1972 471 2019 nisi
503 1978 653 2038 quod
679 1975 838 2023 aliam
855 1976 1132 2036 lectionem,
1167 1977 1343 2024 minus
1364 1977 1566 2041 proba-

30 2046 188 2094 bilem
210 2051 301 2094 sed
322 2067 438 2097 non
457 2055 621 2115 plane
647 2059 1118 2118 contemnendam,
1153 2060 1305 2123 apud
1340 2073 1424 2104 me
1454 2074 1503 2103 a.
1534 2054 1566 2102 l.

27 2124 362 2192 significabit.
429 2131 617 2179 Verbis
640 2150 673 2179 a
694 2133 1031 2197 Quintiliano
1051 2135 1167 2201 ipso
1196 2154 1264 2183 ex
1294 2136 1407 2183 aliis
1442 2133 1568 2182 scri-

27 2205 271 2272 ptoribus
317 2210 490 2256 allatis
528 2210 723 2275 primas
769 2226 1055 2263 auctorum
1095 2215 1274 2264 literas
1321 2213 1568 2282 apposui,

30 2285 224 2334 omissis
263 2301 447 2336 tamen
492 2291 739 2338 omnibus
787 2292 857 2340 eis
898 2293 1056 2356 locis,
1090 2295 1186 2360 qui
1225 2296 1568 2362 invoperibus

32 2366 187 2415 nobis
217 2367 436 2417 servatis
465 2374 646 2419 adhuc
685 2375 970 2439 leguntur,
1016 2392 1250 2440 quorum
1282 2380 1455 2426 Index
1487 2391 1568 2423 to-

32 2456 148 2495 tum
181 2465 316 2512 opus
350 2452 644 2500 concludit.
714 2454 949 2501 Nomina
981 2470 1163 2505 autem
1198 2457 1315 2523 ipsa
1355 2458 1570 2505 illorum

34 2526 353 2592 scriptorum
383 2532 663 2597 pleraque,
717 2551 861 2598 quae
905 2535 1119 2585 notiora
1161 2552 1313 2599 sunt,
1358 2555 1458 2603 per
1498 2554 1568 2597 se,

34 2606 343 2655 obscuriora
371 2626 438 2657 ex
466 2610 678 2680 integro
711 2631 898 2662 eorum
930 2617 1150 2665 nomine
1170 2618 1226 2665 in
1248 2618 1435 2666 Indice
1454 2618 1567 2665 No-

29 2683 235 2736 minum
274 2690 618 2756 propriorum
660 2694 819 2744 facile
862 2698 1159 2762 patebunt,
1204 2713 1267 2748 ut
1300 2701 1431 2748 Cass,
1467 2712 1569 2764 pro
