1728 3002
170 205 252 244 144
639 198 874 255 Compaseo
904 222 961 233 —-
990 198 1260 257 Complector

215 320 291 353 rata
314 316 355 359 1,
379 313 421 359 3,
448 312 482 350 5.
515 309 585 359 ζοιιὶ
608 319 811 366 comparata
831 313 923 349 haeo
947 313 1160 350 viderentur
1183 315 1340 361 hnmana
1361 321 1434 364 atq.
1459 311 1587 354 usitata
1609 319 1654 364 8,
1677 315 1715 362 4,

216 366 275 399 20.
305 367 419 396 aetate
439 366 510 393 tam
534 360 707 404 puellari,
730 361 941 404 praesertim
963 372 1067 396 meae
1090 367 1296 405 comparata
1316 363 1352 405 6,
1361 364 1428 406 rr.
1447 365 1482 400 5.
1518 376 1626 411 qnam
1647 362 1718 401 mi-

216 421 276 444 ser
303 419 405 442 casus
435 406 735 449 Andromachae,
786 406 817 439 si
850 413 1054 451 comparata
1086 407 1121 442 ei
1151 407 1244 442 felix
1269 409 1458 454 Polyxena
1489 411 1554 455 6,
1571 415 1613 455 2,
1649 403 1714 455 '223

217 454 434 501 (Platonem)
461 454 671 497 plerumque
696 451 837 486 vatibus
867 454 1146 497 comparandum
1174 457 1238 498 12,
1265 456 1330 498 10,
1357 454 1427 490 24.“
1457 455 1505 498 cs.
1529 459 1566 500 2,
1593 451 1651 501 20,
1677 457 1715 492 4.

218 502 370 536 dicendo
395 499 452 543 (a.
478 503 500 533 l.
522 498 560 532 in
585 497 681 542 dic.)
708 509 749 532 ac
774 500 1025 543 respondendo
1049 500 1197 534 cuilibet
1220 511 1346 534 eorum
1369 504 1629 547 comparandus
1657 506 1716 547 10,

218 552 252 592 1,
276 549 336 583 68.
382 546 425 591 γ)
450 559 480 579 c.
506 549 688 588 Praepos..·
716 556 797 578 cum
820 555 975 589 persona
999 545 1108 580 alieni
1131 557 1230 580 cum
1255 547 1412 591 persona
1434 548 1557 583 matris
1579 555 1717 584 temere

217 598 446 639 comparetur
470 595 505 634 7,
531 594 573 634 2,
601 594 660 625 22.
695 597 832 634 pestem
858 591 1060 626 intestinam
1082 594 1293 636 propulsare
1317 605 1414 628 cum
1439 596 1728 640 propugnatori-⁷

217 643 284 676 bus
308 639 442 685 patriae
470 638 747 681 comparandum
767 640 823 678 12,
847 641 882 679 7,
907 639 948 681 33
982 638 1069 672 alias
1096 637 1220 682 (leges)
1247 639 1379 675 inter
1405 652 1446 675 se
1469 652 1718 686 comparamus

219 691 254 732 3,
278 688 314 730 6,
338 688 396 721 87.
430 695 499 718 nec
524 689 660 717 tantum
686 683 871 718 inutilibus
895 691 1146 730 comparantur
1172 684 1296 730 utilia,
1323 688 1388 721 sed
1411 686 1534 722 inter
1562 699 1601 723 se
1626 699 1719 733 quo?

218 745 288 779 que
311 733 390 777 ipsa
417 732 451 774 3,
479 731 515 774 8,
543 732 601 764 33.

172 780 420 871 (ἶοῐηρὲιὸεοῧ.
468 788 566 834 quod
600 796 932 851 compascuum
960 792 1039 833 est,
1083 798 1393 834 compascere
1425 789 1537 826 licere
1567 793 1654 827 Cic.
1683 789 1720 836 5,

219 841 276 880 10,
370 849 382 869 ι
407 859 417 869 ·

172 882 479 938 Compascuus.
527 904 560 928 v,
586 891 862 937 Compasco.
1119 916 1143 923 ,

175 938 409 995 Compello.
451 948 511 994 qui
532 955 726 994 tyranuum
750 950 800 983 in
826 954 980 984 mortem
1003 948 1177 995 compulit
1198 953 1235 995 7,
1258 950 1302 994 3,
1329 953 1365 987 7.
1399 955 1440 986 ut
1462 949 1618 996 judicem
1644 961 1720 986 non

217 998 263 1032 in
288 998 340 1040 (a.
358 1001 380 1029 l.
408 996 470 1039 ad)
498 997 535 1029 id
557 1002 693 1030 tantum
722 998 991 1041 compellat,
1019 997 1058 1031 in
1078 999 1175 1042 ‹suod
1198 997 1276 1042 ipsa
1300 997 1354 1032 rei
1370 1004 1495 1031 natura
1516 999 1720 1032 ducetur

218 1045 254 1086 6,
279 1047 314 1086 2,
339 1042 396 1076 24.
438 1055 520 1077 cum
547 1042 585 1076 in
614 1043 844 1076 accusatione
874 1055 894 1078 c
905 1053 927 1076 ο
937 1055 959 1077 n
968 1042 1028 1077 cit
1037 1055 1090 1077 an
1100 1045 1179 1078 dus
1207 1049 1262 1079 est
1283 1044 1395 1089 judex
1405 1070 1417 1088 ,
1439 1049 1500 1078 aut
1523 1044 1642 1090 aliqua
1660 1044 1721 1078 in·-

220 1089 425 1137 dignatione
453 1090 810 1132 compellendus
836 1090 872 1132 9,
896 1090 932 1133 4,
961 1091 1040 1124 138.
1186 1090 1191 1093 “

176 1135 502 1191 compendium.
567 1147 601 1188 I)
625 1164 669 1170 —
695 1147 824 1179 durum
848 1146 1058 1191 aridumque
1081 1145 1126 1190 4,
1150 1149 1195 1190 2,
1222 1145 1282 1183 46.
1323 1146 1538 1193 compendio
1566 1146 1663 1181 ducti
1685 1149 1722 1190 2,

223 1197 278 1235 13,
308 1194 363 1228 16.
420 1193 473 1237 11)
497 1191 644 1237 syllabis
667 1193 807 1226 nullum
835 1203 953 1236 comp.
978 1198 1032 1226 est
1057 1196 1089 1233 1,
1115 1196 1148 1236 1,
1174 1196 1232 1229 30.
1269 1194 1395 1229 brevia
1421 1194 1577 1228 docendi
1602 1203 1722 1238 comp.

220 1243 264 1274 ib.
290 1239 347 1274 24.
384 1239 453 1273 nisi
475 1239 638 1284 plerique
661 1258 707 1264 —
732 1240 817 1272 (hun
850 1244 1032 1272 ostentare
1058 1239 1255 1284 discipulos
1280 1240 1376 1275 circa
1401 1240 1621 1286 speciosiora
1645 1251 1726 1274 ma«

218 1288 316 1330 lunt,
348 1285 564 1330 compendio
587 1291 812 1319 morarentur
838 1288 871 1328 1,
895 1284 931 1327 4,
956 1287 1014 1320 22.
1290 1289 1294 1294 ‘

176 1332 430 1387 compenso·
475 1344 766 1387 reprehendens,
795 1342 863 1376 alia
885 1342 992 1376 laude
1018 1352 1230 1386 compenses
1255 1345 1313 1387 11,
1338 1330 1373 1387 1,
1396 1344 1443 1379 87
1470 1343 1521 1378 Ν.

175 1390 418 1445 Comperio.
479 1402 522 1443 α)
551 1412 598 1434 an
622 1401 664 1434 ab
688 1399 768 1444 ipso
792 1398 840 1432 id—
853 1410 967 1446 genus
995 1398 1266 1433 exercitationis
1294 1400 1339 1434 sit
1364 1400 1570 1442 inventum,
1596 1410 1724 1444 parum

221 1447 382 1491 comperi
405 1451 447 1490 2,
479 1446 522 1490 4,
554 1446 620 1489 42;
664 1460 731 1490 seq.
756 1449 842 1479 Acc.
874 1459 903 1479 o.
930 1444 1024 1486 Ins..-
1067 1455 1126 1479 ex
1151 1445 1309 1483 Pediano
1335 1446 1496 1490 comperi
1521 1449 1563 1489 1,
1591 1449 1634 1488 7,
1662 1444 1722 1480 24.

222 1494 267 1535 cs.
296 1497 329 1535 1,
355 1494 389 1536 5,
413 1496 470 1527 22.
511 1492 611 1527 exitu
635 1491 808 1536 comperit
835 1494 892 1534 11,
917 1494 953 1534 2,
979 1493 1044 1533 12;
1084 1502 1166 1524 cum
1189 1491 1272 1525 satis
1297 1491 1364 1534 sit,
1391 1493 1536 1526 modico
1562 1497 1724 1536 tempore

220 1541 411 1586 imaginem
439 1539 520 1574 veri
554 1538 769 1573 discriminis
805 1543 841 1572 et
867 1537 1012 1571 dicendi
1038 1538 1137 1583 leges
1169 1538 1387 1582 comperisse
1421 1539 1548 1584 (Butt
1559 1551 1603 1572 m.
1633 1537 1722 1581 conj.

222 1587 464 1627 combibisse)
490 1588 547 1628 12,
577 1588 634 1628 11,
660 1585 703 1619 15
727 1585 776 1618 N.
833 1583 877 1628 β)
902 1588 1024 1617 Pass..·
1054 1583 1216 1628 Didymo
1241 1584 1414 1618 accidisse
1438 1589 1725 1628 compertum

221 1640 276 1668 est
305 1636 323 1667 1
339 1658 350 1675 ,
374 1634 418 1675 8,
446 1633 500 1667 19.
534 1634 625 1665 haec
652 1636 734 1665 sunt
757 1629 846 1664 mihi
871 1631 916 1664 de
941 1629 1094 1664 exordio
1120 1636 1359 1674 comperta
1383 1629 1436 1672 4,‘
1452 1633 1485 1671 1,
1512 1631 1572 1666 79.
1595 1629 1725 1664 ,sintne

221 1680 313 1713 haec
337 1678 652 1725 investigata,
681 1683 940 1720 comperta,
967 1677 1205 1720 patefacta
1229 1694 1275 1700 -
1298 1688 1364 1721 per
1382 1676 1468 1711 me?
1493 1677 1530 1720 9,
1553 1677 1590 1720 3,
1617 1674 1702 1724 49.-

176 1737 427 1793 CompeSCO·
466 1747 712 1791 improborum
735 1746 872 1779 scelera
897 1750 1101 1789 compescet
1127 1747 1183 1787 12,
1210 1747 1243 1786 1,
1271 1746 1329 1780 26.
1379 1745 1474 1791 Quin
1498 1739 1725 1788 compescitis

222 1796 305 1838 (ap.
344 1797 432 1829 Cic.
468 1791 682 1836 continetis)
710 1802 841 1826 vocem
864 1791 991 1825 istam?
1023 1794 1078 1831 11,
1103 1793 1138 1833 3,
1166 1793 1233 1827 169
1257 1793 1305 1826 Ν.
1343 1792 1405 1838 qui
1428 1801 1495 1836 pro
1523 1802 1600 1835 rep.
1628 1789 1726 1824 sedi-

221 1842 354 1876 tiosum
382 1841 501 1876 civem
527 1839 634 1874 toties
663 1838 943 1882 compescuisset
968 1840 1025 1880 11,
1051 1840 1085 1880 1,
1109 1836 1168 1871 40.
1303 1838 1305 1841 ’

179 1898 452 1953 competitor·
512 1915 552 1943 ut
575 1910 658 1943 adv.
683 1914 896 1952 tyrannum,
921 1905 982 1950 qui
1008 1906 1072 1939 sub
1089 1911 1194 1949 pacto
1218 1904 1422 1940 abolitionis
1444 1902 1725 1938 dominationem

222 1958 458 2000 deposuerat,
488 1956 560 2002 agit
583 1966 701 1998 comp.
724 1955 762 1997 9,
787 1957 823 1997 2,
847 1955 903 1988 97.
938 1953 1212 1996 competitorem
1234 1959 1372 1996 patrem
1395 1951 1434 1985 in
1461 1949 1638 1997 suffragiis
1664 1950 1726 1986 vi-

223 2008 320 2037 cerat
347 2005 382 2044 7,
409 2005 441 2045 1,
469 2004 527 2037 29.
562 2001 647 2035 editi
670 2001 708 2034 in
737 2000 992 2044 competitores
1016 1999 1099 2032 libri
1123 2001 1157 2042 3,
1182 2003 1218 2042 7,
1246 2002 1280 2032 2.
1378 2004 1381 2005 ’

177 2048 394 2105 competo·
439 2065 500 2092 aut
523 2069 704 2093 assumere
731 2058 769 2092 in
798 2069 942 2092 causam
965 2063 1129 2099 naturas,
1156 2067 1230 2100 ‹pia
1252 2059 1547 2099 competent,
1576 2060 1635 2090 aut
1658 2050 1727 2087 mi-

219 2107 451 2186 ἓξῗῐξθᾏφία
474 2106 801 2187 ἶξρυςηαῢιιυῐ
826 2104 862 2147 4,
890 2107 923 2148 1,
949 2107 1016 2147 17;
1055 2103 1237 2137 actionem
1259 2108 1466 2147 competere
1490 2100 1540 2136 in
1568 2099 1725 2146 equitem

317 2177 324 2185 .
376 2178 385 2194 ,
436 2178 446 2195 ,
520 2176 530 2186 .

177 2197 461 2254 Complector·
517 2207 551 2253 Ι)
577 2211 735 2253 proprie:
765 2219 882 2256 genua
911 2207 1102 2252 complecti
1126 2207 1161 2250 6,
1187 2209 1221 2250 1,
1246 2204 1310 2248 343
1339 2206 1382 2238 de
1404 2205 1514 2250 verbis
1536 2214 1633 2237 sensu
1657 2214 1725 2235 me-

223 2259 325 2289 diali:
372 2262 413 2290 ut
445 2257 559 2292 verba
591 2255 714 2291 verbis
754 2254 1070 2299 applicemus,
1115 2264 1189 2287 non
1216 2250 1497 2298 pugnantia,
1538 2249 1602 2283 sed
1632 2259 1726 2292 quae

223 2302 430 2337 invicem
454 2303 834 2346 complectantur
857 2304 893 2342 7,
911 2303 967 2343 10,
991 2303 1045 2335 17.
1097 2301 1148 2341 11)
1171 2301 1310 2331 transm
1333 2295 1376 2339 α)
1401 2309 1428 2331 c.
1445 2299 1594 2329 Λοοιιε..
1621 2295 1658 2336 a)
1683 2296 1727 2328 de

224 2351 372 2392 personis
386 2362 396 2381 .·
423 2348 454 2382 si
471 2349 590 2382 omnia
608 2347 789 2392 complexi
804 2348 926 2381 forent
943 2344 1133 2389 (auctores)
1146 2346 1180 2386 3,
1191 2346 1224 2386 1,
1239 2346 1296 2376 21.
1314 2340 1358 2382 cf.
1376 2344 1409 2381 5,
1422 2344 1456 2383 1,
1469 2343 1503 2375 3.
1529 2346 1570 2374 ut
1587 2341 1727 2393 semel

222 2395 324 2438 plura
350 2396 569 2437 complectar
594 2397 650 2437 11,
677 2398 710 2437 1,
737 2394 794 2428 66.
822 2398 862 2426 ut
884 2403 981 2426 nunc
1005 2391 1146 2437 singula
1171 2388 1471 2423 ostendamus
1487 2413 1498 2431 ,
1520 2397 1617 2421 nunc
1643 2397 1728 2420 um·-

224 2451 330 2474 versa
356 2442 729 2484 complectamur
751 2440 795 2484 5,
827 2440 883 2482 13,
909 2439 965 2472 13.
1001 2438 1045 2470 ad
1068 2436 1222 2472 verbum
1249 2434 1294 2468 sit
1321 2433 1647 2475 ediscendum,
1678 2443 1727 2467 an

225 2485 301 2520 vim
324 2486 432 2518 modo
459 2497 580 2519 rerum
607 2492 712 2529 atque
735 2484 900 2519 ordinem
925 2483 1180 2526 complecti
1207 2481 1291 2515 satis
1316 2480 1362 2514 sit
1390 2483 1453 2523 11,
1475 2482 1519 2524 2,
1543 2478 1600 2513 44.
1637 2489 1728 2512 cau-

224 2531 336 2566 tiores
362 2532 585 2566 voluntatem
610 2530 888 2575 complecti,
931 2540 1036 2573 quam
1061 2527 1208 2561 nomina
1235 2524 1557 2570 interpretari
1586 2525 1728 2558 malue-

225 2582 310 2613 runt
331 2577 366 2620 6,
391 2580 426 2618 2,
450 2578 490 2618 6;
520 2577 739 2612 breviter
763 2589 799 2620 p.
823 2575 932 2611 Caec.
959 2574 1034 2609 Cic.
1058 2573 1177 2615 initia,
1206 2584 1328 2607 causas
1354 2580 1414 2606 etc.
1439 2571 1650 2614 complexus
1671 2574 1728 2604 est

225 2628 248 2660 7
261 2650 271 2667 ,
298 2625 319 2658 3
334 2648 344 2666 ,
375 2624 432 2658 29.
472 2623 613 2656 latius
638 2622 827 2666 complecti
850 2619 1154 2656 conformationes
1183 2619 1379 2654 verborum
1407 2623 1443 2651 et
1468 2616 1727 2655 sententiarum

226 2672 263 2714 9,
288 2673 322 2712 2,
352 2671 391 2711 13
423 2680 512 2712 quae
538 2669 588 2701 de
616 2680 683 2702 usu
706 2669 786 2712 ipso
812 2675 871 2701 etc.
899 2667 1109 2710 complexus
1134 2677 1211 2699 sum
1233 2666 1268 2708 6,
1297 2667 1331 2706 3,
1358 2665 1444 2706 1Ο2;
1479 2662 1517 2696 in
1541 2662 1604 2706 iis,
1631 2672 1728 2706 quae

228 2714 452 2760 scripsimus,
481 2714 760 2757 complectendis
785 2717 840 2756 11,
869 2716 902 2753 2,
927 2714 983 2747 36.
1015 2712 1244 2746 exercebitur
1268 2709 1384 2743 acrius
1407 2708 1580 2742 memoria
1607 2708 1725 2742 aliena

227 2762 519 2807 complectendo,
550 2771 655 2804 quam
683 2771 746 2793 sua
771 2763 806 2803 2,
831 2763 868 2802 7,
892 2761 927 2793 3.
987 2755 1025 2800 b)
1052 2759 1094 2791 de
1118 2761 1231 2792 rebus.-
1259 2756 1344 2790 licet
1370 2756 1460 2789 haec
1483 2754 1603 2789 omnia
1625 2763 1726 2790 com-v

228 2812 404 2858 plectatur
428 2805 571 2844 eversio
593 2807 637 2850 8,
658 2807 697 2850 3,
719 2805 778 2844 69.
819 2816 945 2842 omnes
969 2803 1219 2850 complectitur
1240 2804 1301 2838 lex
1325 2805 1361 2845 7,
1385 2803 1425 2846 1,
1449 2799 1506 2838 48.
1542 2801 1724 2846 sculptura
