1728 3002
667 158 827 202 Scindo
857 184 913 191 —
942 160 1045 204 Seio
1536 170 1617 209 805

132 273 264 315 gruum
295 272 357 303 sut
383 275 581 316 repugnant
602 274 647 317 7,
668 274 712 315 2,
739 273 785 309 57
810 274 859 309 Ν.
892 273 1064 319 quidquid
1094 275 1282 320 loquemur
1314 275 1536 323 ubicunque,
1567 278 1614 313 sit

132 324 202 360 pro
231 325 296 348 sus
329 325 381 350 sc.
409 317 574 360 portione
595 318 795 362 perfectum
818 322 883 363 10,
905 323 949 363 7,
973 322 1031 356 28.
1073 320 1201 357 Cicero
1224 323 1270 357 ad
1291 323 1460 366 Brutum,
1484 324 1612 359 Sermo

129 361 251 394 mallus
279 371 331 396 sc.
354 360 425 395 nisi
444 363 490 397 de
505 369 564 397 te:
587 364 672 408 qnid
689 364 784 399 enim
802 365 947 409 potius?
969 368 1004 410 9,
1024 368 1060 411 3,
1082 369 1138 403 58.
1183 367 1228 421 β)
1244 381 1273 402 c.
1295 371 1423 403 ironia.-
1449 375 1522 404 tum
1546 371 1611 404 de-

127 416 226 441 mum
249 417 302 443 sc.
317 407 513 454 ingeniosi,
536 420 616 444 cum
639 410 684 443 ad
706 410 957 459 intelligendos
980 423 1048 448 nos
1071 423 1161 459 opus
1184 420 1229 448 snt
1251 414 1395 460 ingenio
1419 418 1453 456 8,
1476 416 1536 451 Pr.
1552 418 1609 451 25.

126 451 230 493 Unde
254 452 315 486 ina
338 463 391 487 sc.
415 453 556 501 egregia
578 455 756 499 laudatio,
789 458 910 492 Tanto
931 458 1084 502 melior,
1113 471 1160 494 ne
1183 470 1251 506 ego
1277 461 1419 504 quidem
1445 462 1611 496 intellexi

126 497 171 540 8,
195 499 238 540 2,
263 499 320 533 18.
348 499 503 544 Ideoque.
526 500 586 545 qui
609 501 754 538 horride
777 508 850 548 atq.
871 503 1109 549 incomposite
1128 506 1318 551 quamlibet
1338 506 1424 540 illud
1442 507 1610 554 frigidum

127 548 164 576 et
186 542 292 578 inane
316 545 538 588 extulemnt,
572 547 724 594 antiquis
754 559 794 583 se
822 561 927 594 pares
953 552 1122 586 credunt:
1154 551 1215 604 qui
1238 558 1360 586 carent
1383 554 1480 587 cultu
1502 560 1608 599 atque

125 589 333 634 sententiis,
355 590 484 626 Atticis
506 591 642 627 scilicet
667 597 723 638 10,
747 597 783 637 2,
809 599 865 631 17.
886 597 1092 632 Habeamus
1116 608 1210 632 emm
1234 609 1342 641 sane,
1366 605 1403 632 ut
1429 598 1491 644 qui
1513 599 1608 634 notis

122 634 301 678 scribunt,
329 642 441 670 certas
468 637 639 684 imagines
662 639 841 685 omnium,
867 647 904 676 et
925 643 1005 678 loca
1029 654 1083 677 sc.
1109 642 1266 687 infinita,
1290 655 1354 687 per
1374 656 1466 690 quae
1483 646 1608 690 verba,

121 685 210 724 quot
233 687 314 719 sunt
338 681 378 716 in
401 682 556 727 quinque
579 691 702 719 oontm
720 686 871 722 Verrem
897 690 1075 723 secundae
1098 689 1247 723 actionis
1274 690 1394 733 libris,
1422 690 1607 735 explicen-

120 729 189 765 tur
202 727 264 770 11,
287 729 330 770 2,
355 729 415 763 25.
451 729 528 763 Nini
550 730 644 765 forte
668 733 868 767 accedimus
893 734 953 777 iis,
978 735 1039 780 qui
1062 741 1189 770 natur·
1213 742 1375 770 constare.
1399 747 1517 770 mores
1541 745 1604 771 etc.

118 777 261 815 putant:
298 783 349 807 sc.
377 778 417 807 ut
439 785 506 818 ea,
541 787 633 820 quae
660 789 769 812 manu
788 779 899 823 fiunt,
926 787 999 827 atq.
1027 791 1154 816 eorum
1178 780 1284 817 etism
1314 781 1604 827 contemtissima,

116 818 352 853 confiteantur
373 830 481 866 egere
504 821 710 857 doctoribus
736 828 793 868 12,
815 828 852 869 2,
878 828 913 861 2.

70 857 245 905 8οῙὓᾶοο
275 875 311 920 l)
332 875 442 910 scissa
464 883 568 913 veste
589 882 624 922 2,
651 882 706 922 15,
725 884 759 916 7.
783 883 883 916 labra
906 888 943 916 et
966 883 1287 930 porriguntur
1311 885 1404 919 male
1425 891 1461 918 et
1483 884 1603 919 scin-

111 918 290 1001 3:¹3³:
316 923 379 966 11,
404 924 448 967 3,
469 924 528 959 81.
560 937 595 959 v.
621 926 764 962 Latus
785 928 815 962 1.
870 928 934 974 11)
960 934 1076 964 transl.
1105 929 1280 965 scinditur
1306 941 1383 965 vox
1412 933 1470 975 11,
1497 933 1533 974 3,
1556 934 1603 965 20

71 1006 282 1052 Sssintfflfl·
324 1034 376 1059 sc.
399 1023 494 1060 inter
517 1026 654 1061 fumum
676 1027 907 1063 emicantibus
928 1031 963 1075 8,
991 1030 1026 1074 5,
1052 1031 1100 1067 29
1122 1021 1156 1066 ἰν.
1175 1032 1343 1066 Flamin
1356 1043 1389 1066 a.

69 1075 184 1118 seio·
230 1089 437 1127 scivisse
461 1093 616 1135 (moleste
637 1094 773 1138 dictum)
798 1098 838 1140 1,
862 1096 903 1139 6,
932 1099 988 1135 17.
1035 1096 1088 1142 α)
1111 1101 1322 1142 simpliciter.-
1357 1105 1394 1135 et
1417 1099 1600 1135 intelli-

82 1130 194 1212 ¹5⁰⁸
217 1142 254 1170 et
275 1138 454 1181 sentio,
480 1145 515 1174 et
538 1141 683 1176 video
706 1153 813 1185 saepe
839 1142 936 1176 idem
958 1144 1103 1187 vslent,
1127 1147 1224 1189 quod
1251 1146 1352 1180 scio
1378 1148 1441 1188 10,
1472 1150 1514 1190 1,
1541 1149 1597 1181 13.

127 1189 186 1214 noc
219 1183 413 1218 maximum
445 1184 669 1231 ignorantiae
700 1189 833 1221 malum
869 1194 940 1231 est,
971 1190 1067 1233 qnod
1097 1190 1211 1226 credit
1243 1203 1324 1225 eum
1348 1191 1505 1234 scire,
1536 1192 1597 1237 qui

112 1234 301 1262 moneat
328 1232 385 1272 12,
408 1233 444 1273 3,
458 1234 491 1265 3.
518 1237 767 1276 praeceptores
788 1233 906 1267 sciunt
918 1234 953 1276 6,
978 1235 1039 1270 Pr.
1061 1238 1125 1278 10;
1147 1236 1200 1271 uti
1220 1237 1291 1271 scis
1309 1238 1375 1282 Ep.
1398 1237 1443 1271 ad
1457 1239 1595 1282 Tryph.

113 1274 147 1304 1·
192 1273 236 1316 β)
259 1286 292 1308 c.
318 1276 397 1319 obj.
430 1274 469 1319 a)
494 1279 589 1321 quod
612 1278 721 1312 sciam
745 1280 781 1321 9,
806 1282 838 1320 1,
869 1281 923 1314 16.
946 1281 982 1322 9,
1005 1279 1043 1323 4,
1066 1282 1126 1316 63.
1163 1289 1331 1327 quantum
1357 1294 1425 1329 ego
1453 1283 1595 1328 quidem

109 1315 220 1351 sciam
242 1321 278 1362 3,
303 1323 337 1363 1,
361 1322 417 1356 19.
445 1324 543 1366 quod
568 1323 620 1357 ini
644 1324 766 1358 diserti
786 1325 931 1359 minime
954 1325 1071 1361 sciunt
1095 1331 1152 1371 12,
1174 1330 1210 1371 6,
1234 1331 1268 1363 5.
1293 1330 1382 1363 haec
1408 1329 1595 1363 fere—in

107 1362 180 1396 hoc
202 1369 340 1409 tempus
363 1367 517 1401 sciebam
542 1371 576 1411 5,
602 1372 658 1413 12,
679 1372 712 1403 1.
737 1382 819 1403 nam
843 1377 962 1405 cetera
987 1383 1128 1417 semper
1150 1374 1237 1407 sciet
1258 1378 1312 1418 12,
1335 1376 1370 1418 9,
1394 1377 1451 1408 21.
1488 1374 1594 1409 Prin-

59 1417 62 1419 *
109 1418 207 1452 ceps,
230 1410 291 1455 qui
314 1414 392 1447 vult
412 1414 532 1447 omnia
555 1415 667 1458 scire,
691 1427 839 1450 necesse
863 1418 967 1451 habet
992 1420 1103 1452 multa
1123 1419 1312 1465 ignoscere
1334 1424 1496 1454 Domit.
1519 1421 1593 1462 As.

109 1454 156 1496 8,
183 1455 226 1497 5,
252 1458 287 1491 3.
320 1458 410 1491 nihil
442 1471 482 1494 se
511 1470 559 1493 ex
593 1461 737 1495 musicis
768 1463 862 1496 scire
891 1463 961 1498 nisi
987 1464 1108 1498 literas
1137 1469 1175 1508 1,
1202 1469 1264 1509 10,
1290 1468 1346 1501 18.
1379 1466 1469 1500 sciat
1504 1477 1592 1513 ergo

110 1511 215 1542 quam
237 1503 389 1545 plurima
413 1507 576 1548 exempla
600 1510 656 1549 12,
680 1508 716 1550 4,
740 1510 785 1550 23
823 1508 852 1541 si
877 1511 1035 1554 quaed.
1058 1511 1185 1554 justa
1206 1518 1352 1553 natura,
1379 1514 1443 1545 sed
1466 1513 1592 1546 condi-

109 1545 214 1580 cio-o
250 1553 450 1591 temporum
483 1550 683 1585 inutilia
711 1552 848 1586 civitati
876 1554 1028 1588 sciemus
1063 1559 1131 1598 12,
1154 1559 1193 1599 1,
1215 1557 1272 1591 41.
1311 1557 1357 1598 qs.
1385 1557 1443 1591 43.
1474 1560 1593 1601 quod

110 1599 236 1624 omnes
255 1592 369 1626 sciant
391 1595 565 1628 falsum
587 1599 623 1638 2,
647 1599 702 1638 10,
726 1599 769 1639 8,
794 1604 905 1632 artem
930 1611 1052 1633 earum
1075 1612 1194 1634 rerum
1219 1613 1310 1644 esse,
1336 1614 1428 1646 quae
1451 1603 1591 1637 scian-

109 1640 186 1668 tur
205 1638 242 1679 2,
267 1640 324 1680 17,
351 1639 408 1672 36.
455 1639 498 1683 b)
524 1646 563 1673 ut
585 1643 674 1675 haec
691 1652 765 1675 non
788 1643 989 1688 opinari,
1013 1647 1079 1679 sed
1105 1646 1230 1681 scire
1254 1648 1443 1682 videantur
1468 1651 1503 1691 2,
1533 1653 1590 1692 17,

108 1681 167 1715 38.
192 1693 295 1724 quam
318 1683 357 1716 id
380 1683 510 1719 scire
535 1686 643 1721 facile
666 1693 720 1721 est
742 1689 894 1733 oratori,
923 1692 1019 1735 quod
1046 1691 1251 1735 discunt,
1278 1693 1337 1737 qui
1360 1706 1424 1727 sua
1449 1705 1591 1740 quoque

107 1727 337 1762 confessione
371 1735 530 1764 oratores
558 1743 638 1766 esse
662 1744 735 1766 non
767 1741 917 1777 possunt
949 1739 1012 1779 12,
1035 1739 1077 1779 3,
1106 1739 1139 1773 9.
1173 1751 1207 1772 v.
1236 1739 1396 1774 Disco.
1424 1741 1588 1774 Nosco.

109 1771 204 1816 Quid
232 1783 343 1816 porro
368 1781 422 1808 est
444 1776 640 1820 honestius,
667 1790 772 1822 quam
797 1781 991 1824 docere,
1019 1784 1115 1826 quod
1138 1784 1271 1828 optime
1298 1785 1418 1819 scias
1443 1789 1505 1828 12,
1533 1789 1589 1829 11,

107 1818 142 1851 6.
170 1829 205 1851 u.
228 1819 406 1858 Doceo.
439 1832 506 1856 nec
543 1822 581 1856 in
619 1824 882 1870 cogitando
912 1828 1109 1871 laborabit,
1149 1835 1187 1863 et
1220 1831 1312 1874 (Sp.
1347 1831 1457 1874 sed),
1492 1833 1589 1876 quod
1639 1828 1644 1839 “

108 1862 258 1906 sciet,
286 1876 377 1899 vere
400 1865 523 1901 dicet
550 1871 613 1912 12,
636 1872 681 1911 2,
707 1873 806 1904 17Ζ.
833 1883 875 1905 ea
901 1878 937 1908 et
960 1873 1087 1908 sciet
1116 1875 1248 1919 optime
1276 1882 1311 1910 et
1335 1878 1590 1921 eloquetur

106 1914 231 1942 orator
256 1910 313 1944 Pr.
338 1913 392 1949 17,
418 1924 578 1957 quaeque
609 1921 713 1949 antea
747 1917 961 1963 scierim,
992 1931 1154 1964 quaeque
1186 1923 1291 1964 hujus
1324 1923 1443 1966 operis
1475 1923 1588 1969 gratia

106 1954 284 1998 potuerim
307 1955 552 2000 inquirere
576 1962 633 2003 12,
657 1964 714 2003 11,
737 1962 772 1996 8.
795 1963 1003 2008 sciatque
1026 1965 1088 2000 ille
1110 1968 1254 2010 mahun,
1281 1969 1376 2012 quod
1401 1975 1589 2002 tacetur

108 2001 144 2042 6,
166 2003 202 2042 3,
225 2002 259 2035 9.
310 2000 346 2047 y)
372 2015 401 2037 c.
426 2007 623 2047 Interrogor.
646 2009 767 2042 india.-
798 2009 865 2043 vix
886 2011 985 2053 scio,
1010 2011 1068 2045 cui
1095 2012 1278 2057 reliquerit
1300 2015 1406 2054 hujus
1434 2014 1589 2048 nominis

103 2047 222 2079 locum
248 2049 315 2090 12,
337 2050 384 2092 7,
407 2047 442 2083 4.
464 2049 594 2085 scire
627 2051 769 2096 quidem
793 2066 874 2088 etun
899 2056 937 2089 in
962 2068 1151 2101 summam,
1176 2059 1259 2102 quid
1286 2060 1355 2093 acti
1379 2060 1590 2102 sit,'tame.n

106 2091 280 2125 rationem
314 2104 457 2137 quoque
477 2096 564 2130 facti
587 2098 758 2142 cujusque
783 2111 1090 2146 cognoscere,
1125 2115 1172 2136 ne
1194 2111 1365 2150 gravetur
1386 2105 1429 2147 4,
1456 2108 1502 2147 2,
1527 2109 1586 2140 21.

105 2137 191 2180 quid
215 2147 356 2182 quoque
378 2140 461 2174 loco
484 2149 673 2186 quaerant,
702 2144 866 2180 scient
891 2157 960 2181 nec
992 2149 1446 2193 circumspectabunt
1470 2154 1527 2193 10,
1549 2154 1586 2194 7,

105 2185 142 2216 ti.
170 2182 214 2223 cs.
240 2185 281 2225 9,
304 2182 348 2227 4,
373 2185 432 2219 60.
462 2189 519 2230 10,
543 2191 579 2230 1,
600 2191 633 2222 2.
665 2200 783 2234 neque
804 2191 903 2235 prius
927 2194 1134 2240 contingere
1161 2206 1285 2229 cursus
1310 2202 1448 2239 potest,
1482 2208 1586 2240 quam

106 2227 313 2272 scierimus»,
353 2241 424 2274 quo
457 2232 503 2265 sit
533 2239 569 2267 et
598 2246 668 2277 qua
702 2237 983 2279 perveniendum
1012 2243 1073 2282 10,
1096 2243 1142 2283 7,
1166 2242 1200 2274 5.
1231 2253 1342 2284 quare
1366 2242 1500 2276 bonum
1526 2242 1585 2284 sit,

104 2273 193 2306 sciat
222 2277 283 2316 10,
307 2278 347 2316 2,
373 2276 429 2310 18.
454 2288 582 2311 nomen
606 2280 764 2315 fateor
789 2293 869 2316 esse
892 2294 1102 2327 commune,
1127 2290 1163 2319 et
1185 2287 1307 2329 scio,
1338 2299 1441 2331 quam
1464 2287 1584 2321 multi-

102 2318 232 2361 plicem
256 2320 410 2354 habeant
435 2321 705 2367 disputationem
728 2328 771 2370 9,
795 2331 838 2370 1,
860 2332 896 2362 7.
925 2331 1019 2364 easd.
1045 2342 1190 2374 causas,
1211 2332 1261 2365 ‘ut
1287 2333 1435 2377 quisque
1459 2333 1583 2379 egerit,

103 2363 191 2398 utile
214 2364 280 2398 erit
312 2366 404 2399 scire
428 2370 497 2411 10,
523 2373 561 2411 1,
586 2373 645 2404 23.
675 2377 714 2404 ut
741 2373 914 2419 sciamus,
944 2387 1000 2408 an
1024 2377 1222 2410 ead.'dicat
1250 2381 1313 2420 12,
1337 2380 1382 2420 8,
1408 2381 1444 2413 8.
1480 2379 1527 2420 cs.
1550 2381 1584 2421 5,

106 2412 170 2451 10,
199 2412 276 2443 122.
310 2413 558 2448 sciendum
582 2426 672 2450 vero
695 2416 733 2451 in
756 2418 894 2462 primis,
921 2421 1006 2464 quid
1033 2422 1182 2466 quisque
1205 2422 1244 2456 in
1267 2426 1404 2458 orando
1428 2425 1585 2468 postulet

101 2456 205 2488 locus
227 2457 261 2495 9,
283 2457 318 2499 3,
345 2460 421 2492 102.
468 2456 501 2501 ὃ)
525 2473 592 2505 seq.
617 2465 703 2495 Acc.
728 2475 758 2496 c.
784 2463 870 2504 Ins..-
894 2465 1066 2509 imperitis
1090 2469 1230 2511 placere
1254 2469 1464 2514 aliquando,
1493 2482 1584 2515 quae

102 2500 235 2534 vitiosa
256 2507 357 2544 sunt,
381 2503 456 2538 scio
478 2508 544 2548 12,
570 2509 634 2549 10,
658 2508 716 2543 51.
739 2508 785 2550 cs.
809 2512 866 2552 11,
890 2513 926 2554 3,
951 2513 1029 2545 118.
1055 2513 1094 2546 in
1116 2515 1244 2556 rebus,
1268 2527 1356 2558 quas
1377 2516 1478 2550 fictas
1505 2528 1584 2550 esse

101 2546 233 2581 scimus
258 2552 295 2581 et
317 2548 442 2584 inanes
468 2554 525 2594 11,
549 2553 584 2593 3,
606 2552 639 2587 5.
666 2551 711 2594 qs.
737 2554 772 2596 5,
795 2558 831 2597 7,
855 2555 890 2590 5.
913 2559 972 2600 10,
997 2560 1032 2602 2,
1061 2561 1094 2593 5.
1124 2562 1180 2601 10,
1205 2561 1239 2602 5,
1267 2564 1323 2594 22.
1343 2562 1486 2609 longam
1502 2574 1582 2596 esse

102 2594 252 2626 duorum
276 2598 475 2638 temporum
498 2603 539 2630 et
567 2599 704 2640 pueri
726 2599 883 2634 sciunt
904 2603 950 2643 9,
971 2601 1019 2646 4,
1046 2603 1103 2639 47.
1127 2616 1255 2639 verum
1278 2617 1376 2650 esse,
1412 2609 1507 2653 quod
1532 2609 1581 2641 di-

55 2638 57 2641 ’
103 2638 238 2680 cimus,
266 2641 355 2674 sciet
378 2645 435 2683 11,
459 2645 500 2684 3,
529 2645 608 2677 176.
637 2642 683 2685 cs.
708 2647 743 2687 3,
765 2647 800 2688 8,
823 2648 883 2681 67.
910 2646 983 2691 [12,
1006 2654 1043 2692 2,
1068 2652 1110 2684 31
1139 2650 1189 2695 S.]
1216 2651 1308 2686 scias
1335 2665 1416 2687 eum
1440 2653 1585 2691 sentire.

104 2695 195 2727 «puae
217 2685 304 2719 dicit
328 2689 394 2730 10,
420 2691 460 2730 1,
488 2692 566 2723 123.
589 2701 644 2722 ma
672 2689 701 2723 ‘s
727 2691 818 2725 scias
846 2710 888 2717 -
916 2704 989 2727 non
1013 2696 1090 2730 sine
1113 2708 1218 2731 causa
1246 2699 1315 2731 dici
1338 2701 1588 2741 παιδομαθεῖς

104 2739 169 2769 eos
191 2732 226 2774 1,
248 2733 306 2776 12,
326 2733 362 2768 9.
388 2733 475 2769 sciat
498 2735 605 2770 etium
631 2701 796 2773 cgitoemni
830 2739 1026 2786 placuisse,
1054 2742 1150 2777 aiio
1175 2751 1234 2777 etc.
1262 2745 1438 2792 geminata
1461 2746 1477 2778 1
1501 2745 1589 2780 scri-
