1728 3002
695 153 861 206 Similis
950 175 952 178 ’
994 136 997 139 ἢ
1454 153 1536 195 839

48 285 268 363 ima
289 273 441 365 Ψ
455 267 1242 366 ffl332.55201503·20⁹.;⁰„‡2÷32‚².⁹.222
1264 265 1527 357 {{³;0.¹¹¹.3¹·2.

51 361 185 408 Genii...-
222 366 330 408 citius
353 365 467 404 simile
502 362 634 408 aliquid
669 374 723 407 ap.
751 362 996 411 grammaticos
1028 373 1117 406 puer
1152 360 1311 396 didicerit
1344 363 1386 402 2,
1422 358 1526 410 4,·1.

51 422 209 458 quw
225 411 354 455 sii-ilia
372 416 456 449 sunt
478 409 626 456 plui-ima
654 410 696 450 9,
723 411 764 453 3,
794 408 847 443 14.
881 409 976 454 quod
1001 414 1053 442 est
1077 409 1153 450 ejus
1179 408 1312 449 figurae
1335 409 1528 440 sententia-

44 469 140 498 tum.
160 475 205 500 :-
233 458 349 498 s‘uiile
374 458 419 500 9,
442 459 486 500 3,
519 455 579 494 24.
609 453 654 496 cs.
677 455 734 490 29.
771 455 803 488 Κ
820 475 866 482 -
886 455 989 499 cujus
1029 453 1144 493 simile
1176 454 1303 488 effectu
1337 450 1527 497 specieque

49 505 79 539 K
130 515 175 556 ¹2⁸
195 515 251 549 ap.
280 499 436 540 Graecos
462 506 500 545 1,
527 501 571 544 4,
593 502 627 536 9.
652 501 731 536 veri
754 501 877 536 similis
901 501 1004 535 dolor
1024 501 1063 542 6,
1088 502 1131 543 2,
1156 501 1211 535 36.
1246 497 1291 540 cs.
1316 501 1356 551 23,
1381 498 1444 540 15,
1468 499 1526 532 32.

47 514 320 595 ,effudimus
345 548 503 594 quaestio
525 549 568 590 3,
593 549 636 590 8,
661 547 694 582 5.
726 546 912 591 respiratio
935 547 1000 581 sub
1023 557 1113 590 aqua
1137 545 1198 580 diu
1220 556 1335 591 presSi
1357 556 1386 579 s.
1405 547 1442 578 11
1456 569 1467 584 ,
1491 545 1526 583 3,

10 619 20 626 ο
43 597 113 637 ..612
136 590 200 638 28)
223 609 254 630 ο.
270 597 354 636 Dat.
380 594 414 635 a)
430 596 639 638 n'mpli'ci'iaer:
670 604 752 638 per
777 593 906 636 omnia,
921 591 1022 629 altari
1045 592 1168 627 similis
1194 593 1230 635 5,
1253 594 1288 634 2,
1315 594 1349 624 3.
1374 588 1526 633 antiquis

0 646 128 686 1<th
148 640 220 682 ,inc
240 638 376 681 efflas
401 642 437 683 5,
461 639 517 683 14,
539 641 596 675 32.
620 644 678 672 ant
701 637 884 674 similes
906 645 967 678 ant
987 637 1253 673 dissimiles
1276 635 1379 677 bonis
1409 637 1464 676 10,
1490 637 1525 677 2,

0 716 8 724 ,
38 689 82 729 ἃ.
98 685 238 731 §.iles
261 685 464 733 parentibus
489 696 534 719 ao
554 684 744 726 majoribus
767 685 839 719 suis
863 686 897 727 5,
921 678 980 728 10,
1002 683 1060 718 24.
1084 684 1190 728 idque
1213 682 1347 726 faciant
1368 699 1410 706 —
1427 680 1525 715 simi-

0 749 15 771 i·
43 731 277 771 lumfltdicia
295 735 364 776 40,
389 731 432 774 4,
458 734 491 766 3.
525 730 761 778 cogitantibus
793 737 829 766 et
852 730 1090 769 dubitantibus
1114 729 1249 765 similes
1274 738 1445 773 quaerere
1470 729 1527 771 11,

0 809 10 825 ‚
43 780 89 820 2,
110 776 170 815 47.
201 777 263 825 qui
287 778 373 813 ficii
398 777 570 820 ediscenti
593 777 716 810 similis
743 779 785 810 ib.
810 775 868 812 46.
896 777 1056 822 sequitur
1077 771 1238 823 vestigiis
1266 774 1427 820 quibusd.
1451 784 1527 808 ine-

42 823 192 869 moriani
214 824 338 858 similis
361 823 495 870 legenti
517 825 560 857 ib.
583 825 639 858 32.
662 822 861 857 Aeschines
881 843 926 848 —
942 822 1123 869 grandiori
1147 821 1291 863 similis,
1318 831 1395 865 quo
1410 820 1525 855 minus

43 869 189 910 stridat
210 875 264 904 est
291 873 355 913 10,
379 873 421 911 1,
444 873 502 908 77.
535 868 580 902 in
607 869 806 913 eloquendo
834 870 1039 913 plerumque
1062 869 1222 902 Homero
1246 867 1368 901 similis
1394 870 1460 909 10,
1489 870 1524 909 1,

43 911 183 996 δᾶὲε
203 912 265 952 74.
287 918 355 959 12,
378 918 445 958 10,
468 916 524 950 19.
558 913 623 956 42ς
663 915 833 958 plurimos
856 915 986 948 habent
1009 915 1146 948 similes
1166 911 1403 960 negligentiae
1425 923 1522 955 suae,

4 963 5 967 ’
41 965 112 1006 pan
183 960 274 998 imos
301 965 447 996 naturae
467 963 503 1004 2,
527 963 583 1002 11,
606 963 639 994 2.
663 959 711 993 iii
733 960 797 1002 iis,
823 971 915 1004 quae
938 959 1145 994 verisimilia
1170 971 1249 993 esse
1271 960 1450 1002 volumus,
1475 958 1525 991 si-

0 1043 6 1050 ·
43 1016 124 1040 nius
153 1006 223 1054 ip&
262 1006 396 1042 similes
437 1016 584 1048 eoi-uni,
629 1005 690 1049 qui
720 1016 808 1040 vere
844 1006 1043 1049 patiuntur,
1086 1006 1267 1039 affectibus
1301 1006 1344 1044 6.
1381 1007 1427 1047 2,
1455 1007 1522 1046 273

2 1080 7 1088 .
44 1053 191 1093 Neam}
208 1062 313 1094 =vvero
336 1051 451 1086 simite
474 1055 516 1094 2,
538 1050 581 1094 4,
603 1053 638 1084 2.
675 1050 846 1096 quidquid
869 1051 973 1085 alteri
1004 1051 1164 1085 simile
1188 1057 1260 1093 est,
1293 1061 1440 1090 necesse
1470 1055 1524 1084 est

0 1094 5 1111 ⁵
44 1097 192 1133 minus
214 1098 261 1133 sit
282 1109 348 1141 eo,
381 1098 475 1142 quod
501 1097 660 1131 imitatur
683 1099 747 1140 10,
769 1100 815 1139 2,
842 1099 898 1130 11.
925 1097 1011 1130 illud
1038 1097 1266 1139 comoediae,
1291 1097 1362 1131 hoc
1383 1102 1525 1144 tragoe-

0 1151 3 1162 '
43 1144 125 1185 diae
146 1143 227 1185 siin.
254 1145 300 1188 6,
320 1147 368 1187 2,
390 1145 448 1178 20.
481 1142 650 1188 quidquid
673 1148 726 1176 est
748 1142 903 1176 sermoni
926 1142 1069 1190 magis
1099 1143 1194 1177 siin.
1217 1144 1260 1185 9,
1285 1142 1329 1185 4³,
1354 1144 1432 1176 131.
1458 1153 1523 1176 no-

41 1189 191 1227 vissime
216 1189 312 1224 id—
336 1189 531 1232 inferebat.
556 1189 612 1223 cui
630 1187 743 1222 simile
761 1187 993 1222 concessisset
1018 1191 1062 1231 5,
1088 1191 1151 1228 11,
1173 1191 1206 1223 3.
1236 1187 1279 1229 cs.
1306 1189 1345 1231 5,
1377 1191 1443 1230 10,
1466 1190 1522 1224 96.

0 1243 14 1257 ··
41 1235 245 1271 stomachus
266 1235 328 1270 iue
349 1235 458 1270 habet
479 1234 610 1279 aliquid
635 1235 715 1277 joco
739 1234 855 1268 simile
875 1235 911 1274 6,
936 1236 971 1276 3,
997 1237 1076 1268 112.
1106 1234 1152 1275 cs.
1176 1238 1213 1277 7,
1236 1236 1272 1276 8,
1299 1237 1330 1268 1.
1360 1235 1444 1268 huic
1472 1233 1523 1268 si-

42 1281 128 1317 mite
150 1286 221 1321 est,
244 1281 342 1328 quod
361 1281 401 1316 iii
424 1280 572 1327 epilogis
599 1281 739 1325 quidam
761 1300 807 1306 -
832 1281 1099 1314 accommodant
1122 1283 1166 1323 7,
1189 1284 1231 1321 2,
1257 1280 1322 1314 56.’
1345 1280 1390 1321 cf.
1421 1284 1458 1322 1,
1487 1280 1521 1323 5,

41 1319 102 1362 72'.
131 1326 259 1372 qifflits
283 1326 412 1363 similia
441 1326 548 1362 etiam
574 1325 612 1360 iii
635 1337 723 1361 vera
745 1337 864 1360 rerum
887 1326 1095 1370 quaestione
1120 1331 1315 1360 tractantur
1337 1329 1372 1369 7,
1395 1326 1437 1367 4,
1465 1329 1521 1360 11.

0 1379 14 1404 T
39 1371 89 1452 g
112 1373 155 1415 8,
181 1373 223 1417 3,
245 1373 303 1408 76.
349 1371 387 1416 b)
413 1385 443 1406 c.
469 1374 579 1407 Satist.
599 1373 770 1416 junctum.-
805 1373 959 1408 Alcaeus
978 1392 1023 1399 —
1045 1374 1253 1417 plerumque
1275 1371 1408 1408 oratori
1433 1373 1518 1417 (Sp.

11 1427 14 1431 ’
65 1418 216 1462 ¹otnero)
240 1418 364 1453 similis
391 1421 455 1461 10,
484 1421 518 1460 1,
541 1418 586 1452 63
603 1420 638 1452 S.
664 1423 738 1452 arte
762 1418 922 1462 dicendi,
944 1420 1038 1453 bona
1063 1419 1226 1463 quidem,
1250 1420 1315 1453 sed
1340 1419 1440 1453 malis
1465 1431 1524 1454 ar-

15 1460 135 1508 „flbffl
158 1475 187 1500 s.
214 1466 275 1508 12,Ι
296 1467 330 1507 1,
353 1462 411 1498 41.
438 1464 655 1497 subabsurda
679 1470 845 1501 constant
865 1465 978 1499 stultis
1002 1465 1108 1499 simili
1127 1465 1324 1498 imitatione
1347 1466 1382 1508 6,
1403 1469 1434 1500 3.
1461 1468 1519 1502 99.

0 1509 8 1516 ’
30 1504 179 1543 ‘initium
206 1510 284 1554 ejus
310 1510 484 1551 (orationis
506 1523 540 1552 p.
570 1510 715 1553 ciuem.)
738 1511 918 1553 partitioni
940 1523 968 1544 s.
991 1517 1045 1544 est
1070 1511 1105 1553 9,
1125 1512 1162 1551 4,
1184 1512 1246 1549 92.,
1266 1511 1393 1544 librum
1417 1524 1444 1545 s.
1463 1512 1520 1555 iis,

0 1579 5 1586 .
40 1554 103 1597 qui
125 1554 219 1588 risus
246 1554 359 1601 gratia
382 1561 641 1598 componuntur
665 1556 707 1596 6,
731 1557 774 1597 3,
801 1557 857 1589 65.
894 1557 1073 1590 ebriorum
1107 1563 1167 1589 aut
1189 1557 1451 1591 comissantium
1475 1559 1520 1592 li-

0 1599 6 1609 *
41 1597 182 1634 cei‘ifiao
205 1610 236 1637 s.
264 1598 477 1642 (modulatio)
506 1602 569 1641 11,
593 1602 634 1642 3,
661 1602 718 1633 57.
753 1602 842 1634 adeo
870 1612 898 1635 s.
928 1608 980 1635 est
1014 1601 1080 1634 arti
1102 1602 1310 1646 plerumque
1340 1609 1463 1637 natura
1486 1606 1520 1645 8,

16 1684 18 1686 ,
39 1645 164 1686 3,“86-
191 1646 271 1679 e'am
296 1643 505 1687 (orationem)
530 1644 678 1678 similem
709 1646 838 1691 agmini
862 1654 924 1679 etc.
947 1648 993 1688 8,
1018 1647 1058 1689 6,
1086 1646 1133 1680 42
1154 1649 1190 1680 S.
1227 1649 1375 1682 verbum
1405 1651 1519 1684 verbo

18 1689 201 1735 ¹simile
225 1694 286 1723 aut
306 1699 404 1723 non
434 1689 671 1723 dissimile
694 1692 728 1731 9,
754 1693 787 1733 3,
811 1692 867 1725 75.
892 1703 1017 1725 versus
1041 1703 1180 1735 semper
1203 1705 1220 1726 s
1256 1693 1323 1727 sibi
1347 1700 1402 1728 est
1423 1696 1458 1737 9,
1482 1695 1518 1737 4,

40 1735 98 1770 60.
125 1735 183 1770 cui
202 1734 296 1770 vitio
319 1747 349 1768 s.
379 1735 423 1768 sit
446 1736 588 1768 schema
609 1736 645 1775 9,
671 1738 704 1773 3,
734 1739 797 1778 10;
825 1737 917 1770 actio
940 1738 1102 1770 suadenti
1125 1750 1153 1771 s.
1175 1742 1209 1780 7,
1230 1738 1263 1775 4,
1287 1742 1343 1773 27.
1370 1739 1517 1783 (manus)

40 1779 177 1816 secanti
200 1791 230 1815 s.
258 1782 315 1822 11,
340 1782 374 1821 3,
398 1781 486 1822 1193
511 1780 664 1814 animum
686 1781 840 1823 judicum
867 1782 1016 1816 similem
1040 1783 1106 1825 iis,
1135 1795 1225 1827 quae
1255 1784 1360 1828 dicit,
1386 1787 1517 1820 efficiat

41 1829 87 1868 2,
112 1828 153 1868 5,
179 1827 212 1860 8.
260 1824 295 1868 ε)
320 1826 389 1867 adj.
417 1828 545 1859 inter.-
568 1837 627 1859 res
650 1826 743 1860 inter
768 1838 807 1860 se
830 1827 963 1862 similes
986 1829 1020 1871 9,
1039 1831 1073 1870 2,
1097 1830 1152 1863 51.
1176 1830 1337 1864 homines
1360 1831 1453 1865 inter
1478 1843 1518 1866 se

41 1881 175 1919 genere
198 1870 318 1912 sim„
344 1870 630 1905 differentes
652 1871 771 1916 specie
790 1875 846 1914 12,
876 1876 930 1915 10,
954 1877 1010 1908 22.
1034 1875 1182 1918 sublata,
1207 1876 1334 1917 deleta,
1358 1877 1516 1911 extincta

1 1948 3 1950 .
41 1923 123 1952 sunt
147 1915 243 1950 inter
273 1927 312 1949 se
346 1915 492 1957 similia,
523 1918 585 1950 sed
611 1927 685 1951 non
716 1917 820 1951 etiam
853 1918 1029 1962 prioribus
1051 1921 1094 1962 9,
1119 1923 1161 1962 3,
1185 1920 1242 1956 49.
1297 1919 1341 1964 ζ)
1368 1925 1399 1955 in
1425 1926 1516 1957 brevi

42 1963 344 2005 comprehensione.-
368 1969 406 1994 iit
428 1961 641 2006 Dionysium
664 1961 827 1997 Corinthi
850 1975 947 2007 esse,
976 1983 1018 1989 —
1043 1965 1092 1999 ita
1114 1966 1264 2010 plurima
1293 1967 1418 2001 similia
1445 1969 1516 2003 dici

40 2007 284 2052 possiin18,6,
302 2007 358 2040 52.
375 2006 427 2040 sio
451 2010 613 2050 ignavi,
637 2014 673 2042 et
697 2012 854 2053 erepti,
879 2016 925 2044 et
950 2010 1132 2044 similia
1157 2015 1188 2054 1,
1208 2014 1242 2053 5,
1269 2014 1325 2047 69.
1348 2013 1392 2054 qs.
1419 2017 1452 2056 1,
1476 2015 1513 2057 6,

6 2058 8 2062 “
39 2058 76 2089 2.
99 2057 158 2087 21.
183 2056 220 2093 2,
245 2050 281 2094 4,
303 2052 360 2086 26.
385 2054 420 2094 3,
443 2054 476 2094 5,
502 2054 556 2087 16.
581 2055 614 2095 5,
639 2056 694 2097 10,
718 2056 772 2087 20.
799 2055 833 2096 5,
858 2058 914 2097 12,
940 2059 995 2090 12.
1019 2063 1054 2090 et
1077 2059 1166 2090 haec
1183 2059 1322 2101 quidem
1348 2071 1389 2092 ac
1413 2059 1513 2093 simi-

38 2100 88 2134 lia
115 2099 152 2139 5,
181 2100 249 2139 10,
268 2098 326 2131 38.
356 2098 446 2131 haec
469 2099 546 2131 fere
567 2104 628 2131 aut
653 2099 709 2132 his
733 2099 861 2133 similia
882 2103 917 2142 5,
948 2104 1004 2144 10,
1027 2104 1083 2135 31.
1108 2102 1276 2145 latitatio,
1303 2110 1435 2147 metus,
1463 2106 1514 2139 si-

20 2144 137 2179 =1uilia
158 2147 195 2185 7,
221 2146 258 2186 2,
279 2141 336 2177 46.
361 2144 406 2176 de
427 2143 668 2188 philosophia,
696 2146 741 2178 de
763 2157 853 2188 rep„
877 2146 1046 2180 similibus
1072 2149 1107 2189 9,
1131 2147 1166 2190 4,
1191 2150 1246 2183 19.
1273 2149 1318 2189 cs.
1346 2152 1380 2190 5,
1403 2151 1459 2184 Pr.
1478 2155 1511 2184 1.

0 2189 98 2232 3211,
117 2191 157 2230 »3,
181 2189 258 2222 153.
279 2199 348 2221 nec
372 2188 671 2223 mbimliswodo
694 2197 752 2223 aut
775 2191 931 2235 exedris,
958 2194 1019 2226 sed
1044 2193 1166 2227 statuis
1190 2194 1297 2227 etiam
1324 2195 1512 2230 similibus-

21 2246 112 2279 ‘que
138 2236 193 2275 11,
219 2236 255 2276 2,
281 2235 337 2266 20.
367 2233 406 2266 in
430 2234 670 2268 Gracchorum
694 2235 909 2280 Catonisque
932 2244 966 2270 et
996 2238 1146 2272 aliorum
1170 2239 1336 2274 similium
1356 2242 1510 2276 lectione

41 2284 77 2322 2,
101 2281 136 2320 5,
161 2281 217 2313 21.
245 2277 441 2323 similiaque
464 2279 519 2313 his
543 2281 578 2322 9,
604 2279 638 2322 4,
666 2279 721 2314 43.
750 2287 787 2315 et
808 2282 864 2316 his
886 2282 1012 2317 similia
1030 2287 1064 2325 1,
1083 2287 1119 2326 7,
1146 2285 1189 2319 16
1210 2289 1252 2319 Z.
1277 2285 1312 2328 4,
1341 2291 1375 2329 2,
1398 2290 1442 2320 22
1461 2290 1506 2322 Ν.

8 2326 247 2406 *952.25,261.1,
271 2323 328 2359 44.
357 2330 394 2358 et
415 2323 532 2369 aliqua
557 2325 613 2360 his
635 2326 762 2361 similia
787 2330 845 2371 11,
867 2330 902 2372 3,
924 2330 981 2364 89.
1015 2341 1177 2374 quaeque
1204 2337 1284 2365 sunt
1307 2332 1362 2366 his
1385 2333 1510 2368 similia

60 2395 71 2412 9
117 2395 129 2413 2

85 2458 143 2502 11)
179 2461 366 2514 Comparat-
398 2467 430 2494 et
462 2462 652 2515 §apennia
685 2462 808 2517 nescio
842 2474 888 2496 an
924 2464 996 2516 tilla
1032 2464 1180 2518 similior
1212 2467 1257 2500 sit
1289 2468 1505 2504 orationibus

15 2542 22 2556 Ὗ,
36 2505 154 2559 {quarn
177 2506 516 2559 nuqua'comoedia)
541 2508 598 2558 10,
622 2510 653 2548 1,
674 2509 730 2542 65.
748 2514 941 2560 ‘quaeratur
964 2511 1110 2562 similius
1137 2512 1268 2555 ahquid
1292 2516 1346 2553 12,
1367 2517 1422 2557 10,
1439 2519 1502 2558 22;

5 2561 231 2603 {imaginem-
251 2552 352 2603 galli,
388 2562 446 2584 cui
467 2552 611 2585 Mancia
632 2557 707 2586 tum
729 2555 924 2587 simillimus
950 2560 1003 2588 est
1026 2567 1124 2590 visus
1146 2558 1180 2595 6,
1203 2560 1236 2598 3,
1259 2560 1314 2593 38.
1348 2560 1411 2604 qni
1434 2561 1504 2595 sint

15 2596 95 2630 ‘this
117 2595 282 2648 simillimi
307 2599 362 2636 10,
388 2599 420 2639 1,
444 2595 503 2631 45.
528 2596 572 2637 cs.
597 2599 653 2632 39.
678 2598 872 2633 simillimus
893 2600 976 2633 huic
1001 2601 1221 2644 (imperatori)
1246 2604 1290 2637 sit
1313 2606 1504 2641 advocatus

28 2644 111 2684 212,
133 2643 176 2684 3,
197 2642 232 2675 6.
263 2653 308 2694 ¹.¹¹
332 2643 559 2694 declamando
584 2655 687 2696 quam
712 2644 1024 2698 simillimum-esse
1050 2648 1190 2682 veritati
1217 2652 1280 2691 10,
1303 2651 1343 2692 5,
1368 2654 1424 2685 21.
1457 2653 1501 2693 qs.

41 2688 88 2736 2,
114 2689 178 2727 10,
200 2686 236 2720 4.
268 2694 458 2730 inopinatis
483 2689 724 2731 eruptionibus
752 2696 789 2725 et
807 2702 1002 2726 incursioni
1027 2703 1078 2727 ex
1101 2693 1237 2728 insidiis
1259 2696 1372 2731 factae
1395 2697 1504 2732 simil-

40 2731 166 2767 timum
184 2733 228 2777 6,
250 2732 366 2779 4,·14
382 2735 424 2770 G.
454 2735 732 2772 v.1ncursio.
1324 2755 1330 2757 >
