1728 3002
164 154 247 193 618
711 149 892 192 ostento
923 174 979 217 —.
1008 150 1183 194 Pactum

206 270 433 310 comparetur
457 263 668 300 declamatio
689 267 724 307 2,
750 267 806 308 10,
832 267 888 300 10.
918 277 976 301 res
998 267 1126 310 procul
1149 266 1193 301 ab
1217 264 1454 309 ostentatione
1480 267 1615 314 positas
1638 270 1721 304 Pr>

206 311 242 347 4.
291 313 338 346 Ut
364 323 548 347 causarum
573 311 714 355 ‹suidem
740 321 872 358 genera
893 311 962 347 tria
994 312 1086 357 sint,
1118 313 1184 347 sed
1214 324 1258 348 ea
1289 319 1365 349 tum
1397 314 1438 350 in
1466 315 1697 363 negotiis,

205 364 281 392 tum
303 358 342 392 in
367 364 451 392 ost.
483 358 600 402 posita
627 359 662 400 3,
689 356 723 400 4,
755 357 810 392 14.

159 402 355 446 ostento·
403 427 494 460 quae
519 414 826 449 circumstantibus
850 420 1100 450 ostentare
1125 417 1312 460 volumus,
1339 412 1518 461 *judicibus
1540 417 1700 462 prodi-

203 473 304 496 mus
329 460 365 504 4,
387 464 527 504 2,127;
555 472 698 496 omnem
723 467 919 496 artemnon
946 462 1188 497 confiteri
1211 463 1333 506 modo,
1360 464 1424 498 sed
1448 468 1698 499 ostentare

202 508 308 542 etiam
333 511 366 550 2,
392 510 447 551 10,
474 511 514 541 11
542 520 574 541 v.
600 508 696 542 Ars.
743 507 888 542 minime
921 508 1091 542 ostentari
1122 509 1229 543 debet
1259 508 1299 543 in
1329 509 1514 554 principiis
1545 520 1630 545 cura
1660 509 1698 550 4.

202 558 237 597 1,
263 554 320 589 56.
369 565 460 598 quae
485 553 726 599 (eloquentia)
750 565 795 588 ne
820 554 1005 588 minimum
1037 554 1181 599 quidem
1209 555 1249 589 in
1278 566 1319 590 se
1345 555 1515 590 indicium
1550 556 1701 593 masculi

201 607 238 635 et
260 600 457 644 incorrupti
485 616 528 623 —
552 600 624 635 viri
659 605 813 635 ostentet
843 600 938 645 (Sp.
974 620 1018 627 —
1051 600 1135 643 det)
1169 600 1203 643 5,
1239 603 1296 643 12,
1330 604 1389 636 20.
1435 601 1698 646 philosophiam

201 658 250 682 ex
276 647 440 691 professo
465 646 723 680 ostentantibus
749 649 804 691 11,
838 651 872 691 1,
901 648 967 690 333
1000 648 1084 681 dum
1120 652 1302 682 ostentare
1335 647 1528 693 discipulos
1561 648 1699 683 circa

200 692 421 738 speciosiora
443 694 580 727 malunt
604 696 638 737 1,
662 692 696 735 4,
721 695 780 727 22.

153 737 375 781 ostiatim.
422 752 524 786 velut
546 756 613 785 ost.
641 751 814 795 pulsanda
838 749 872 794 5,
903 752 962 794 10,
988 753 1067 785 122.

151 795 348 838 OtiosuS.
396 807 477 849 1)1·.
506 822 537 854 q.
564 821 736 842 vacuus
765 821 787 841 a
812 810 1029 851 negotiis:
1064 813 1158 842 artes
1182 818 1203 842 a
1225 806 1409 842 securis
1436 806 1696 851 otiosisque

197 853 418 898 compositae
449 855 483 897 5,
525 857 590 898 13,
626 855 685 890 59.
735 859 783 889 ot.
819 855 994 889 lectorem
1027 853 1063 897 4,
1095 857 1130 898 2,
1166 853 1224 890 45.
1257 854 1358 890 velut
1381 859 1432 888 ot.
1456 853 1612 887 animum
1635 855 1694 896 11,

195 904 232 943 2,
258 903 315 935 33.
364 906 412 935 ot.
438 912 563 935 manus
591 904 646 944 11,
671 902 706 943 3,
733 903 811 935 107.
859 911 923 944 pes
959 906 1011 934 ot.
1047 904 1081 944 1,
1124 902 1182 943 12,
1218 901 1259 941 33
1300 900 1362 945 qui
1393 911 1434 934 se
1465 909 1541 933 non
1568 898 1695 934 otiosis

197 946 517 991 disputationibus,
557 948 622 982 sed
651 946 944 981 administrationi
979 946 1069 990 reip.
1105 946 1283 981 dediderit
1319 949 1376 990 11,
1412 949 1446 989 1,
1481 947 1539 982 35.
1586 944 1639 988 ΙΙ)
1663 958 1694 980 c.

195 995 462 1036 reprehensione.
516 994 558 1035 α)
602 996 624 1027 ἰ.
661 1007 692 1038 q.
727 1006 1060 1036 supervacuus.-
1108 1003 1177 1040 ego
1210 998 1258 1027 ot.
1292 1003 1496 1027 sermonem
1525 989 1694 1034 dixerim,

195 1051 304 1085 quem
331 1040 473 1073 auditor
497 1050 563 1075 suo
588 1039 734 1086 ingenio
759 1039 927 1087 intelligit
952 1041 988 1081 8.
1015 1042 1050 1082 2,
1077 1040 1121 1074 19
1154 1040 1202 1073 Ν.
1238 1037 1285 1080 cs.
1317 1042 1350 1082 1,
1388 1041 1445 1083 12,
1484 1038 1550 1080 18,·
1597 1037 1696 1084 Quid

194 1086 291 1120 enim
315 1086 461 1123 attinet.
485 1085 639 1128 judicem
664 1097 895 1130 praeparare,
930 1085 990 1130 qni
1015 1086 1132 1118 nullus
1157 1085 1237 1119 est?
1262 1095 1420 1128 narrare,
1447 1084 1544 1128 quod
1567 1093 1694 1117 omnes

195 1133 311 1166 sciant
335 1131 494 1165 falsum?
534 1140 595 1166 erc.
641 1133 686 1165 Et
713 1134 802 1166 baec
826 1132 970 1176 quidem
995 1131 1111 1166 otiosa
1134 1136 1283 1165 tantum.
1318 1134 1355 1175 2,
1388 1132 1444 1172 10,
1474 1130 1509 1165 8.
1540 1141 1575 1164 v.
1615 1129 1692 1164 Su-

193 1190 389 1222 per-sum.
443 1178 531 1211 nihil
555 1178 709 1212 otiosum
732 1178 802 1223 pati
827 1181 862 1221 2,
896 1179 928 1218 5,
959 1181 982 1212 7
1017 1179 1053 1211 S.
1099 1182 1171 1212 tam
1201 1178 1345 1211 densa
1372 1175 1512 1218 omnia,
1543 1191 1588 1200 —
1619 1180 1691 1209 tam

191 1225 282 1258 nihil
312 1225 515 1257 otiosum
547 1227 604 1267 10,
631 1227 663 1267 1,
686 1225 743 1259 76.
791 1235 865 1258 non
891 1235 970 1258 esse
995 1224 1130 1266 otiosa,
1170 1234 1261 1267 quae
1295 1223 1461 1257 dicuntur
1490 1222 1526 1264 8,
1559 1223 1594 1264 3,
1629 1222 1688 1256 89.

192 1270 236 1312 ej:
264 1273 298 1312 8,
323 1270 358 1311 4,
385 1271 428 1303 16
453 1282 485 1303 v.
509 1270 848 1306 Necessarius.
875 1276 924 1304 ot.
956 1269 1150 1304 sententias
1178 1273 1211 1312 1,
1231 1272 1263 1312 1,
1283 1270 1340 1304 35.
1367 1268 1411 1312 β)
1433 1270 1456 1302 ἰ.
1482 1280 1515 1312 q.
1540 1269 1687 1300 iners:

189 1317 364 1350 tristes
389 1327 430 1348 ac
454 1316 604 1358 jejuni
633 1317 833 1349 Pollionem
857 1318 1088 1358 aemulantur,
1120 1315 1271 1349 otiosi
1294 1320 1331 1349 et
1355 1314 1522 1358 supini,
1549 1313 1578 1347 si
1603 1311 1689 1357 quid

186 1364 296 1398 modo
320 1361 461 1406 longius
493 1361 829 1404 circumduxerunt,
861 1363 999 1405 jurant,
1041 1361 1091 1394 ita
1115 1360 1330 1395 Ciceronem
1350 1362 1552 1394 locuturum
1577 1358 1690 1393 fnisse

189 1413 253 1452 10,
290 1411 331 1449 2,
367 1410 424 1441 17.

141 1454 306 1497 Otium.
353 1465 498 1498 labor
527 1475 572 1497 an
597 1462 742 1497 otium
763 1466 798 1506 7,
826 1464 860 1504 2,
875 1460 942 1495 Ἰ4.
991 1471 1101 1508 segne
1128 1466 1178 1498 ot.
1202 1461 1238 1504 8,
1261 1461 1298 1503 6,
1320 1461 1380 1495 2⁷.
1403 1459 1468 1494 otii
1493 1466 1687 1495 consuetu-

186 1514 305 1548 dinem
322 1508 363 1554 '1‚
391 1513 426 1552 3,
454 1513 507 1544 11.
554 1509 647 1543 inter
671 1509 761 1544 otia
785 1508 984 1542 animorum
1008 1514 1044 1541 et
1067 1518 1178 1552 spes
1202 1507 1327 1541 inanes
1350 1507 1384 1550 6,
1415 1509 1451 1550 2,
1476 1509 1534 1541 30.
1563 1506 1685 1552 inqui-

185 1561 300 1596 rendo
324 1557 587 1600 scribendoque
611 1555 694 1589 talia
717 1556 946 1588 consolemur
969 1553 1082 1588 otium
1108 1558 1269 1587 nostrum
1302 1555 1337 1596 2,
1375 1554 1432 1596 12,
1468 1555 1523 1586 12.
1558 1553 1684 1588 dabam

184 1608 229 1643 iis
258 1607 375 1646 (libris
403 1601 508 1646 meis)
536 1602 671 1645 otium,
706 1607 746 1635 ut
781 1600 996 1647 refrigerato
1026 1598 1246 1638 inventionis
1284 1609 1430 1641 amore,
1479 1598 1683 1646 diligentius

183 1651 357 1697 repetitos
385 1655 552 1693 tauquam
575 1649 690 1682 lector
713 1648 973 1691 perpenderem
998 1646 1063 1690 Ep.
1090 1646 1135 1679 ad
1167 1645 1308 1689 Tryph.
1345 1647 1380 1679 2.
1411 1644 1530 1679 datum
1552 1645 1683 1680 fabulis

185 1706 235 1734 ot.
275 1701 331 1740 12,
356 1700 412 1738 11,
441 1696 496 1729 18.
533 1706 599 1728 nec
630 1700 679 1727 ot.
714 1693 847 1737 patitur
885 1690 1088 1735 (cogitatio)
1124 1693 1191 1733 10,
1226 1691 1270 1734 6,
1306 1692 1340 1724 1.
1388 1689 1481 1724 sicut
1513 1691 1682 1735 athletae,

183 1745 334 1781 remissa
364 1759 410 1764 --
446 1741 609 1775 ciborum
652 1745 757 1784 atque
781 1738 1080 1774 exercitationum
1104 1745 1203 1772 certa
1232 1736 1551 1782 necessitate,
1583 1737 1682 1772 otio

182 1791 391 1827 reficiuntur
416 1790 471 1831 10,
498 1788 532 1830 5,
559 1789 615 1834 15.

136 1838 295 1881 Ovum·
352 1857 427 1881 non
451 1856 561 1881 ovlun
590 1849 661 1878 tam
685 1841 801 1878 simile
825 1852 910 1878 0v0.
939 1839 1280 1886 proverbiumfi,
1307 1841 1363 1884 11,
1385 1841 1432 1874 30
1458 1840 1507 1874 N.

888 1955 940 2003 Ρ.

134 2077 183 2118 P·
237 2089 273 2122 Ρ.
301 2085 342 2121 c.
370 2087 403 2129 3,
426 2086 462 2128 8,
488 2085 531 2120 19
556 2095 589 2117 v.
618 2083 752 2116 Pater
778 2087 864 2114 extr.
1640 2058 1662 2109 f

133 2132 357 2176 Pabulum.
404 2141 521 2177 viride
545 2153 580 2184 p.
611 2143 648 2184 2,
674 2141 730 2183 10,
755 2139 790 2173 6.
817 2136 923 2171 alitur
945 2141 1015 2180 atq.
1045 2134 1221 2179 enitescit,
1246 2135 1347 2171 velut
1359 2135 1491 2180 pabulo
1513 2134 1676 2180 laetiore,

181 2190 352 2224 facundia
378 2191 433 2230 10,
458 2189 492 2230 5,
520 2187 574 2219 14.
1478 2218 1506 2233 ¹⁷

131 2235 399 2277 Pacific'dtor·
462 2244 524 2278 ille
549 2241 702 2285 habitus,
728 2240 789 2286 qui
814 2251 893 2275 esse
910 2240 948 2273 in
972 2237 1094 2273 statuis
1118 2237 1324 2281 pacificator
1347 2238 1440 2272 solet
1467 2239 1523 2281 11,
1541 2239 1576 2281 3,
1595 2239 1675 2274 119.

131 2293 345 2334 paciscor.
401 2300 563 2348 pepigi
589 2307 618 2333 et
642 2303 812 2343 pactus
841 2309 938 2331 sum
974 2299 1008 2339 1,
1037 2296 1082 2338 6,
1117 2297 1173 2329 10.
1217 2295 1257 2328 fit
1290 2300 1410 2328 tamen
1444 2305 1526 2339 spes
1555 2294 1676 2347 aliqua

179 2350 410 2392 clementiae,
448 2359 522 2381 non
549 2347 687 2390 palam,
715 2356 761 2379 ne
787 2344 1030 2388 paciscamur,
1063 2341 1127 2375 sed
1159 2352 1222 2385 per
1258 2341 1433 2385 quandam
1466 2340 1674 2375 credibilem

178 2396 419 2439 suspicionem
441 2396 478 2437 9,
505 2397 539 2436 2,
568 2395 623 2427 90.
675 2391 757 2435 quia
782 2396 876 2424 esset
900 2395 1023 2433 pactus
1052 2388 1085 2426 6.
1111 2389 1146 2430 3,
1171 2389 1227 2421 53.
1273 2385 1477 2431 paciscendi
1498 2387 1560 2421 ille
1576 2386 1674 2431 pira—

177 2441 268 2475 ticus
296 2452 374 2475 mos
399 2441 458 2485 (in
485 2438 620 2480 litibus)
650 2440 706 2480 12,
732 2440 766 2479 7,
795 2439 834 2470 11
862 2437 932 2478 Ν.;
973 2434 1140 2467 mercede
1167 2438 1269 2477 pacta
1298 2435 1354 2477 11,
1377 2435 1414 2475 2,
1441 2435 1498 2467 11.
1655 2473 1658 2474 ⁷

131 2485 391 2527 Pacisciilus.
439 2497 666 2539 Acisculum,
713 2493 795 2539 quia
835 2497 932 2527 esset
970 2497 1116 2536 pactus,
1162 2490 1386 2524 Pacisculum
1426 2487 1600 2532 (dicium)
1637 2490 1674 2528 6,

179 2545 199 2576 3
307 2567 316 2576 .

130 2545 302 2679 1³2⁰,thss
333 2598 521 2679 gpctiones
553 2598 608 2642 (a.
641 2602 663 2631 l.
695 2594 887 2650 flcfiones)
918 2593 1173 2639 deponentium
1220 2590 1409 2636 imperium
1439 2575 1671 2636 tyrannorum

131 2669 321 2732 Pac’tuni·
367 2701 433 2734 sub
457 2705 560 2745 pacto
594 2699 799 2735 abolitionis
825 2700 862 2744 9,
885 2700 921 2743 2,
952 2699 1008 2733 97.
1047 2708 1082 2732 υ.
1117 2694 1351 2740 Scriptum
1386 2694 1452 2729 111.
1497 2690 1667 2726 sudico

177 2748 214 2790 1,
248 2758 282 2792 y.
