1742 2964
165 161 249 201 960
315 176 317 178 ·
728 136 934 217 Vinctum
962 187 1018 194 —
1047 148 1127 206 Vi'r

164 261 392 330 Vinctum-p
423 273 544 310 vineta
578 275 696 309 colant
719 278 762 319 1,
786 278 851 320 12,
875 280 912 312 7.

163 329 340 372 Vinum.
384 343 600 380 Liberum
637 354 704 388 pro
743 342 863 378 vino
892 344 1093 392 licentius,¹
1109 357 1215 390 quam
1238 346 1290 382 uti
1312 346 1384 382 fori
1406 344 1578 390 seueritas
1601 344 1701 386 ferat*

207 391 247 431 8,
273 390 317 431 6,
341 387 399 422 24.
423 389 499 424 vini
523 388 668 424 inventa
691 389 729 423 in
755 389 885 424 Libero
909 391 1172 436 (ostenduntur)
1195 395 1217 428 3
1262 397 1297 437 7,
1321 395 1364 436 8;
1389 395 1535 430 humida
1553 407 1592 432 v.
1619 397 1692 441 (ap.
1737 408 1742 410 ⁷

204 434 351 479 poetas)
376 436 416 477 8,
440 436 482 478 6,
506 434 553 469 40
574 436 618 469 Ν.
650 437 764 469 trahat
793 436 875 470 inde
906 436 975 480 (de
998 439 1109 480 horis)
1139 458 1185 465 —
1209 451 1230 474 e
1274 440 1400 476 vinum
1432 446 1468 476 et
1499 435 1693 490 flaffitiosus

208 480 306 517 omni
329 491 460 527 genere
488 482 709 525 voluptatum
740 482 876 515 animus
903 486 970 526 12,
997 486 1059 527 11,
1087 486 1143 519 18.
1176 491 1272 523 tanta
1296 487 1354 522 vis
1379 486 1448 521 snit
1475 487 1552 523 vini
1575 498 1694 523 erum-

207 527 323 573 pentis
348 528 394 570 8,
422 526 465 570 4,
500 530 557 562 17.
593 528 779 562 detrahere
814 529 1011 563 doctrinam
1041 530 1196 574 aliquid,
1228 538 1268 566 ut
1295 550 1339 556 -
1362 533 1450 568 vino
1481 536 1692 569 vetustatem

206 577 241 616 2,
269 576 324 616 12,
351 574 384 607 8.
407 584 518 608 voces
541 584 606 617 per
630 574 754 608 vinum
779 575 927 609 emissae
951 576 986 617 5,
1013 579 1046 619 7,
1071 578 1127 612 36.
1159 578 1296 613 humus
1313 584 1388 612 erat
1410 579 1585 615 lutulenti
1603 582 1710 616 vino.

210 622 294 654 Cic.
320 620 361 662 8,
387 622 432 661 3,
456 620 513 653 66.
539 619 627 655 vino
652 620 822 664 impulsus
846 620 888 663 4,
914 624 954 664 2,
979 623 1036 655 71.
1061 634 1108 656 ex
1131 623 1220 659 vino
1242 624 1453 661 vacillantes
1479 629 1564 662 Cic.
1586 627 1631 672 8,
1655 629 1691 670 3,
1732 643 1735 647 ·

204 666 262 701 66.
287 672 367 710 pars
391 665 487 701 vitae
510 665 550 699 in
572 666 660 700 vino
685 666 901 700 consumitur
929 670 961 710 1,
991 670 1047 711 11,
1073 668 1130 704 15.
1612 686 1614 688 ’

163 723 285 779 [Vio.
331 733 412 769 vio
435 744 501 778 pro
526 743 579 768 eo
604 734 783 768 infelicius
809 734 970 780 (fictum)
999 737 1042 779 s,
1067 737 1109 780 6,
1133 738 1179 772 33
1204 739 1252 772 N.
1281 719 1384 795 osset
1408 737 1463 782 s]

162 789 401 883 Vffileztia.
441 802 494 836 illi
524 803 619 837 hanc
651 803 746 840 vim
779 805 980 849 appellant,
1021 815 1112 850 quae
1148 810 1202 840 est
1236 805 1354 852 potius
1384 805 1630 863 violentia
1657 793 1692 850 2,

262 875 272 891 ,
346 874 354 882 .

157 904 400 948 Violentus.
448 928 482 950 v.
511 917 656 954 Trux,

162 971 307 1015 Violo.
356 983 556 1020 violeturne
580 987 743 1031 majestas
771 989 832 1031 10,
862 988 903 1031 5,
928 990 984 1024 13.
1008 988 1232 1024 matrimonia
1252 987 1387 1026 violata
1411 976 1454 1031 5,
1478 989 1542 1031 11,
1565 988 1600 1024 9.

161 1040 259 1083 Vlr·
305 1051 348 1096 Ι)
373 1061 524 1096 respectu
552 1067 662 1088 sexus.
703 1054 749 1097 α)
772 1055 860 1090 mihi
892 1068 998 1092 nemo
1029 1069 1104 1092 non
1129 1058 1187 1094 vir
1210 1059 1370 1102 spadone
1400 1055 1594 1090 formosior
1621 1046 1728 1091 erit.x

205 1101 246 1137 5,
272 1102 336 1142 12,
367 1100 424 1136 19.
458 1101 560 1144 quale
585 1100 820 1144 (exemplum)
854 1102 1064 1138 libidinosus
1099 1104 1166 1148 (Z.
1191 1102 1371 1146 libidinis)
1404 1102 1480 1138 vir
1502 1104 1627 1137 Perses
1649 1102 1688 1136 in

205 1145 407 1179 muliere
436 1146 552 1179 Samia
578 1146 763 1181 instituere
792 1160 897 1183 ausus
922 1150 1050 1184 dicitur
1073 1150 1204 1194 primus
1225 1151 1259 1192 3,
1281 1153 1316 1192 7,
1338 1152 1382 1183 21
1402 1153 1445 1184 Ζ.
1470 1148 1583 1184 lavari
1606 1160 1688 1182 cum

203 1191 292 1226 viris
319 1192 374 1234 (de
394 1191 542 1235 semina)
567 1194 609 1236 5,
634 1195 676 1235 9,
705 1193 762 1228 14.
789 1194 965 1229 Celsinam
989 1196 1107 1232 videri
1129 1196 1196 1230 sibi
1222 1195 1340 1232 virum
1361 1194 1469 1233 finxit
1491 1195 1534 1238 6,
1561 1197 1613 1238 3,-
1628 1195 1689 1229 85.

203 1250 236 1270 v.
262 1237 467 1280 Femina,
495 1239 606 1272 robur
629 1239 716 1274 viris
741 1239 884 1287 dignum
910 1245 970 1284 10,
997 1245 1037 1285 1,
1058 1242 1116 1277 43.
1151 1243 1265 1276 solam
1288 1240 1377 1277 viris
1399 1240 1540 1286 dignam
1563 1239 1690 1284 (aetio-

202 1283 292 1326 nem)
320 1287 375 1325 11,
401 1286 434 1326 3,
459 1286 513 1317 10.
541 1284 585 1324 cs.
615 1287 647 1325 5,
671 1287 728 1319 Pr.
749 1292 778 1319 1.
805 1299 919 1330 paene
946 1287 1027 1323 viro
1050 1288 1252 1322 molliorem
1276 1289 1334 1329 12,
1358 1290 1415 1329 10,
1445 1289 1501 1320 12.
1546 1287 1589 1331 β)
1617 1289 1638 1320 ἰ.
1653 1299 1686 1330 11.

202 1331 399 1361 maritus:
437 1329 586 1364 virum
615 1336 732 1364 tamen
764 1337 952 1375 tyrannum
990 1334 1139 1375 occidit,
1173 1333 1355 1367 mulier
1386 1332 1532 1374 occidit,
1570 1342 1688 1365 uxor

200 1374 332 1408 occidit
354 1378 389 1417 7,
418 1376 451 1417 1,
477 1376 534 1409 28.
563 1374 608 1416 cf.
634 1378 667 1418 5,
694 1379 749 1418 12,
773 1381 808 1410 2.
836 1389 915 1411 011111
937 1379 1156 1412 Domitillam
1183 1379 1405 1420 defenderet,
1429 1377 1488 1417 cni
1511 1377 1688 1420 objectum

201 1421 359 1464 crimen,
383 1421 477 1464 quod
501 1420 618 1456 virum
643 1423 827 1466 sepelisset
850 1425 890 1461 8.
915 1426 958 1466 5,
989 1425 1040 1459 16.
1069 1435 1157 1469 quae
1186 1424 1294 1460 viro
1317 1422 1687 1458 materfamilias

202 1473 296 1500 esset
321 1468 354 1505 5,
381 1469 436 1508 10,
460 1467 517 1501 62.
542 1466 578 1501 st
589 1467 707 1502 virum
729 1469 789 1502 illa
811 1471 996 1504 meliorem
1015 1471 1163 1512 habeat,
1188 1481 1290 1514 quam
1311 1474 1351 1503 tu
1369 1469 1499 1512 habes,
1521 1469 1687 1505 utru’mne

199 1519 300 1546 tuum
323 1524 359 1547 v.
383 1512 496 1555 maliS,
521 1523 566 1545 an
589 1513 709 1548 illius?
735 1515 768 1554 5,
797 1517 852 1555 11,
883 1516 940 1550 28.
998 1515 1053 1558 11)
1078 1518 1121 1549 de
1144 1527 1286 1558 persona
1310 1519 1472 1549 mascula.
1504 1513 1546 1558 α)
1573 1525 1689 1560 quan-
1726 1528 1738 1534 ·

200 1564 273 1592 tum
301 1558 361 1592 ille
390 1570 426 1593 v.
450 1565 629 1602 praestare
653 1559 809 1604 potuerit
837 1563 894 1602 10,
923 1565 956 1604 1,
983 1562 1039 1596 98.
1073 1561 1304 1596 certissimum
1329 1565 1597 1604 praeceptorum
1614 1566 1686 1608 'ge-

200 1616 266 1638 nus
291 1605 384 1638 illius
408 1604 477 1639 viri
503 1606 706 1641 observatio
735 1609 790 1649 11,
823 1609 855 1649 1,
879 1609 936 1641 71.
963 1606 1006 1648 cs.
1034 1610 1088 1651 10,
1114 1614 1146 1650 1,
1174 1611 1253 1642 127.
1285 1607 1372 1650 juris
1395 1606 1513 1646 civilis
1536 1606 1686 1641 scientia

202 1651 285 1684 huic
309 1663 345 1688 v.
373 1651 573 1684 necessaria
598 1655 653 1693 12,
678 1655 712 1695 3,
737 1655 769 1685 1.
797 1651 857 1687 ille
881 1664 939 1696 v.,
969 1665 1073 1697 quem
1098 1653 1310 1687 instituimus
1335 1656 1391 1696 12,
1417 1656 1451 1696 1,
1477 1653 1534 1687 28.
1557 1651 1608 1694 cs.
1624 1652 1684 1687 44.

201 1698 320 1732 virum
348 1708 426 1730 esse
451 1702 593 1741 oportet
616 1699 658 1739 8,
686 1701 730 1738 3,
754 1698 811 1732 86.
867 1699 916 1742 β)
940 1712 968 1732 c.
998 1702 1106 1734 Genii.
1133 1707 1191 1733 aut
1213 1701 1326 1734 Ablaf.
1352 1701 1539 1743 qualitatisc
1574 1699 1685 1733 mirae

200 1743 390 1777 facundiae
414 1755 451 1778 v.
479 1746 544 1785 10,
569 1746 611 1785 3,
638 1747 692 1778 12.
718 1744 834 1778 bonae
856 1744 938 1778 fidei
965 1757 1002 1783 v.
1032 1749 1095 1788 10,
1117 1749 1161 1789 7,
1188 1748 1218 1779 1.
1241 1744 1324 1779 elati
1349 1756 1386 1779 v.
1410 1743 1545 1791 ingenii
1569 1746 1625 1788 10,
1651 1747 1686 1788 1,

201 1792 280 1823 102.
308 1801 342 1824 v.
367 1788 500 1834 ingenii
527 1789 671 1832 jucundi
697 1795 732 1823 et
757 1790 927 1836 elegantis
952 1793 985 1833 5,
1016 1794 1072 1835 13,
1097 1791 1154 1826 48.
1178 1803 1216 1826 v.
1243 1791 1399 1834 ejusdem
1423 1790 1559 1824 insulae·
1575 1791 1635 1831 33<
1650 1793 1684 1834 1,

201 1837 240 1877 83
268 1833 439 1869 mediocri
464 1846 499 1870 v.
526 1835 670 1881 ingenio
698 1838 754 1878 12,
783 1839 839 1879 11,
866 1836 923 1870 24.
970 1835 1010 1881 y)
1035 1851 1063 1872 c.
1089 1838 1258 1881 Adfecit„-
1282 1836 1327 1870 sit
1350 1841 1470 1870 orator
1494 1836 1689 1884 vnbonus,

201 1881 342 1915 dicendi
369 1882 502 1924 peritus
533 1884 636 1915 Cato
663 1885 726 1925 12,
757 1884 857 1925 1,·1.
891 1882 937 1924 cs.
966 1885 1024 1918 27.
1053 1885 1110 1918 31.
1146 1894 1193 1917 110
1214 1884 1371 1916 futurum
1395 1882 1685 1926 quidemforaton-

200 1939 297 1970 rem,
341 1927 408 1960 nisi
436 1939 471 1962 v.
508 1927 639 1960 bonum
672 1930 715 1961 ib.
741 1929 773 1961 3.
806 1928 882 1963 vir
912 1930 1026 1963 bonus
1059 1929 1148 1963 citra
1170 1929 1387 1965 virtutem
1421 1927 1573 1974 intelligi
1609 1938 1685 1962 non

199 1979 317 2018 potest
342 1977 404 2015 12,
427 1976 463 2014 2,
492 1976 524 2006 1.
549 1979 667 2017 potest
691 1973 816 2007 afferre
839 1974 952 2017 ratio,
976 1981 1016 2008 ut
1036 1975 1095 2010 vir
1121 1976 1234 2009 bonus
1256 1974 1295 2008 111
1318 1973 1527 2018 defensione
1555 1985 1683 2008 causae

198 2020 290 2055 velit
324 2019 456 2053 auferri
487 2019 676 2063 aliquando
710 2018 818 2063 judici
850 2021 1036 2055 veritatem
1071 2024 1134 2063 12,
1161 2024 1203 2062 1,
1230 2021 1288 2056 36.
1330 2018 1374 2061 cs}
1400 2020 1456 2054 38.
1489 2019 1683 2054 defendere

200 2077 283 2099 reos
308 2077 410 2109 quam
437 2066 557 2098 facere
579 2078 616 2100 v.
647 2067 681 2100 b.
700 2068 808 2100 malet
833 2069 895 2108 12,
921 2070 955 2109 7,
985 2070 1017 2100 1.
1044 2078 1089 2101 110
1114 2079 1151 2102 v.
1176 2065 1284 2101 boni
1309 2070 1347 2100 et
1366 2065 1525 2111 'gravis
1553 2067 1683 2109 perda-

199 2123 277 2145 mus
302 2111 544 2145 auctoritatem
573 2115 626 2152 11,
652 2113 691 2154 3,
718 2111 794 2147 184.
819 2112 855 2145 id
878 2124 915 2147 v.
943 2113 1036 2147 bono
1064 2113 1147 2147 satis
1171 2119 1224 2147 est
1247 2110 1429 2154 docuisse,
1453 2111 1549 2155 quod
1574 2111 1684 2146 sciret

202 2162 265 2200 12,
294 2161 356 2199 11,
387 2159 422 2191 8.
464 2157 494 2190 si
520 2169 541 2190 a
562 2169 599 2192 v.
631 2158 724 2192 bono
748 2158 786 2191 111
817 2159 975 2191 rabulam
1010 2160 1284 2203 latratoremque
1308 2157 1528 2191 convertitur
1558 2160 1622 2201 12,
1644 2159 1682 2201 9,

201 2207 256 2238 12.
284 2205 363 2237 eod.
389 2202 553 2249 ingenio,
579 2204 713 2244 studio,
742 2204 900 2238 doctrina
924 2205 1120 2248 praeditum
1148 2205 1260 2238 nihilo
1287 2202 1500 2238 deteriorem
1526 2203 1683 2237 futurum

199 2256 379 2283 oratorem
411 2251 586 2283 malum
616 2250 733 2284 virum
766 2262 870 2293 (piam
905 2251 1077 2284 bonum
1103 2254 1163 2292 12,
1195 2254 1235 2292 1,
1261 2252 1312 2284 10.
1351 2261 1384 2282 v.
1411 2244 1618 2293 831510113-
1650 2249 1681 2282 si

197 2296 333 2342 regitur
355 2295 580 2338 providentia
603 2297 774 2337 mundus,
799 2296 1072 2330 administranda
1096 2302 1192 2330 certe
1217 2294 1318 2329 bonis
1339 2305 1377 2330 v.
1409 2294 1475 2328 erit
1504 2305 1597 2338 resp.
1624 2297 1682 2338 12,

197 2345 235 2384 2,
264 2345 321 2374 21.
346 2341 471 2385 quibus
496 2351 563 2387 ego
589 2342 695 2376 etiam
719 2352 782 2385 pro
806 2342 892 2375 boni
914 2354 952 2377 v.
979 2342 1099 2376 officio
1124 2341 1332 2376 satisfaciam
1360 2342 1415 2384 12,
1439 2343 1472 2383 1,
1496 2339 1552 2374 34.
1574 2341 1682 2375 finem

199 2388 343 2433 dignum
368 2392 402 2420 et
426 2387 559 2431 optimo
583 2399 619 2421 v.
654 2394 689 2422 et
717 2398 826 2430 opere
851 2387 1071 2422 sanctissimo
1097 2391 1158 2427 12.
1182 2391 1244 2431 11,
1271 2390 1305 2420 1.
1338 2398 1372 2420 v.
1398 2387 1559 2420 Bonus.
1591 2397 1681 2421 vere
1739 2396 1742 2437 ζ

198 2433 341 2468 civilem
368 2445 405 2468 v.
432 2436 487 2476 12,
511 2436 546 2475 2,
572 2436 606 2467 7.
632 2433 796 2468 coelestis
821 2434 858 2466 in
885 2434 1037 2469 dicendo
1061 2446 1099 2470 v.
1124 2436 1180 2476 10,
1206 2435 1242 2476 2,
1270 2433 1324 2467 18.
1349 2437 1402 2466 tot
1424 2431 1680 2476 pulcherrimas

199 2486 293 2513 artes
325 2479 466 2523 penitus
504 2485 622 2513 mente
654 2481 880 2522 complexum
902 2492 940 2519 v.
967 2483 1032 2522 12,
1058 2483 1099 2523 1,
1123 2479 1189 2514 25..
1209 2490 1246 2514 v.
1277 2476 1478 2512 seculorum
1511 2477 1680 2513 memoria
1740 2504 1742 2515 .

198 2526 324 2571 dignus
353 2527 418 2568 10,
443 2528 483 2567 1,
511 2523 588 2558 104.
615 2525 658 2566 cs.
687 2527 764 2560 115.
789 2525 908 2560 multis
932 2525 1142 2560 doctissimis
1165 2536 1203 2559 v.
1227 2525 1262 2567 9,
1287 2527 1321 2564 2,
1344 2528 1383 2561 1.
1417 2523 1615 2567 eloquentis
1635 2534 1678 2559 π.
1734 2537 1742 2566 j

199 2574 256 2613 12,
283 2574 337 2612 10,
362 2570 420 2604 43.
447 2571 622 2604 eruditum
647 2583 685 2607 v.
709 2573 744 2614 9,
772 2575 811 2608 1,
840 2572 894 2606 18.
921 2571 966 2613 cf.
994 2575 1057 2615 10,
1081 2576 1119 2613 1,
1143 2570 1199 2606 95.
1223 2582 1260 2605 v.
1289 2571 1464 2604 facundus
1485 2570 1527 2613 6,
1553 2572 1595 2612 1,
1619 2570 1677 2604 39.

197 2628 234 2650 v.
255 2617 356 2649 fortis
380 2620 434 2659 ¹2,
453 2619 485 2658 1,
504 2619 560 2650 23.
586 2620 618 2658 7,
636 2621 671 2660 7,
695 2615 728 2651 4.
754 2630 786 2650 υ.
806 2618 981 2651 Fortis.
1006 2617 1044 2651 in
1067 2623 1178 2650 totum
1202 2617 1334 2659 jurare.
1357 2614 1430 2649 nisi
1447 2614 1508 2649 ubi
1530 2625 1678 2650 necesse
1739 2646 1742 2649 A

199 2667 272 2703 est,
298 2663 398 2706 gravi
422 2674 459 2697 v.
486 2674 609 2706 parum
637 2663 805 2697 convenit
829 2665 868 2705 9,
896 2666 936 2706 2,
964 2665 1021 2699 98.
1047 2673 1114 2697 nec
1138 2661 1339 2696 Carneades
1362 2677 1404 2684 —
1426 2661 1576 2703 injustus
1599 2660 1678 2705 ipse

197 2719 235 2742 v.
264 2708 330 2741 fuit
356 2711 415 2747 12,
446 2712 486 2748 1,
509 2711 566 2743 35.
595 2720 632 2743 v.
657 2710 773 2755 magni
796 2712 834 2750 2,
860 2709 903 2751 5,
932 2712 988 2743 21.
1014 2720 1052 2744 v.
1079 2709 1191 2741 malus
1217 2708 1310 2741 aliud
1335 2707 1429 2740 dicat
1453 2717 1599 2740 necesse
1623 2713 1678 2741 est
1737 2726 1742 2748 ς

199 2765 302 2797 quam
325 2753 451 2786 sentiat
469 2757 522 2794 12,
543 2758 574 2796 1,
593 2755 650 2790 29.
673 2760 852 2799 repertum
876 2765 954 2790 esse
971 2754 1124 2799 aliquem
1146 2755 1275 2788 malum
1299 2765 1335 2789 v.
1354 2763 1488 2787 summe
1507 2752 1676 2787 disertum
1739 2761 1742 2790 f
