1728 3002
542 170 772 215 Dementia
809 196 866 205 -
904 168 1165 214 Demonstro
1538 163 1622 205 213

85 286 326 330 Dementia·
389 297 674 334 dementiam
705 296 886 333 rationi
919 295 1062 332 obstare
1095 296 1139 337 7,
1171 292 1216 336 4,
1254 292 1312 328 30.
1343 289 1392 344 ‘ln
1417 286 1619 340 dementia-e

120 344 330 379 vactionibus
352 347 389 388 7,
407 347 442 387 3,
461 347 495 378 2.
528 343 728 379 dementiae
752 354 859 379 canusa
890 346 925 387 7,
954 342 990 387 4,
1015 344 1070 378 10.
1095 338 1152 375 24.
1177 357 1224 366 -
1246 337 1378 384 judicia
1400 338 1444 371 ib.
1462 335 1520 372 29.
1547 339 1620 380 agn

128 402 210 426 enm
232 402 278 426 eo
301 390 499 426 dementiae
521 391 556 433 9,
580 394 616 433 2,
640 391 700 426 90.

84 444 338 489 Demereor·
382 459 453 493 ιιι-»ο
481 469 562 492 eum
588 457 628 502 (ε.
658 470 687 492 e.
715 460 830 493 Cicero
855 458 1061 491 Tuberonem
1086 469 1122 500 p.
1148 452 1243 499 ng.)
1273 453 1495 492 demerem,
1517 449 1619 501 cuin·

129 503 523 586 Ξὲἒεΐὲῗεῗῖξῗαέῑα)
545 505 591 548 9,
613 507 655 548 2,
676 505 734 540 29.
774 510 815 539 ut
840 500 996 550 pleniori
1020 502 1194 548 obsequio
1221 501 1427 535 demererer
1449 500 1619 531 amantis-

83 604 442 699 ngitdoriunhi
466 617 701 664 inspectis
725 616 1037 662 demensisque
1063 614 1212 664 singulis
1237 615 1385 658 (urvis,-
1413 624 1448 645 oe·
1471 614 1496 645 1·
1518 608 1621 651 dim.)

162 690 173 707 ,
263 691 274 707 ,
381 690 391 699 .

81 718 346 820 Πῗηιίῗῑιὲἰίἶι.
364 779 383 824 )
403 735 436 766 in
461 734 708 769 Grammatico.-
739 731 773 766 d.
803 741 916 780 genus
942 729 1051 765 modo
1078 728 1213 777 detegit
1240 731 1280 773 1,
1302 728 1348 773 6,
1370 727 1409 764 6.
1439 725 1487 770 ts·
1513 724 1549 760 4.
1581 726 1618 758 S·

147 790 181 812 a·
345 803 356 814 α

78 831 356 878 DeminutuS·
397 857 465 892 pro
488 845 634 881 nomine
657 845 847 893 integro
871 842 1154 879 deminutum
1178 844 1211 885 1,
1235 841 1270 885 5,
1294 841 1400 877 462.

80 897 286 944 υθῐΰὶῒῒῡο
340 915 374 958 1)
400 917 553 960 propn’e:
584 913 685 948 cibos
711 923 855 947 mansos
879 920 940 946 etc.
979 910 1194 946 demittimus
1224 908 1284 953 (u.
1311 914 1333 945 1.
1359 906 1471 951 dim.)
1499 908 1561 949 10,
1587 907 1620 950 1,

63 966 66 967 ’
130 960 185 994 19.
222 961 420 1004 superciliis
446 981 493 986 —
525 959 800 1001 attollitur,
828 957 1103 993 demittitur
1127 954 1261 1001 (frons)
1287 958 1351 998 11,
1376 957 1420 998 3,
1446 953 1505 989 78.
1524 953 1621 1006 ‚de-

130 1005 386 1041 mittuntur
408 1012 470 1041 aut
493 1008 760 1041 allevantur
784 1005 992 1049 (supercilia)
1022 1006 1064 1038 sb.
1089 1005 1154 1046 793
1182 1002 1289 1037 tolli
1311 1011 1454 1035 manum
1469 998 1622 1033 arnfices

130 1062 236 1095 supra
260 1054 404 1096 oculos,
437 1051 623 1086 demitti
655 1051 750 1085 infra
776 1057 900 1095 pectus
925 1055 1049 1085 vetant
1072 1052 1118 1083 ib.
1147 1051 1226 1083 112.
1262 1054 1381 1095 togam
1406 1047 1456 1080 ad
1479 1045 1621 1079 calceos

127 1108 243 1143 usque
275 1098 506 1132 demittebant
533 1100 579 1133 ib.
613 1096 702 1141 143,·
743 1097 895 1131 demissa
926 1096 1071 1130 brachia
1101 1098 1146 1138 2,
1183 1097 1245 1137 13,
1270 1096 1306 1130 9.
1338 1097 1524 1138 praetexta
1555 1091 1622 1125 de-

127 1143 235 1177 missa
261 1145 314 1178 ad
337 1142 428 1179 talos
452 1145 494 1187 5,
522 1146 582 1186 13,
607 1145 672 1184 39;
706 1153 782 1177 non
808 1143 903 1176 enim
926 1141 1091 1189 analogia
1118 1140 1271 1175 demissa
1294 1141 1399 1174 coelo
1427 1141 1469 1181 1,
1496 1138 1532 1180 6,
1563 1138 1620 1172 16.

129 1189 181 1232 11)
204 1194 340 1224 transl„-
365 1190 405 1232 ι)
433 1192 480 1224 ad
500 1192 695 1223 humiliora.-
728 1190 777 1222 ad
800 1188 939 1222 minora
961 1188 1040 1231 illa,
1067 1188 1153 1230 sed,
1177 1198 1268 1232 qnae
1294 1185 1326 1220 si
1347 1184 1523 1240 negligas,
1547 1194 1623 1236 non

130 1234 177 1269 sit
197 1235 392 1279 majoribus
414 1237 536 1278 locus,
575 1234 760 1269 demittere
789 1245 849 1269 me
884 1245 956 1268 non
988 1234 1163 1268 recusabo
1201 1233 1261 1268 Pr.
1295 1233 1330 1267 5.
1372 1242 1448 1266 vim
1479 1229 1621 1281 dicendi

127 1282 181 1315 ad
205 1293 317 1316 unum
339 1282 537 1316 auditorem
561 1281 808 1316 demittere
840 1291 922 1325 opp.
959 1291 1067 1324 supra
1088 1281 1233 1314 modum
1255 1278 1432 1313 sermonis
1455 1276 1622 1310 attolli

128 1331 167 1371 1,
193 1330 234 1370 2,
262 1330 319 1363 31.
373 1327 416 1372 β)
449 1331 595 1362 Ραν-ιίο..·
634 1330 659 1361 ἰ.
687 1341 720 1373 q.
757 1330 924 1362 tristis.-
959 1327 1060 1361 illum
1095 1326 1278 1361 tristem
1309 1333 1522 1369 semperque
1547 1322 1621 1356 de-

124 1372 307 1409 m'issum
330 1377 364 1418 1,
388 1376 424 1417 3,
452 1377 506 1409 10.

78 1429 416 1473 Demonstrati&
463 1437 701 1476 ἑπιδεικτιιὸν
723 1451 799 1475 non
820 1446 892 1476 tam
926 1440 950 1474 d
958 1452 978 1475 e
986 1452 1022 1473 m
1030 1451 1052 1475 ο
1062 1452 1087 1474 n
1097 1451 1113 1474 s
1122 1446 1136 1474 t
1144 1451 1163 1473 r
1171 1451 1190 1474 a
1197 1438 1258 1474 tio
1269 1438 1338 1473 nis
1367 1437 1444 1473 vim
1472 1436 1619 1478 habere,

129 1499 233 1533 quam
262 1497 285 1521 o
297 1498 314 1520 s
325 1493 339 1522 t
348 1499 368 1522 e
377 1499 400 1522 n
409 1493 424 1521 t
433 1486 606 1521 ationis
629 1489 670 1531 3,
694 1486 737 1531 4,
766 1489 824 1522 13.
858 1486 938 1523 sive
961 1486 1081 1531 aliqua
1109 1485 1413 1521 demonstratione
1435 1482 1621 1529 protendi-

124 1545 204 1568 mus
228 1532 379 1577 (manus)
406 1536 463 1577 11,
485 1535 520 1577 3,
546 1535 624 1568 115.
1229 1535 1234 1539 ’

79 1579 466 1622 Demonstrflfivus·
521 1589 572 1634 α)
614 1590 751 1634 Adject.
767 1604 777 1624 .·
827 1588 890 1623 An
927 1588 1114 1634 quisquam
1150 1587 1339 1636 negaverit
1375 1584 1618 1632 Panegyricos

125 1633 471 1672 ἐπιδεικτικοὺς
494 1635 596 1670 esse?
619 1655 666 1661 —
688 1635 766 1670 Nisi
783 1636 879 1670 forte
904 1646 979 1669 non
998 1647 1047 1670 ex
1066 1636 1204 1669 Graeoo
1232 1639 1412 1668 mutantes
1437 1634 1618 1665 demon-

126 1681 377 1716 strativum
410 1688 567 1725 vocant,
603 1693 732 1717 verum
767 1681 804 1716 id
837 1687 1053 1726 sequuntur,
1088 1682 1185 1726 quod
1213 1682 1291 1714 laus
1328 1691 1371 1714 ac
1402 1676 1618 1722 vituperatio

127 1729 232 1772 quale
255 1727 302 1761 sit
328 1727 484 1772 quidque
508 1729 798 1762 demonstrat
821 1730 864 1771 3,
892 1727 937 1771 4,
962 1727 1061 1762 148.
1100 1729 1193 1761 dem.
1217 1738 1326 1761 causa
1347 1727 1394 1766 8,
1416 1727 1463 1766 3,
1491 1726 1546 1757 11.
1580 1741 1616 1748 -

128 1784 243 1820 genus
253 1777 288 1816 2,
307 1776 363 1817 10,
382 1776 438 1808 11.
472 1776 507 1816 3,
530 1772 566 1816 4,
590 1774 624 1808 9.
650 1776 705 1807 12.
742 1774 777 1817 5,
803 1776 859 1816 10,
882 1773 941 1808 43.
979 1775 1014 1816 9,
1038 1772 1074 1815 4,
1101 1775 1179 1808 130.
1206 1790 1250 1798 -
1273 1771 1422 1806 materia
1446 1773 1481 1812 3,
1502 1771 1536 1811 8,
1558 1769 1616 1803 53.

126 1821 190 1861 11,
216 1822 256 1862 1,
279 1819 335 1854 48-
367 1840 414 1845 —
446 1831 528 1863 pars
551 1823 597 1862 7,
622 1818 666 1862 4,
694 1822 730 1854 2.
757 1840 805 1846 -
835 1831 916 1863 pars
940 1819 1113 1853 orationis
1138 1822 1179 1862 2,
1205 1821 1270 1861 21,
1298 1820 1355 1852 23.
1410 1815 1454 1862 β)
1480 1817 1614 1849 subu..-

124 1863 336 1898 Aristoteles
367 1865 534 1899 idoneam
566 1866 723 1900 maxime
746 1867 791 1899 ad
816 1865 1042 1900 scribendum
1065 1866 1087 1898 d
1101 1876 1163 1899 em
1173 1875 1196 1899 o
1208 1876 1231 1898 n
1242 1876 1259 1898 s
1268 1871 1282 1898 t
1292 1862 1378 1897 rati
1390 1875 1416 1897 v
1426 1873 1490 1896 am
1513 1866 1616 1904 pnta-
1686 1878 1689 1883 <

126 1909 199 1942 vit:
230 1908 401 1944 videlicet
424 1911 590 1954 quoniam
619 1931 666 1937 —
696 1917 772 1944 tota
795 1917 890 1945 esset
916 1910 1253 1945 ostentationis
1276 1912 1312 1954 3,
1336 1911 1371 1953 8,
1394 1909 1452 1944 63.
1486 1906 1531 1949 qs·
1555 1904 1614 1941 64-

125 1954 164 1987 in
180 1955 478 1990 >demonstrativis
498 1956 684 2000 prooemia
705 1957 862 1991 maxime
886 1969 965 1991 esse
991 1957 1105 1991 libera
1132 1959 1175 1991 ib.
1204 1958 1240 1991 8.

78 2009 353 2052 Demonstro·
396 2022 430 2063 1)
463 2034 605 2056 manu.-
638 2022 676 2055 in
708 2034 810 2066 eum,
844 2035 950 2067 quem
982 2025 1220 2065 demonstret,
1254 2033 1400 2056 manum
1427 2020 1615 2054 intendere

126 2070 183 2109 11,
207 2069 242 2108 3,
270 2068 326 2101 89.
362 2077 490 2100 averso
511 2067 643 2110 pollice
667 2068 911 2103 demonstrare
935 2069 1089 2113 aliquem
1112 2072 1156 2102 ib.
1187 2067 1265 2102 104.
1293 2067 1340 2109 cs.
1364 2068 1399 2108 6,
1426 2068 1461 2108 3,
1487 2067 1545 2099 38.
1576 2064 1615 2097 in

125 2111 410 2147 demonstrandis
432 2111 522 2145 locis
549 2123 590 2146 ac
611 2113 775 2155 personis
799 2117 865 2157 11,
890 2116 933 2155 3,
956 2115 1015 2148 87.
1049 2114 1145 2147 aliud
1168 2124 1284 2155 voce,
1317 2113 1414 2146 aliud
1438 2116 1527 2144 nutu
1552 2111 1615 2143 vel

124 2169 234 2193 manu
258 2159 519 2192 demonstratur
543 2160 576 2200 1,
595 2159 629 2199 5,
648 2159 712 2199 363
736 2158 889 2193 habilem
915 2159 1191 2193 demonstrando
1215 2158 1262 2192 in
1283 2159 1375 2191 latus
1398 2176 1444 2183 --
1468 2166 1614 2189 manum

123 2203 275 2238 facimus
311 2207 376 2245 11,
403 2205 439 2246 3,
462 2204 520 2239 99.
579 2202 626 2245 11)
667 2206 826 2237 verbis.-
868 2204 906 2246 a)
933 2205 1106 2248 quaedam
1129 2215 1230 2246 esse,
1262 2215 1353 2247 quae
1379 2201 1613 2237 demonstrari

124 2249 262 2294 possint
284 2253 324 2292 7,
347 2250 404 2283 Pr.
427 2247 462 2282 4.
503 2259 592 2292 quae
617 2249 938 2283 demonstravimus
962 2255 1086 2283 cuncta
1110 2250 1144 2291 5,
1173 2251 1230 2292 10,
1256 2251 1334 2284 122.
1369 2248 1412 2290 cf.
1436 2251 1478 2290 1,
1502 2246 1548 2290 4,
1576 2248 1611 2282 5.

126 2295 344 2329 breviter
368 2294 487 2329 omnia
514 2295 788 2328 demonstraturi
811 2297 892 2338 (Sp.
916 2315 963 2321 —
992 2293 1103 2338 ando)
1126 2296 1184 2328 Pr.
1208 2295 1253 2328 25
1265 2299 1309 2328 Ζ.
1342 2293 1612 2339 intelligere

128 2351 171 2375 ea
206 2341 282 2374 sine
321 2341 670 2375 demonstrante
704 2343 770 2383 10,
802 2343 842 2383 1,
880 2342 936 2375 15.
999 2341 1076 2387 Ego
1106 2341 1196 2374 haec
1230 2340 1389 2375 breviter
1426 2341 1612 2374 demon-

128 2391 305 2419 strasse
331 2392 542 2429 contentus,
566 2385 615 2420 ita
641 2386 768 2430 posui,
793 2392 833 2420 ut
854 2405 900 2411 -—
927 2387 1230 2421 ostenderem
1253 2387 1288 2429 5,
1314 2387 1459 2429 12,15;
1486 2396 1612 2419 manus

125 2430 268 2465 sinistra
294 2430 376 2475 ¹sit),
401 2433 542 2476 qualem
564 2443 671 2476 supra
694 2431 938 2467 demonstravi
962 2434 1018 2472 11,
1044 2434 1078 2474 3,
1106 2433 1189 2474 159;
1224 2443 1278 2476 ap.
1304 2432 1429 2479 Virg.,
1466 2430 1611 2466 Demis-

125 2487 205 2511 sum
231 2476 319 2520 lapsi
344 2488 409 2521 per
429 2478 574 2511 funem:
605 2489 687 2511 nam
718 2477 771 2512 sic
802 2488 947 2522 quoque
977 2477 1124 2512 altitudo
1152 2479 1390 2512 demonstrata
1413 2483 1466 2514 est
1500 2478 1543 2520 8,
1573 2478 1610 2520 3,

125 2521 183 2558 84.
211 2534 245 2556 v.
273 2523 503 2557 Ostendo.
527 2523 651 2559 brevia
675 2525 847 2568 quaedam
872 2524 1145 2558 demonstranda
1166 2524 1319 2570 vestigia
1342 2527 1386 2566 2,
1409 2525 1451 2565 6,
1477 2524 1513 2558 5.
1548 2524 1610 2556 de-

126 2573 344 2602 monstrasse
378 2573 510 2602 rectam
537 2570 698 2612 protinus
725 2569 821 2604 viam
853 2572 897 2603 ib,
922 2572 958 2603 2.
994 2581 1084 2614 quae
1117 2569 1338 2613 (deformitas
1361 2578 1392 2603 et
1419 2568 1609 2612 turpitudo)

127 2625 208 2648 cnm
231 2613 277 2648 in
300 2613 378 2648 aliis
402 2615 689 2649 demonstrantur
709 2616 745 2655 6,
763 2617 798 2658 3,
821 2616 854 2650 8.
885 2614 975 2650 vitia
998 2617 1242 2650 demonstrare
1264 2617 1299 2656 8,
1322 2614 1358 2658 4,
1380 2614 1440 2649 44.
1461 2635 1507 2641 —
1533 2613 1611 2648 vir-

126 2664 219 2693 tutes
238 2662 274 2703 2,
290 2661 325 2702 5,
345 2660 385 2702 5;
410 2660 537 2704 quibus
562 2660 912 2703 demonstratis,
936 2671 1012 2695 non
1038 2663 1148 2696 modo
1170 2661 1209 2695 in
1231 2661 1505 2705 exequendo
1529 2670 1611 2693 suas

125 2704 276 2749 quisque
298 2705 396 2740 vires
420 2706 526 2740 debet
548 2706 737 2750 adhibere,
772 2707 838 2741 sed
859 2706 966 2741 etiam
993 2706 1282 2743 inveniendo
1305 2706 1432 2740 similia
1455 2708 1489 2748 5,
1517 2708 1550 2747 1,
1573 2707 1608 2739 3.

127 2752 224 2794 quod
243 2751 432 2795 proximus
453 2752 710 2789 demonstrabit
730 2751 822 2788 liber
846 2755 881 2797 1,
898 2755 956 2797 10,
970 2750 1028 2790 49.
1066 2753 1098 2789 si
1122 2754 1218 2799 quod
1241 2754 1445 2798 exemplum
1465 2752 1510 2785 ad
1527 2749 1610 2785 imi-
