1728 3002
0 193 20 315 ἑ

0 315 17 410 52·

472 223 523 264 de
555 220 840 264 Grammatica
870 217 1172 269 Quintilianea.
1521 217 1609 253 Lm

76 337 234 394 sentis
278 340 447 387 haec:
502 351 557 397 2,
604 344 659 394 4,
701 348 767 381 20
819 334 948 382 Inde
987 332 1249 399 paulatim
1296 330 1368 378 ad
1405 331 1609 394 majora

0 440 11 465 t·
77 419 281 467 tendere
307 418 477 483 t'uct'p
488 418 514 464 i
521 434 547 464 e
558 424 603 476 t,
639 415 856 463 laudare
875 415 1041 463 claros
1066 414 1203 461 τίνος
1235 420 1289 461 et
1314 412 1610 476 vituperare

0 494 4 498 ’
75 497 334 563 improbos.
369 513 444 558 10,
470 515 514 559 7,
545 514 563 543 1
592 514 657 544 ex
685 505 904 561 tempore
934 495 1139 544 ducendi
1155 493 1425 559 facultas:
1459 509 1611 557 quam

73 579 279 644 quinon
304 578 408 627 erit
421 586 736 638 consecutus,
767 594 878 626 mea
897 577 1095 643 quidem
1113 574 1361 624 sententia
1379 572 1609 621 civilibus

74 658 263 727 officiis
299 671 500 708 reue-cu
514 658 722 708 tiabit.
776 673 832 705 12
846 694 860 719 ,
893 673 925 721 9
938 694 952 718 ,
988 660 1018 705 6
1053 658 1234 706 Έύιεηι
1265 664 1434 704 tamen
1473 653 1609 702 huuc

61 754 260 805 praes
272 740 371 789 tab
384 741 439 790 it
476 749 655 789 orator
675 777 690 802 ,
741 747 806 788 ut
840 739 1081 787 videatur
1119 738 1361 803 optimam
1398 750 1608 784 causam

67 818 442 886 optimeegisse.
482 838 500 867 1
514 837 558 882 2,
585 838 663 881 10,
687 818 750 881 37
775 819 888 867 Non
909 828 1076 867 tamen
1096 819 1202 867 alto
1224 834 1416 884 semper
1429 819 1479 881 f
1482 834 1508 864 e
1518 832 1605 863 re-

70 918 122 949 m
132 919 168 949 u
177 918 233 964 r;
265 919 384 949 uam
400 910 454 950 et
465 901 621 951 litora
640 901 848 948 intere-’m
871 918 895 948 s
907 918 933 947 e
944 917 973 966 q
982 918 1019 949 u
1031 918 1058 948 e
1068 917 1102 947 u
1114 899 1191 947 da
1220 916 1243 946 s
1254 918 1289 947 u
1299 918 1332 947 u
1345 907 1380 959 t,
1417 911 1471 946 et
1493 895 1607 944 aliis

71 981 215 1029 locis.
279 982 387 1040 (cf.
424 981 529 1028 Cic.
561 981 732 1031 Acad.
758 983 811 1029 II
822 1018 835 1040 ,
883 980 947 1028 30
959 1017 973 1042 ,
1011 981 1077 1043 98
1111 980 1174 1028 Si
1198 989 1334 1028 recte
1367 977 1604 1037 conclusi,

73 1069 243 1109 teneo:
272 1062 350 1109 sin
369 1061 569 1120 vitiose,
604 1062 794 1110 minam
814 1061 1067 1124 Diogenes
1093 1061 1209 1107 red
1216 1061 1252 1108 d
1260 1067 1332 1108 et.
1399 1061 1488 1108 De
1523 1075 1606 1106 se-

70 1144 254 1190 cunda
287 1143 336 1189 F
336 1140 482 1190 uturi
518 1157 750 1206 persona
785 1158 886 1207 pro
926 1140 1254 1206 Imperativo
1281 1158 1332 1190 v.
1366 1137 1607 1204 Zumptii

34 1219 486 1290 4Granimaticam
509 1221 634 1269 Lat.
656 1220 692 1286 ᾧ.
717 1220 862 1283 586.)
926 1222 1088 1270 Adde
1118 1226 1167 1281 4,
1202 1237 1249 1282 2,
1287 1238 1304 1266 1
1322 1239 1377 1283 17
1404 1221 1605 1283 (rerba)

68 1299 151 1349 hic
179 1317 418 1367 expressa
445 1329 511 1339 —-
537 1318 640 1349 esse
684 1302 1008 1362 debebunt,
1057 1301 1155 1349 ubi
1191 1302 1481 1351 suffecerat
1514 1303 1608 1350 de·-

16 1425 18 1429 ,
70 1381 218 1439 bent;
261 1383 431 1430 altero
468 1398 600 1430 vero
630 1382 758 1430 huic
790 1381 943 1431 simili
981 1385 1107 1431 loco
1144 1386 1202 1444 4,
1240 1382 1296 1444 3,
1333 1401 1407 1444 17.
1440 1382 1605 1431 editio

66 1461 396 1527 Zumptiana
415 1470 586 1526 potest
602 1479 703 1528 pro
714 1465 912 1528 poterit
928 1462 1172 1512 restituit.
1238 1464 1491 1512 Secunda
1516 1480 1605 1511 ra-

38 1583 42 1586 .
66 1541 215 1602 tione
237 1558 337 1607 pro
358 1541 650 1608 Participio
674 1544 799 1593 Fut.
821 1545 959 1593 Pass.
982 1548 1145 1592 haec:
1181 1556 1238 1605 4,
1270 1543 1327 1606 5,
1371 1546 1463 1592 108
1495 1544 1602 1592 Ar·
1622 1544 1625 1547 “

67 1639 104 1685 g
113 1640 149 1669 u
159 1639 210 1669 m
221 1638 247 1669 e
257 1639 291 1669 n
302 1629 367 1671 ta
378 1621 404 1669 b
415 1622 440 1669 i
444 1640 494 1670 m
503 1640 540 1670 u
549 1640 599 1682 r,
643 1632 704 1672 ut
739 1625 875 1685 dnh-i,
917 1643 1175 1690 uunquam
1186 1642 1204 1672 .·
1242 1633 1604 1689 argumentum

54 1717 103 1768 p
112 1719 185 1750 on
197 1719 328 1750 emu
340 1718 366 1750 8
401 1696 692 1768 aliquando.
721 1731 790 1741 —
827 1705 868 1753 I
871 1723 905 1753 u
914 1723 937 1753 s
947 1723 973 1753 e
985 1723 1016 1753 r
1026 1723 1156 1753 emu
1168 1722 1193 1753 s
1223 1707 1532 1772 expositioni
1553 1713 1606 1753 et

58 1781 284 1847 *bret-em,
320 1800 435 1831 cum
453 1801 536 1832 res
543 1794 742 1850 poscet,
776 1787 1121 1850 defensionem
1142 1795 1199 1836 et
1223 1788 1478 1836 rationem
1498 1789 1600 1850 su·-

65 1870 315 1913 turorum.
385 1865 745 1914 continuatur
773 1867 969 1914 deinde
999 1869 1029 1931 ᾗ.
1055 1882 1163 1930 109.
1194 1868 1393 1916 oratio:
1429 1867 1602 1932 Neque

15 1950 18 1954 ’
67 1943 200 1989 euim
214 1961 247 1989 u
259 1961 415 1991 arra
426 1962 459 1992 u
471 1945 611 1993 dum
639 1963 667 1993 e
678 1965 702 1995 s
714 1956 739 1996 t
757 1956 1000 2012 tauquam
1018 1949 1147 1997 testi.
1203 1951 1372 1997 Porro
1393 1944 1440 2009 5,
1469 1965 1486 1994 1
1499 1947 1545 2008 3,
1567 1949 1600 1995 8

30 2021 240 2068 Testes
274 2023 458 2071 eruut?
500 2026 666 2075 madta
695 2028 751 2075 iu
783 2045 865 2075 eos
894 2029 1063 2076 dicere
1094 2030 1225 2078 lecet.
1318 2029 1438 2077 Chi-1
1441 2045 1602 2091 ogra-

61 2099 246 2164 phum.
236 2100 258 2134 2
292 2101 353 2146 de
372 2103 701 2152 sefflmaelaetudme
732 2107 874 2154 laetter
875 2126 938 2154 ar
939 2126 1028 2155 um
1060 2110 1129 2156 di
1135 2127 1159 2156 s
1169 2127 1201 2156 s
1205 2126 1231 2156 e
1242 2125 1273 2156 r
1283 2126 1309 2155 e
1319 2126 1368 2156 m
1379 2127 1414 2156 u
1425 2126 1472 2168 ε,
1504 2108 1600 2155 ubi

0 2201 3 2204 >
29 2175 222 2227 multi
251 2179 471 2229 Codices
509 2184 732 2231 secundi
769 2184 994 2246 ordinis,
1041 2204 1109 2234 ex
1138 2192 1249 2252 quo
1282 2187 1598 2255 corrigentis

0 2317 6 2320 γ
59 2276 287 2307 mianum
318 2277 601 2327 agnosces,
644 2266 779 2312 dant
810 2265 1155 2315 disserendum
1185 2275 1272 2316 est.
1349 2269 1481 2317 Ibid.
1523 2267 1597 2318 13.

58 2339 254 2403 -Itaque
283 2343 567 2406 propositio
604 2361 796 2412 quoque
835 2348 1110 2405 secundum
1154 2347 1284 2399 Iumc
1318 2350 1597 2399 utilitatem

66 2423 659 2473 accommodabitur.

166 2499 314 2548 Tum
350 2500 407 2548 in
449 2504 720 2552 sententiis
750 2505 1004 2571 obliquis,
1050 2507 1158 2557 sive
1187 2507 1473 2556 indirectas
1508 2525 1595 2557 eas

36 2642 44 2655 '
65 2577 242 2626 'dicere
280 2580 446 2630 mavis
465 2621 480 2643 ,
543 2585 811 2632 Futurum
862 2586 921 2633 in'
965 2587 1206 2635 membris
1257 2588 1596 2659 interpositis,

35 2667 38 2670 “
63 2673 209 2722 (11136
232 2674 298 2709 ex
316 2661 640 2712 Pronomine
666 2679 763 2713 aut
781 2664 1058 2716 Adverbio
1084 2668 1313 2718 relativo
1336 2671 1596 2734 pendent,
1637 2716 1641 2717 γ

68 2737 413 2803 Conjunctivi
441 2744 563 2792 loco
591 2744 825 2810 positum
858 2759 958 2808 est,
994 2747 1104 2797 sive
1128 2749 1366 2798 Verbum
1397 2748 1596 2814 prima-
