1728 3002
426 255 430 259 ,
493 222 660 265 Gradus
700 245 754 255 —
793 217 1110 277 Grandiloq'uus
1485 218 1568 258 367

33 328 218 373 Gradus·
263 338 299 382 1)
334 340 358 374 ί.
380 350 413 384 q.
439 334 633 380 gressus.
680 333 723 379 α)
755 333 941 379 homines,
975 332 1036 380 qni
1059 331 1225 368 manibus
1249 330 1407 367 invicem
1441 340 1573 377 appre-

0 392 1 395 ’
78 385 201 421 heusis
229 387 377 431 gradum
401 385 539 418 firmant
565 384 609 426 9,
633 381 679 425 4,
706 383 783 417 129.
818 382 966 428 gradum
989 391 1091 414 suum
1114 379 1251 424 minuat
1278 381 1313 423 2,
1340 380 1375 422 3,
1399 381 1436 413 7.
1475 376 1572 412 inter

77 433 316 477 Pomponium
334 442 384 470 rac
406 431 576 465 Senecam
600 428 882 474 praefationibus
906 437 985 461 esse
1001 432 1201 468 tractatum,
1226 437 1276 469 an
1293 425 1464 472 gradus
1487 422 1570 458 eli-

79 479 221 512 minat
243 478 281 512 in
304 476 518 524 Tragoedia*
535 475 606 510 dici
628 474 843 519 oportuisset
861 475 897 516 8,
909 475 950 516 3,
959 475 1001 508 31
1018 474 1065 507 Ν.
1098 473 1140 518 β)
1164 476 1279 505 transl.
1293 487 1304 506 .·
1331 472 1374 505 ad
1400 481 1455 514 ea,
1479 480 1581 514 quae·

81 530 163 558 sunt
197 524 414 568 potentiora,
438 523 584 569 gradum
609 532 659 554 ex
682 521 737 554 his
762 520 905 562 secisse,
929 519 1086 554 contenti
1110 521 1144 562 3,
1167 519 1202 559 6,
1226 520 1268 560 8;
1302 518 1333 551 si
1357 518 1442 562 quid
1464 515 1572 550 titu-

26 589 33 592 ·
81 570 302 610 baverint
325 571 493 603 -Velut
522 567 568 601 in
600 567 789 614 gradum
814 571 1109 610 reponantur
1135 563 1266 608 (testes)
1289 564 1323 607 5,
1347 567 1382 606 7,
1405 565 1462 596 11.
1497 573 1572 596 non

82 615 198 650 miuus
226 621 489 660 prospectu
511 613 746 658 procedamus
771 623 875 656 quam
900 613 1050 658 gradu
1074 613 1132 654 10,
1159 613 1195 653 7,
1222 614 1277 644 10.
1322 611 1374 651 ll)
1406 612 1437 642 in
1462 613 1568 642 scala.

29 675 34 680 ·
80 660 119 703 ι)
147 666 286 695 comam
310 661 346 695 in
370 662 498 707 gradus
524 660 690 705 frangere
720 662 735 692 1
752 685 762 701 ,
786 660 830 702 6,
859 658 917 692 44.
958 663 1064 701 caput
1087 657 1126 690 in
1149 657 1318 703 gradus
1351 661 1456 699 atque
1488 665 1572 688 an-

82 709 221 740 nulos
245 713 401 741 comtum
428 710 489 748 12,
518 708 582 748 10,
605 706 661 739 47.
685 704 727 750 β)
759 708 875 738 transl.
904 705 947 736 de
970 706 1066 737 rebus
1092 701 1180 744 insta
1206 710 1236 736 et
1259 714 1365 745 supra
1392 714 1435 734 ex
1458 702 1572 734 ordine

80 754 267 797 dispositis.-
292 753 416 786 aetatis
439 753 567 798 gradus
592 754 625 794 3,
653 754 688 792 7,
716 752 846 785 15.’-
871 756 1072 794 temporum
1101 750 1135 791 5,
1161 751 1215 790 10,
1242 747 1313 790 46,
1354 748 1390 781 id
1415 752 1475 780 aut
1498 756 1573 779 uno

79 799 190 846 gradu
214 799 273 839 fit,
309 805 368 832 aut
395 798 553 843 pluribus
585 799 630 839 8,
659 797 700 839 4,
730 799 764 830 3.
812 802 869 839 et,
905 796 934 829 si
958 801 1094 828 tantum
1118 795 1329 828 verberatus
1352 799 1466 834 esset,
1497 803 1572 825 uno

80 845 190 890 gradu
221 845 425 878 increverat
457 843 645 886 (Cicero),
681 843 849 886 ponendo
878 843 984 875 etiam
1008 842 1044 874 id
1069 851 1148 875 esse
1171 840 1332 882 facinus,
1368 840 1464 884 quod
1497 843 1575 872 erat

81 891 232 924 interius
267 894 309 924 ib.
333 890 367 924 4.
405 891 442 924 in
466 890 586 934 primis
610 909 656 915 —
678 898 753 921 tutu
780 890 937 922 secundo
961 888 1072 934 gradu
1095 907 1141 912 —
1165 886 1294 920 deinde
1311 887 1360 928 5,
1388 888 1454 928 10,
1480 886 1571 926 1163

82 936 222 970 etiamsi
247 947 320 970 non
352 947 435 980 per
469 937 648 982 gradus
673 936 887 975 ascendant,
917 940 1038 967 tamen
1063 933 1164 968 velut
1188 935 1357 966 acer'vo
1382 932 1575 975 quodam

83 983 282 1016 allevantur
303 983 348 1024 8,
373 981 418 1023 4,
443 984 500 1015 26.
540 981 585 1021 cf.
611 983 653 1014 ib.
683 982 716 1014 5.
760 991 839 1013 eam
870 978 1053 1021 (laudem)
1083 990 1148 1022 per
1172 978 1300 1023 gradus
1326 982 1455 1023 augeat
1476 980 1511 1019 2,
1537 976 1573 1017 4,

83 1027 143 1062 34.
170 1028 214 1060 ad
236 1026 274 1060 id
295 1037 507 1070 responsum
528 1037 594 1070 per
617 1037 669 1072 gr.
693 1027 800 1059 ducet
823 1027 858 1066 5,
874 1028 908 1066 7,
921 1028 990 1068 2ος
1017 1026 1060 1058 ab
1079 1025 1154 1061 imo
1172 1025 1216 1057 ad
1237 1034 1408 1057 summam
1432 1020 1574 1066 (vocem)

85 1084 129 1107 ac
150 1078 248 1106 retro
276 1073 376 1106 multi
402 1078 483 1106 sunt
507 1073 636 1117 gradus
665 1074 708 1104 ib.
736 1073 790 1105 15.
825 1071 976 1105 totidem
995 1076 1078 1104 sunt
1101 1069 1375 1104 ascendentibus
1398 1074 1486 1113 quot
1509 1069 1574 1102 tle-

85 1118 339 1152 sceudentibus
362 1120 491 1163 gradus
513 1119 547 1159 8,
572 1117 608 1159 4,
632 1119 688 1151 28.
721 1123 761 1150 ut
784 1116 880 1151 inter
901 1117 957 1158 id,
986 1117 1084 1161 quod
1109 1118 1340 1158 transfertur,
1370 1115 1415 1149 sit
1438 1114 1576 1149 medius

85 1164 228 1209 quidmu
255 1165 385 1210 gradus
407 1166 453 1206 8,
478 1165 523 1205 6,
550 1165 616 1203 38ς
660 1164 736 1205 ejus
760 1162 903 1205 (ornati)
930 1162 1035 1206 primi
1058 1168 1142 1196 sunt
1227 1163 1293 1195 dus
1316 1161 1354 1195 in
1378 1172 1444 1203 eo,
1479 1161 1577 1204 quod

75 1211 189 1251 ‘velis‚
216 1209 464 1253 exprimendo,
491 1209 627 1251 tertius,
654 1209 714 1252 qui
735 1210 825 1242 haec
845 1208 1015 1242 nitidiora
1029 1207 1138 1242 faciat
1186 1234 1196 1251 ,
1223 1209 1259 1251 3,
1284 1208 1341 1242 61.
1357 1205 1578 1241 accendendi

81 1255 211 1297 iudicis
230 1257 352 1300 plures
378 1262 459 1289 sum
483 1255 611 1301 gradus
635 1258 675 1287 11
689 1281 700 1297 ,
725 1256 769 1293 3,
795 1254 873 1288 166.
911 1260 948 1288 et
970 1255 1235 1298 probandorum
1259 1259 1295 1287 et
1318 1254 1577 1297 culpandorum

63 1303 130 1336 -ex
156 1301 212 1334 his
232 1302 454 1335 confirmatio
478 1302 624 1334 eosdem
647 1301 775 1346 gradus
800 1301 908 1333 habet
931 1300 1048 1342 5‚·11‚
1074 1303 1097 1334 7
1119 1301 1186 1341 Ν.;
1211 1310 1283 1333 non
1306 1302 1414 1333 modo
1444 1310 1576 1332 mem-

78 1348 165 1382 -b‘ra
186 1353 293 1391 atque
317 1347 468 1391 incisa
491 1347 583 1381 bene
607 1347 768 1391 incipere
791 1352 862 1390 atq.
886 1346 982 1380 cludi
1002 1348 1119 1388 decet,
1144 1347 1206 1380 sed
1225 1347 1332 1379 etiam
1352 1347 1389 1378 in
1410 1344 1578 1379 iisa-iui

82 1394 183 1430 velut
198 1393 372 1427 occulti
395 1394 571 1438 gradus
596 1401 632 1434 6,
654 1392 690 1434 4,
714 1394 772 1426 67.
795 1393 900 1436 pauci
927 1392 979 1426 illi
1003 1394 1231 1426 transitus
1257 1394 1388 1425 multos
1411 1392 1576 1438 gradus

68 1439 238 1479 2hnbeant
274 1443 342 1483 12,
379 1442 447 1482 10,
474 1440 533 1474 68.
588 1439 628 1483 y)
654 1440 697 1472 de
723 1440 907 1480 «lignitate.-
934 1438 966 1472 si
991 1439 1102 1472 orbae
1127 1438 1269 1483 nuptias
1291 1438 1450 1472 indicant
1473 1447 1579 1482 pares

42 1471 196 1532 {gradu
222 1488 259 1528 7,
282 1487 318 1528 3,
344 1483 402 1520 49.
1320 1514 1332 1520 ,

38 1526 241 1573 Gramen·
288 1542 472 1582 cuiusdam
498 1553 555 1587 ap.
589 1542 823 1588 Lotophagos
856 1540 1026 1587 graminis
1059 1541 1104 1584 5,
1135 1542 1179 1584 8,
1210 1543 1228 1575 1
1256 1542 1303 1575 N.
1350 1542 1453 1576 velut
1483 1541 1579 1574 laeto

83 1585 245 1634 granum
263 1589 308 1630 8,,
332 1589 390 1622 Pr.
416 1590 473 1622 23.

39 1640 422 1701 (ἶηῐππιθίᾗῠθ-,βει
469 1673 515 1681 -
549 1666 654 1700 quam
688 1655 727 1689 in
759 1654 927 1688 Latinum
967 1655 1224 1689 transferentes
1269 1654 1580 1688 literaturam

83 1706 310 1737 vocaverunt
331 1703 366 1743 2,
391 1703 424 1741 1,
448 1700 471 1734 4
496 1702 542 1734 Ν.
574 1700 620 1742 cf.
645 1704 679 1744 2,
709 1700 764 1742 14,
786 1704 821 1735 3.
854 1703 944 1734 haec
962 1700 1166 1745 professio,
1194 1712 1276 1734 cum
1302 1700 1514 1735 brevissime
1539 1699 1579 1732 in

87 1746 183 1779 duas
198 1752 316 1789 partes
343 1746 534 1788 dividatur,
558 1753 658 1781 recte
682 1747 852 1791 loquendi
883 1747 1080 1789 scientiam,
1110 1753 1146 1780 et
1169 1751 1353 1790 poetarum
1380 1745 1579 1780 enarratio-

87 1795 173 1823 nem
198 1793 233 1831 1,
254 1789 291 1832 4,
313 1794 348 1826 2.
381 1792 425 1832 cs.
454 1795 486 1834 1,
514 1794 548 1834 5,
574 1796 606 1826 1.
644 1804 690 1826 ne
715 1792 794 1837 quis
822 1798 990 1836 tanquam
1013 1805 1125 1836 parva
1148 1793 1305 1826 fastidiat
1333 1791 1581 1838 grammatices

88 1835 269 1876 (elementa
291 1838 324 1877 1,
347 1834 383 1876 4,
409 1837 445 1872 6.
481 1837 511 1870 si
534 1838 780 1882 grammatices
806 1849 934 1871 munus
957 1850 1072 1882 usque
1096 1840 1141 1871 ad
1163 1839 1342 1872 suasorias
1365 1843 1580 1882 prorouatur

89 1881 135 1921 2,
164 1883 182 1912 1
198 1903 209 1922 ,
237 1879 275 1913 8.
318 1890 389 1931 nec
418 1881 506 1915 citra
533 1882 693 1917 musicen
722 1883 950 1929 grammatice
981 1890 1099 1928 potest
1123 1895 1202 1918 esse
1223 1885 1386 1929 perfecta
1410 1887 1449 1924 1,
1473 1866 1519 1925 Ξ,
1542 1881 1580 1916 4.

91 1929 392 1976 grammatice
419 1929 597 1969 quondam
620 1940 662 1962 ac
685 1929 864 1962 musice
898 1930 1041 1971 iunctae
1074 1931 1220 1963 tuemnt
1250 1933 1265 1963 1
1283 1957 1294 1973 ,
1319 1933 1384 1972 10,
1415 1933 1477 1971 173
1517 1928 1580 1972 qui

88 1975 342 2023 grammaticen
367 1971 575 2013 profitentur
599 1976 635 2014 2,
661 1977 694 2014 1,
719 1975 753 2007 6.
786 1985 865 2007 cum
889 1975 1134 2020 grammatices
1162 1986 1262 2008 amor
1283 1982 1319 2009 et
1342 1985 1427 2008 usus
1451 1974 1581 2008 lectio-

0 2050 6 2055 ,
89 2027 148 2050 ms
177 2026 251 2049 nou
281 2016 481 2048 scholarum
511 2017 749 2062 temporibus,
781 2019 845 2051 sed
869 2022 968 2054 vitae
991 2021 1114 2064 spatio⁴
1130 2021 1366 2054 terminentur
1391 2023 1429 2062 1,
1454 2021 1495 2061 8,
1522 2022 1578 2053 12.

15 2068 20 2073 '
88 2062 180 2142 Ῑὲῖεο
205 2061 515 2140 {le‘ggrmmafioe
551 2061 647 2106 (Sp.
672 2079 716 2087 —-
740 2062 836 2108 tica)
869 2067 913 2106 1,
945 2067 1012 2108 10,
1046 2069 1079 2098 1.
1107 2068 1144 2100 S.
1194 2067 1253 2100 De
1287 2065 1516 2112 grammatice
1545 2068 1581 2108 1,

45 2151 344 2194 Grammatico.
382 2164 475 2196 Ado.
509 2162 606 2198 aliud
629 2174 708 2198 esse
732 2163 872 2207 Latine,
898 2164 995 2198 aliud
1018 2166 1257 2200 Grammatice
1277 2165 1380 2211 loqui
1405 2169 1438 2208 1,
1460 2166 1495 2210 6,
1518 2169 1578 2202 27.

6 2241 11 2243 ·
46 2219 376 2263 Grammaticus·
423 2231 455 2269 Ι)
479 2231 553 2273 Adj
586 2230 703 2273 possis
725 2231 814 2264 illud
838 2232 1191 2278 grammaticum
1218 2237 1268 2275 (a.
1278 2238 1300 2268 1.
1326 2233 1579 2278 grammatici),

43 2304 46 2305 γ
89 2278 163 2311 hoc
185 2275 403 2310 rhetoricum
427 2277 539 2323 magis
566 2277 685 2310 dicere
718 2279 763 2319 9,
798 2279 841 2320 3,
877 2281 912 2311 2.
965 2284 1076 2311 artem
1106 2280 1367 2323 grammaticam
1398 2283 1437 2323 1,
1463 2283 1496 2323 5,
1522 2279 1579 2316 54.

90 2322 145 2366 11)
169 2322 279 2355 sulm.
318 2325 349 2362 1,
372 2324 407 2364 2,
434 2321 488 2355 14.
529 2325 561 2365 1,
589 2323 625 2364 4,
650 2326 682 2355 1.
713 2326 747 2356 2.
774 2325 807 2357 7.
847 2325 878 2365 ι,
904 2325 938 2365 5,
966 2326 1000 2358 5.
1028 2327 1061 2358 7.
1086 2325 1143 2358 25.
1177 2328 1209 2367 1,
1232 2328 1267 2367 7,
1292 2328 1349 2360 30.
1386 2329 1426 2369 1,
1450 2327 1495 2369 8,
1523 2329 1580 2361 13.

93 2371 129 2410 1,
150 2369 187 2419 9,
210 2369 245 2401 6.
277 2367 312 2407 8,
335 2367 371 2408 6,
397 2370 431 2400 1.
468 2370 502 2409 9,
534 2371 567 2411 1,
591 2367 626 2403 4.
653 2376 715 2401 etc.
764 2369 977 2403 Geometrae
1002 2375 1038 2403 et
1062 2370 1287 2405 Grammatici
1310 2377 1579 2417 ceterarumque.

93 2419 220 2446 artium
244 2413 465 2455 professores
491 2416 555 2456 12,
576 2417 644 2455 11,
670 2417 727 2448 20.
767 2414 988 2460 grammatici
1013 2415 1146 2449 alienas
1168 2423 1286 2460 partes
1308 2424 1579 2462 occupaverunt

92 2461 130 2501 2,
159 2461 193 2501 1,
214 2461 247 2491 1.
272 2458 506 2503 grammaticis
533 2459 694 2502 poeticas
718 2459 957 2503 (narrationes)
982 2461 1142 2495 dedimus
1170 2465 1204 2504 2,
1221 2462 1257 2506 4,
1282 2466 1316 2497 2.
1351 2463 1395 2505 1312
1421 2466 1457 2507 2,
1482 2465 1515 2508 5,
1542 2468 1577 2499 1.

92 2503 183 2538 inihi
208 2503 302 2537 inter
322 2503 473 2537 virtutes
496 2505 714 2550 grammatici
738 2506 948 2549 habebitur,
972 2507 1089 2551 aliqua
1111 2508 1251 2543 nescire
1275 2512 1322 2551 1,
1347 2511 1390 2552 8,
1418 2512 1475 2543 21.
1509 2512 1578 2544 ho-

13 2571 25 2577 »
92 2561 172 2583 rum
199 2549 400 2592 (troporum)
425 2551 565 2584 tradere
587 2557 777 2594 praecepta
801 2558 837 2585 et
860 2553 1075 2598 grammatici
1099 2555 1215 2588 solent
1240 2555 1276 2596 8,
1301 2557 1335 2598 5,
1358 2557 1416 2590 35.
1450 2557 1578 2589 Gram—

91 2595 300 2629 maticorum
325 2605 521 2629 consensus
543 2595 578 2630 ei
601 2599 775 2630 secundas
799 2599 918 2630 detert
940 2600 996 2640 10,
1019 2601 1060 2642 1,
1083 2601 1139 2634 53.
1176 2596 1392 2644 Apollonius
1414 2602 1455 2635 iu
1477 2601 1577 2635 ordi-

91 2647 177 2675 nem
204 2652 224 2674 a
246 2641 481 2686 grammaticis
504 2642 623 2675 datum
649 2653 724 2676 non
748 2643 850 2677 venit
873 2645 918 2676 ib.
942 2643 998 2678 54.
1020 2644 1059 2678 in
1081 2646 1173 2680 adeo
1193 2647 1367 2681 molestos
1387 2647 1579 2681 incidimus

20 2710 29 2717 .
65 2684 73 2727 2
94 2687 340 2733 grauunaticos
361 2687 399 2728 9,
419 2686 457 2730 4,
481 2688 553 2722 53»
584 2689 643 2722 De
666 2685 788 2722 officio
811 2689 1030 2736 grammatici
1058 2693 1100 2735 1,
1124 2690 1212 2736 cap.
1235 2693 1271 2728 9.

3 2809 6 2812 .
24 2737 378 2834 ‘siznffssggum'
399 2753 571 2816 sublimis
587 2759 623 2790 et
641 2755 762 2802 gravis
782 2762 818 2791 et
837 2756 1091 2804 grandiloquus
1113 2769 1222 2804 saepe
1236 2769 1351 2805 usque
1373 2759 1420 2794 ad
1446 2758 1575 2796 vitium

22 2826 28 2832 .
140 2823 153 2842 ‚
198 2824 211 2842 ,
282 2824 292 2834 .

1352 2932 1359 2951 Ι
