1742 2964
144 145 226 185 952
578 141 886 185 Verumtamen
914 166 969 174 —
997 137 1249 199 Vesperugo

146 243 467 286 Verumtamen·
505 257 551 291 V.
575 256 656 291 talis
681 263 735 291 est
755 257 846 291 ratio
866 257 970 299 huius
986 256 1146 300 virtutis,
1170 262 1211 293 ut
1227 264 1289 291 etc.
1310 257 1347 299 8,
1363 256 1399 300 6,
1417 256 1476 292 41.
1494 258 1542 294 V.
1561 258 1675 294 venit.

188 303 237 388 g„
259 301 391 383 ἑὴὸίὲῧ.
423 313 512 347 quae
546 303 635 337 dura
659 303 854 348 quidem
876 303 984 362 sentit
1007 314 1106 347 esse,
1139 314 1178 339 v.
1201 314 1269 337 usu
1297 308 1396 347 putat
1417 314 1522 362 posse
1544 305 1677 340 molliri

283 374 293 391 ,
365 371 374 381 .

145 401 304 444 VBI'US·
350 414 388 456 Ι)
414 417 614 460 simpliciter.
646 418 766 452 Neutr.
811 415 858 459 α)
885 419 977 459 Sing.
1012 415 1057 458 a)
1083 417 1276 450 Nominat..-
1313 415 1452 462 credo,
1478 416 1612 465 inquit,
1641 423 1677 452 et

187 472 314 495 verum
342 467 395 495 est
418 462 460 503 6,
485 465 527 504 3,
551 462 607 498 94.
645 462 689 504 cf.
714 467 757 506 7,
784 465 822 506 1,
848 463 904 498 52.
931 469 967 497 et
989 474 1115 498 verum
1139 461 1281 505 erat'9,
1307 465 1348 503 2,
1374 465 1430 498 73.
1464 463 1542 499 hoc‘
1559 469 1676 499 autem

187 508 279 540 adeo
306 519 343 542 v.
370 513 423 542 est
447 510 480 545 8.
505 511 540 551 3,
567 513 600 543 7.
626 510 721 553 quod
746 515 857 548 estjv.
883 512 917 551 2,
945 512 1002 551 17,
1029 513 1083 543 17.
1117 508 1161 549 cf.
1189 511 1221 551 1,
1246 510 1279 550 5,
1306 511 1361 543 13.
1386 512 1421 552 3,
1445 509 1479 552 5,
1502 510 1537 545 9.
1560 508 1678 554 neque

188 553 312 597 utique
328 565 372 594 fv.
400 560 453 588 est
478 555 521 596 9,
547 558 582 597 2,
610 556 665 589 83.
692 568 724 588 v.
751 558 930 589 Rectus.
957 566 1084 589 verum
1108 561 1316 599 utrumque,
1342 566 1382 588 ac
1406 555 1678 590 merito'lauda-

191 605 246 633 tur
272 603 333 639 11,
358 603 399 641 1,
425 602 481 634 93.
518 600 823 635 incredibile
847 607 923 643 est,
952 603 1047 645 quod
1076 601 1181 642 dico,
1209 601 1458 636 sed'verum
1483 603 1525 644 9,
1550 604 1593 646 3,
1617 603 1676 638 87.
1740 621 1742 642 1

189 644 234 686 cs.
258 648 312 687 11,
330 647 362 688 3,
383 647 460 680 176.
479 645 531 680 sic
553 647 645 680 enim
670 659 747 684 ver.
771 647 849 689 erit,
877 647 979 682 aliam
1006 658 1084 682 esse
1109 647 1309 682 orationem
1325 642 1676 691 ἆσχημᾰτιᾱτον“ε1σ.

187 693 222 734 9,
241 694 274 734 1,
295 693 358 732 13;
389 693 494 738 Quod
520 704 605 726 sane
631 693 669 727 in
688 700 787 737 parte
813 705 939 728 verum
963 699 1016 727 est
1035 694 1069 736 4,
1089 694 1122 733 5,
1142 695 1196 727 13.
1217 693 1391 745 reliq-num
1414 693 1452 726 fit
1475 687 1679 728 verum'sic

188 739 222 776 5,
250 740 305 779 10,
335 739 392 772 67.
442 739 481 780 b)
508 741 638 773 Genit.:
669 752 738 784 qua
763 739 801 773 in
826 740 1063 784 disputatione
1092 738 1256 773 nonnihil
1278 739 1434 773 veri‘est
1458 743 1515 782 12,
1544 742 1598 783 10,
1621 738 1679 774 42.

187 795 225 817 v.
252 784 504 828 contemplatio
529 786 563 828 6,
589 788 622 827 2,
649 787 680 820 5.
710 787 842 820 decens
866 798 903 821 v.
931 786 1145 831 superJectio
1173 787 1207 828 8,
1231 786 1272 828 6,
1290 785 1334 819 67
1356 786 1424 828 Ν.;
1462 785 1576 820 simile
1600 785 1679 828 veri

190 831 300 863 Cels.
325 833 359 869 2,
387 831 444 871 15,
469 832 524 867 32.
556 833 671 875 pallor
696 838 731 865 et
755 832 832 866 veri
862 832 985 866 similis
1011 833 1116 866 dolor
1137 832 1172 875 6,
1200 834 1235 873 2,
1259 831 1315 866 36.
1343 837 1424 865 sunt
1448 832 1574 876 quaed.
1600 831 1679 866 veri

187 874 315 908 similia
351 876 394 918 6,
433 878 474 919 3,
512 877 558 911 60
588 878 632 912 Ν.
709 876 754 921 c)
786 882 893 913 Dat..-
933 879 1028 923 quod
1064 890 1142 912 esse
1174 888 1264 913 vero
1295 877 1442 911 similius
1465 879 1519 920 3,
1547 878 1591 920 8²,
1620 875 1678 912 31.

187 934 219 954 v.
244 922 419 956 Falsus.
445 934 482 956 v.
506 923 652 968 propius
677 930 731 958 est
755 926 795 965 3,
820 925 864 967 6,
894 924 948 960 14.
993 925 1031 965 d)
1056 928 1203 958 Aecus..-
1228 934 1356 962 verum
1380 923 1499 958 dicere
1524 923 1622 966 5,,7,
1643 921 1695 959 2.’

189 966 234 1008 cs.
266 970 322 1009 11,
351 971 384 1010 1,
409 970 464 1002 21.
490 971 545 1011 12,
570 973 604 1011 7,
629 971 660 1004 6.
685 982 724 1005 v.
751 971 914 1014 efficere,
945 971 1040 1015 quod
1066 970 1210 1014 objicias
1237 969 1283 1012 ¹4,
1308 971 1351 1013 3,
1376 970 1410 1004 6.
1435 969 1529 1003 inter
1553 969 1679 1005 doctos

186 1024 222 1047 v.
250 1020 463 1058 quaerentes
488 1016 530 1057 5,
561 1015 626 1058 14,
652 1017 708 1050 28.
745 1027 803 1050 res
828 1025 889 1050 etc.
906 1018 1111 1061 ‚secundum
1134 1027 1172 1054 v,
1198 1015 1330 1060 optime
1354 1015 1465 1062 finget
1486 1015 1530 1059 6,
1552 1018 1596 1056 2,
1620 1017 1678 1049 30.

187 1064 225 1092 ut
248 1061 423 1094 humanae
448 1061 586 1095 formae
611 1063 779 1096 decorem
805 1063 978 1096 addiderit
1002 1075 1108 1108 supra
1133 1074 1170 1098 v.
1191 1063 1256 1104 12,
1286 1064 1351 1102 10,
1374 1063 1408 1095 8.
1441 1062 1533 1095 ultra
1557 1073 1595 1105 v,
1620 1063 1680 1108 11,

187 1107 223 1147 3,
246 1105 303 1139 41.
347 1105 394 1146 e)
420 1109 559 1141 Aluan.-
587 1119 606 1140 a
635 1119 724 1142 vero
749 1108 902 1152 judicem
927 1109 1040 1144 averti
1065 1109 1098 1150 6,
1125 1111 1159 1152 1,
1179 1111 1212 1143 7.
1237 1106 1415 1153 [pusillum
1443 1119 1463 1141 a
1485 1119 1524 1142 v.
1548 1105 1608 1150 (Ζ.
1635 1108 1679 1140 ab
1733 1127 1736 1133 =

186 1150 250 1193 ea)
278 1151 423 1186 discedo
451 1154 492 1196 8,
523 1153 564 1197 6,
592 1153 665 1198 28]
690 1165 755 1198 pro
782 1167 818 1191 v.
846 1155 1059 1198 accipiamus
1091 1156 1142 1198 2,
1161 1156 1226 1197 17,
1251 1154 1286 1190 6.
1317 1153 1440 1187 falso
1469 1153 1580 1187 utitur
1612 1164 1679 1197 pro

185 1207 304 1231 vero
342 1201 385 1234 ib.
409 1201 466 1232 20.
508 1211 542 1233 v.
569 1199 769 1244 Aequus.
825 1201 877 1246 β)
912 1205 1005 1235 Plur.
1033 1206 1114 1236 sunt
1143 1200 1294 1244 plurima
1324 1210 1440 1234 vera
1463 1200 1526 1233 sed
1554 1207 1680 1244 parum

187 1243 452 1277 credibilia
474 1243 520 1287 4,
545 1248 591 1288 2,
615 1247 671 1280 34.
701 1246 746 1287 cs.
775 1248 819 1289 3,
845 1249 880 1289 8,
909 1248 965 1282 67.
991 1253 1030 1280 ut
1053 1246 1183 1290 judici,
1212 1250 1302 1290 quae
1324 1245 1508 1290 proposita
1531 1245 1679 1288 suerint,

186 1300 295 1323 vera
320 1292 398 1333 atq.'
420 1291 621 1325 honesta
647 1291 835 1326 videantur
861 1295 924 1334 12,
951 1296 992 1336 1,
1022 1296 1078 1326 11.
1119 1293 1250 1326 falsa
1279 1297 1315 1325 et
1348 1290 1680 1325 increxdibili'a

188 1340 314 1368 natura
336 1346 486 1369 necesse
511 1341 565 1369 est
592 1343 651 1370 aut
673 1337 784 1383 magis
809 1344 995 1380 moveant,
1021 1338 1102 1382 quia
1129 1349 1234 1381 supra
1258 1346 1367 1371 v‘era
1395 1341 1496 1370 sunt:
1529 1341 1589 1382 ant
1611 1347 1678 1380 pro

186 1380 582 1425 vanisaaocipiantur,
607 1382 689 1427 quia
714 1395 828 1418 vera
852 1394 925 1417 non
949 1389 1030 1417 sunt
1054 1385 1088 1426 9,
1117 1386 1151 1426 2,
1175 1385 1240 1425 33;
1267 1381 1404 1425 adjecta
1426 1381 1561 1417 veris
1588 1393 1679 1416 cre-

186 1426 357 1460 dibilis
381 1439 499 1461 rerum
524 1427 641 1474 imago
664 1428 700 1471 4,
725 1432 759 1471 2,
786 1432 864 1463 123.
889 1430 1019 1463 falsa
1041 1429 1171 1465 veris
1197 1427 1323 1462 similia
1348 1429 1434 1471 (Sp.
1458 1426 1678 1469 verisimilia)

188 1475 222 1514 1,
249 1474 306 1515 10,
330 1474 375 1508 39
392 1474 455 1516 Z.;
480 1485 569 1508 vera
593 1474 792 1508 dicentibus
818 1478 873 1517 12,
898 1478 934 1518 1,
961 1478 1016 1508 13.
1047 1474 1105 1508 cui
1125 1486 1213 1509 vera
1239 1472 1453 1517 objicientur
1476 1476 1520 1508 ib.
1535 1472 1604 1509 42.
1631 1473 1678 1516 cf.

188 1519 253 1560 12,
276 1520 316 1561 9,
345 1521 379 1553 8.
405 1519 435 1553 si
459 1519 561 1553 aliter
588 1520 741 1554 obtineri
764 1532 802 1555 v.
829 1530 901 1554 non
925 1520 1063 1565 possint
1086 1521 1121 1563 6,
1148 1523 1182 1563 1,
1205 1523 1251 1562 73
1273 1530 1363 1555 vera
1389 1519 1561 1566 colligunt
1582 1518 1681 1554 'veris

187 1563 222 1607 5,
253 1563 307 1606 14,
333 1564 388 1600 14.
427 1565 616 1609 concipere
641 1578 793 1600 rerum
818 1565 1015 1612 imagines,
1049 1572 1085 1600 et
1107 1571 1275 1610 tanquam
1298 1565 1432 1600 veris
1458 1565 1605 1601 moveri
1624 1568 1681 1609 11,

187 1611 228 1652 3,
257 1611 313 1644 62.
349 1621 422 1644 non
454 1617 590 1645 tantum
617 1618 816 1654 nocerent,
851 1612 880 1645 si
905 1613 1023 1646 omnia
1055 1611 1270 1654 scriberent,
1295 1610 1373 1644 *uti
1397 1617 1526 1659 gesta
1548 1613 1680 1646 'sunt-

186 1657 269 1689 Non
295 1657 543 1692 consiliumet
572 1660 711 1692 colores
741 1658 930 1700 adjiciunt,
967 1665 1002 1693 et
1033 1659 1149 1702 aliqua
1179 1658 1302 1702 peiora
1333 1657 1461 1692 veris
1485 1657 1552 1702 12,
1575 1658 1622 1701 81,
1644 1657 1680 1694 6.

186 1701 224 1735 in
253 1702 350 1736 veris
387 1714 530 1748 quoque
568 1704 699 1738 suflicit
731 1704 950 1738 conscientia
976 1708 1040 1746 11,
1066 1708 1109 1747 1,
1135 1706 1181 1738 17
1211 1704 1258 1738 Ν.
1298 1702 1418 1738 dicere
1449 1704 1584 1739 falsa
1611 1702 1685 1749 psro'

185 1749 313 1783 veris
338 1751 371 1790 2,
399 1753 453 1790 17,
484 1751 537 1784 19.
564 1763 596 1784 v.
621 1750 928 1785 Verisimilis.
977 1749 1016 1794 γ)
1044 1753 1218 1793 Compar..-
1243 1760 1394 1798 quorum
1416 1749 1539 1784 verius
1561 1750 1680 1783 utrum

186 1794 232 1828 sit
247 1815 292 1820 —
314 1795 428 1828 dicam
453 1798 486 1836 2,
516 1797 571 1839 15,
598 1797 651 1830 15.
686 1797 808 1831 verius
833 1797 900 1830 erit
924 1797 1090 1831 claudere
1115 1797 1284 1829 choreum
1307 1797 1545 1838 praecedente
1571 1798 1681 1841 spo‘n-

185 1841 256 1874 deo
279 1842 315 1882 9,
325 1838 378 1882 ’4,
407 1844 473 1875 103
493 1843 537 1875 N.
584 1843 676 1875 Illud
700 1843 842 1884 verius,
868 1853 946 1876 esse
971 1854 1048 1876 eam
1072 1841 1262 1886 aliquando
1289 1841 1485 1884 simplicem
1508 1843 1549 1883 8,
1576 1838 1679 1884 5‚*4.

134 1927 137 1931 ,
185 1887 241 1925 ΙΙ)
267 1900 293 1920 ο.
312 1889 420 1920 Subst.
458 1887 503 1930 α)
528 1887 566 1920 in
592 1899 683 1923 vero
713 1895 794 1922 actu
816 1888 870 1922 rei
897 1892 931 1931 7,
956 1891 990 1931 2,
1015 1887 1074 1924 41.
1100 1899 1180 1922 cum
1204 1887 1275 1922 sint
1299 1887 1358 1920 alii
1385 1887 1492 1921 veri
1519 1886 1686 1931 affecms,

185 1932 247 1966 alii
271 1932 382 1966 ficti
406 1938 442 1966 et
464 1933 638 1968 imitati
665 1937 728 1977 11,
758 1937 798 1976 3,
826 1935 883 1969 61.
915 1933 959 1976 cf.
987 1934 1111 1976 10,’2,
1138 1937 1191 1968 11.
1214 1945 1250 1968 v.
1277 1932 1392 1969 causis
1416 1937 1452 1975 7,
1476 1933 1509 1974 4,
1536 1933 1592 1968 36.
1621 1935 1678 1975 10,

185 1979 225 2018 5,
256 1981 312 2011 20.
352 1991 384 2013 υ.
411 1979 578 2024 Fingo.
616 1992 659 2014 an
687 1981 724 2014 in
747 1981 896 2023 tabulis,
927 1992 1015 2024 quas
1039 1980 1246 2024 proferebat
1274 1978 1531 2024 chirographus
1558 1976 1678 2015 esset?

184 2024 229 2057 Et
255 2036 386 2066 verus,
415 2024 543 2069 inquit.
568 2027 608 2068 6,
634 2028 673 2068 3,
702 2029 767 2060 100
791 2027 835 2060 Ν.
869 2038 908 2061 v.
936 2026 1154 2070 comparatio
1180 2029 1219 2066 1,
1244 2025 1288 2068 6,
1311 2026 1334 2060 9
1354 2026 1401 2058 N.
1435 2025 1622 2059 connexio
1637 2037 1678 2060 v.

184 2076 335 2115 negatur
361 2071 415 2111 5,
431 2071 490 2114 14,
519 2074 575 2106 22.
601 2084 638 2106 v.
665 2072 804 2106 consilii
827 2075 861 2115 3,
885 2074 920 2115 8,
945 2073 990 2107 62
1011 2076 1053 2106 Ζ.
1086 2073 1184 2106 cultu
1211 2082 1248 2105 v.
1275 2076 1346 2115 atq.
1371 2077 1499 2104 ornatu
1522 2072 1558 2113 8,
1583 2072 1618 2114 3,
1643 2073 1680 2105 2.

184 2127 341 2150 verum
371 2117 560 2152 discrimen
585 2118 769 2162 aciemque
792 2119 967 2161 justam
991 2121 1025 2160 2,
1054 2121 1110 2159 10,
1136 2119 1169 2152 8.
1197 2116 1240 2158 cs}
1264 2119 1320 2157 12,
1345 2116 1378 2158 6,
1402 2115 1435 2150 4.
1462 2120 1518 2159 12,
1544 2119 1598 2158 11,
1621 2117 1676 2152 15.

185 2173 223 2196 v.
252 2162 453 2197 distributio
479 2166 523 2203 3,
547 2163 591 2206 4,
625 2165 680 2199 16.
709 2165 917 2199 v..dolores
945 2165 988 2206 6,
1015 2167 1059 2206 1,
1093 2165 1149 2198 28.
1180 2175 1218 2198 v.
1249 2161 1361 2196 finitio
1388 2165 1453 2204 12,
1490 2166 1529 2205 1,
1548 2162 1622 2202 44.
1639 2174 1684 2206 v.

184 2208 320 2253 gloriae
340 2211 395 2250 10,
423 2213 455 2251 1,
478 2209 535 2244 94.
562 2221 598 2245 v.
623 2209 741 2257 imago
768 2210 893 2243 orandi
919 2211 950 2253 5,
977 2212 1031 2254 12,
1061 2210 1117 2246 17.
1144 2221 1181 2244 v.
1205 2209 1282 2242 lans
1306 2210 1341 2251 3,
1363 2208 1399 2250 7,
1425 2209 1480 2243 15.
1507 2210 1570 2256 12,,
1586 2209 1621 2251 9,
1638 2206 1677 2243 4.
1734 2248 1739 2249 ⁷

183 2265 222 2288 v.
251 2253 394 2287 libertas
424 2255 465 2296 9,
489 2259 533 2292 2,
559 2259 615 2290 27.
641 2268 679 2291 v.
705 2256 852 2290 materia
876 2258 943 2298 10,
971 2258 1015 2298 2,
1045 2257 1100 2289 12.
1135 2267 1167 2291 v.
1195 2253 1446 2289 Assimnlo.
1471 2265 1506 2289 v.
1533 2253 1678 2303 negotia

183 2301 216 2339 9,
239 2302 273 2338 2,
299 2300 355 2334 68.
383 2312 418 2334 v.
445 2301 564 2344 operis
581 2304 615 2343 2,
642 2304 696 2342 10,
717 2305 751 2336 7.
781 2301 886 2345 [vero
909 2301 1003 2335 enim
1028 2301 1161 2335 oratori
1188 2297 1269 2334 Ci‘c.
1294 2299 1380 2342 (Sp.
1405 2311 1533 2342 verum
1557 2311 1588 2334 e.
1605 2301 1677 2343 or.)

182 2347 218 2383 2.
239 2348 297 2384 21,
324 2346 400 2380 6Ζ.
421 2348 467 2380 Ν.
490 2346 553 2390 cr.]
582 2359 619 2382 v.
643 2349 826 2391 profectus
846 2351 877 2389 1,
900 2351 929 2389 1,
959 2349 1015 2382 28.
1041 2347 1104 2380 nbi
1121 2358 1157 2382 v.
1182 2357 1241 2380 res
1264 2345 1379 2392 agitur
1402 2347 1480 2389 opp.
1500 2347 1679 2390 declama..

182 2389 234 2423 lio
258 2391 302 2431 5,
329 2394 393 2435 13,
422 2390 479 2426 45.
508 2394 547 2426 in
577 2395 701 2426 schola
733 2405 876 2438 quoque
909 2394 1015 2427 rebus
1045 2393 1130 2437 ipsis
1161 2391 1276 2434 affici,
1313 2402 1445 2435 easque
1471 2391 1577 2426 ver-as
1606 2391 1676 2426 sibi

172 2436 318 2482 =fingere
341 2437 388 2478 6,
416 2440 456 2480 2,
482 2439 527 2473 36
545 2439 593 2473 Ν.
623 2438 667 2480 cs.
693 2438 734 2481 4,
764 2442 798 2482 2,
823 2441 878 2474 89.
906 2450 947 2474 re
974 2450 1062 2474 vera
1087 2441 1120 2480 5,
1143 2441 1178 2481 7,
1206 2439 1259 2470 13.
1283 2448 1319 2471 v.
1347 2437 1528 2471 rhetorice
1550 2434 1592 2479 2’,
1618 2437 1676 2480 15,

183 2483 230 2514 28
252 2484 298 2515 Ν.
328 2481 389 2526 [cs.
418 2487 459 2522 2,
483 2487 551 2528 20,
574 2483 627 2528 4]
655 2497 692 2521 v.
718 2485 927 2532 sanguinem
949 2485 1144 2529 perdidisse
1170 2485 1224 2523 10,
1254 2485 1284 2523 1,
1313 2483 1390 2517 115.
1412 2495 1451 2518 v.
1479 2482 1616 2528 species
1639 2482 1676 2526 8,

185 2527 218 2567 3,
249 2530 303 2562 11.
332 2540 371 2564 v.
400 2531 560 2573 syllabae
589 2533 627 2573 1,
654 2532 697 2573 5,
724 2533 778 2566 18.
807 2543 844 2572 v.
870 2531 1012 2565 dicendi
1035 2530 1131 2566 viam
1156 2531 1213 2572 12,
1239 2531 1296 2571 11,
1325 2531 1358 2563 5.
1391 2541 1430 2564 v.
1454 2528 1596 2564 virtutis
1619 2530 1678 2570 12,

184 2574 220 2612 9,
244 2571 278 2606 4.
306 2585 342 2608 v.
371 2575 429 2609 vis
455 2579 486 2618 1,
512 2579 548 2620 3,
578 2577 610 2611 5.
640 2579 694 2619 10,
720 2579 753 2620 2,
784 2580 839 2611 11.
887 2578 930 2622 β)
953 2576 1100 2611 historia
1123 2580 1223 2608 tanto
1249 2574 1516 2618 robustior,
1542 2576 1674 2619 'quanto

183 2618 352 2653 verior
379 2624 413 2664 2,
437 2621 470 2663 4,
493 2625 536 2664 2;
565 2622 754 2659 verissima
775 2623 867 2657 ratio
891 2625 926 2666 3,
949 2624 986 2666 8,
1010 2625 1045 2657 2.
1071 2619 1274 2656 testimonia
1295 2620 1424 2657 veriss.
1448 2622 1484 2666 5,
1509 2622 1567 2663 11,
1586 2621 1652 2655 37.

147 2672 407 2731 Vesperugo·
426 2707 468 2714 -·-
493 2692 588 2734 quod
621 2693 950 2736 vesperuginem
973 2688 1166 2734 accipimus
1191 2691 1224 2732 1,
1248 2692 1284 2732 7,
1308 2691 1351 2724 12
1374 2689 1424 2724 N.
1451 2695 1482 2722 et
1501 2678 1536 2721 S.
