1728 3002
161 206 254 244 742·
431 180 434 181 ⁷
697 203 783 253 Qui
811 228 866 235 —
895 202 1143 260 Quicunque
1160 243 1163 245 ,

208 317 340 364 optime
363 318 475 363 possit
498 321 564 361 10,
591 319 633 361 1,
658 318 691 352 4.
728 320 845 363 quod
866 318 1041 363 prooemii
1067 319 1112 353 sit
1136 313 1316 362 officim‘n3
1353 331 1468 365 qnae
1493 321 1584 364 ratio
1606 334 1688 357 nar-

210 364 333 408 randi3
365 377 418 410 qu
431 377 450 398 a
462 376 482 399 e
505 365 751 409 probationum
766 366 853 400 fides
870 365 908 407 4,
934 365 992 398 Pr.
1021 365 1042 399 5
1060 370 1101 399 Ζ.
1127 365 1215 400 mire
1229 371 1356 400 tractat
1375 369 1446 401 hoc
1469 368 1518 410 (a.
1538 373 1563 402 1.
1579 369 1687 412 haec)

211 410 360 452 Cicero,
394 422 484 455 quae
517 412 675 445 facturus
705 411 814 445 fuerit
839 410 985 446 Clodius
1008 412 1051 454 9,
1077 414 1120 454 2,
1149 411 1192 445 41
1219 413 1266 446 Ν.
1307 418 1343 446 et
1375 424 1465 458 quae
1497 414 1688 449 concilient

211 456 303 502 (Sp.
330 475 371 481 —-
397 456 484 500 ant)
511 457 653 501 quidem
682 463 925 491 accusatorem
952 477 998 485 —-
1014 458 1091 501 jam
1123 457 1278 491 diximus
1309 458 1352 501 6,
1383 462 1426 502 1,
1452 462 1496 493 12
1523 463 1566 494 Ζ.
1607 471 1687 496 esse

211 503 455 546 manifestum,
480 515 568 547 quae
595 502 682 536 mihi
707 509 742 537 et
765 509 937 548 quatenus
960 503 1254 547 musiceplaceat
1279 506 1318 546 1,
1343 507 1408 548 10,
1433 507 1489 540 31.
1524 505 1569 547 cf.
1593 509 1628 549 7,
1649 510 1687 551 2,

212 552 233 583 3
247 554 289 583 Ζ.
312 548 502 593 plurimum
530 551 687 590 referre,
721 558 824 594 quam
851 560 929 583 esse
953 549 991 582 in
1014 551 1084 584 hoc
1106 552 1188 584 loco
1212 549 1455 595 quaestionem
1479 552 1630 586 velimus
1653 556 1688 595 2,

209 596 273 638 19,
304 599 322 627 1
345 597 389 629 Ν.
418 595 606 639 plurimum
630 596 742 629 refert
775 594 1062 640 compositionis,
1096 607 1210 640 quae
1235 595 1404 641 quibus
1433 603 1624 642 anteponas
1651 599 1686 641 9,

211 640 253 683 4,
281 639 337 673 44.
373 641 485 674 discat
507 653 596 686 puer
619 660 664 665 —
688 653 803 686 quae
825 653 906 675 cum
932 642 1105 686 quibus
1131 643 1307 688 cognatio,
1334 645 1378 685 1,
1402 642 1446 685 4,
1474 646 1530 678 12.
1563 645 1687 688 quod

212 697 388 731 quoque
412 688 494 721 loco
519 689 711 722 verborum
738 692 795 728 (a.
825 692 847 722 l.
873 686 1042 729 verbum)
1077 688 1231 722 maxime
1257 689 1403 733 quadret
1425 690 1470 732 9,
1495 688 1538 732 4,
1562 691 1618 724 60.
1649 690 1687 724 id

210 744 351 778 quoque
386 734 613 779 adjungamus
648 733 772 778 operi,
805 733 878 778 qui
909 733 998 767 sint
1021 733 1082 776 (α.
1110 738 1131 767 1.
1158 735 1259 777 adjic.
1284 733 1467 780 legendi),
1498 746 1617 780 quae
1648 735 1687 770 in

209 790 395 824 quoque
423 786 569 814 auctore
591 780 780 825 praecipua
801 781 916 815 virtus
945 782 1008 822 10,
1037 783 1068 822 1,
1093 782 1136 814 37
1163 781 1208 815 N.
1245 792 1279 813 v.
1306 780 1519 826 Quisque.
1545 781 1689 816 intuen-

209 827 293 859 dum
317 832 431 859 autem
456 831 510 866 et,
543 826 618 871 qui
651 826 734 869 sit,
770 837 825 869 ap.
850 837 954 870 quem
978 824 1125 860 dicimus
1150 828 1190 868 5,
1217 828 1277 867 12,
1307 829 1362 860 11.
1398 838 1478 860 cum
1502 828 1546 862 de
1570 827 1689 872 aliquo

207 871 354 905 homine
375 872 573 916 quaeritur,
601 872 660 917 qni
678 872 723 906 sit
749 871 793 915 (S
804 885 836 915 p.
864 871 942 916 quis
964 871 1026 916 sit)
1049 875 1084 911 7,
1107 875 1143 914 2,
1166 870 1190 905 4
1207 875 1250 906 Ζ.
1297 871 1342 912 cs.
1362 875 1397 915 7,
1422 875 1478 915 10,
1504 876 1604 907 11—
1624 876 1685 917 133

209 917 254 959 cs.
280 918 497 951 considerari
522 920 639 960 debet,
667 919 780 963 qfi‘ae
807 919 870 959 (sc.
897 917 1115 962 quaestio)
1139 917 1287 962 primam
1304 918 1548 963 quaestionem
1571 919 1695 954 facit.

209 963 316 1005 (sori.
342 967 545 998 scribendum
568 964 702 1010 faciat)
728 968 763 1006 7,
785 967 818 1007 1,
843 965 867 999 8
891 966 925 998 S.

166 1016 265 1068 Qui.
312 1034 482 1066 Adam)..-
516 1032 576 1077 qui
599 1043 742 1076 possum
766 1033 808 1074 6,
832 1033 889 1066 Pr.
915 1035 948 1066 7.
988 1031 1031 1073 cf.
1060 1033 1102 1075 5,
1128 1035 1191 1075 12,
1215 1035 1250 1067 2.
1283 1033 1324 1076 5,
1350 1034 1416 1075 13,
1439 1031 1496 1068 45.
1532 1033 1592 1078 qui
1614 1032 1692 1068 fieri

207 1078 350 1120 potest?
375 1079 416 1121 9,
441 1081 483 1121 2,
507 1080 542 1113 8.
592 1079 677 1125 Qui
700 1089 810 1125 ergo
834 1078 951 1122 puniri
976 1079 1126 1122 debent,
1158 1078 1197 1112 in
1220 1078 1347 1124 quibus
1370 1078 1490 1113 omnia
1517 1085 1600 1114 sunt
1625 1080 1691 1113 ho-

208 1123 387 1159 micidae?
415 1128 449 1167 7,
477 1127 519 1168 3,
544 1123 600 1159 34.
643 1138 676 1159 v.
703 1125 816 1171 Quis
841 1126 877 1166 1,
901 1127 939 1169 β.

165 1179 291 1230 Qum·
330 1191 372 1235 α)
396 1198 434 1226 ut
460 1193 629 1228 virtutem
653 1193 796 1227 obviam
820 1198 854 1227 et
877 1192 1113 1235 illaboratam,
1137 1197 1310 1226 tantum
1334 1192 1440 1238 quia'
1461 1191 1534 1226 nati
1557 1203 1690 1236 sumus,

209 1237 402 1272 habeamus
429 1242 491 1282 12,
515 1243 556 1280 2,
582 1243 616 1272 2.
652 1239 733 1283 quia
757 1238 941 1274 Sacerdoti
966 1239 1098 1272 Verres
1121 1245 1344 1273 successerat
1366 1239 1411 1282 6,
1435 1240 1479 1281 3,
1508 1238 1564 1274 55.
1596 1238 1691 1282 quia,

209 1283 379 1327 quidquid
405 1295 478 1317 non
502 1285 642 1327 adjicit,
669 1286 855 1318 detrahere
877 1284 1020 1319 videtur
1042 1285 1083 1327 6,
1110 1287 1151 1327 1,
1175 1287 1231 1320 29.
1266 1283 1540 1329 [Autonomasia
1557 1305 1603 1311 -—
1625 1296 1692 1328 per

209 1328 411 1371 epitheton,
445 1330 553 1373 quia
578 1330 646 1372 (Z.
674 1332 797 1374 quod)
821 1332 978 1363 detracto
1001 1341 1066 1372 eo,
1095 1330 1151 1363 cui
1175 1330 1383 1374 apponitur,
1411 1332 1596 1374 valet*pro
1624 1341 1692 1364 no-

205 1374 302 1408 mine
326 1377 368 1418 8,
395 1376 438 1418 6,
465 1375 537 1418 29.]
565 1376 666 1419 quia,
693 1376 760 1409 nisi
783 1386 850 1410 vos
878 1375 964 1408 illud
989 1375 1185 1417 fecissetis,
1218 1376 1361 1411 viveret
1385 1379 1427 1418 7,
1455 1378 1496 1416 3,
1519 1378 1576 1410 32.
1613 1375 1690 1420 qui

207 1420 265 1460 (a.
293 1425 316 1454 l.
347 1421 429 1464 om.)
465 1422 570 1464 quia
602 1421 747 1465 primam
780 1420 1042 1454 conflictionem
1067 1422 1247 1466 legerant,
1277 1421 1504 1454 crediderunt
1526 1423 1569 1464 3,
1601 1422 1644 1464 6,
1669 1425 1691 1456 7

207 1467 256 1500 Ν.
285 1480 332 1500 cr.
386 1466 430 1508 cs.
461 1470 522 1509 12,
550 1470 613 1509 10,
640 1468 683 1501 15
719 1468 766 1500 Ν.
799 1480 845 1500 cr.
879 1473 1025 1511 propter
1056 1468 1234 1512 vulgatam
1265 1467 1358 1500 salso
1385 1468 1430 1500 de
1461 1478 1518 1500 me
1551 1466 1691 1510 opinio-

207 1524 311 1555 nem,
343 1513 425 1557 quia
450 1513 504 1554 (a.
529 1517 551 1546 l.
587 1515 683 1557 qua)
720 1514 885 1546 damnare
913 1524 992 1546 eum
1026 1512 1179 1546 creditus
1204 1523 1280 1546 sum
1305 1515 1367 1556 10,
1400 1515 1442 1555 1,
1475 1511 1541 1546 125
1568 1514 1613 1546 Ν.
1641 1527 1687 1547 cr.

207 1559 289 1593 vel
317 1559 535 1605 quia'pigri
561 1565 614 1593 est
641 1558 774 1605 ingenii
790 1584 801 1600 ,
826 1563 1033 1592 contentum
1057 1569 1135 1592 esse
1157 1557 1225 1601 iis,
1257 1570 1348 1603 quae
1371 1557 1442 1592 sint
1463 1558 1507 1592 ab
1532 1558 1609 1592 aliis
1634 1558 1691 1592 in-

206 1611 315 1638 venta
334 1607 390 1647 10,
409 1608 442 1647 2,
462 1604 495 1642 4,
526 1617 560 1649 q.
580 1611 625 1638 ta
637 1616 671 1637 m
683 1616 736 1638 en
760 1610 905 1648 propter
922 1615 1052 1639 vocem
1072 1603 1248 1645 accidunt,
1272 1603 1493 1647 potissimum
1504 1603 1588 1638 huic
1606 1605 1689 1638 loco

207 1650 438 1694 subjiciantur
463 1654 503 1684 11
518 1678 527 1692 ,
554 1653 597 1693 3,
625 1652 680 1685 56.
717 1663 751 1695 q.
777 1656 823 1684 et
847 1652 1035 1684 exordium
1060 1655 1113 1683 est
1137 1655 1181 1684 et
1209 1649 1336 1683 soliciti
1361 1650 1548 1684 exordium
1573 1653 1628 1693 11,
1657 1652 1692 1695 3,

207 1697 262 1731 48.
288 1698 372 1731 hoc
395 1703 477 1731 sunt
503 1698 669 1741 exempla
686 1696 889 1740 potentiora
913 1697 1017 1730 etiam
1040 1695 1138 1740 ipsiS,
1164 1707 1255 1739 quae
1275 1697 1472 1739 traduntur,
1495 1695 1628 1730 artibus
1644 1716 1690 1722 —

209 1743 336 1787 quia,
372 1755 488 1787 qnae
514 1744 641 1777 doctor
666 1742 867 1787 praecepit,
896 1748 1016 1776 orator
1043 1742 1197 1776 ostendit
1225 1744 1291 1785 10,
1317 1745 1359 1784 1,
1385 1742 1428 1777 15
1453 1743 1497 1775 N.
1533 1741 1690 1775 Primum

209 1789 311 1833 quia
335 1809 381 1815 —
404 1789 546 1823 Deinde
573 1790 692 1833 quod
714 1790 750 1832 9,
774 1787 810 1832 4,
838 1791 881 1822 10
907 1801 939 1821 v.
966 1788 1169 1822 Primum.
1210 1787 1254 1829 cs.
1282 1790 1315 1830 1,
1343 1790 1377 1830 3,
1402 1786 1459 1822 14.
1495 1787 1529 1830 5,
1554 1790 1611 1831 11,
1635 1790 1691 1822 30.

206 1837 250 1872 5.
276 1838 339 1876 12,
364 1836 396 1870 5.
434 1837 476 1878 5,
506 1837 568 1878 13,
597 1837 648 1870 18.
686 1839 728 1878 7,
753 1837 794 1877 2,
821 1838 876 1868 12.
913 1836 960 1877 8,
985 1835 1026 1877 6,
1051 1836 1096 1868 35
1120 1835 1167 1867 Ν.
1195 1847 1241 1869 cr.
1270 1834 1326 1868 66.
1359 1836 1428 1876 11,
1454 1835 1496 1876 3,
1524 1834 1581 1868 36.
1609 1833 1689 1868 174.

205 1881 250 1926 β)
276 1894 303 1915 c.
324 1882 470 1923 Nega1.:
497 1892 588 1915 non
613 1893 636 1925 <1
647 1880 721 1914 uia
746 1880 924 1914 abstinens
949 1879 1005 1922 sit¹
1031 1881 1110 1913 sed
1135 1879 1237 1923 quia
1260 1879 1357 1914 utilis
1379 1879 1498 1913 multis
1522 1882 1555 1922 1,
1576 1880 1610 1923 6,
1631 1881 1688 1915 29.

207 1926 251 1968 cf:
277 1928 311 1968 8,
339 1928 372 1970 5,
402 1931 456 1962 10.
482 1939 576 1961 non
603 1940 636 1971 q.
661 1927 890 1969 desideratur,
916 1927 995 1960 sed
1023 1937 1056 1969 q.
1084 1931 1227 1969 paratus
1253 1931 1308 1959 est
1333 1929 1368 1969 2,
1392 1925 1428 1966 4,
1454 1927 1511 1959 31.
1536 1936 1628 1960 non
1652 1937 1688 1969 q.

205 1974 413 2007 nesciam
439 1992 479 1998 -
505 1985 670 2007 verum
699 1986 732 2017 q.
761 1972 855 2006 istud
887 1983 961 2006 non
990 1971 1206 2018 negligentia
1235 1971 1362 2016 judicis
1395 1971 1588 2018 contingit,
1626 1972 1689 2005 sed

207 2030 329 2053 errore
359 2018 404 2062 4,
431 2022 448 2053 1
465 2045 475 2062 ,
501 2021 556 2054 37.
593 2018 635 2060 ‘'s-
668 2021 710 2053 ib.
737 2020 769 2053 5.
805 2019 900 2062 quod
934 2028 1022 2051 non
1047 2017 1150 2060 dico,
1184 2030 1218 2061 q.
1246 2017 1291 2057 sit
1315 2029 1471 2062 unquam
1495 2017 1690 2051 omittenda

206 2065 346 2099 dicendi
371 2065 594 2108 exercitatio,
623 2066 695 2099 sed
726 2077 758 2108 q.
787 2075 878 2099 non
901 2064 946 2098 sit
968 2063 1005 2097 in
1028 2075 1099 2097 una
1123 2064 1198 2107 ejus
1220 2063 1340 2108 specie
1362 2064 1690 2097 consenescendum

208 2114 263 2154 12,
291 2114 347 2154 11,
373 2114 428 2146 16.
469 2111 512 2153 cf.
542 2115 574 2154 1,
601 2114 657 2154 10,
683 2112 714 2146 5.
748 2112 783 2153 8,
808 2113 842 2153 3,
869 2109 927 2143 42.
957 2112 1010 2152 10,
1037 2113 1072 2152 7,
1099 2111 1153 2144 19.
1190 2121 1279 2144 non
1306 2122 1338 2154 q.
1363 2120 1438 2143 non
1459 2109 1520 2143 ille
1543 2109 1688 2153 optime,

204 2158 288 2191 sed
316 2169 350 2202 q.
378 2157 567 2201 plurimum
594 2158 759 2191 refert
782 2164 843 2190 etc.
872 2159 936 2199 11,
965 2158 1006 2198 1,
1030 2156 1086 2190 61.
1115 2156 1210 2199 quod
1238 2166 1312 2189 non
1336 2166 1390 2190 eo
1415 2154 1512 2198 dico,
1537 2166 1572 2199 q.
1598 2165 1688 2188 non

203 2202 292 2236 illud
323 2214 465 2247 quoque
499 2204 653 2236 solutum
686 2203 855 2236 habeat
885 2213 968 2236 suos
1004 2202 1128 2245 quosd.
1163 2202 1274 2244 pedes
1296 2219 1341 2225 —
1365 2202 1446 2235 sed
1469 2211 1543 2235 non
1573 2200 1687 2234 fluunt

207 2256 268 2282 esc.
295 2251 335 2291 9,
362 2248 404 2292 4,
432 2251 487 2284 20.
525 2259 615 2290 quos
644 2259 714 2282 non
742 2247 848 2282 ideo
878 2257 1039 2290 excuso,
1071 2258 1106 2290 q.
1133 2257 1224 2280 non
1253 2247 1424 2291 probem,
1458 2245 1520 2280 'sed
1547 2252 1593 2279 ut
1618 2245 1688 2279 sint

204 2294 316 2341 magis
336 2294 562 2328 admirabiles
585 2298 647 2337 10,
657 2298 691 2336 7,
712 2297 767 2328 31.
794 2299 900 2338 atque
924 2294 1030 2327 ideo
1054 2293 1214 2326 nondum
1238 2298 1291 2327 est
1313 2286 1494 2336 p'erfectus
1513 2297 1687 2326 orator—

201 2351 274 2374 non
295 2342 411 2374 solum
427 2353 461 2385 q.
486 2341 580 2374 aliud
603 2341 640 2374 in
666 2339 735 2373 alio
763 2340 872 2386 magis
895 2339 1096 2381 eminet,
1122 2339 1201 2373 sed
1231 2339 1354 2383 quod
1381 2348 1456 2372 non
1479 2349 1549 2372 una
1572 2337 1688 2372 omni-

202 2386 269 2419 bus
291 2388 407 2420 forma
431 2387 563 2430 placuit
589 2389 651 2429 12,
679 2388 741 2428 10,
767 2389 790 2419 2
818 2398 852 2419 υ.
878 2384 995 2419 Ideo.

160 2439 383 2490 Quianam.
428 2467 486 2499 ap.
515 2457 637 2496 Virg.
662 2455 708 2497 8,
736 2455 778 2496 3,
802 2453 847 2488 25
871 2454 916 2487 N.
948 2496 949 2499 Ἴ

159 2506 423 2565 Quicunque.
454 2521 491 2563 Ι)
516 2526 612 2556 relat.
646 2520 688 2565 α)
712 2521 897 2564 adjective.-
928 2532 1050 2565 quaec.
1082 2517 1179 2554 aetas
1203 2531 1347 2564 operam
1371 2521 1547 2563 juvandae
1569 2518 1686 2552 studio

201 2567 392 2600 memoriae
418 2568 512 2600 dabit
536 2570 601 2610 11,
627 2570 666 2609 2,
691 2565 748 2600 41.
775 2568 902 2610 quode.
928 2566 1107 2611 proprium
1132 2566 1263 2609 deerit,
1291 2567 1407 2601 solvet
1427 2565 1622 2599 finitionem
1649 2564 1683 2605 5,

201 2612 265 2650 10,
294 2612 346 2644 58,
373 2613 456 2646 huic
478 2613 531 2645 rei
556 2613 648 2656 perit
670 2619 828 2656 tempus,
853 2614 982 2656 quode.
1012 2611 1114 2647 alteri
1137 2613 1238 2646 datur
1263 2615 1328 2654 12,
1360 2615 1396 2653 1,
1423 2612 1458 2645 6.
1488 2620 1592 2653 qnoc.
1619 2620 1682 2653 ap-

199 2656 389 2698 pellabitur
409 2659 516 2691 modo
544 2661 585 2691 ib.
611 2660 644 2693 9.
675 2658 719 2699 cs.
744 2660 779 2700 9,
804 2660 838 2701 3,
863 2660 919 2693 78.
967 2657 1010 2703 β)
1039 2661 1257 2691 substantive.-
1284 2657 1378 2701 quic.
1401 2654 1575 2691 voluntati
1599 2660 1682 2693 tuae

197 2710 271 2734 non
296 2702 450 2744 paruerit
481 2706 524 2743 7,
553 2707 594 2745 1,
621 2706 677 2737 21.
712 2704 802 2738 cuio.
836 2704 1058 2739 adversarius
1092 2714 1166 2738 non
1197 2701 1406 2737 contradicit
1438 2702 1482 2743 5,
1518 2702 1585 2743 10,
1626 2703 1681 2735 13.

197 2745 302 2787 Num,
326 2746 416 2780 cuic.
443 2757 514 2780 non
539 2748 675 2782 affuerit
701 2750 736 2790 7,
764 2753 796 2791 1,
822 2750 866 2784 55
890 2751 936 2782 N.
964 2757 994 2782 et
1021 2750 1067 2783 N.
1093 2761 1140 2782 cr.
1167 2759 1224 2791 ap.
1254 2757 1391 2791 quemc.
1414 2751 1538 2791 agetur
1561 2749 1617 2789 12,
1641 2747 1678 2788 8,

205 2792 259 2827 15.
285 2791 452 2834 omnia,
478 2803 634 2835 quaec.
662 2793 826 2830 inimicus
850 2794 977 2830 fecerit
1001 2794 1084 2837 (Sp.
1113 2792 1266 2828 inimicis
1283 2791 1418 2827 animus
1434 2791 1573 2835 fuerit),
1597 2803 1679 2836 per-

957 2846 967 2879 s
