1728 3002
176 177 260 221 656
891 178 995 220 Peto

1256 262 1263 282 l

218 296 254 336 2,
278 295 336 332 87.
362 294 408 336 cs.
433 292 469 336 4,
493 292 528 335 4,
554 292 588 327 6.
623 291 725 344 'petit
748 291 934 334 optionem
958 296 993 335 7,
1021 294 1056 335 8,
1079 292 1113 328 4.
1139 293 1179 327 L.
1209 293 1320 328 Galba
1347 293 1454 336 pilam
1490 295 1715 343 negligenter

218 339 374 386 petenti,
412 339 494 382 Sic,
532 338 669 382 inquu,
705 339 818 383 petis,
852 345 1019 384 tanquam
1054 339 1218 374 Caesaris
1245 340 1480 380 candidatus..
1510 343 1602 377 Nam
1626 343 1714 377 illud

216 398 241 431 p
255 386 345 420 etis
371 385 572 432 ambiguum
597 390 651 418 est
672 384 707 427 6,
735 387 770 428 3,
796 386 851 419 62.
878 387 1042 430 plausum
1065 391 1162 430 petat
1183 385 1217 426 4,
1239 389 1272 429 1,
1290 389 1347 422 77.
1368 398 1417 420 an
1435 388 1510 422 ullo
1535 389 1712 432 (praemio)

218 432 264 466 sit
289 432 435 478 dignus,
477 431 538 476 qui
562 431 649 475 petit
671 434 707 474 7,
733 430 768 475 4,
800 434 859 465 21.
905 431 1130 477 provinciam
1165 432 1452 467 ambitiosissime
1464 434 1712 477 *petieram

218 478 347 512 deinde
372 478 631 522 impetrata
655 488 698 511 ea
723 478 757 518 6,
781 479 816 520 3,
840 478 898 514 68.
946 479 977 512 si
1004 489 1112 512 unam
1135 489 1211 512 rem
1235 480 1357 522 plures
1387 484 1513 522 petunt
1535 481 1571 523 3,
1594 481 1630 523 6,
1653 482 1711 517 95.

218 524 263 566 cs.
291 527 345 567 12,
373 527 428 566 11,
461 527 516 558 10.
562 523 721 557 medicus
745 523 930 558 sanitatem
965 525 1063 571 aegri
1101 524 1188 569 petit
1214 526 1260 567 2,
1300 528 1366 568 17,
1398 527 1457 560 25.
1502 529 1712 571 sententiae,

218 582 304 615 quas
334 572 429 604 solas
452 576 576 614 petunt
599 573 633 611 2,
674 572 729 612 12,
763 573 807 604 7.
855 570 885 604 si
917 570 969 615 is,
1010 570 1069 604 cui
1103 575 1287 617 argentum
1318 581 1425 605 omne
1458 571 1614 618 legatum
1645 580 1712 616 est,

215 622 312 661 petat
336 617 511 663 signatum
539 626 682 660 quoque
716 616 748 658 5,
784 618 840 659 10,
875 617 931 651 62.
980 629 1061 651 cum
1101 628 1267 654 somnum
1301 623 1464 660 peterent
1497 622 1541 660 9,
1576 616 1618 661 4,
1654 622 1711 654 12.

215 664 360 698 veniam
387 668 510 706 petere
535 664 568 706 6,
595 666 628 705 2,
655 661 710 696 15.
740 662 976 706 pituitam,
1001 663 1085 707 quia
1109 668 1238 707 petat
1261 663 1372 698 vitam
1392 666 1424 706 1,
1448 663 1483 707 6,
1507 664 1562 699 36.
1591 671 1713 699 orator

217 709 331 743 simile
357 715 490 743 tantum
517 708 597 743 veri
629 708 716 752 petit
752 711 787 752 2,
819 709 876 752 15,
909 710 965 754 32.
1013 711 1235 754 voluptatem
1267 709 1486 743 audientium
1519 716 1642 755 petere
1677 711 1712 753 5,

214 757 273 790 Pr.
309 758 342 789 1.
389 757 579 789 salutarem
610 754 811 798 petentibus
840 765 971 789 vocem
1016 758 1078 798 10,
1111 759 1156 799 7,
1188 759 1222 789 2.
1270 756 1311 798 b)
1343 759 1462 792 Passu:
1490 757 1623 800 petitur
1659 758 1715 790 ad

215 801 429 846 supplicium
452 805 487 844 7,
517 803 551 844 6,
576 802 610 836 6.
659 807 828 845 petuntur
850 801 894 835 in
923 802 1068 836 vincula
1101 805 1148 844 7,
1180 804 1224 844 1,
1261 803 1326 844 553
1377 800 1462 846 quid
1498 802 1582 836 satis
1612 809 1712 838 recte

216 854 485 883 cavetur-'ac
509 847 693 892 petitur
717 849 774 888 (in
799 846 990 891 palaestra)
1014 849 1049 890 9,
1072 846 1107 891 4,
1132 848 1167 882 8.
1192 852 1311 883 cetera
1336 858 1462 891 parum
1484 848 1711 892 vitantur,

214 895 287 928 hoc
311 905 364 938 pe
380 894 498 928 titur
521 895 556 936 8,
588 895 622 935 3,
652 894 710 928 57.
751 905 840 937 quae
865 899 940 927 tota
963 899 1065 928 extra
1091 905 1168 928 rem
1191 892 1301 938 petita
1326 899 1407 927 sunt
1430 891 1466 936 4,
1489 896 1525 937 2,
1550 895 1607 930 89.
1631 906 1712 928 cum

215 952 269 983 ea,
294 952 386 984 quae
413 940 665 985 praedicta
693 945 775 973 sunt
799 941 842 973 ab
867 946 1095 984 accusatore,
1125 939 1213 984 jam,
1238 938 1270 973 si
1294 950 1359 984 pro
1385 950 1451 974 reo
1473 945 1712 984 petentur,

212 997 288 1020 non
310 987 381 1020 sint
407 998 504 1021 nova
529 985 624 1030 (Sp.
649 985 783 1027 frustra
807 994 981 1031 uirumque
1004 989 1140 1021 verbum
1161 986 1295 1027 tentat)
1329 986 1364 1028 6,
1402 988 1435 1028 1,
1459 987 1506 1019 20
1529 987 1602 1029 Ν.,·
1635 986 1712 1020 illio

212 1032 376 1077 probatio
401 1033 554 1077 petitur,
586 1031 647 1066 hic
670 1032 897 1076 amplificatio
921 1034 956 1075 8,
983 1031 1018 1076 4,
1048 1036 1104 1067 12.
1153 1032 1256 1066 eand.
1282 1031 1560 1075 (admirationem
1584 1035 1618 1065 in
1642 1037 1711 1066 elo-

213 1079 371 1124 quentia)
403 1080 593 1123 petendam
618 1078 774 1112 maxime
798 1080 834 1122 8,
862 1081 898 1122 3,
922 1080 957 1113 6.
1004 1090 1143 1124 neque.
1175 1077 1257 1123 quia
1289 1077 1336 1112 sit
1361 1078 1512 1112 honesta
1543 1086 1606 1111 etc.
1633 1079 1713 1112 elo-

214 1125 382 1170 quentia,
415 1126 547 1170 petitur
579 1125 658 1169 ipsa
692 1128 738 1168 1,
771 1127 837 1168 12,
873 1124 928 1158 16.
978 1137 1059 1159 cum
1093 1124 1199 1160 etiam
1230 1124 1280 1157 in
1310 1123 1542 1171 Panegyricis
1572 1130 1713 1168 petatur

212 1171 431 1206 audientium
459 1173 567 1207 favor
604 1173 646 1214 3,
682 1172 727 1214 8,
763 1174 799 1205 7.
846 1170 1031 1206 inclinatio
1071 1171 1225 1215 judicum
1260 1170 1304 1203 ad
1341 1181 1408 1205 nos
1443 1170 1576 1215 petitur
1606 1170 1711 1205 initio

212 1217 353 1261 parcius
379 1219 412 1260 6,
439 1221 472 1260 1,
505 1221 560 1252 10.
610 1218 687 1250 sola
712 1217 839 1251 melius
864 1217 1008 1251 dicendi
1039 1218 1171 1262 petitur
1202 1215 1348 1252 occasio
1377 1217 1421 1260 9,
1453 1219 1500 1259 2,
1533 1216 1594 1252 96.
1638 1227 1711 1260 qno

213 1274 376 1307 quaeque
401 1263 554 1306 (oratio)
586 1263 729 1308 longius
764 1263 872 1307 petita
906 1269 960 1297 est
991 1265 1026 1306 8,
1059 1266 1093 1307 3,
1131 1261 1207 1302 74..
1237 1268 1332 1296 esset
1363 1261 1534 1297 orationis
1567 1262 1712 1296 schema

211 1309 351 1351 vitium,
377 1309 407 1342 si
435 1320 509 1343 non
533 1314 727 1352 peteretur,
752 1310 814 1342 sed
842 1309 1022 1343 accideret
1047 1311 1081 1353 9,
1103 1312 1138 1352 3,
1163 1312 1200 1343 2.
1225 1319 1305 1342 cum
1329 1307 1521 1343 immodice
1545 1313 1711 1352 petantur

213 1354 400 1397 (figurae)
426 1357 468 1388 ih.
494 1357 572 1388 100.
621 1365 711 1397 quae
737 1354 1060 1397 (transgressiones)
1093 1355 1138 1388 in
1161 1356 1232 1387 hoc
1266 1353 1383 1397 ipsum
1414 1358 1583 1398 petuntur
1612 1353 1648 1396 9,
1672 1352 1708 1396 4,

209 1402 277 1443 28;
312 1401 408 1444 quod
431 1400 521 1436 velit
544 1399 690 1444 petendi
714 1402 749 1442 7,
774 1403 808 1441 7,
830 1402 864 1433 2.
910 1400 1055 1443 petendi
1080 1400 1284 1434 consulatus
1310 1402 1366 1440 11,
1392 1402 1434 1442 1,
1472 1399 1531 1434 69.
1564 1399 1710 1442 petendi

211 1446 387 1480 curatoris
413 1450 448 1487 7,
470 1445 506 1488 4,
538 1449 591 1480 11.
637 1445 730 1479 risus
754 1444 898 1488 petendi
921 1445 956 1488 6,
994 1447 1027 1488 5,
1061 1446 1117 1480 58.
1165 1445 1426 1488 petendumque
1458 1444 1564 1478 etiam
1601 1444 1725 1480 inno-⁷

211 1493 373 1526 centibus
396 1490 664 1526 misericordiae
687 1490 860 1524 auxilium
884 1493 941 1534 11,
968 1493 1001 1533 1,
1026 1489 1084 1526 49.
1122 1495 1270 1535 propter
1292 1492 1466 1534 petendos
1490 1497 1709 1525 commeatus

211 1542 247 1580 7,
273 1541 327 1579 10,
352 1540 405 1572 13.
453 1539 661 1583 petenda
685 1549 726 1571 ac
753 1537 987 1584 fugienda
1014 1539 1048 1580 3,
1084 1537 1120 1580 6,
1153 1535 1221 1579 49;
1253 1537 1396 1582 longius
1427 1535 1574 1580 petitum
1604 1538 1639 1580 8,
1673 1539 1710 1580 5,

209 1587 257 1619 20
298 1590 402 1619 extra
424 1585 534 1630 petita
562 1585 595 1628 5,
624 1587 681 1627 11,
715 1582 774 1617 44.
808 1583 853 1624 cs.
889 1584 935 1625 8,
970 1585 1012 1626 5,
1047 1581 1102 1616 14.
1149 1583 1276 1626 petitas
1310 1583 1371 1618 vel
1401 1584 1511 1627 paulo
1542 1582 1709 1617 licentius

209 1632 412 1675 voluptates
439 1635 492 1673 12,
519 1634 575 1674 10,
601 1629 658 1665 50.
707 1627 740 1671 0)
776 1630 847 1673 adj.
882 1631 1022 1662 Aluan.-
1057 1629 1191 1663 collum
1220 1629 1390 1672 amplexu
1422 1628 1566 1672 petebat
1597 1628 1655 1672 (a.
1683 1633 1708 1667 1.

211 1676 423 1721 appetebat)
450 1680 556 1712 Coel.
582 1675 618 1720 4,
643 1678 677 1718 2,
708 1674 788 1709 124.
836 1686 857 1708 a
879 1685 943 1709 reo
967 1674 1103 1709 femina
1135 1686 1199 1709 sua
1231 1676 1332 1708 ferro
1359 1675 1470 1718 petita
1496 1674 1544 1717 6,
1575 1676 1617 1716 ’3,
1650 1676 1709 1710 91.

211 1724 296 1767 quid
323 1735 464 1767 quaque
488 1728 588 1767 parte
619 1721 791 1755 orationis
815 1727 976 1764 petamus
1001 1724 1058 1765 11,
1086 1724 1120 1765 1,
1146 1721 1202 1755 16.
1250 1721 1318 1754 alia
1341 1726 1376 1754 et
1400 1719 1648 1755 collocationis
1672 1725 1709 1754 et

209 1770 312 1806 vocis
337 1770 581 1804 modulatione
605 1767 880 1803 concitationem
913 1766 1092 1810 judicum,
1138 1766 1207 1801 alia
1239 1766 1522 1801 misericordiam
1553 1765 1708 1811 petimus

209 1819 244 1858 1,
271 1818 327 1857 10,
352 1818 409 1851 25.
460 1816 520 1860 qui
545 1815 724 1859 plerisque
751 1813 1037 1858 perorationibus
1063 1812 1194 1858 petitur
1216 1812 1320 1846 fletus
1342 1813 1377 1855 6,
1410 1815 1445 1856 2,
1469 1816 1504 1848 7.
1537 1813 1709 1856 scriptum

210 1868 246 1896 et
267 1863 432 1896 voluntas
457 1863 563 1896 habet
585 1861 623 1895 in
645 1861 768 1895 verbis
791 1859 895 1895 vocis
919 1859 1184 1904 quaestionem:
1207 1858 1429 1903 quod-idem
1445 1857 1491 1892 in
1516 1854 1728 1892 antinomia'

209 1908 342 1952 petitur
370 1912 474 1952 (opii.
505 1909 607 1942 Codd.
633 1920 696 1940 om.
720 1906 780 1950 in,
814 1908 903 1951 quod
927 1907 1147 1949 objiciendum
1171 1903 1326 1947 videtur)
1362 1908 1397 1944 7,
1425 1906 1482 1947 10,
1507 1907 1530 1938 2
1558 1905 1606 1938 N.
1646 1903 1708 1948 qui

207 1955 279 1988 hoc
305 1954 464 1988 imitandi
487 1953 606 1988 studio
631 1958 752 1997 petet,
782 1958 831 1986 ut
856 1951 1014 1986 rideatur
1042 1955 1075 1994 1,
1100 1954 1135 1994 3,
1158 1953 1193 1985 2.
1225 1949 1269 1995 β)
1293 1952 1336 1984 de
1362 1953 1531 1983 inanimis.-
1563 1949 1708 1984 interim

208 2006 375 2034 ornatum
402 2001 491 2045 petit
528 2001 645 2034 solum
679 2000 860 2041 (circuitus
893 1995 1094 2043 eloquendi)
1126 1999 1172 2038 8,
1206 1999 1253 2039 6,
1289 1997 1347 2032 60.
1394 1992 1580 2040 εἰρωνεία,
1615 2006 1708 2039 quae

208 2046 391 2081 diversum
425 2046 476 2089 ei,
511 2047 606 2090 quod
643 2045 748 2089 dicit,
781 2044 1002 2079 intellectum
1038 2042 1126 2087 petit
1154 2044 1197 2086 6,
1234 2045 1270 2086 2,
1304 2044 1361 2078 15.
1390 2042 1461 2075 hoc
1493 2041 1708 2076 exercitatio

206 2093 316 2137 petit,
341 2094 412 2126 hoc
435 2092 586 2126 imitatio
611 2092 645 2134 8,
670 2092 727 2125 Pr.
755 2091 809 2125 16.
856 2089 1036 2134 (figurae)
1061 2088 1246 2123 brevitatis
1275 2087 1517 2132 novitatisque
1547 2087 1707 2122 maxime

208 2139 356 2183 gratiam
382 2145 506 2183 petunt
529 2137 592 2182 (a.
619 2141 640 2172 1.
665 2138 777 2183 gratia
796 2134 988 2180 petuntur)
1028 2138 1071 2178 9,
1108 2137 1143 2177 3,
1176 2135 1232 2170 58.
1265 2133 1311 2175 cs.
1349 2135 1384 2177 9,
1417 2134 1541 2176 2,Ᾰ93.
1573 2133 1706 2170 vitiose

206 2185 302 2219 idem
336 2184 497 2228 (gestus)
531 2184 713 2218 sinistrum
755 2182 855 2227 quasi
879 2183 1063 2216 humerum
1098 2187 1291 2225 petens,
1328 2179 1366 2214 in
1391 2180 1484 2214 latus
1511 2180 1591 2226 agi
1614 2180 1725 2214 solet*

209 2234 265 2272 11,
292 2233 325 2274 3,
350 2232 406 2266 93.
434 2231 519 2275 quid
538 2229 651 2277 magis
675 2230 790 2263 oratio
819 2240 924 2273 quam
952 2227 1199 2272 probationem
1225 2225 1341 2272 petit?
1370 2228 1404 2269 1,
1429 2228 1485 2269 10,
1507 2226 1566 2260 38.
1590 2226 1725 2259 solam*

207 2277 296 2321 petit
319 2279 541 2321 voluptatem
565 2278 576 2318 (
589 2275 724 2320 poesis)
749 2278 805 2318 10,
836 2278 870 2317 1,
898 2275 954 2309 28.
976 2299 981 2303 ,
1035 2299 1041 2302 -
1225 2295 1231 2305 ι
1585 2315 1594 2322 .
1716 2288 1723 2325 4·

300 2324 351 2366 Π)
375 2325 507 2367 adjecto
525 2325 613 2356 unde
635 2325 769 2366 petitur.
800 2320 841 2363 α)
858 2320 902 2354 hi
915 2331 966 2354 nc
991 2324 1109 2363 patres
1129 2319 1209 2353 adv.
1234 2317 1368 2352 liberos
1383 2323 1445 2351 etc.
1459 2321 1721 2362 anctoritatem-3

204 2374 332 2411 petunt
360 2371 394 2412 5,
414 2373 470 2411 12,
499 2371 554 2403 13.
581 2367 743 2412 corporis
770 2368 902 2401 decens
929 2371 965 2400 et
988 2370 1089 2409 aptus
1113 2370 1231 2399 motus
1251 2384 1298 2390 —
1318 2374 1386 2397 nec
1410 2362 1606 2396 aliunde
1629 2361 1721 2406 peti-7

206 2420 325 2456 potest
361 2418 403 2458 1,
436 2418 501 2458 10,
531 2415 590 2449 26.
637 2413 836 2447 aliunde
870 2412 998 2456 petita,
1031 2410 1070 2443 id
1107 2416 1184 2452 est,
1220 2421 1269 2444 ex
1302 2409 1373 2443 alio
1404 2409 1488 2443 loco
1525 2408 1563 2442 in
1587 2399 1721 2459 alium}

206 2462 375 2494 translata
397 2462 433 2504 8,
458 2462 491 2503 5,
519 2463 574 2495 17.
622 2460 942 2503 undecunque
977 2456 1087 2501 petita
1122 2455 1251 2500 judicis
1287 2456 1454 2499 voluptas
1487 2457 1531 2497 4,
1568 2457 1609 2494 1,
1641 2451 1689 2505 49

205 2505 250 2548 β)
276 2510 439 2550 Praepos.
466 2509 530 2540 ab.
559 2506 597 2548 a)
623 2519 645 2538 α
670 2508 838 2549 personis:
874 2502 1025 2548 plurima
1043 2508 1205 2546 petamus
1228 2513 1249 2535 a
1271 2500 1398 2543 nobis,
1423 2505 1460 2535 et
1482 2510 1563 2551 cum
1586 2505 1703 2532 causi⁴

208 2550 445 2588 deliberemus
470 2556 505 2596 7,
533 2555 588 2594 10,
613 2554 668 2586 10.
715 2550 903 2585 consilium
931 2561 951 2583 a
974 2560 1013 2583 se
1039 2548 1118 2592 ipso
1143 2553 1242 2592 petat
1267 2548 1302 2590 7,
1325 2548 1382 2580 Pr.
1417 2544 1453 2598 4.
1486 2555 1567 2589 qm,
1606 2555 1676 2588 quo
1700 2588 1701 2593 Ἰ

207 2602 261 2629 est
284 2596 322 2630 in
348 2599 476 2639 causis,
500 2597 723 2641 potissimum
750 2597 796 2631 sit
818 2597 862 2630 ab
886 2597 997 2638 altero
1024 2595 1198 2638 petiturus
1223 2596 1279 2636 12,
1303 2595 1339 2635 3,
1367 2594 1399 2625 1.
1423 2596 1516 2635 juste
1539 2596 1676 2634 peter

207 2652 251 2674 ea
275 2643 424 2686 quisque
450 2643 594 2678 videtur
617 2655 637 2677 a
661 2643 801 2686 judice,
838 2652 930 2686 quae
953 2641 1031 2674 aliis
1058 2640 1135 2684 ipse
1170 2635 1472 2683 praestiterit
1502 2636 1538 2678 6,
1576 2638 1608 2679 1,
1642 2638 1688 2670 22

205 2697 284 2719 cum
306 2689 348 2721 ab
371 2700 415 2723 eo
435 2689 537 2723 miles
555 2689 677 2724 nescio
696 2689 780 2733 quid
798 2688 958 2732 improbe
983 2692 1122 2731 peteret
1135 2685 1172 2728 6,
1187 2687 1222 2727 3,
1236 2685 1294 2720 95.
1306 2683 1343 2716 id
1364 2682 1461 2725 quod
1490 2687 1543 2715 est
1565 2686 1694 2734 oratos

204 2734 464 2776 necessarium,
504 2735 555 2768 ab
588 2735 633 2768 iis
666 2740 788 2778 petere
813 2734 980 2768 nimirum
1015 2742 1163 2767 necesse
1186 2736 1263 2773 est,
1297 2729 1388 2780 apud
1417 2737 1507 2771 quos
1533 2738 1674 2762 remans

207 2781 264 2822 12,
288 2782 323 2822 2,
353 2781 395 2822 83
432 2780 624 2815 auctoritas
647 2781 692 2813 ab
720 2780 922 2814 oratoribus
955 2780 1017 2814 vel
1057 2774 1236 2811 historicis
1268 2780 1342 2818 peu
1377 2773 1470 2808 solet
1507 2777 1550 2817 1,
1585 2773 1630 2816 6,
1665 2781 1672 2789 ·
