1728 3002
132 161 216 201 122
698 156 826 204 Certo
853 181 912 192 —-
944 156 1103 210 Cei-vix

174 284 344 309 numerus
368 273 600 319 adhibeatur,
634 278 788 309 tamen
814 273 1060 320 unusquisque
1079 281 1196 312 totum
1217 278 1316 317 feret*
1333 282 1367 324 1,
1389 283 1426 325 2,
1451 282 1508 319 13.
1562 279 1608 328 β)
1634 282 1665 317 si

175 331 250 355 non
272 321 479 356 inveniendi
512 327 557 355 at
586 326 713 355 certe
743 319 922 364 judicandi
952 322 1112 357 laborem
1143 326 1202 359 Pr.
1228 327 1262 362 2.
1298 337 1331 366 ⁸?-
1357 325 1432 362 At.
1469 329 1567 373 quod
1589 339 1664 363 uno

175 373 255 401 aut
278 367 506 412 paucioribus
530 373 655 401 certe
683 365 819 410 (verbis)
845 366 915 400 dici
937 373 1054 410 potest
1077 371 1112 412 8,
1136 371 1172 412 6,
1195 370 1253 406 59.
1284 377 1325 405 ut
1348 371 1549 409 intueamur
1571 386 1665 409 sem-

173 419 364 494 ἴοι-Αἰξί
389 420 537 459 certe,
567 412 598 446 si
621 412 771 460 digressi
795 412 991 458 fuerimus,
1022 416 1190 451 saltem
1210 417 1443 462 respiciamus
1458 422 1499 464 3,
1523 423 1581 464 11,
1605 422 1662 456 26.

130 501 275 546 Certo.
313 518 358 550 de
384 517 488 551 laude
510 516 604 551 inter
625 515 722 559 ipsos
748 520 922 550 certatum
943 514 979 561 4,
1005 519 1042 560 2,
1070 520 1127 553 13.

130 558 298 603 Certus.
344 573 380 615 α)
404 574 525 608 Νειαν.
561 572 595 615 a)
620 572 847 606 efficiendum
870 578 924 606 est
949 579 1125 609 certum
1145 575 1196 619 id,
1222 587 1296 621 quo
1317 578 1502 622 probaturi
1524 590 1661 623 smnus,

174 620 271 663 quod
295 619 524 653 incertum
548 624 601 653 est
625 621 659 661 5,
685 618 740 660 14,
769 619 824 653 16.
856 630 938 653 cmn
962 621 1006 654 de
1031 622 1145 656 altero
1170 621 1354 658 intellectu
1382 631 1567 660 certum
1592 632 1660 670 est,

174 666 220 699 de
249 667 363 701 altero
387 665 574 699 dubium
597 668 631 707 7,
654 665 696 707 6,
720 666 752 699 3.
795 663 826 699 si
848 664 885 699 id
909 673 1087 701 certum
1110 667 1177 712 sit,
1211 679 1287 704 non
1309 676 1427 715 potest
1450 671 1661 707 dubitari

173 714 277 755 7‚‘2,
303 714 337 747 8.
373 718 446 746 tum
470 717 525 746 est
550 716 722 745 certum
746 711 790 745 de
817 712 984 756 nomine,
1025 714 1089 748 sed
1116 715 1385 761 quaeritur,
1420 729 1514 762 quae
1538 729 1599 754 res
1625 717 1661 753 ei

170 758 391 801 subjicienda
413 758 477 800 sit;
506 763 579 791 tum
601 769 660 791 res
686 762 740 791 est
763 757 1017 794 manifesta
1039 763 1076 803 7,
1098 762 1134 804 3,
1157 759 1191 796 4.
1229 772 1382 807 nomen,
1406 765 1451 798 de
1475 775 1548 810 quo
1574 775 1661 799 am-

170 803 358 852 bigitur,
387 804 509 848 utique
533 804 569 837 in
594 804 662 836 alia
685 815 725 837 re
751 809 935 838 certum
959 812 1013 840 est
1035 808 1079 840 ib.
1106 809 1167 850 103
1206 806 1313 844 Certa
1336 815 1419 844 sunt
1442 821 1517 846 non
1543 811 1659 845 solum
1723 828 1725 831 ·

167 849 207 884 in
233 850 434 897 digerendis
461 850 750 894 quaestionibus,
789 851 852 884 sed
877 850 984 885 etiam
1014 851 1053 887 in
1080 855 1302 898 exequendis
1325 875 1372 882 —
1396 855 1511 900 prima
1532 867 1575 891 ac
1602 867 1657 890 se·
1720 879 1724 885 ι

169 898 286 931 cunda
310 902 347 930 et
370 896 537 939 deinceps
566 899 621 938 11,
647 899 682 938 2,
708 899 764 931 37.
799 902 840 930 nt
862 896 1044 933 incerta
1067 900 1215 934 certis
1240 901 1370 946 probet
1393 906 1426 947 1,
1444 903 1480 946 6,
1499 903 1535 937 4.
1566 913 1660 948 quae

168 953 218 976 ex
241 942 394 976 dubiis
419 943 511 976 facta
536 948 619 976 sunt
643 949 770 977 certa
794 943 828 986 5,
854 946 909 987 12,
931 947 966 979 3.
1003 957 1037 979 υ.
1063 945 1258 982 Dubius.
1296 954 1416 992 certa,
1442 954 1546 984 extra
1565 959 1659 994 quae

167 988 238 1022 dici
266 988 354 1022 nihil
378 988 488 1032 possit
514 989 548 1031 5,
576 991 639 1031 13,
663 987 720 1024 49.
752 1003 831 1033 ορρ.
860 990 905 1024 de
930 990 1057 1035 quibus
1081 992 1250 1036 quaeri
1276 995 1370 1028 solet
1390 997 1427 1037 2,
1449 993 1487 1038 4,
1512 997 1571 1030 33.
1604 1000 1657 1037 ut,

166 1046 259 1079 quae
287 1040 508 1079 suspecta
533 1041 654 1077 erant,
680 1042 804 1070 certa
827 1035 1018 1071 videantur
1034 1039 1068 1079 5,
1092 1040 1128 1081 9,
1154 1041 1209 1074 10.
1238 1039 1278 1074 in
1299 1041 1424 1075 schola
1441 1046 1540 1076 certa
1559 1046 1656 1084 sunt,

165 1086 200 1115 et
225 1093 361 1125 pauca,
389 1087 424 1114 et
449 1087 531 1115 ante
556 1081 851 1116 declamationem
877 1090 1107 1127 exponuntur
1134 1087 1170 1127 7,
1199 1087 1239 1128 1,
1265 1083 1301 1120 ’4.
1342 1092 1441 1121 cena
1467 1092 1550 1123 sunt
1576 1087 1656 1132 ple-

162 1138 297 1171 raque,
341 1133 376 1160 et
403 1127 471 1161 nisi
498 1128 757 1163 conniveamus
780 1128 819 1162 in
843 1130 967 1164 oculos
991 1130 1269 1175 incurnmtjo,
1297 1133 1337 1175 3,
1374 1133 1431 1168 16.
1509 1131 1547 1175 b)
1571 1144 1655 1178 pro

163 1173 311 1207 certis
345 1174 516 1208 habemus
543 1173 719 1218 primum,
760 1186 852 1219 quae
878 1177 1042 1210 sensibus
1066 1176 1311 1221 percipiuntur
1333 1186 1396 1212 etc.
1425 1180 1472 1222 5,
1500 1181 1567 1222 10,
1597 1182 1652 1214 12.

162 1231 243 1254 cum
267 1219 302 1253 id
330 1220 487 1263 coeperit
514 1232 592 1254 esse
616 1231 702 1265 pro
732 1227 888 1266 certo,
914 1222 975 1256 fiat
997 1221 1173 1261 incerti
1196 1230 1443 1271 argumentum
1465 1227 1505 1268 5,
1531 1228 1593 1268 12,
1619 1228 1655 1259 2.

162 1264 197 1306 c)
224 1267 340 1311 legem
364 1277 442 1300 esse
468 1273 639 1300 certum
664 1273 735 1302 est
762 1271 803 1312 7,
829 1271 871 1312 1,
898 1271 932 1303 7.
966 1279 1058 1313 quae
1086 1275 1223 1304 certum
1244 1275 1300 1305 est
1326 1270 1422 1306 effici
1448 1281 1524 1306 non
1549 1282 1657 1316 posse

164 1315 231 1355 12,
257 1316 294 1354 1,
321 1314 377 1346 13.
411 1313 572 1348 finitione
599 1313 689 1347 nihil
711 1323 787 1348 non
813 1315 1070 1359 comprehendi
1093 1315 1131 1350 in
1156 1316 1388 1360 universum,
1421 1323 1560 1355 certum
1587 1317 1657 1351 erit

162 1360 198 1400 3,
225 1359 259 1401 5,
285 1361 339 1392 10.
391 1359 481 1392 Illud
509 1366 644 1393 certum
668 1360 753 1404 erit,
781 1360 961 1396 neminem
983 1362 1083 1406 pejus
1111 1372 1218 1408 agere
1244 1370 1307 1397 etc.
1337 1365 1393 1406 12,
1415 1364 1452 1406 9,
1474 1363 1511 1399 6.
1545 1363 1589 1405 cs.
1617 1366 1654 1406 2,

165 1406 221 1446 17,
246 1408 299 1438 12.
328 1408 363 1447 2,
387 1408 444 1448 20,
465 1407 499 1440 9.
526 1408 561 1448 3,
578 1408 612 1450 6,
637 1409 692 1441 17.
720 1406 756 1450 4,
781 1406 816 1450 4,
842 1406 877 1441 4.
905 1409 941 1451 8,
964 1409 1022 1441 Pr.
1047 1406 1099 1442 14.
1129 1412 1186 1451 12,
1209 1410 1246 1452 9,
1270 1409 1335 1452 193
1369 1409 1407 1455 in
1427 1420 1520 1454 quo,
1545 1409 1652 1455 quid

161 1449 324 1483 ultimum
351 1450 413 1494 sit,
447 1458 581 1486 certum
610 1459 665 1487 est
690 1452 726 1495 4,
753 1455 787 1496 5,
811 1455 881 1497 233
920 1453 1103 1489 certius
1131 1454 1278 1490 est'ire
1299 1466 1367 1500 per
1391 1455 1532 1503 singula
1553 1457 1590 1500 6,
1616 1459 1652 1500 1,

164 1499 229 1539 123
266 1503 456 1541 peccantes
492 1505 666 1532 certum
705 1500 854 1535 habeo
894 1499 1108 1535 infirmitatis
1140 1500 1233 1536 vitio
1265 1501 1430 1536 laborare
1451 1504 1500 1546 2,
1534 1503 1578 1544 3,
1611 1503 1650 1537 9.

159 1541 205 1588 β)
233 1556 261 1577 c.
286 1545 451 1577 Nominib.
474 1545 645 1588 junctum.-
672 1557 798 1590 pamm
825 1552 944 1580 certus
970 1553 1096 1581 auctor
1119 1546 1278 1592 (mortis)
1305 1548 1352 1591 6,
1377 1550 1428 1593 3,
1449 1548 1506 1583 68.
1535 1553 1572 1583 et
1594 1549 1651 1582 his

161 1588 318 1633 (metris)
345 1596 462 1624 certae
486 1593 665 1626 clausulae
689 1593 732 1635 9,
755 1592 798 1634 4,
823 1593 879 1628 50.
921 1598 1131 1637 paratam
1162 1593 1307 1628 dicendi
1329 1593 1469 1639 copiam
1496 1599 1534 1628 et
1556 1605 1652 1628 cer-

159 1640 250 1668 tam
274 1638 329 1679 10,
356 1637 390 1679 6,
415 1638 448 1671 6.
486 1644 582 1671 certa
604 1638 740 1672 credita
765 1638 801 1683 4,
827 1642 862 1682 2,
887 1639 930 1674 61
961 1641 1006 1674 N.
1035 1652 1068 1674 v.
1096 1639 1246 1675 Credo
1273 1647 1357 1675 extr.
1395 1640 1516 1676 certi
1539 1650 1651 1675 con-

159 1681 392 1726 stitutique
418 1695 542 1718 cursus
569 1685 725 1719 siderum
752 1688 785 1728 1,
815 1688 872 1728 10,
898 1686 958 1721 46.
995 1691 1094 1720 certa
1118 1685 1176 1721 die
1201 1684 1243 1730 2,
1263 1689 1298 1730 7,
1325 1690 1356 1720 1.
1384 1687 1421 1731 6,
1446 1688 1482 1730 3,
1509 1687 1564 1722 16.
1598 1692 1654 1721 est

159 1734 292 1762 certa
317 1729 450 1773 finitio,
487 1732 531 1764 de
556 1743 625 1775 qua
649 1731 743 1765 inter
767 1737 953 1776 utramque
975 1738 1114 1776 partem
1142 1732 1382 1767 convenit
1406 1745 1470 1775 -;
1509 1743 1651 1777 quae-

156 1773 279 1808 ritur
303 1781 421 1809 tamen
446 1784 506 1812 etc.
535 1781 570 1819 7,
597 1779 633 1819 3,
661 1780 720 1812 35.
756 1784 844 1812 cert.
869 1779 1005 1812 formas
1029 1779 1071 1821 5,
1097 1781 1154 1820 10,
1181 1779 1239 1813 63.
1277 1779 1347 1822 jam
1370 1783 1485 1812 cert.
1510 1788 1554 1813 ac
1577 1779 1650 1813 de-

157 1820 201 1853 fo
210 1827 375 1855 rmatos
399 1823 535 1856 fructus
557 1825 592 1866 6,
621 1824 677 1857 Pr.
703 1826 737 1858 9.
766 1830 854 1858 cert.
874 1825 938 1858 sed
957 1827 1065 1868 paulo
1082 1824 1293 1869 productior
1307 1829 1429 1872 gestus
1447 1826 1504 1867 11,
1528 1827 1564 1868 3,
1585 1826 1647 1860 92.

155 1865 195 1899 in
218 1866 380 1901 ordinem
404 1875 572 1913 certaque
592 1869 784 1905 intervaua
800 1872 834 1913 8,
857 1873 891 1913 3,
915 1872 950 1906 9.
979 1871 1149 1914 judicium
1170 1869 1458 1915 frequentissime
1483 1876 1538 1905 est
1556 1877 1645 1906 cert.

154 1914 199 1955 6,
226 1913 265 1955 5,
290 1915 324 1947 3.
364 1924 471 1950 omne
499 1917 572 1959 jus,
601 1918 699 1960 quod
723 1922 778 1950 est
802 1921 908 1950 cert.
942 1929 1020 1960 opp.
1045 1916 1230 1950 dubium
1255 1918 1320 1959 12,
1344 1918 1379 1959 3,
1405 1917 1441 1951 6.
1478 1922 1577 1951 certa
1600 1917 1647 1952 sit

155 1958 263 1992 lectio
289 1962 321 2001 1,
347 1962 380 2002 1,
405 1963 460 1995 33.
497 1969 631 1996 certam
655 1965 775 2010 legem
802 1969 1002 2007 temporum
1027 1966 1060 2006 1,
1087 1966 1152 2005 12,
1178 1965 1212 1997 3.
1253 1967 1384 1997 certa
1411 1973 1538 2007 manus
1565 1975 1643 2007 opp.

152 2003 340 2039 incerta
363 2005 398 2049 4,
421 2008 534 2049 5,14.
573 2015 706 2043 certa
733 2008 1011 2052 definitaque
1037 2008 1186 2042 materia
1210 2011 1245 2052 7,
1272 2011 1327 2052 10,
1352 2007 1385 2044 7.
1426 2020 1459 2043 c.
1484 2010 1646 2044 necessi-

152 2055 226 2084 tate
255 2053 310 2093 10,
341 2055 373 2094 1,
397 2055 453 2089 29.
483 2058 538 2096 10,
565 2056 599 2097 5,
627 2057 681 2090 15.
714 2055 821 2090 certis
844 2055 1023 2102 agentium
1045 2055 1249 2089 nominibus
1277 2057 1313 2097 3,
1340 2056 1375 2098 8,
1402 2055 1460 2090 52.
1497 2066 1528 2090 ο.
1551 2057 1644 2091 ordo

152 2099 189 2138 7,
214 2098 248 2139 3,
275 2100 330 2132 19.
372 2109 404 2132 c.
430 2100 552 2144 opinio
577 2102 612 2144 6,
636 2103 671 2144 3,
695 2102 751 2136 85.
781 2107 892 2135 cert.
917 2101 1250 2146 destinatisque
1274 2100 1439 2146 personis
1465 2103 1501 2145 3,
1523 2102 1560 2146 6,
1584 2103 1644 2138 57.

150 2142 238 2176 alias
262 2149 395 2188 cert.‚
423 2146 507 2180 alias
530 2148 754 2182 incertam
778 2158 967 2192 personam
990 2151 1025 2190 7,
1051 2150 1086 2190 2,
1108 2149 1143 2182 9.
1182 2147 1381 2192 propositio
1407 2158 1442 2184 c.
1466 2149 1502 2190 7,
1529 2150 1569 2191 1‚-
1583 2148 1640 2183 39.

150 2199 183 2221 c.
212 2195 374 2233 tempora
398 2194 441 2226 ad
468 2194 689 2238 spatiandum
713 2197 777 2238 11,
801 2196 844 2237 3,
869 2197 926 2228 22.
961 2205 992 2228 c.
1017 2194 1170 2240 vestigia
1196 2197 1237 2237 1,
1267 2196 1308 2237 1,
1336 2196 1395 2228 27.
1430 2199 1530 2228 certa
1553 2193 1646 2229 vitia

149 2244 223 2268 non
245 2242 369 2278 pensat
395 2241 439 2281 2,
463 2243 528 2282 12,
557 2243 577 2275 5
609 2244 651 2274 Ν.
679 2253 750 2283 cr.,·
790 2242 901 2285 judex
928 2251 1034 2284 quam
1058 2240 1210 2284 primum
1236 2244 1391 2274 certus
1423 2249 1503 2273 esse
1537 2250 1642 2273 sen-

150 2281 331 2315 tentiae
359 2285 455 2327 cupit
477 2286 519 2327 4,
545 2288 579 2329 3,
606 2288 641 2321 8.
678 2286 810 2321 certius
835 2286 1005 2328 iudicium
1034 2288 1089 2328 10,
1117 2289 1147 2328 1,
1175 2288 1230 2319 17.
1263 2284 1465 2338 proprietas
1484 2296 1539 2329 ap.
1556 2285 1640 2320 illos

150 2330 206 2359 est
229 2327 360 2361 certior
389 2333 451 2372 12,
479 2333 545 2374 10,
573 2333 644 2373 :36;
686 2333 884 2367 certissima
911 2332 1079 2379 magistra
1103 2332 1274 2375 loquendi
1302 2333 1343 2372 1,
1366 2331 1402 2372 6,
1429 2332 1462 2364 3.
1501 2331 1638 2367 certiss-

148 2373 274 2416 regula
303 2376 366 2415 10,
391 2379 436 2417 2,
463 2378 518 2409 13.
554 2377 788 2412 certissimum
814 2384 1086 2423 praeceptorum
1112 2388 1226 2424 genus
1250 2379 1307 2418 11,
1334 2378 1365 2418 1,
1389 2378 1448 2411 71.
1480 2376 1642 2412 certissi-

148 2427 247 2451 mum
270 2429 409 2452 morum
432 2422 715 2465 experimentmn
741 2427 785 2467 3,
810 2428 858 2468 7,
885 2422 942 2458 14.
1012 2423 1054 2468 y)
1081 2436 1108 2456 c.
1136 2426 1288 2456 Ptonom.
1315 2421 1443 2463 indes..-
1480 2430 1640 2460 certos

148 2462 344 2507 aliquos
372 2466 515 2499 docebit
538 2471 572 2510 2,
597 2471 631 2511 8,
658 2472 712 2504 13.
752 2471 938 2515 aliquos
965 2467 1235 2512 compositionis
1265 2474 1418 2503 certos
1445 2470 1557 2513 pedes
1581 2472 1639 2514 10,

147 2510 195 2550 2,
221 2511 275 2543 13,
319 2516 448 2543 certa
473 2512 626 2557 aliqua
649 2515 710 2549 via
737 2519 778 2559 7,
805 2518 861 2551 Pr.
886 2515 920 2550 4.
970 2520 1099 2548 certa
1126 2515 1291 2558 quaed.
1314 2521 1510 2558 ponuntur,
1545 2527 1641 2559 quaes

147 2555 306 2589 themata
332 2555 480 2590 dicimus
503 2557 538 2600 4,
565 2562 598 2602 2,
626 2562 682 2595 28.
713 2561 758 2602 cs.
788 2563 822 2605 5¹,
852 2565 907 2604 10,
935 2564 968 2595 2.
999 2561 1031 2595 5.
1071 2571 1128 2604 qu
1141 2560 1207 2593 asi
1233 2561 1276 2594 ad
1303 2566 1457 2595 certas
1481 2564 1635 2606 quasd.

146 2599 288 2634 dicendi
312 2601 411 2648 leges
438 2603 597 2649 alligatas
621 2606 665 2647 8,
699 2608 755 2641 Pr.
784 2611 818 2641 2.
868 2606 995 2642 certi
1024 2606 1141 2650 quid.
1171 2608 1281 2649 pedes
1304 2607 1350 2649 9,
1377 2605 1420 2649 4,
1447 2606 1482 2641 8.
1517 2608 1640 2643 certi

149 2646 265 2690 quid.
292 2646 433 2681 termini
459 2651 514 2689 11,
542 2652 577 2691 2,
601 2651 658 2685 28.
697 2659 870 2687 certam
899 2653 1055 2698 quand.
1079 2651 1177 2688 viam
1200 2653 1235 2695 8,
1260 2654 1316 2686 Pr.
1342 2655 1398 2686 12.

100 2689 340 2742 Cen-viculo..
368 2724 413 2730 -
436 2711 617 2739 contracta
646 2708 701 2750 11,
727 2710 762 2751 3,
790 2712 868 2745 180.

103 2746 278 2792 cervix.
320 2757 553 2797 cervicem
589 2763 731 2799 videtur
754 2767 967 2802 Hortensius
990 2764 1127 2811 primu·
1151 2765 1286 2801 dixisse
1307 2767 1345 2810 8,
1368 2767 1404 2810 3,
1430 2767 1496 2810 35ῐ
1532 2767 1637 2802 lucu·
