1728 3002
197 284 280 322 484
727 276 965 334 Legulejus
995 301 1050 309 —
1078 278 1201 320 Leno

252 397 308 437 10,
331 396 364 437 3,
389 396 435 428 20
458 392 505 427 N.
525 405 570 428 cr.
585 397 626 428 Z.
650 392 783 438 optima
805 394 960 440 legendo
986 396 1042 436 10,
1067 395 1100 436 1,
1125 395 1158 429 8.
1184 392 1229 427 ad
1247 403 1355 437 quam
1378 390 1605 436 (facilitatem)
1633 391 1728 427 scri

251 442 408 475 hendo
433 441 534 484 plus,
565 452 609 473 an
637 441 860 486 legendo,
894 451 941 474 an
967 440 1172 474 dicendo
1201 442 1409 486 conferatur
1439 441 1482 473 ib.
1509 442 1542 473 1.
1591 438 1633 482 β)
1658 443 1681 473 ἱ.
1711 453 1728 483 q

254 490 418 520 recito.-
453 485 616 520 codicem
639 486 803 520 tribunus
825 488 875 530 pl.
899 487 976 531 ipse
999 497 1066 531 pro
1091 486 1259 521 contione
1282 485 1369 532 legit
1395 488 1480 520 Cic.
1515 486 1550 528 4,
1575 485 1611 528 4,
1639 487 1673 520 8.
1700 497 1728 518 n<

254 534 291 567 id
320 532 463 577 quidem
485 531 633 576 inutile,
667 532 774 566 etiam
799 538 985 577 corruptas
1012 532 1204 577 aliquando
1229 539 1264 567 et
1289 533 1439 569 vitiosas
1469 531 1649 566 orationes
1673 532 1728 577 leg

254 581 382 624 palam.
411 578 510 622 (Sp.
535 579 637 623 adjic.
664 578 807 623 pueris)
831 582 867 622 2,
893 581 926 621 5,
952 581 997 613 10
1020 581 1056 613 S.
1084 579 1139 622 (in
1167 581 1326 622 actione)
1351 580 1468 624 palam
1490 578 1651 620 moneri,
1677 589 1728 612 ex

253 624 404 659 cidemis
427 629 506 667 (sc.
532 625 648 670 est),
693 631 752 659 aut
776 627 896 672 legere
922 628 979 670 11,
1002 627 1038 670 3,
1063 628 1142 661 132.
1167 626 1224 660 his
1254 623 1474 669 (tectoribus)
1498 624 1660 671 dialogos
1684 625 1728 658 de

254 671 304 705 dit
327 671 501 717 legendos
524 673 559 714 6,
583 673 617 715 3,
641 670 699 707 44.

197 715 455 777 11631116]Πὶ
507 731 590 763 Cic.
622 731 678 771 12,
702 730 736 772 3,
765 731 807 762 11
832 728 879 763 Ν.
903 740 937 763 υ.
961 721 1296 763 Formularius.

204 775 443 831 Legumen·
500 785 690 833 leguminis
713 785 854 821 modius
878 788 914 830 2,
939 788 996 830 20,
1023 787 1056 821 3.

205 830 498 888 Legumlator·
548 844 593 878 de
615 845 800 879 voluntate
833 844 1077 892 legumlatoris
1111 847 1147 888 7,
1178 845 1213 888 8,
1252 845 1307 878 13.
1339 845 1409 878 hoc
1431 841 1590 879 voluisse
1613 842 1728 888 legum

252 892 404 924 latorem
430 890 488 929 (α.
515 893 537 924 l.
564 890 654 937 legis
679 892 730 931 l.)
753 894 789 935 7,
816 895 848 935 1,
873 895 918 927 56
945 891 991 934 cf.
1024 895 1059 936 7,
1083 891 1118 935 6,
1141 891 1175 926 8.
1203 891 1424 931 redeundum
1451 890 1495 924 ad
1519 888 1674 930 animum
1699 887 1728 920 le

252 935 462 992 gumlatoris
486 938 529 970 ib.
556 936 613 972 52.
639 948 673 971 v.
701 938 859 972 Lator.

204 982 358 1024 Lemo·
405 993 566 1027 remedia
591 1005 717 1038 aspera
743 996 846 1030 molli
865 1007 974 1030 manu
996 994 1176 1030 leniantur
1198 997 1234 1037 2,
1257 993 1296 1038 4,
1325 996 1402 1028 12..
1430 992 1537 1027 etiam
1559 989 1728 1025 altissimo

253 1050 364 1074 sonos
387 1039 523 1074 leniant
549 1046 655 1074 cantu
689 1042 762 1075 oris
789 1045 844 1085 11,
868 1045 903 1085 3,
928 1043 993 1086 23;
1027 1041 1169 1076 luxuria
1197 1039 1383 1075 hilaritatis
1416 1037 1563 1074 nomine
1601 1044 1664 1071 etc.
1694 1038 1728 1070 le

251 1086 371 1120 nietur
390 1084 426 1129 4,
450 1088 485 1128 2,
511 1089 576 1128 773
611 1088 654 1120 ad
678 1083 836 1133 (lyram)
861 1088 975 1123 lenire
1010 1095 1149 1123 mentes
1179 1089 1223 1131 9,
1257 1086 1304 1131 4,
1339 1089 1388 1120 '12
1421 1098 1455 1121 v.
1484 1083 1673 1119 Excito.
1703 1094 1728 1116 a<

251 1133 521 1167 movendos
556 1134 897 1180 leniendosque
922 1133 1069 1169 affectus
1098 1138 1131 1177 1,
1157 1136 1215 1178 10,
1241 1131 1547 1168 31.1eniendaira
1569 1133 1604 1174 3,
1630 1131 1666 1172 8,
1691 1131 1728 1163 12

205 1179 354 1221 Lenisss
400 1189 434 1232 Ι)
464 1191 507 1223 de
527 1192 624 1224 rebus
649 1194 795 1225 sensibus
822 1193 977 1237 objectis.-
1003 1192 1144 1227 lenibus
1177 1191 1310 1239 stagnis
1342 1193 1400 1235 12,
1424 1191 1481 1233 10,
1506 1189 1563 1224 19.
1593 1204 1636 1213 --
1661 1197 1728 1222 ven

250 1235 297 1269 tis
323 1237 381 1278 10,
405 1236 440 1278 7,
469 1238 501 1276 1.
526 1253 563 1260 -
595 1236 633 1270 in
656 1243 844 1283 utramque
867 1245 1006 1283 partem
1031 1244 1132 1273 motu
1156 1241 1214 1282 11,
1248 1239 1283 1281 3,
1306 1238 1365 1274 92.
1404 1238 1485 1271 161.
1517 1250 1563 1257 -
1594 1240 1728 1278 promul

254 1280 355 1314 tiatio
386 1283 430 1314 ib.
466 1282 543 1315 161.
578 1283 707 1316 lenis
732 1290 767 1318 et
791 1285 1041 1319 summissa
1065 1295 1145 1320 vox
1176 1287 1219 1319 ib.
1253 1285 1312 1320 63.
1336 1283 1384 1327 11)
1410 1285 1452 1317 de
1484 1284 1612 1315 am'mo:
1653 1283 1728 1324 pate

252 1326 334 1370 ille,
372 1326 454 1370 quia
476 1326 620 1361 interim
654 1330 958 1373 concitatus,
987 1330 1130 1364 interim
1161 1330 1292 1364 lenis
1324 1335 1380 1364 est
1413 1332 1470 1372 11,
1506 1330 1542 1371 3,
1571 1325 1629 1362 74.
1665 1325 1728 1359 affe

255 1378 333 1407 ctus
357 1370 395 1406 in
422 1373 534 1406 altero
558 1374 794 1408 vehementer
821 1381 1102 1419 commotos,
1129 1375 1168 1409 in
1195 1377 1310 1410 altero
1334 1377 1470 1410 lenes
1493 1375 1530 1417 6,
1554 1376 1590 1416 2,
1607 1373 1641 1406 9.
1668 1370 1728 1415 affe

256 1424 333 1453 ctus
366 1418 523 1452 leniores
545 1418 609 1462 (a.
635 1424 656 1453 l.
684 1421 850 1471 lev-§tia
878 1424 934 1456 10.
963 1422 987 1455 1.
1017 1422 1155 1455 derisus
1180 1423 1229 1455 ib.
1251 1422 1306 1456 15.
1333 1420 1402 1465 111)
1431 1420 1474 1465 α)
1488 1423 1520 1453 in
1536 1419 1688 1452 dicendo.
1715 1427 1728 1452 ε

256 1468 380 1498 Ροεὶὶ.;
415 1464 503 1498 illud
531 1466 638 1499 lene
662 1471 721 1499 aut
747 1468 906 1501 ascendit
929 1468 974 1500 ad
998 1467 1232 1511 fortiora,
1254 1473 1315 1501 aut
1340 1467 1385 1500 ad
1407 1466 1634 1501 tenuiora
1657 1473 1728 1514 sulp

255 1510 405 1545 mittitur
427 1514 483 1553 12,
511 1513 568 1553 10,
592 1512 649 1546 67.
697 1513 735 1546 id
759 1514 855 1556 quod
883 1513 1012 1547 dicitur
1036 1530 1078 1538 —
1103 1519 1162 1546 aut
1191 1513 1286 1557 (est)
1311 1523 1527 1558 asperum
1560 1515 1620 1544 aut
1645 1510 1728 1561 leq

251 1558 288 1601 6,
313 1558 347 1599 3,
372 1559 428 1591 27.
457 1557 495 1590 in
517 1559 585 1590 hac
610 1569 729 1605 pugna
746 1559 1018 1602 sorensilmalim
1031 1559 1118 1593 mihi
1134 1559 1275 1593 lenibus
1294 1559 1346 1593 uti
1365 1559 1475 1594 licere
1509 1559 1544 1602 6,
1563 1559 1597 1601 3,
1611 1557 1668 1591 23-
1701 1554 1709 1562 ”

254 1603 472 1638 cundissima
497 1610 579 1637 sunt
602 1604 750 1647 lenia,
779 1611 815 1639 et
837 1606 896 1647 (ut
919 1606 971 1640 sic
997 1605 1177 1648 dixerim)
1218 1605 1327 1640 boni
1360 1604 1593 1640 stomachi
1615 1606 1660 1638 ib.
1682 1562 1728 1693 ᾗ

254 1649 482 1683 sublimia
506 1650 671 1696 ingredi,
696 1651 822 1685 lenia
850 1652 933 1685 duci
955 1653 991 1695 9,
1015 1651 1051 1695 4,
1080 1653 1160 1688 139.
1183 1657 1224 1686 ut
1246 1651 1380 1686 lenia
1404 1653 1576 1696 spatium,
1610 1650 1694 1684 sub

251 1695 342 1729 mia
369 1701 404 1729 et
428 1705 507 1730 orn
518 1701 587 1730 ata
605 1696 803 1730 claritatem
827 1698 971 1742 quoque
994 1699 1175 1733 vocalium
1194 1704 1346 1743 poscant
1367 1699 1402 1741 9,
1425 1697 1462 1742 4,
1489 1699 1568 1732 131.
1589 1709 1621 1731 v.
1651 1697 1683 1732 G

253 1742 346 1785 vis3
378 1743 466 1775 len.
493 1748 529 1776 et
553 1743 715 1777 fluens
744 1749 936 1778 contextus
960 1745 996 1786 9,
1020 1743 1056 1788 4,
1085 1747 1163 1780 127.
1213 1744 1438 1792 egressiones
1469 1745 1605 1778 lenes
1633 1745 1690 1786 11,
1713 1759 1728 1786 9

254 1786 331 1823 164.
379 1787 482 1822 leni
523 1799 564 1822 ac
608 1789 813 1824 remisso
846 1802 1034 1824 causarum
1072 1801 1206 1837 genere
1239 1791 1295 1834 10,
1328 1794 1365 1834 2,
1398 1792 1455 1824 23.
1488 1802 1523 1825 v.
1558 1789 1728 1824 Dulcia

252 1833 510 1868 candidum
534 1840 569 1869 et
593 1835 705 1869 lene
733 1835 784 1879 (a.
814 1840 834 1869 1.
862 1837 952 1880 leae)
979 1843 1016 1871 et
1038 1837 1307 1881 speciosum
1333 1835 1476 1871 dicendi
1499 1847 1613 1883 genus
1639 1837 1727 1882 103

254 1883 333 1915 121.
359 1879 404 1922 cs.
433 1883 488 1924 11,
516 1884 549 1924 1,
573 1882 608 1915 3.
633 1894 666 1916 v.
691 1882 824 1916 Dic'o.
874 1882 915 1927 β)
947 1885 1103 1927 Compar.
1119 1898 1128 1916 .·
1165 1880 1324 1918 leniores
1349 1883 1406 1928 (a.
1432 1887 1454 1917 1.
1489 1882 1591 1926 lev.)
1618 1880 1726 1929 epilo'fl

251 1927 287 1969 6,
315 1929 348 1968 1,
377 1927 433 1961 50.
481 1926 620 1961 medius
642 1929 770 1962 modus
796 1927 924 1972 (dic.)
948 1930 1016 1963 erit
1038 1929 1178 1973 lenior,
1211 1935 1252 1963 ut
1291 1929 1404 1963 amnis
1432 1929 1574 1963 lucidus
1607 1927 1728 1972 quidsi

254 1976 310 2016 12,
337 1974 392 2015 10,
414 1974 472 2008 60.
518 1974 606 2008 len.
638 1979 707 2018 atq.
734 1975 1038 2010 summissior
1065 1977 1180 2010 oratio
1206 1978 1264 2018 11,
1299 1979 1332 2018 1,
1357 1973 1415 2010 64.
1461 1972 1524 2019 (ά.
1554 1978 1576 2008 l.
1603 1972 1693 2014 lev.)
1713 1968 1728 2020 l

251 2017 286 2098 417,
311 2019 368 2100 3962.
394 2018 584 2064 (syllabae)
606 2020 678 2054 len.
705 2019 756 2065 (a.
782 2025 804 2054 l.
829 2021 947 2065 lev-2,
979 2032 1071 2066 quae
1107 2033 1129 2056 a
1157 2022 1275 2069 longis
1306 2021 1345 2056 in
1372 2022 1514 2057 breves·
1538 2020 1728 2070 descendat*

255 2078 265 2097 1
289 2089 298 2099 ι
371 2091 382 2101 ο

207 2110 400 2152 Lenitas.
447 2119 477 2164 I)
505 2123 538 2155 in
564 2124 727 2156 moribus.-
752 2121 791 2157 in
815 2123 1040 2159 conciliando
1058 2124 1186 2160 lenitas
1201 2123 1411 2167 12‚‘10‚59.
1456 2122 1508 2167 11)
1534 2126 1568 2157 in
1592 2124 1720 2170 dicendi

254 2167 437 2212 Aspera
468 2168 593 2203 iambis
624 2168 784 2204 maxime
818 2171 1061 2205 concitantur:
1102 2182 1176 2204 non
1200 2171 1318 2204 solum
1345 2169 1443 2214 quod
1466 2175 1548 2204 sunt
1572 2181 1593 2204 e
1617 2169 1720 2206 duabt

255 2215 364 2248 modo
396 2213 562 2258 syllabis,
609 2225 726 2260 eoque
755 2216 1039 2260 frequentiorem
1070 2216 1170 2261 quasi
1202 2218 1343 2260 pulsum
1376 2217 1532 2259 habent,
1568 2226 1662 2260 quae
1684 2226 1718 2253 m

253 2259 448 2294 lenitati
476 2260 655 2294 contraria
680 2267 734 2295 est
756 2263 797 2304 9,
822 2263 864 2305 4,
891 2264 969 2298 136.
1004 2264 1140 2296 nullum
1164 2268 1285 2307 aptum
1309 2268 1380 2306 atq.
1404 2262 1576 2296 idoneum
1600 2261 1716 2296 verbu

254 2312 494 2349 permutemus
520 2307 633 2353 gratia
656 2307 810 2342 lenitatis
837 2311 880 2344 ib.
912 2307 991 2343 144.
1023 2302 1185 2355 epilogus
1209 2308 1389 2343 desiderat
1410 2308 1617 2343 inclinatam
1639 2311 1716 2352 ‹1¹1OE

255 2353 334 2385 dam
359 2352 539 2386 lenitatem
563 2355 621 2396 11,
645 2355 680 2396 3,
711 2356 790 2388 170.
1711 2351 1713 2361 ’

210 2395 402 2437 Leniter.
428 2410 453 2442 1.
480 2415 534 2443 est
569 2410 857 2455 consurgendum
880 2411 937 2452 11,
963 2411 998 2453 3,
1026 2410 1107 2452 156;
1132 2410 1288 2454 jucunda
1311 2411 1542 2456 dnlc’iter,
1570 2410 1714 2445 modern

255 2453 431 2488 leniter
455 2455 550 2488 canit
575 2458 614 2498 1,
638 2458 702 2498 10,
727 2454 785 2490 24.
821 2455 942 2490 omnia
966 2457 990 2489 l.
1016 2455 1130 2489 fluunt
1154 2458 1194 2500 9,
1220 2456 1263 2500 4,
1291 2458 1346 2492 18.
1383 2459 1454 2492 len.
1485 2457 1580 2491 dicet
1604 2458 1668 2498 12,
1694 2456 1712 2489 t

256 2502 315 2533 71.
339 2512 372 2533 v.
397 2501 625 2535 Dulciter.
667 2507 834 2545 aspere
860 2502 1018 2535 aulen.
1051 2513 1096 2535 an
1123 2502 1227 2537 etiam
1256 2504 1504 2538 summisse
1527 2501 1628 2547 loqui
1651 2501 1708 2540 δ”

257 2543 292 2578 5.
317 2557 350 2579 υ.
375 2546 578 2590 Aspere3
621 2545 688 2580 alia
712 2546 1017 2590 concitatius,
1047 2548 1115 2582 alia
1147 2549 1305 2583 lenius
1339 2557 1400 2584 etc.
1441 2561 1520 2584 esse
1544 2548 1709 2591 dicenda3

257 2587 303 2631 4,
329 2593 407 2625 130.
434 2605 467 2626 v.
493 2592 757 2627 Concitate.
802 2592 936 2636 optime
966 2593 1135 2637 incipitur
1170 2607 1191 2629 a
1215 2595 1352 2642 longis,
1386 2601 1486 2635 recte
1512 2593 1708 2638 aliquando

256 2634 427 2671 brevibus
444 2651 507 2672 —x
535 2638 652 2673 lenius
676 2650 696 2672 a
721 2639 874 2682 duabus,
910 2645 950 2672 ut
972 2642 1294 2675 Animadverti
1314 2642 1488 2685 judices
1514 2639 1650 2683 (Vuzg.
1676 2632 1709 2683 ΙΨ

256 2685 296 2712 ut
324 2688 404 2722 eta,
430 2685 500 2717 sed.
528 2692 609 2727 opti.
639 2687 741 2719 Codd.
767 2685 908 2720 levibus
934 2690 994 2728 ut,
1021 2699 1094 2719 cum
1117 2688 1205 2721 Edd.
1232 2694 1308 2721 ante
1330 2689 1366 2720 A
1375 2688 1440 2729 ld„
1469 2698 1568 2732 quam
1598 2686 1640 2718 nb
1667 2695 1687 2717 ο

256 2737 328 2758 sam
352 2729 434 2760 Dio
448 2741 478 2760 m
488 2729 581 2768 eklis
605 2743 669 2774 ap.
699 2732 878 2764 Putsch.
905 2729 986 2765 463.
1014 2735 1108 2765 lectio
1133 2736 1235 2766 nostri
1261 2734 1326 2766 loci
1342 2733 1534 2775 recipienda
1557 2731 1647 2765 mik?v

258 2771 393 2813 batur.)
442 2775 486 2806 ib.
512 2775 558 2809 92
580 2777 644 2818 Ν.,
681 2775 712 2809 si
741 2778 830 2811 haec
861 2777 933 2820 jam
963 2777 1079 2811 lenius
1109 2779 1234 2823 supina
1261 2778 1450 2822 (translatio
1471 2780 1578 2819 perita
1603 2785 1626 2806 a

255 2818 568 2859 perseverantibus
593 2820 718 2854 studiis
742 2822 900 2857 evaseris
924 2825 980 2866 12,
1008 2825 1064 2867 10,
1087 2824 1145 2859 79.

212 2857 349 2902 Leno·
389 2890 434 2900 ——
457 2873 600 2910 interim
625 2877 828 2914 defenditur
854 2882 896 2923 2,
925 2878 966 2924 4,
991 2882 1049 2914 23.
1093 2878 1154 2923 qui
1177 2877 1289 2913 filium
1311 2877 1435 2913 lenoni
1459 2874 1621 2912 vendidit
1647 2874 1694 2918 7,-
