1728 3002
147 196 231 235 236
667 193 835 236 Differo
874 220 929 226 —-
968 192 1172 236 Difficilis
1208 204 1212 211 “

190 306 315 342 statuis
341 307 375 341 d.
404 310 468 354 12,
498 311 559 353 10,
587 313 623 344 7.
655 315 710 344 est
735 309 797 344 illa
828 308 877 344 in
907 308 1029 345 verbis
1054 308 1149 351 diff„
1181 309 1303 353 quod
1323 328 1372 336 —-
1393 314 1475 344 sunt
1498 314 1542 354 7,
1567 313 1607 354 2,
1626 309 1683 346 48.

188 353 258 388 hac
284 355 362 390 sola
387 354 483 400 diff„
511 357 630 401 quod
657 364 717 392 etc.
745 360 779 399 7,
806 354 842 398 4,
865 358 911 398 23
941 355 1079 399 adjecta
1103 365 1246 401 quoque
1271 354 1345 389 diff.
1370 358 1426 399 11,
1444 359 1479 399 1,
1495 355 1552 391 42.
1578 357 1685 391 etiam

176 399 371 435 >civitatum
398 402 521 448 leges,
554 402 713 438 instituta
728 428 737 446 ‚
773 401 960 446 opiniones
987 402 1121 436 hebent
1143 401 1379 435 differentiam
1404 402 1439 444 5,
1463 404 1520 445 10,
1546 402 1603 438 25.
1627 404 1686 437 fa-

187 444 278 528 {ies4
299 446 472 526 igfinitam
501 449 610 485 habet
638 449 711 483 diff.
742 451 806 491 11,
834 449 876 492 3,
900 449 933 484 8.
961 449 1056 493 quod
1083 467 1129 474 —
1155 448 1264 483 habet
1289 458 1376 484 non.
1387 447 1584 495 simplicem
1611 449 1685 486 diff.

213 517 225 535 2
280 518 289 535 ν
340 505 371 527 ³·
1492 508 1498 514 ⁸

141 545 326 588 Differo·
384 559 418 604 1)
444 563 487 594 in
512 563 635 595 aliud
658 568 832 605 tempus
854 560 1100 603 transfero.
1130 561 1172 603 α)
1196 559 1282 605 quid
1306 560 1572 606 dicendum,
1598 562 1685 608 quid

190 607 465 650 tacendum,
503 607 590 652 quid
623 607 952 644 differendum
983 608 1029 644 sit
1055 607 1101 650 6,
1127 609 1171 651 5,
1197 609 1231 643 5.
1265 618 1355 654 qnos
1391 606 1539 652 (sensus)
1567 619 1685 653 neque

186 650 407 687 inserere
432 658 595 696 oportet,
625 665 743 698 neque
768 652 972 690 differre
998 659 1111 691 tutum
1135 658 1189 687 est
1217 655 1274 696 10,
1298 655 1332 697 3,
1359 655 1416 689 33.
1443 653 1572 689 callide
1598 653 1684 699 quid

186 698 412 741 tacuisse,
440 699 708 743 breviasse,
734 701 1035 743 obscurasse,
1060 698 1315 735 distulisse
1339 699 1374 743 5,
1392 702 1449 744 13,
1468 699 1527 737 41.
1553 699 1684 745 alicius,

186 743 369 778 mentione
394 745 534 788 habita,
564 746 793 789 differre,
818 753 855 783 et
879 747 1123 791 deponere
1148 747 1241 790 apud
1264 746 1624 792 memoriamjudicis
1646 747 1683 790 9,

185 793 230 833 2,
259 791 319 826 63.
356 791 630 827 differenda
654 794 828 838 quaedam
852 798 888 828 et
917 793 1256 837 praesumenda
1279 793 1321 836 8,
1343 793 1388 836 6,
1416 793 1475 829 63.
1514 792 1686 828 differen-

185 837 256 880 do,
282 848 373 883 quae
400 838 597 881 poterimus
624 837 660 882 4,
687 842 722 880 2,
745 839 813 882 48;
853 839 947 885 Quid
967 845 1086 873 autem
1108 838 1259 884 quisque
1283 838 1322 873 in
1346 839 1501 873 dicendo
1527 839 1685 883 postulet

184 883 310 927 locus,
339 885 483 928 paulum
507 884 669 919 differam
693 888 750 929 11,
780 888 815 928 3,
844 886 913 930 65,-
939 897 1008 920 nec
1036 884 1244 919 difficillima
1268 894 1430 932 quaeque
1456 896 1581 922 earum
1604 885 1682 928 (syl-

185 930 351 971 labarum)
379 930 575 965 differenda
604 935 646 975 1,
674 935 716 974 1,
744 934 799 966 30.
832 932 886 966 rei
914 931 1084 975 judicium
1109 930 1253 966 differre
1274 934 1319 974 2,
1345 929 1390 974 4,
1418 932 1477 966 28.
1505 941 1684 967 novorum

183 975 375 1011 lectionem
401 976 522 1011 distuli
547 980 590 1020 2,
617 980 657 1020 5,
682 979 740 1013 26.
780 984 975 1022 expectent
1005 983 1041 1012 et
1067 977 1257 1021 opiniones
1280 988 1363 1013 suaa
1383 975 1560 1013 'differant
1582 975 1618 1021 4,
1646 979 1682 1020 2,

181 1021 240 1056 79.
287 1022 464 1056 Senecam
490 1023 528 1057 in
552 1024 650 1058 omni
671 1035 803 1071 genere
827 1024 1054 1069 eloquentiae
1078 1023 1198 1058 distuli
1226 1026 1283 1066 10,
1313 1026 1346 1065 1,
1375 1025 1462 1066 1253
1489 1023 1588 1059 dilati
1613 1022 1683 1058 cri-

180 1066 288 1101 minis
311 1071 346 1110 7,
374 1072 406 1111 1,
434 1073 487 1103 11.
516 1069 688 1116 imagines
715 1071 845 1105 dilatae
870 1074 927 1114 10,
952 1074 987 1113 7,
1015 1069 1071 1103 14.
1097 1070 1206 1103 dilata
1227 1068 1419 1115 parumper
1441 1069 1503 1103 illa
1525 1087 1571 1093 --
1604 1074 1681 1105 arte

180 1113 362 1149 rhetorica
385 1119 427 1157 2,
456 1114 497 1157 4,
528 1119 560 1149 1.
592 1116 710 1150 dilatis
734 1117 866 1151 diutius
890 1116 1032 1151 dicendi
1055 1116 1299 1161 voluptatibus
1323 1115 1368 1159 4,
1392 1117 1435 1159 3,
1457 1118 1503 1158 2;
1539 1115 1682 1151 differre

178 1160 421 1198 narrationem
444 1162 558 1194 tribus
581 1163 794 1205 praepositis
820 1163 1088 1208 quaestionibus
1109 1163 1154 1206 4,
1181 1165 1225 1205 2,
1250 1163 1307 1199 25.
1332 1161 1444 1198 dilata
1463 1162 1550 1207 ipsis
1576 1172 1684 1206 prae-

179 1205 422 1250 parationibus
448 1207 555 1241 fidem
581 1209 734 1252 perdunt
762 1221 840 1252 opp.
870 1209 988 1243 statim
1015 1208 1110 1242 dicta
1131 1209 1176 1251 5,
1207 1210 1269 1250 13,
1293 1208 1351 1244 51.
1383 1211 1430 1254 β)
1458 1221 1488 1242 c.
1517 1211 1679 1252 Praepos.

180 1255 194 1285 i
204 1265 223 1285 n
234 1267 244 1285 :
265 1263 372 1295 quam
383 1253 476 1287 libro
494 1255 661 1296 proximo
679 1254 726 1287 in
741 1254 871 1302 figuras
892 1265 940 1287 ex
957 1251 1152 1300 συνεκδοχῇ
1167 1253 1285 1287 distuli
1301 1255 1378 1297 9,3‚
1390 1254 1447 1289 58.
1472 1252 1556 1297 [nec
1570 1255 1683 1299 traje-
1715 1283 1725 1288 -

179 1297 300 1333 ctione
324 1304 396 1332 tam
420 1300 542 1334 tardus
567 1299 786 1345 (sitsermo),
823 1306 863 1334 ut
895 1301 946 1335 in
975 1300 1200 1344 hyperbaton
1227 1299 1307 1332 finis
1332 1300 1409 1342 ejus
1435 1299 1618 1334 differatur
1645 1301 1681 1342 8,

178 1346 215 1386 2,
241 1344 296 1381 14.
322 1357 355 1378 v.
381 1345 732 1392 Hyperbaton]
757 1347 849 1381 haec
871 1346 915 1380 in
942 1357 1025 1380 eum
1041 1346 1163 1379 locum
1192 1345 1394 1379 differamus
1415 1348 1452 1391 2,
1475 1348 1535 1388 21,
1557 1344 1615 1379 24.
1632 1345 1679 1389 cs.

180 1392 242 1432 10,
266 1390 308 1433 6,
335 1392 369 1425 3.
403 1402 478 1425 non
513 1392 553 1424 in
581 1393 730 1438 longum
763 1392 869 1427 dilata
900 1391 1085 1427 conclusio
1111 1393 1152 1434 8,
1172 1395 1221 1434 ,2,
1243 1394 1302 1426 22.
1330 1393 1422 1426 haec
1447 1409 1492 1415 -
1517 1391 1556 1425 in
1581 1391 1680 1429 illam

176 1442 316 1480 partein
340 1437 548 1471 differantur
569 1440 614 1482 3,
640 1441 684 1482 6,
712 1437 792 1472 104.
828 1450 897 1473 nec
927 1449 1052 1472 rursus
1076 1438 1312 1475 differendum
1336 1443 1390 1471 est
1414 1436 1619 1472 tirocinium
1642 1437 1681 1474 in

179 1488 402 1517 senectutem
429 1487 492 1526 12,
518 1484 562 1526 6,
590 1487 625 1519 3.
653 1484 693 1518 in
715 1490 840 1530 tropos
864 1484 1062 1519 differenda
1089 1489 1144 1518 est
1167 1482 1376 1527 (hyperbole)
1399 1485 1434 1526 8,
1461 1482 1498 1527 4,
1525 1485 1584 1519 29.
1607 1484 1682 1518 hoc

178 1529 217 1565 in
240 1529 403 1566 ultimum
431 1530 567 1565 distulit
592 1534 628 1574 7,
655 1534 689 1574 1,
714 1533 771 1565 12.
809 1530 855 1574 11)
877 1533 921 1567 de
944 1532 1149 1569 diversitate.
1178 1529 1221 1573 α)
1246 1530 1328 1575 Quo
1356 1529 1521 1567 different
1543 1529 1678 1577 igitur?

180 1578 245 1618 12,
271 1578 335 1619 10,
361 1577 415 1611 52.
453 1577 621 1610 differunt
644 1583 760 1613 aetate
784 1578 825 1621 5,
850 1580 915 1620 11,
943 1579 1000 1612 30.
1028 1576 1152 1617 verbis
1178 1582 1286 1620 atque
1312 1575 1472 1614 muueris
1494 1582 1579 1616 fiunt
1602 1585 1680 1611 non

177 1623 328 1656 multum
357 1623 562 1659 differentes
597 1625 662 1667 10,
687 1627 731 1667 2,
757 1625 811 1661 16.
848 1635 939 1668 quae
973 1623 1118 1667 quidem
1153 1621 1324 1658 suasoriis
1348 1633 1396 1655 an
1419 1622 1680 1660 controversiis

175 1668 288 1715 magis
313 1670 582 1711 accommodata
605 1669 651 1704 sit
674 1670 900 1713 exercitatio,
924 1669 1185 1705 consuetudine
1201 1673 1238 1704 et
1255 1669 1334 1712 jure
1353 1667 1539 1706 civitatum
1563 1667 1680 1705 differt

174 1717 220 1758 2,
246 1713 289 1758 4,
313 1717 370 1749 33.
411 1715 452 1761 β)
482 1717 554 1756 aeli.
582 1719 667 1751 Dat.
702 1723 761 1751 aut
792 1720 957 1760 Praepos.
994 1718 1064 1750 ab:
1101 1714 1250 1759 (formae
1285 1712 1461 1757 orationis)
1486 1712 1677 1757 plurimum

174 1760 386 1797 invicem
420 1762 606 1805 differunt;
636 1772 706 1799 nec
737 1763 855 1797 solum
893 1761 1016 1806 specie
1037 1766 1078 1800 ut
1100 1760 1239 1807 signum
1268 1758 1391 1806 signo,
1419 1764 1456 1797 et
1477 1759 1598 1797 tabula
1621 1765 1678 1794 ta-

175 1807 281 1843 bulae
311 1806 363 1851 (a.
398 1811 421 1842 Ι.
454 1807 608 1851 tabula),
640 1814 677 1843 et
705 1808 801 1842 actio
833 1807 967 1845 actioni
998 1806 1051 1850 (a.
1075 1810 1100 1839 l.
1123 1805 1299 1849 actione);
1333 1805 1399 1843 sed
1422 1815 1555 1852 genere
1582 1805 1675 1850 ipso,

174 1859 215 1887 ut
239 1853 385 1888 Graecis
409 1853 462 1898 (α.
489 1858 510 1888 l.
537 1866 558 1887 a
583 1852 667 1898 Gr.)
697 1854 920 1891 Tuscanicae
946 1858 1082 1891 statuae
1107 1854 1164 1895 12,
1193 1853 1249 1894 10,
1277 1853 1309 1885 1.
1334 1851 1527 1895 plurimum
1548 1852 1675 1886 statuis

173 1898 263 1945 (Sp.
295 1901 395 1936 inser.
429 1902 467 1942 a)
500 1900 669 1934 differunt
699 1911 786 1934 vasa
816 1903 861 1944 2,
885 1902 953 1942 21,
978 1901 1024 1933 10
1054 1899 1089 1932 S.
1104 1914 1115 1942 ‚·
1141 1896 1360 1941 epichitema
1382 1898 1483 1934 nullo
1511 1897 1629 1932 differt
1653 1910 1675 1933 a

174 1944 393 1991 syllogismis
418 1947 451 1988 5,
480 1944 534 1989 14,
560 1945 616 1979 14.
643 1957 726 1979 cum
747 1946 799 1980 ab
824 1957 867 1980 ea
896 1943 1100 1991 (dialectice)
1125 1943 1247 1988 specie
1270 1954 1305 1976 m
1352 1942 1383 1979 is
1406 1955 1513 1987 quam
1541 1955 1674 1991 genere

174 1991 316 2026 differat
339 1991 528 2034 (rhetorice)
557 1994 592 2034 2,
620 1994 677 2035 17,
700 1991 759 2026 42.
793 1986 1032 2026 ἐπιδεικτικόν
1058 1991 1209 2029 multum
1235 1989 1287 2026 ab
1314 1988 1322 1996 ⁸
1355 1999 1377 2024 ο
1402 1987 1678 2033 {yx-pemmo?

175 2037 320 2074 differre
335 2039 371 2080 3,
387 2036 423 2080 4,
442 2040 495 2072 13.
525 2035 568 2083 y)
590 2038 661 2082 adj.
687 2040 823 2072 inter.-
851 2048 942 2082 quae
971 2036 1095 2073 inter
1110 2047 1150 2071 se
1174 2035 1367 2080 plurimum
1383 2035 1551 2070 differunt
1563 2036 1598 2079 5,
1615 2034 1672 2079 14,

173 2087 232 2121 27.
267 2094 359 2132 quae
396 2083 522 2128 utique
557 2083 679 2129 aliquo
709 2088 892 2119 momento
926 2083 1054 2120 inter
1084 2094 1125 2117 se
1157 2081 1325 2117 differunt
1350 2084 1407 2125 12,
1435 2084 1492 2125 10,
1515 2082 1572 2117 67.
1597 2091 1674 2117 non

172 2131 370 2165 verborum
401 2131 512 2166 modo
544 2131 610 2164 sed
638 2130 841 2176 linguarum
864 2128 970 2164 etiam
995 2129 1090 2163 inter
1113 2140 1153 2163 se
1181 2127 1421 2172 differentium
1450 2131 1508 2171 12,
1535 2130 1592 2170 10,
1615 2126 1673 2164 34.

172 2176 338 2211 homines
372 2175 468 2211 inter
491 2187 531 2211 se
557 2176 691 2211 similes
716 2187 865 2223 genere,
889 2175 1094 2210 differentes
1121 2173 1243 2218 specie
1268 2176 1314 2210 ib.
1349 2175 1410 2208 22.
1454 2171 1493 2216 ὃ)
1520 2176 1670 2226 Ραζ-ᾳο..;

173 2221 403 2265 separandis,
427 2233 520 2267 quae
546 2229 629 2259 sunt
657 2222 858 2259 differentia
882 2222 930 2265 (a.
958 2226 981 2256 l.
1006 2219 1246 2265 differentiae)
1271 2223 1333 2264 12,
1360 2222 1404 2262 2,
1433 2220 1672 2254 13:11111110111

172 2269 332 2311 subjecta
356 2268 514 2306 maxime
546 2269 718 2305 videntur
752 2285 798 2294 —
832 2268 1090 2310 differens,
1122 2265 1365 2311 proprium
1388 2267 1432 2308 5,
1455 2267 1523 2309 10,
1549 2265 1595 2302 55
1621 2267 1668 2300 Ν.

172 2313 317 2359 propria
339 2320 376 2350 et
400 2314 600 2351 differentia
622 2316 658 2359 5,
688 2317 743 2359 10,
768 2316 825 2350 58.
849 2315 886 2358 6,
909 2316 945 2358 3,
969 2314 1028 2349 66.
1054 2317 1091 2357 7,
1114 2315 1151 2356 3,
1174 2315 1208 2347 2.
1232 2311 1280 2349 25
1302 2327 1348 2337 --
1374 2313 1434 2346 27.

125 2368 346 2414 Difficilis·
403 2382 441 2423 α)
465 2385 678 2426 simpliciter.-
707 2393 826 2426 neque
852 2387 929 2416 erat
952 2380 1117 2424 difficile,
1151 2381 1268 2424 palam
1294 2380 1418 2413 facere
1445 2380 1502 2423 12,
1531 2381 1588 2421 11,
1611 2379 1670 2415 29.

173 2427 452 2471 probatione
483 2428 657 2464 difficilia>
674 2432 739 2472 12,
765 2433 805 2472 1,
829 2429 875 2464 45
902 2428 951 2462 N.
990 2438 1110 2473 neque
1133 2427 1187 2460 ad
1215 2425 1485 2470 percipiendum
1512 2424 1672 2458 difficilia

173 2475 217 2514 8,
248 2473 304 2506 Pr.
339 2472 375 2506 4.
407 2485 480 2517 quo
518 2475 700 2511 difficilius
734 2473 799 2517 sit,
833 2474 928 2518 quod
958 2474 1174 2517 pollicentur
1201 2475 1262 2514 12,
1288 2475 1355 2514 11,
1385 2470 1441 2510 14.
1467 2469 1669 2521 difficiliora

173 2517 325 2553 discenti
353 2521 396 2562 2,
425 2521 466 2561 8,
491 2521 524 2554 8.
564 2520 860 2556 difficiliora
893 2520 1025 2554 debent
1058 2530 1158 2561 esse,
1194 2529 1286 2562 quae
1314 2522 1503 2558 exercent,
1526 2525 1599 2558 quo
1622 2520 1669 2566 sit

174 2563 337 2598 levius
361 2564 477 2608 ipsum
500 2566 612 2608 illud,
642 2567 680 2600 in
707 2568 804 2610 quod
829 2571 1002 2600 exercent
1027 2568 1089 2608 11,
1113 2567 1156 2606 2,
1183 2563 1242 2598 42.
1270 2564 1435 2609 exempla
1454 2576 1500 2586 —-
1525 2571 1573 2593 ex
1597 2560 1668 2593 dlf-
1723 2606 1725 2610 ι

172 2609 324 2644 ficiliore
349 2611 395 2652 5,
421 2612 485 2651 10,
510 2612 576 2652 933
610 2612 858 2646 difficillimum
887 2614 936 2654 (a.
973 2615 994 2645 1.
1028 2613 1099 2653 est)
1131 2610 1250 2644 dicere
1276 2610 1317 2650 6,
1341 2610 1380 2647 3,
1397 2608 1478 2658 .35·.
1497 2606 1667 2657 miodque

173 2655 421 2692 difficillimum
446 2662 520 2697 est,
543 2664 700 2699 praestat
723 2660 757 2700 8,
787 2659 822 2701 6,
850 2659 884 2693 5.
920 2659 961 2700 β)
985 2657 1058 2697 adi.
1081 2658 1188 2691 Subst.
1204 2671 1213 2689 :
1242 2664 1347 2691 causa
1371 2651 1525 2685 difficilis
1545 2654 1608 2704 ’11,
1636 2654 1667 2695 1,

173 2705 231 2737 63.
259 2705 314 2743 1¹2,
342 2703 456 2743 1,.33.
486 2702 649 2735 civitates
673 2715 822 2746 operum
846 2705 939 2737 mole
967 2702 1131 2736 difficiles
1158 2705 1213 2743 12,
1232 2702 1267 2742 9,
1293 2702 1328 2750 23
1353 2697 1425 2732 diff.
1450 2698 1580 2731 electio
1606 2699 1668 2732 Pr.

174 2752 208 2783 2.
243 2747 481 2781 difficilis
520 2747 655 2791 ..poeno
681 2751 743 2790 10,
775 2753 812 2791 1,
840 2752 896 2783 87.
924 2759 997 2782 nou
1025 2749 1073 2781 ita
1098 2748 1171 2782 diff.
1196 2749 1355 2789 quaestio
1387 2747 1428 2786 2,
1453 2744 1494 2785 5,
1524 2745 1576 2778 18.
1608 2754 1667 2777 re-

176 2793 380 2842 spondendi
410 2793 482 2827 diff.
509 2792 599 2827 ratio
627 2797 662 2836 9,
680 2797 714 2837 2,
731 2796 764 2830 8.
789 2795 930 2838 spiritus
955 2795 992 2828 iu
1015 2798 1161 2837 receptu
1185 2791 1258 2827 diff.
1286 2793 1341 2833 11,
1363 2791 1397 2833 3,
1425 2792 1487 2832 323
1513 2789 1667 2824 minores
