1728 3002
151 151 234 192 586
619 144 884 189 Obliteratus
915 173 971 180 --
1001 139 1226 192 Obscurus
1271 205 1274 208 .

148 262 426 306 Obliteratus.
473 275 517 308 ab
539 272 719 307 ultimis
744 279 782 308 et
809 274 879 318 jam
903 275 992 309 obl.
1018 274 1170 320 repetita
1199 251 1417 320 temporibus
1443 280 1476 321 1,
1501 279 1536 320 6,
1560 276 1619 312 40.

146 319 337 362 Oblivio.
377 333 450 366 obl.
474 331 579 364 unius
604 341 728 364 eorum
764 329 987 376 (verborum)
1038 335 1094 376 11,
1129 335 1164 376 2,
1196 331 1255 368 48.
1286 333 1462 369 simulatio
1495 333 1690 370 oblivionis

190 381 225 422 5,
250 381 304 418 13,
329 381 383 412 10.
412 377 499 411 mihi
522 387 613 415 vero
637 378 719 410 illae
744 387 888 421 quoque
913 380 1073 412 turbatae
1107 377 1276 423 (comae)
1308 379 1386 425 ipsa
1408 378 1593 416 6blivione
1623 392 1686 414 cu-
1716 380 1718 382 ’

190 436 252 459 rae
277 425 381 467 hujus
406 423 649 458 commendari
671 423 843 458 videntur
873 426 930 468 11,
962 426 997 467 3,
1023 424 1101 460 148.

145 468 407 511 Obliviscor-
457 480 558 515 obliti
582 485 636 514 tot
673 481 919 525 exemplorum
955 481 1082 516 circa
1118 482 1359 518 voluntariam
1391 489 1544 518 mortem
1579 483 1615 528 9,
1652 485 1689 527 2,

189 529 236 562 86
260 529 307 561 Ν.
355 539 401 561 ne
426 527 700 562 oblivisceretur
721 527 948 563 reverentiae
975 531 1032 571 11,
1058 531 1091 572 1,
1115 529 1173 564 62.
1710 538 1715 541 ·

146 572 422 614 Obmutesco·
477 584 682 628 inopinatae
707 584 762 619 rei
785 595 870 619 casu
895 585 1070 620 obmutuit
1095 587 1130 630 6,
1157 589 1190 630 1,
1218 586 1277 622 39.

145 629 344 671 Obnitor-
391 647 469 676 toto
495 652 646 685 corpore
672 641 906 676 obnitendum
929 645 964 686 5,
999 645 1056 687 13,
1090 645 1146 678 11.

145 679 389 729 Ob‘noxiuS·
436 699 558 733 omnia
585 705 667 733 sunt
689 704 814 734 tenera
843 705 879 734 et
910 699 1061 744 injuriae
1107 699 1267 734 obnoxia
1306 702 1362 742 11,
1395 701 1430 743 3,
1465 701 1522 736 29.
1554 712 1587 734 v.
1620 701 1689 733 ln-

189 745 326 788 juria.
374 744 530 778 animum
555 747 809 780 adversum
833 746 965 793 gratiae
988 758 1034 781 an
1058 746 1313 781 obnoxium
1337 748 1371 789 3,
1393 748 1430 790 9,
1456 749 1490 781 7.
1537 751 1590 780 tot
1612 757 1691 780 ma-

187 792 233 825 lis
263 793 349 826 obn.
373 791 508 827 veritas
543 795 579 836 2,
605 795 661 835 17,
685 793 743 828 29.

145 835 348 878 Oborior·
396 859 473 883 nox
500 848 663 884 oboritur
685 855 722 884 et
745 860 862 884 crassa
887 849 1003 898 caligo
1028 852 1178 884 Senec.
1207 850 1243 892 9,
1267 852 1303 893 2,
1325 849 1384 884 43.

145 894 313 936 ObI'UO·
361 906 392 940 si
416 908 519 952 plura
544 914 647 948 sunt,
682 920 772 953 quae
800 914 954 951 nocent3
988 919 1080 953 quae
1113 913 1283 953 prosunt,
1328 907 1527 941 obruuntur
1568 904 1604 949 4,
1651 907 1687 947 2,

190 955 279 994 101;
306 954 345 986 u't
370 955 451 987 lana
475 954 586 988 tincta
613 956 698 988 fuco
722 974 770 980 —-
792 955 822 989 si
851 955 1045 989 contuleris
1065 954 1171 988 etiam
1187 955 1366 996 lacernae,
1396 957 1592 997 conspectu
1613 962 1690 986 me-

187 999 288 1033 lioris
313 1000 485 1033 obruatur
509 1003 566 1044 12,
592 1003 648 1044 10,
674 1003 737 1043 753
776 1001 970 1036 detinet
1006 1008 1076 1045 atq.
1111 1000 1279 1036 obruit
1308 998 1453 1046 ingenia
1483 1002 1516 1041 1,
1556 1000 1591 1041 8,
1626 998 1683 1032 18.

189 1046 350 1089 corporis
376 1050 461 1080 curti
487 1053 643 1081 mentem
679 1048 875 1082 obruerunt
901 1050 934 1091 1,
962 1051 1019 1091 ,11
1046 1047 1102 1082 15.

143 1088 357 1132 Obscenss·
406 1103 512 1138 etiam
537 1115 645 1139 sensu
671 1105 834 1150 plerique
860 1106 959 1140 obsc.
983 1104 1186 1152 intelligere
1211 1103 1358 1148 cupiunt
1380 1100 1428 1146 8:
1441 1103 1476 1146 3,
1502 1099 1562 1137 47.

144 1145 416 1190 ObscenifaS·
460 1162 558 1196 obsc.
587 1173 661 1196 non
686 1174 707 1196 a
730 1163 853 1198 verbis
880 1169 1018 1197 tantum
1042 1163 1168 1197 abesse
1194 1162 1320 1204 debet,
1367 1160 1429 1194 sed
1457 1154 1564 1195 etiam
1597 1170 1618 1194 a
1641 1157 1693 1194 si·-

190 1206 419 1251 gnificatione
444 1207 478 1248 6,
503 1209 539 1249 3,
563 1209 621 1242 29.
671 1220 720 1243 ex
742 1210 880 1253 verbis,
905 1221 997 1253 quae
1021 1208 1230 1256 longissime
1253 1208 1297 1243 ab
1315 1206 1536 1245 obscenitate
1552 1206 1692 1249 absunt,

189 1252 416 1286 occasionem
441 1253 669 1296 turpitudinis
693 1266 821 1299 rapere
844 1257 879 1297 8,
904 1258 939 1298 3,
963 1254 1022 1290 47.
1644 1255 1647 1257 ⁴

143 1294 386 1338 ObSCffllUS·
433 1309 609 1344 Varicare
633 1323 739 1355 supra
762 1313 909 1345 modum
933 1318 969 1346 et
994 1312 1032 1345 in
1058 1312 1185 1348 stando
1217 1311 1428 1345 deforme
1452 1315 1524 1351 est,
1559 1314 1606 1352 et,
1631 1320 1692 1342 ac-

188 1356 339 1388 cedente
363 1360 483 1398 motu,
522 1367 635 1400 prope
660 1358 918 1391 obscenum
943 1361 999 1399 11,
1025 1359 1059 1400 3,
1087 1358 1166 1391 125.
1191 1356 1221 1390 si
1253 1357 1411 1390 obscena
1441 1354 1546 1388 nudis
1576 1355 1691 1389 nomi-

186 1400 292 1434 nibus
319 1401 549 1435 enuntientur
572 1406 606 1442 8,
637 1404 671 1446 3,
692 1405 748 1438 38.
774 1416 808 1438 v.
839 1402 1060 1441 Humilis.
1107 1403 1208 1437 obsc.
1241 1401 1390 1437 canticis
1428 1403 1462 1444 1,
1491 1402 1539 1445 8,
1567 1404 1602 1436 2.
1650 1401 1690 1435 in

188 1447 290 1481 obsc.
314 1446 536 1481 intellectum
559 1449 595 1491 8,
621 1450 654 1492 3,
680 1448 739 1482 44.

68 1483 84 1491 ‘
142 1489 414 1534 Obscuratio.
443 1524 487 1551 -‚·
512 1505 599 1539 solis
617 1504 657 1549 ‘1,
683 1509 738 1550 10,
769 1506 827 1542 47.

142 1546 353 1591 ObSCIU‘e·
388 1563 488 1597 obsc.
515 1563 608 1597 dicta
634 1565 668 1607 3,
697 1563 735 1607 4,·
759 1566 792 1599 3.
818 1568 858 1597 ut
884 1573 960 1598 non
985 1564 1185 1607 abrupte
1216 1563 1345 1597 cadere
1371 1561 1409 1596 in
1435 1561 1692 1605 narrationem,
1712 1562 1720 1570 ’

185 1607 237 1641 ita
260 1610 485 1687 non4obsc.
507 1611 764 1646 transcendere
793 1610 831 1655 4,
857 1612 891 1654 1,
918 1611 984 1655 793
1022 1620 1115 1655 quae
1146 1619 1256 1643 causa
1289 1608 1384 1643 dicta
1417 1608 1604 1644 obscurius
1637 1614 1690 1643 est

187 1655 222 1696 8,
245 1657 280 1696 2,
306 1657 327 1687 2
356 1680 364 1689 .

142 1695 410 1741 ObSCUPifflS·
467 1724 549 1747 cum
573 1719 627 1748 est
650 1714 689 1748 in
712 1715 793 1759 lege
818 1707 938 1758 aliqua
961 1713 1060 1747 obsc.
1085 1715 1120 1755 7,
1145 1712 1182 1755 6,
1205 1714 1241 1746 2.
1288 1711 1390 1746 obsc.
1409 1710 1453 1745 >fit
1475 1709 1581 1746 etiam
1604 1722 1691 1747 ver-

188 1757 242 1791 bis
269 1758 312 1791 ab
340 1770 408 1791 usu
434 1759 583 1793 remotis
607 1762 643 1802 8,
667 1764 702 1804 2,
751 1763 806 1796 12.
820 1761 911 1804 »plus
947 1765 1068 1793 tamen
1102 1764 1156 1792 est
1188 1757 1415 1792 obscuritatis
1447 1757 1488 1803 in
1520 1762 1692 1792 contextu

136 1843 139 1846 .
187 1809 224 1837 et
248 1804 516 1840 continuatione
541 1807 717 1841 sermonis
741 1809 783 1843 ib.
813 1806 870 1844 14,
905 1805 989 1840 illae
1011 1803 1312 1849 reprehensiones
1336 1803 1577 1848 obscuritatis,
1601 1815 1690 1848 qua-

186 1849 232 1883 lis
255 1850 293 1884 in
318 1852 462 1885 Rullum
486 1858 540 1886 est
565 1853 598 1895 5,
626 1855 682 1896 13,
710 1854 766 1887 38.
812 1853 883 1886 hoc
910 1851 1003 1886 male
1038 1851 1218 1884 imitantes
1256 1850 1417 1895 sequitur
1450 1850 1548 1884 obsc.
1580 1851 1616 1894 8,
1652 1852 1688 1894 3,

187 1897 246 1931 82.
294 1907 369 1930 non
394 1897 512 1932 minus
537 1898 659 1933 afferat
684 1898 912 1933 obscuritatis
938 1901 994 1940 11,
1022 1899 1059 1941 3,
1087 1898 1144 1932 39.
1179 1897 1263 1931 Non
1282 1896 1400 1930 minus
1424 1897 1584 1931 cavenda
1608 1895 1689 1940 erit,

188 1953 281 1986 quae
309 1943 457 1978 nimium
482 1944 717 1988 corripientes
742 1944 859 1979 omnia
884 1944 1063 1989 sequitur,
1098 1943 1198 1977 obse.
1233 1941 1270 1986 4,
1294 1945 1332 1985 2,
1358 1940 1416 1976 44.
1463 1947 1503 1976 ut
1526 1942 1689 1982 obscuri-
1727 1976 1728 1982 ,

185 1994 295 2022 tatem
320 2002 375 2034 ap.
402 2002 441 2025 se
464 1990 541 2034 ipse
569 1991 734 2025 discutiat
760 1993 795 2033 8,
823 1993 860 2033 2,
891 1992 949 2025 23.
996 2001 1062 2034 per
1099 1994 1210 2023 totam
1246 1988 1424 2023 actionem
1454 1987 1603 2024 vitanda
1634 1994 1689 2024 est

188 2035 286 2069 obsc.
309 2035 344 2079 4,
369 2040 405 2080 2,
436 2037 493 2071 35.
516 2036 555 2070 in
579 2038 679 2074 obse.
704 2037 868 2072 incidunt
893 2035 929 2080 4,
954 2035 989 2078 5,
1014 2038 1072 2071 25.
1099 2047 1132 2069 v.
1157 2035 1456 2069 Intellectus.

142 2078 354 2122 ObSCUl'O·
402 2092 431 2136 Ι)
457 2096 499 2127 de
522 2108 620 2128 sono.-
653 2105 773 2139 neque
801 2093 1034 2128 eximitur
1057 2093 1120 2126 sed
1145 2092 1431 2137 obscuratur
1465 2086 1563 2134 (Μ)
1591 2090 1629 2134 9,
1650 2089 1687 2134 4,

186 2137 245 2172 40.
295 2140 505 2174 obscuratur
531 2152 603 2175 vox
630 2144 686 2184 11,
712 2143 746 2184 3,
773 2143 832 2174 20.
859 2152 892 2173 v.
921 2140 1028 2174 Vox
1067 2140 1098 2181 I,
1123 2138 1150 2177 ζ.
1184 2139 1234 2175 11)
1260 2139 1303 2171 de
1325 2140 1515 2170 intellectu:
1559 2135 1688 2171 callide

188 2185 273 2228 quid
297 2186 508 2220 obscurasse
533 2188 567 2229 5,
594 2188 650 2230 13,
680 2186 737 2220 41.
786 2187 1004 2227 obscurare,
1031 2195 1123 2230 quae
1156 2183 1316 2218 dicerent
1346 2184 1382 2226 8,
1409 2185 1446 2226 2,
1479 2183 1533 2216 18.
1577 2193 1689 2216 orna-

186 2236 283 2273 tum,
323 2232 384 2276 qui
410 2234 517 2267 modo
542 2244 616 2267 non
648 2233 799 2266 illustrat
823 2233 857 2274 5,
883 2231 939 2274 14,
964 2232 1020 2265 34.
1069 2231 1236 2264 obscuret
1268 2227 1503 2272 (orationem)
1524 2228 1559 2280 8,
1582 2229 1618 2272 6,
1642 2226 1697 2263 14

188 2288 223 2311 v.
246 2278 420 2312 Illustr
432 2289 468 2314 0.
515 2279 554 2312 in
579 2278 742 2323 quibusd.
769 2278 884 2312 causis
909 2277 1130 2312 obscuranda
1153 2274 1288 2310 veritas
1311 2273 1346 2317 4,
1374 2277 1411 2318 2,
1434 2272 1503 2316 64;
1537 2275 1599 2308 1113
1622 2284 1689 2318 per

190 2333 230 2356 se
255 2323 364 2358 fortia
387 2335 461 2359 non
485 2331 627 2369 oportet
653 2323 962 2359 circumstantibus
998 2322 1191 2356 obscurare
1223 2322 1258 2364 5,
1284 2323 1340 2363 12,
1367 2319 1404 2354 4.
1451 2320 1549 2365 qnod
1582 2320 1687 2362 (ver-

189 2370 291 2446 burz)
316 2371 527 2405 transire
552 2370 871 2406 intentionem
895 2375 931 2404 et
958 2367 1211 2403 obscurari
1241 2366 1572 2411 circumjacentibus
1594 2366 1688 2401 solet

187 2414 224 2455 9,
273 2441 282 2457 ,
308 2417 364 2451 29.
640 2423 652 2427 ”
1381 2451 1384 2455 ,

146 2456 382 2502 Obscurus·
437 2472 472 2516 Ι)
495 2476 538 2508 «le
561 2487 663 2508 sono.-
701 2484 781 2508 esse
815 2471 968 2516 aliquem
999 2470 1038 2504 in
1070 2469 1234 2504 oratione
1269 2474 1415 2503 cantum
1442 2467 1687 2504 obscuriorem

193 2518 249 2557 11,
264 2518 297 2555 3,
316 2518 362 2551 60
385 2531 417 2552 υ.
446 2519 630 2554 Cantus.
655 2525 690 2554 et
713 2518 901 2553 flebilis
926 2523 962 2552 et
989 2518 1154 2551 consulto
1179 2514 1280 2561 quasi
1305 2515 1562 2549 obscurior
1583 2512 1687 2559 (vox)
1720 2521 1728 2552 j

189 2562 237 2594 ib.
261 2560 320 2595 64.
368 2563 414 2607 11)
449 2567 490 2598 cle
526 2569 702 2600 intellectu.
751 2565 791 2606 a)
819 2567 944 2598 Posit..·
977 2564 1019 2596 Id
1051 2573 1194 2607 quoqne
1228 2562 1346 2606 (quod
1380 2561 1429 2600 (S
1438 2574 1474 2605 p.
1500 2561 1585 2604 om.)
1618 2561 1686 2595 ob-

191 2617 336 2640 scurum
359 2612 531 2654 vocant),
562 2613 658 2656 quod
683 2616 843 2654 secreto,
878 2615 914 2644 et
945 2608 1022 2643 sine
1044 2614 1136 2643 teste
1161 2613 1222 2643 aut
1246 2612 1454 2654 argumento
1477 2606 1607 2641 dicitur
1628 2607 1686 2640 fa-

192 2657 299 2695 ctum,
326 2654 410 2688 satis
433 2662 557 2690 natura
581 2669 648 2693 sua.
669 2657 846 2691 infirmum
870 2661 924 2690 est
955 2656 989 2698 5,
1022 2656 1079 2698 13,
1112 2655 1146 2689 6.
1204 2654 1250 2687 Et
1293 2651 1410 2687 divisa
1446 2656 1490 2687 et
1530 2652 1685 2696 simplex
1703 2658 1728 2672 ³⁷

191 2699 391 2750 propositio
417 2702 569 2744 primum
593 2704 698 2737 debet
723 2714 801 2738 esse
827 2706 990 2747 aperta
1013 2706 1084 2754 atq.
1108 2699 1270 2735 lucida
1300 2698 1408 2742 (nam
1434 2698 1518 2743 quid
1541 2698 1587 2732 sit
1608 2703 1703 2731 tur-¹

193 2755 294 2788 pius,
328 2757 431 2789 quam
456 2747 492 2780 id
520 2759 599 2782 esse
629 2750 899 2792 obscurum,
935 2748 1033 2792 quod
1055 2758 1093 2781 in
1118 2757 1198 2781 eum
1223 2746 1338 2780 solum
1360 2744 1547 2791 adhibetur
1569 2743 1685 2787 usum,

1122 2815 1158 2824 ,Μ-
