1728 3002
178 199 260 240 652
678 200 892 239 Pei-suasu
918 220 976 227 ——
1005 196 1202 243 Pertineo

220 317 339 346 tamen
364 308 515 345 civitatis
539 310 578 344 in
600 321 719 345 mores
742 316 886 352 recepta
912 315 994 345 sunt
1019 309 1054 354 5,
1080 313 1138 354 10,
1163 313 1221 346 13.
1245 310 1292 353 cf.
1319 313 1353 355 5,
1390 314 1446 357 11,
1478 315 1536 350 37.
1581 314 1641 360 qui
1665 316 1708 350 ab

219 359 291 392 hoc
315 366 426 399 prope
445 357 594 397 ¹publico
621 367 745 391 more
779 357 920 398 privata
955 366 1049 398 pers.
1086 356 1294 392 dissentiant
1321 361 1356 401 1,
1389 361 1425 402 2,
1460 362 1495 394 2.
1529 360 1583 394 illi
1613 371 1710 403 pers.

221 416 284 437 sua
307 405 470 436 fruantur
492 406 548 446 11,
572 405 608 446 3,
634 406 688 438 11.
718 403 888 447 injustum
912 403 1144 445 persuasione
1166 403 1239 438 labi
1262 405 1460 446 (moderate
1481 401 1630 450 ilicium)
1655 410 1712 450 11,

221 453 255 493 1,
281 451 337 485 90.
368 450 533 484 tumescit
556 449 652 484 inani
678 459 773 492 pers.
800 453 831 490 1,
856 452 892 492 2,
918 451 974 484 18.
1001 461 1022 483 a
1051 456 1214 493 suscepta
1248 452 1358 485 semel
1382 450 1613 493 persuasione
1642 454 1713 487 dis-

223 497 350 531 cedere
376 498 432 537 12,
457 499 492 538 2,
516 497 574 531 26.
622 496 679 532 vis
710 495 902 541 eloquendi
927 507 1026 530 cum
1049 497 1156 541 quad.
1182 506 1276 539 pers.
1297 500 1332 540 2,
1367 498 1425 542 15,
1457 500 1514 533 22.
1563 499 1651 534 mihi
1673 499 1712 534 in

219 543 280 576 illa
303 547 428 576 vetere
453 552 545 583 pers.
571 543 795 584 permanenti
818 545 852 585 3,
877 541 913 586 4,
936 541 971 575 4.

172 589 400 631 Persuasu-
433 611 547 634 casu
572 611 618 634 an
639 601 746 644 hujus
771 609 995 642 persuasu
1020 604 1056 633 et
1078 598 1279 634 inductu
1306 603 1393 635 Cic.
1420 601 1455 644 5,
1481 603 1537 645 10,
1561 601 1620 636 69.

171 645 422 738 Γεέῐῐθὲἆοὸὲδ
442 663 489 737 11ιῦ
506 658 737 693 innocentem
761 657 800 691 in
836 656 1021 692 tormentis
1053 668 1093 691 se
1125 657 1310 699 pertendat
1345 658 1403 702 (a.
1439 663 1460 693 l.
1486 655 1712 701 praetendat)

257 729 266 745 1
338 728 347 745 a
486 726 496 736 ⁸

170 748 449 840 leiitimsssco·
483 761 629 796 brevem
665 759 902 809 negligentiae
935 759 1252 803 reprehensionem
1286 771 1362 796 non
1394 761 1645 804 pertimescere
1678 759 1712 804 5,

275 832 286 846 ,
374 832 382 840 .

169 852 432 943 I’ertina10ia.1
477 863 644 945 1sigaequitur
666 863 704 898 in
728 862 784 908 iis,
810 875 901 909 quae
926 870 1060 899 certum
1086 869 1139 899 est
1172 863 1269 900 effici
1295 874 1512 914 non‘posse,
1539 862 1711 899 deformis

218 915 308 951 pert.
357 914 390 950 2,
440 936 450 952 ‚
523 934 531 943 .

169 955 204 998 P
207 964 463 996 ertlnaclfel'·
512 966 742 1009 opinionibus
765 977 800 1009 p.
830 967 971 1002 tuendis
997 968 1032 1011 8,
1056 969 1113 1003 Pr.
1140 967 1174 1002 4.
1198 968 1310 1015 magis
1343 977 1378 1010 p.
1416 967 1586 1010 haerent,
1621 978 1712 1012 quae

217 1013 395 1047 deteriora
419 1019 500 1047 sunt
528 1018 559 1057 1,
587 1017 620 1056 1,
646 1015 679 1048 5.
729 1014 786 1048 cui
812 1012 1020 1056 (sermoni),
1056 1026 1134 1049 cum
1163 1015 1320 1050 Graecae
1354 1015 1487 1061 figurae
1519 1013 1710 1048 assidua

217 1059 573 1098 consuetudine
597 1061 809 1101 haeserunt,
846 1060 885 1094 in
913 1059 1055 1096 diversa
1080 1071 1223 1106 quoque
1252 1060 1424 1106 loquendi
1445 1060 1586 1095 ratione
1612 1069 1712 1102 per-

218 1105 282 1139 tin
297 1105 517 1141 acissime
543 1107 672 1139 durant
705 1109 747 1141 ib.
779 1110 847 1141 13„

170 1152 388 1194 PertlssaX·
437 1164 735 1207 pertinacem
779 1166 873 1197 ultra
914 1164 1059 1197 modum
1100 1169 1312 1198 tenacem
1357 1174 1437 1199 esse
1478 1161 1715 1207 propositi

217 1210 402 1251 (moderate
424 1212 571 1253 dictum)
601 1213 657 1253 11,
686 1213 716 1253 1,
744 1211 801 1246 90.
849 1209 887 1243 in
910 1211 981 1244 hoc
1010 1211 1090 1244 solo
1113 1211 1173 1245 vel
1195 1211 1303 1252 paulo
1326 1209 1712 1253 pertinaciorem,

219 1256 278 1290 vel
303 1256 556 1289 credulum
579 1264 640 1290 etc.
666 1259 709 1290 ib.
735 1260 799 1299 713
834 1256 978 1297 spiritus
1001 1267 1082 1290 cum
1106 1256 1219 1298 spatio
1252 1256 1480 1299 pertinax
1499 1254 1713 1305 tumllaBo—ri

215 1311 307 1334 non
332 1301 482 1334 facile
507 1313 724 1336 cessurus
751 1305 806 1343 11,
831 1305 866 1339 3.
893 1301 951 1336 40.
998 1303 1090 1336 haec
1112 1303 1190 1343 ipsa
1213 1302 1292 1337 sine
1315 1302 1437 1339 studia
1458 1300 1711 1347 pertinaci,

217 1346 398 1380 scribendi
422 1355 483 1381 etc.
507 1347 663 1380 multa
687 1354 722 1381 et
747 1347 977 1381 continua
1005 1348 1266 1383 exercitatione
1299 1358 1366 1390 per
1388 1360 1428 1383 se
1446 1347 1541 1389 nihii
1563 1346 1713 1389 prosunt

215 1393 273 1426 Pr.
300 1395 358 1427 27.
1370 1407 1379 1421 -1
1416 1425 1424 1432 ,
1459 1422 1462 1427 ,
1502 1415 1505 1418 ‹

101 1492 105 1494 ,
168 1450 383 1493 Pertineo.
432 1440 461 1503 Ι,
493 1460 531 1497 α)
566 1471 655 1505 quo
681 1459 776 1494 enim
799 1459 899 1501 prius
930 1460 1111 1502 pertinere
1134 1459 1178 1501 4.
1206 1460 1249 1503 5,
1286 1462 1342 1494 13.
1367 1461 1459 1495 huc
1484 1459 1714 1502 pertinebunt

217 1507 449 1550 probationes
474 1510 507 1549 7,
533 1508 567 1550 3,
593 1509 649 1541 28.
697 1508 768 1540 11110
801 1506 864 1550 (m
891 1510 912 1540 1.
943 1508 987 1540 ad
1018 1505 1114 1550 hoc)
1147 1506 1302 1548 pertinet
1334 1506 1470 1548 clipeus
1503 1506 1654 1550 Achillis
1676 1508 1714 1550 S,

210 1554 246 1596 4,
271 1553 328 1587 24.
358 1553 402 1596 β)
429 1554 532 1597 adjic.
563 1555 631 1586 ad.
660 1552 693 1594 a)
722 1553 810 1597 ejus,
837 1554 934 1596 qnod
960 1554 1012 1586 ad
1038 1552 1193 1586 animum
1215 1551 1381 1596 pertinet,
1405 1559 1568 1586 naturam
1593 1555 1648 1596 11,
1673 1556 1710 1594 2,

215 1601 249 1636 5.
278 1599 458 1642 pertinere
484 1600 536 1632 ad
561 1610 722 1642 causam,
755 1598 928 1643 quidquid
955 1600 1008 1641 ad
1033 1599 1212 1633 dicentem
1240 1597 1406 1643 pertinet,
1441 1599 1478 1643 4,
1506 1601 1541 1642 1,
1575 1601 1630 1633 12.
1667 1598 1713 1640 cs.

215 1649 250 1689 5,
277 1648 333 1688 13,
360 1646 414 1680 16.
460 1646 515 1678 ad
539 1651 709 1680 eventum
732 1651 836 1687 pert„
861 1655 934 1679 non
960 1646 1015 1678 ad
1046 1656 1191 1679 causam
1227 1647 1263 1688 3,
1299 1645 1335 1686 6,
1371 1646 1429 1679 73.
1476 1656 1568 1690 quae
1598 1656 1716 1688 neque

216 1693 271 1726 ad
295 1691 453 1734 judicem
479 1703 597 1736 neque
627 1704 646 1725 a
661 1692 683 1724 d
707 1691 919 1737 litigatorem
934 1696 1026 1732 pert.
1054 1694 1110 1734 12,
1133 1692 1168 1734 8,
1192 1692 1225 1730 3,.
1251 1701 1326 1725 11011
1353 1690 1410 1724 ad
1431 1702 1536 1726 sunm
1558 1690 1719 1726 officium

214 1738 398 1781 pertinere
427 1739 483 1771 Pr.
509 1738 543 1771 4.
569 1744 608 1772 ut
630 1748 706 1772 non
734 1739 870 1779 solum,
898 1749 990 1782 quae
1015 1738 1067 1771 ad
1091 1736 1328 1779 philosophos
1352 1741 1424 1781 atq.
1449 1741 1609 1772 oratores
1633 1746 1716 1778 per-

215 1785 353 1827 tinent,
393 1784 541 1818 scientia
569 1786 870 1825 complecteretur
893 1787 949 1827 12,
975 1786 1033 1827 11,
1061 1786 1120 1817 22.
1149 1782 1194 1825 cfi
1221 1785 1342 1827 1,-10,
1368 1782 1430 1820 46.
1463 1786 1501 1826 2,
1526 1785 1560 1826 1,
1595 1785 1657 1819 12.
1685 1782 1717 1817 si

215 1832 268 1865 ad
292 1842 368 1865 rem
395 1830 589 1871 pertineret
616 1834 649 1874 2,
675 1834 732 1873 11,
758 1833 789 1864 1.
816 1829 988 1874 quidquid
1012 1831 1066 1863 ad
1090 1829 1242 1874 aliquam
1267 1834 1404 1875 partem
1427 1828 1598 1863 scientiae
1624 1834 1717 1871 pert.

215 1880 271 1918 10,
300 1881 331 1920 1,
364 1876 422 1911 42.
472 1878 570 1922 quod
603 1878 655 1910 ad
685 1876 855 1918 scriptum
889 1887 1092 1921 vocemque
1127 1881 1254 1919 pert,‚.
1276 1875 1316 1910 in
1340 1881 1528 1920 utramque
1564 1884 1629 1917 par
1661 1879 1718 1909 est

215 1930 353 1965 partem
378 1927 411 1966 7,
437 1924 472 1966 9,
511 1922 566 1957 14.
618 1923 724 1969 Quod
749 1924 800 1956 ad
825 1922 987 1957 nationes
1015 1928 1159 1957 exteras
1194 1927 1305 1963 pert..
1343 1921 1418 1956 Cic.
1446 1921 1564 1957 varie:
1599 1924 1655 1964 11,
1682 1924 1716 1963 1,

213 1972 271 2004 89.
298 1971 350 2003 ad
375 1981 507 2013 quem
534 1970 606 2004 hoc
629 1969 784 2011 pertinet
812 1971 844 2011 1,
868 1968 904 2012 4,
931 1972 989 2004 17.
1031 1968 1071 2012 b)
1097 1982 1126 2003 c.
1157 1975 1246 2002 certo
1286 1968 1402 2011 5ubj.:
1441 1969 1537 2001 bona
1567 1968 1623 2001 ad
1654 1978 1714 2001 me

215 2016 396 2057 pertinent
425 2016 459 2058 5,
487 2014 543 2057 14,
568 2016 623 2050 15.
670 2021 709 2049 ut
732 2015 866 2049 laboris
890 2014 961 2049 mei
986 2015 1124 2049 fructus
1150 2015 1203 2048 ad
1237 2025 1295 2048 me
1318 2013 1514 2055 pertineret
1532 2013 1570 2056 6,
1595 2014 1652 2047 Pr.
1678 2016 1728 2058 2.,

215 2063 260 2096 ad
285 2073 430 2096 servum
455 2063 552 2095 nulla
578 2063 640 2095 lex
667 2067 758 2104 pert.
785 2065 819 2103 7,
848 2063 882 2104 3,
905 2063 963 2096 27.
991 2060 1037 2103 cf.
1061 2064 1096 2103 7,
1125 2064 1162 2103 7,
1191 2064 1213 2096 7
1237 2072 1270 2096 v.
1305 2059 1414 2094 Lex'.
1459 2059 1490 2094 si
1517 2059 1602 2094 inde
1629 2067 1728 2099 coe-l

215 2108 371 2151 perimus
389 2119 466 2142 rem
485 2118 683 2152 exponere,
711 2108 807 2142 unde
831 2108 884 2141 ad
907 2107 1063 2151 judicem
1080 2113 1169 2148 pert.
1193 2104 1230 2150 4,
1247 2109 1282 2149 2,
1300 2105 1366 2148 4ος
1394 2107 1456 2139 lex
1475 2107 1519 2140 de
1541 2103 1728 2149 expositis]

208 2156 274 2193 ‚ad
302 2154 468 2189 affectum
492 2160 582 2196 pert.
609 2157 644 2197 7,
671 2157 704 2198 1,
731 2154 787 2188 15.
835 2155 996 2195 Tempus
1022 2161 1083 2187 cto.
1116 2154 1169 2186 ad
1197 2163 1342 2186 causam
1374 2157 1479 2187 extra
1501 2157 1590 2194 pert.
1617 2150 1654 2198 4,
1676 2154 1698 2186 ‚1

213 2203 271 2235 31.
317 2211 455 2247 ungues
479 2200 596 2242 polire
625 2208 685 2236 etc.
712 2211 786 2233 non
809 2201 865 2233 ad
889 2211 1011 2233 curam
1038 2210 1138 2233 suam
1172 2198 1351 2240 pertinere
1374 2198 1431 2246 8,4
1452 2199 1511 2233 Pr.
1549 2201 1606 2232 22.
1655 2209 1677 2231 a
1715 2201 1717 2203 ’

217 2245 295 2286 ἕξιν
317 2247 473 2280 maxime
499 2246 692 2288 pertinebit
714 2257 805 2279 unus
833 2245 1072 2280 Archilochus
1103 2247 1158 2286 10,
1183 2248 1217 2288 1,
1243 2246 1300 2279 59.
1326 2255 1390 2278 cur
1417 2244 1566 2287 nonvad
1593 2243 1715 2278 literas

214 2293 285 2335 jam
308 2293 484 2334 pertineat
508 2299 626 2336 aetas,
660 2303 750 2337 quae
777 2292 829 2326 ad
851 2303 970 2326 mores
994 2297 1086 2333 pert.
1115 2293 1147 2333 1,
1173 2293 1206 2333 1,
1243 2293 1298 2325 17.
1345 2290 1499 2335 figurae,
1525 2300 1629 2334 -quae
1661 2279 1717 2323 ac(

214 2345 372 2373 mentem
400 2345 491 2380 pert.
517 2340 552 2382 9,
580 2342 614 2382 1,
642 2340 697 2375 19.
747 2340 796 2372 ad
830 2338 1034 2383 qualitatem
1065 2347 1209 2382 quoque
1245 2337 1454 2380 frequenter
1487 2342 1579 2378 pert.
1610 2337 1714 2370 locus

215 2384 251 2426 5,
278 2387 333 2427 10,
359 2384 418 2419 40.
466 2385 664 2419 studiorum
690 2383 790 2418 initia
814 2384 993 2425 pertinere
1018 2384 1068 2417 ad
1103 2394 1274 2417 summam
1307 2385 1341 2425 1,
1373 2385 1406 2425 1,
1430 2384 1499 2425 233
1532 2381 1713 2423 expositio

216 2435 252 2463 et
275 2431 531 2477 argumentatio
556 2432 609 2465 ad
638 2431 893 2465 docendum
921 2429 1100 2471 pertinent
1122 2431 1158 2471 8,
1183 2430 1240 2462 Pr.
1267 2431 1300 2463 7.
1346 2427 1498 2462 intentio
1521 2427 1624 2463 vocis
1649 2433 1713 2487 ‘wi

214 2477 369 2515 pertinet
394 2479 443 2510 ad
466 2488 634 2513 moven
648 2478 727 2511 dos
747 2476 965 2511 audientium
987 2476 1133 2509 affectus
1159 2477 1192 2518 1,
1215 2477 1272 2518 10,
1291 2473 1349 2509 25.
1377 2473 1714 2518 0)’.αᾶῘ.Αιιι-ἰόιιιο’.ξ

216 2523 302 2563 quid
327 2524 415 2557 haec
441 2525 485 2556 ad
510 2533 679 2565 praesens
706 2523 937 2565 propositum.
953 2532 1085 2567 magn
1101 2531 1241 2562 opere
1274 2519 1476 2561 pertineant
1504 2521 1539 2562 5,
1569 2522 1626 2562 11,
1651 2520 1711 2556 31.Ι

214 2567 398 2602 minime
422 2570 603 2611 pertinere
633 2571 678 2603 ad
700 2569 968 2611 probationem,
1005 2579 1075 2612 qua
1111 2568 1224 2614 figura
1257 2566 1342 2611 quid
1393 2576 1414 2600 e
1445 2564 1583 2599 dicatur
1614 2568 1648 2608 9,
1675 2567 1711 2613 1,

216 2613 271 2646 19.
298 2614 413 2647 thesin
438 2615 569 2649 nihil
596 2617 646 2650 ad
672 2621 851 2652 oratorem
878 2614 1058 2656 pertinere
1085 2615 1121 2656 3,
1151 2613 1185 2656 5,
1223 2612 1278 2647 14.
1310 2577 1428 2653 ffiaess,
1452 2610 1488 2653 6,
1523 2613 1558 2645 2.
1593 2613 1650 2654 10,

215 2655 250 2689 4.
278 2660 372 2701 quod
398 2661 442 2693 ad
469 2661 691 2703 propositum
714 2661 828 2695 nostri
855 2660 974 2702 operis
998 2659 1126 2694 nihil
1151 2658 1306 2701 pertinet
1332 2659 1368 2700 2,
1395 2657 1452 2700 19,
1479 2659 1510 2690 1.
1541 2656 1587 2698 cs.
1613 2660 1647 2699 7,
1674 2681 1684 2691 .

215 2706 355 2746 23.11,
383 2708 413 2747 1,
437 2707 495 2740 63.
543 2707 662 2741 nihil
686 2708 731 2741 ad
758 2718 835 2742 rem
858 2706 1059 2749 pertinere,
1092 2717 1156 2739 cur
1180 2703 1308 2739 fecerit
1335 2705 1371 2746 7,
1397 2705 1432 2744 2,
1459 2703 1517 2739 36.
1543 2714 1586 2737 ea
1609 2711 1660 2744 pr
1691 2731 1694 2734 Δ

215 2748 319 2789 prie
344 2751 387 2782 ad
411 2757 523 2784 artem
550 2753 740 2786 oratoriam
764 2752 1019 2794 pertinere
1042 2753 1100 2786 Pr.
1127 2754 1183 2785 11.
1208 2749 1303 2795 qnod
1319 2749 1363 2782 ad
1377 2749 1519 2782 scholas
1536 2743 1710 2791 pertine&

216 2795 410 2836 proprie
434 2800 468 2839 2,
484 2799 541 2839 10,
560 2799 615 2832 15.
645 2810 735 2842 quae
757 2799 800 2833 in
825 2809 1063 2833 commune
1085 2798 1130 2831 ad
1144 2806 1268 2832 omnes
1281 2794 1510 2839 quaestiones
1531 2794 1709 2846 pertinen}
