1728 3002
564 197 731 253 Detego
760 220 816 232 ·-—
847 193 1067 238 Detractio
1561 192 1644 232 223

152 318 284 354 leam
305 318 343 350 et
366 312 619 362 cogitationem
642 311 819 356 qmndam
840 312 885 353 2,
912 309 979 354 16,
1007 308 1063 343 15.
1097 305 1195 352 quod
1220 314 1350 342 somno
1378 303 1644 351 supererit,

156 363 253 398 haud
275 362 429 396 deerit
452 361 508 403 10,
532 360 568 402 3,
590 358 636 392 26
651 358 698 392 Ν.
723 369 758 394 ν.
780 357 1044 401 Supersum.
1072 353 1104 388 si
1128 353 1214 398 quid
1239 352 1363 388 desit
1387 351 1512 396 operi,
1538 362 1645 397 sup-

156 411 259 454 plet
285 410 346 450 12,
372 407 414 450 6,
438 407 472 441 3.
506 416 588 439 cum
611 404 713 438 deest
733 401 892 438 sermoni
915 400 1069 445 aliquid,
1099 410 1191 444 quo
1214 398 1366 451 ininus
1389 399 1518 451 plenus
1539 397 1587 433 sit
1607 398 1646 441 8,

156 457 192 498 3,
216 455 272 490 50.
305 464 397 497 quae
420 451 451 486 si
478 450 557 496 quis
578 448 804 498 gravabitur,
835 459 910 482 non
929 445 1059 481 rationi
1085 446 1266 480 defuerint
1289 446 1384 490 (Sp.
1404 463 1454 471 —-
1474 443 1543 486 rit)
1580 443 1646 479 sed

118 497 123 502 ’
156 498 293 535 homini
318 503 361 543 1,
386 500 430 541 1,
456 500 497 531 11
515 501 561 531 Z.
600 496 706 530 etiam
730 506 811 529 cum
834 494 868 529 ei
894 490 1067 538 (oratori)
1090 493 1279 526 formando
1304 490 1395 525 nihil
1421 489 1575 525 defuerit
1601 493 1648 525 ib.

161 549 228 588 1ος
266 556 342 579 non
368 543 557 578 auctoritas
584 543 693 576 modo
716 540 837 575 verbis
865 541 928 574 sed
954 545 990 574 et
1011 537 1101 573 fides
1125 538 1216 572 desit
1256 540 1319 580 11,
1345 539 1387 581 3,
1409 537 1467 571 67.
1506 536 1648 581 copiam

92 590 97 594 ⁵
157 592 382 636 nitoremque
418 588 645 633 eloquentiae
673 588 750 621 fere
783 584 1075 630 praeceptoribus
1111 584 1185 618 suis
1217 583 1375 618 defuisse
1414 586 1482 625 12,
1514 585 1552 626 2,
1587 583 1648 619 25.

158 635 395 672 Demostheni
417 636 620 669 facultatem
644 632 802 667 defuisse
826 634 931 676 hujus
954 630 1027 674 rei,
1052 629 1219 666 Ciceroni
1241 631 1387 664 modum
1407 629 1443 671 6,
1467 630 1503 671 3,
1527 631 1562 663 2.
1591 628 1652 664 his

160 684 268 719 etiam
289 693 378 719 vera
402 681 600 716 dicentibus
623 680 711 714 fides
735 679 826 714 desit
854 683 911 720 12,
936 680 971 721 1,
994 679 1028 712 3.
1062 677 1120 711 cui
1146 676 1182 711 in
1209 676 1350 718 eninm,
1374 676 1569 718 valetudo,
1592 675 1651 709 fa-

0 719 2 763 l
158 731 294 773 cultas,
323 734 574 774 praeceptores
605 737 680 760 non
705 726 854 759 deerunt
884 727 948 768 12,
980 726 1043 766 11,
1065 724 1123 758 26.
1156 736 1175 756 c
1192 747 1201 756 .
1223 723 1281 756 Pr.
1306 722 1365 756 26.
1409 727 1449 755 ιιι
1476 720 1511 755 ei
1545 720 1650 766 (ora—

0 765 1 810 Ῑ
156 774 254 819 finni)
279 773 370 809 nihil
394 779 536 819 praeter
555 783 699 807 manum
722 771 814 806 desit
839 773 894 813 10,
918 770 954 812 6,
978 772 1012 803 2.
1050 780 1098 803 ne
1119 769 1184 802 ulli
1207 767 1261 803 rei
1286 778 1419 802 nomen
1441 768 1568 802 deesse
1590 767 1653 803 vi-

0 812 2 860 l
160 822 287 856 deatur
309 822 352 863 8,
375 821 415 861 6,
443 820 478 857 5.
534 819 721 863 Polycleto
750 819 875 852 deesse
898 817 1039 861 pondus
1066 818 1130 857 12,
1158 817 1223 857 10,
1247 817 1282 849 7.
1323 814 1452 859 quibus
1477 812 1652 858 loquendi

0 862 1 879 ¹
113 897 120 901 ,
157 864 250 903 ratio
274 878 348 902 uon
371 866 463 900 desit
486 866 522 909 8,
552 868 584 907 1,
609 868 642 898 2.
678 863 835 898 defuisse
858 862 893 897 ei
916 873 1086 896 summam
1107 861 1206 894 illam
1235 863 1291 902 12,
1316 862 1350 903 1,
1375 862 1436 894 20.
1477 858 1653 904 imperitis

0 883 2 959 μ
160 924 304 959 quoque
325 913 438 947 verba
463 921 538 945 non
564 912 692 944 desunt
717 912 774 953 10,
796 913 833 952 7,
858 911 915 944 15.
945 919 1013 942 nec
1037 908 1165 942 Marco
1189 906 1312 940 Tullio
1335 906 1493 940 defuisse
1515 906 1554 939 in
1576 907 1653 940 ulla

158 965 259 1004 parte
287 958 377 994 civis
402 956 525 1002 optimi
549 958 771 991 voluntatem
799 958 863 998 12,
888 957 928 997 1,
957 955 1023 997 163
1063 963 1140 988 non
1162 951 1320 987 defuisse
1347 951 1417 986 sibi
1438 952 1654 987 advocatum

160 1006 206 1048 6,
229 1008 272 1048 2,
296 1003 331 1038 4.
380 1004 440 1047 qui
474 1013 609 1037 coenae
633 1003 796 1036 defuerat
826 1005 871 1044 7,
896 1002 939 1044 3,
963 1002 1024 1035 31.
1093 999 1133 1045 y)
1165 999 1259 1033 Non
1286 1000 1440 1032 desunt
1464 1000 1537 1051 qui
1564 1006 1652 1032 etc..-

160 1061 251 1085 non
272 1051 484 1091 defuerunt,
509 1048 586 1093 qui
608 1048 851 1092 improbarent
879 1045 924 1089 4,
949 1048 992 1089 5,
1018 1047 1074 1080 11.
1111 1056 1180 1079 neo
1203 1045 1355 1087 desunt,
1387 1042 1450 1089 qui
1469 1049 1655 1088 imponant

159 1097 198 1139 9,
223 1099 256 1139 1,
279 1099 314 1130 2.
344 1106 413 1130 nec
437 1096 584 1129 deerant
606 1095 728 1138 plura,
753 1104 843 1138 quae
867 1093 1024 1127 dicerem
1046 1094 1082 1134 2,
1106 1091 1141 1133 5,
1166 1093 1222 1125 17.
1255 1101 1374 1135 neque
1396 1091 1569 1135 deerunt,
1592 1089 1655 1138 qui

161 1141 286 1176 malint
310 1143 367 1185 12,
395 1143 430 1184 1,
452 1143 508 1175 33.
544 1151 619 1175 non
642 1141 768 1175 deesse
790 1138 974 1181 homines,
999 1137 1061 1183 qui
1081 1135 1268 1181 impellant
1291 1137 1329 1180 8,
1350 1138 1386 1179 3,
1410 1135 1470 1171 85.

118 1185 300 1243 Detege.
357 1196 552 1232 deminutio
575 1208 688 1244 genus
709 1197 819 1230 modo
843 1194 976 1242 detegit
1001 1197 1040 1238 1,
1063 1194 1106 1238 6,
1129 1195 1167 1229 6.
1204 1195 1322 1228 cultus
1345 1193 1529 1229 muliebris
1551 1194 1655 1230 dete-

162 1245 214 1292 git
236 1249 391 1279 mentem
412 1243 448 1287 8,
471 1245 529 1277 Pr.
553 1246 611 1278 20.
644 1243 761 1277 nudae
781 1242 864 1276 illae
887 1248 982 1276 artes
1005 1251 1087 1275 ossa
1111 1241 1281 1294 detegunt
1304 1241 1364 1274 Pr.
1384 1238 1442 1274 24.
1478 1240 1593 1274 oratio
1617 1246 1656 1275 et

163 1290 269 1326 animi
301 1295 439 1324 secreta
473 1289 606 1336 detegit
639 1292 681 1323 11
694 1289 715 1332 ‚¹
745 1290 787 1331 1,
816 1290 873 1322 30.
918 1287 997 1332 ipsa
1030 1287 1163 1321 coloris
1195 1285 1446 1330 inaequalitate
1475 1286 1656 1333 detegitur

162 1338 217 1380 (id
239 1337 329 1381 quod
351 1336 521 1376 inseritur)
546 1339 604 1379 12,
626 1335 662 1377 9,
688 1337 743 1369 17.
777 1334 893 1369 virtus
916 1333 1002 1378 quid
1031 1333 1096 1374 sit,
1129 1334 1281 1369 adversa
1307 1332 1342 1366 ei
1364 1331 1498 1366 malitia
1520 1333 1656 1382 detegit

163 1385 222 1426 12,
247 1385 282 1426 1,
306 1383 363 1418 35.
395 1392 515 1416 mores
538 1392 584 1416 se
605 1380 700 1416 inter
721 1381 916 1415 ludendum
938 1378 1134 1424 simplicius
1158 1381 1331 1427 detegunt
1357 1380 1400 1423 1,
1421 1380 1459 1422 3,
1482 1381 1540 1414 12.

120 1439 325 1495 Detergo·
355 1450 514 1485 deterso
536 1449 636 1484 rudis
658 1447 771 1484 seculi
793 1449 961 1494 squalore
982 1450 1018 1490 2,
1046 1447 1082 1489 5,
1107 1449 1167 1482 23.

117 1506 333 1549 Deterior.
388 1516 432 1562 α)
468 1518 595 1552 eodem
616 1517 848 1564 ingenio'etc.
873 1515 1073 1561 praedium
1098 1514 1213 1550 nihilo
1240 1513 1530 1557 deteriorem
1554 1515 1658 1550 futu-

163 1576 245 1599 rum
270 1570 449 1599 oratorem
471 1565 636 1598 malum
659 1563 801 1607 virum,
831 1575 939 1608 quam
972 1563 1144 1596 bonum
1174 1564 1238 1604 12,
1265 1564 1305 1604 1,
1330 1563 1388 1595 10.
1432 1567 1473 1595 ιιι
1498 1562 1658 1598 deterior

167 1611 276 1645 etiam
297 1610 358 1644 fiat
382 1609 497 1644 oratio
521 1611 562 1652 8,
585 1611 643 1643 Pr.
661 1612 719 1644 22.
753 1615 795 1643 ιιι
822 1608 1027 1643 circumfusi
1055 1606 1195 1642 bonis
1224 1607 1496 1642 deteriores
1519 1609 1658 1643 lateant

100 1675 103 1678 ·
166 1655 302 1701 (pedes)
329 1657 365 1699 9,
389 1654 425 1699 4,
453 1657 512 1692 91.
548 1655 660 1702 magis
682 1655 912 1699 pertinaciter
933 1656 1102 1697 haerent,
1139 1664 1211 1698 quo
1236 1654 1318 1698 (Sp.
1343 1652 1453 1697 quae)
1476 1655 1658 1689 deteriora

90 1709 93 1711 ’
164 1708 248 1736 sunt
270 1705 305 1745 1,
330 1706 364 1745 1,
387 1702 410 1737 5
430 1705 474 1736 Ζ.
508 1707 548 1735 ιιι
578 1701 755 1736 deteriora
777 1702 961 1736 imitentur
985 1703 1050 1744 10,
1080 1703 1113 1743 1,
1137 1701 1194 1735 25.
1234 1699 1302 1734 erit
1325 1699 1515 1734 obscurior
1537 1701 1658 1744 etiam,

167 1758 239 1792 qno
264 1747 414 1792 quisque
437 1747 592 1782 deterior
622 1747 848 1791 (praeceptor)
871 1750 907 1790 2,
930 1750 966 1790 3,
988 1747 1024 1781 9.
1056 1752 1138 1780 uter
1162 1745 1354 1788 melior,
1379 1751 1508 1781 uterve
1532 1747 1583 1781 de
1593 1753 1660 1781 te·

166 1794 322 1837 rior-2,
339 1793 382 1836 4,
405 1797 463 1827 21.
503 1792 695 1838 optimis
722 1793 926 1838 occupatis,
952 1792 1124 1838 quidquid
1147 1792 1251 1826 aliter
1273 1791 1484 1834 dixerimus,
1508 1803 1659 1827 necesse

169 1839 216 1873 sit
238 1850 318 1874 esse
342 1838 542 1874 deterius
569 1841 625 1882 10,
652 1840 686 1883 5,
708 1839 746 1875 5.
807 1838 848 1886 β)
875 1841 1067 1884 Superat..-
1098 1838 1258 1886 cogitare
1281 1837 1388 1872 simul
1410 1837 1591 1882 optima
1614 1849 1659 1874 ao

172 1885 427 1919 deterrima
452 1888 515 1928 12,
541 1887 581 1927 1,
604 1884 641 1919 4.

125 1929 302 1972 Detero·
349 1951 498 1976 necesse
524 1946 579 1975 est
602 1941 783 1975 deteratur
802 1941 923 1988 fulgor
945 1944 1010 1983 10,
1036 1940 1077 1983 5,
1102 1940 1158 1976 16.
1201 1939 1336 1985 aliquid
1361 1940 1464 1976 velut
1484 1951 1553 1974 usu
1577 1939 1660 1985 ipso

173 1988 354 2021 deteretur
378 1990 423 2030 2,
447 1986 495 2030 4,
517 1989 553 2021 7.
582 1985 645 2020 illa
669 1987 708 2020 in
731 1987 878 2033 agendis
901 1987 1017 2022 causis
1042 1988 1114 2031 jam
1140 1986 1269 2021 detrita
1294 1987 1338 2030 8,
1362 1987 1405 2030 6,
1428 1987 1485 2021 51.
1509 1998 1546 2020 v.
1569 1987 1659 2021 De-

170 2044 188 2067 s
201 2044 220 2067 e
230 2044 249 2066 r
258 2042 293 2066 o.
1631 2041 1636 2044 -

127 2078 351 2120 Deterreo.
389 2086 596 2121 difficultate
619 2086 842 2130 deterreris,
864 2089 921 2122 Pr.
937 2091 972 2122 2.
1004 2099 1086 2122 cum
1107 2092 1225 2122 metus
1251 2085 1406 2130 judicem
1430 2087 1482 2120 ab
1505 2088 1660 2123 adverso

171 2136 299 2169 favore
330 2134 506 2168 deterreat
535 2132 577 2175 4,
602 2135 620 2166 1
634 2158 644 2174 ,
670 2133 726 2167 51.
766 2144 813 2167 ne
838 2133 1000 2176 periculo
1029 2133 1131 2167 exilii
1156 2134 1401 2166 deterreantur
1426 2133 1662 2169 advocatione

173 2182 268 2225 (Sp.
294 2181 338 2214 ad
362 2180 465 2218 adv.)
492 2181 534 2220 7,
561 2181 594 2220 1,
619 2180 664 2213 58
684 2182 726 2211 Ζ.
757 2184 794 2212 et
816 2178 1013 2212 teneriores
1039 2188 1153 2212 annos
1177 2179 1221 2211 ab
1243 2177 1374 2220 injuria
1397 2179 1563 2212 sanctitas
1592 2181 1663 2213 do-

173 2226 287 2261 centis
311 2224 564 2267 custodiat,
589 2230 625 2258 et
644 2223 842 2258 ferociores
860 2236 880 2257 a
898 2223 1042 2258 licentia
1063 2223 1219 2269 gravitas
1244 2224 1500 2267 deterreat,
1522 2227 1558 2268 2,
1573 2228 1608 2268 2,
1625 2228 1663 2262 3.

127 2271 330 2314 Detineo.
386 2281 448 2327 qui
472 2281 587 2326 apud
609 2280 766 2315 minores
791 2280 1006 2324 aliquamdiu
1029 2278 1189 2314 detinent
1213 2278 1359 2323 (pueros)
1383 2282 1419 2325 2,
1436 2282 1471 2323 3,
1490 2283 1523 2315 1.
1554 2293 1662 2326 prae-

174 2335 364 2373 ceptores,
387 2327 448 2372 qui
471 2327 641 2369 libenter,
666 2337 756 2372 quos
780 2331 1158 2370 occupaverunt,
1183 2324 1402 2359 detinent
1432 2329 1490 2370 12,,
1520 2330 1576 2370 11,
1603 2329 1662 2363 14.

175 2376 420 2409 adolescentes
444 2384 519 2407 non
543 2374 674 2407 debent
695 2372 843 2408 nimium
866 2372 909 2405 in
941 2373 1030 2406 falsa
1050 2381 1171 2404 rerum
1193 2370 1347 2417 imagine
1370 2371 1591 2416 detineri;
1624 2381 1663 2409 et

173 2421 339 2455 inanibus
362 2419 559 2453 simulacris
581 2438 627 2445 —-
650 2428 926 2452 assuescere
963 2420 1025 2459 10,
1050 2417 1085 2460 5,
1110 2419 1166 2452 17.
1195 2417 1363 2461 persequi
1386 2419 1483 2462 quod
1509 2419 1662 2465 quisque

173 2477 332 2510 unquam
360 2464 491 2499 dixerit
511 2484 559 2491 —-
581 2464 763 2499 detinet
790 2470 862 2508 atq.
889 2462 1051 2498 obruit
1081 2462 1226 2508 ingenia
1259 2465 1301 2507 1,
1322 2464 1363 2507 8,
1389 2464 1444 2499 18.
1480 2465 1579 2500 oculi
1604 2466 1662 2500 di-

174 2523 362 2549 versarum
387 2516 532 2555 aspectu
553 2521 674 2544 rerum
694 2510 807 2557 magis
831 2509 1036 2544 detinentur
1056 2508 1093 2551 9,
1115 2511 1152 2551 2,
1173 2509 1232 2543 63.

127 2555 314 2650 Πεὲοῃὲ).
328 2611 352 2647 4
369 2578 451 2602 cum
479 2566 542 2601 illa
571 2566 712 2602 dicendi
741 2566 874 2602 vitiosa
895 2565 1039 2611 jactatio
1061 2564 1157 2600 inter
1177 2566 1364 2610 plausores
1386 2577 1471 2601 suos
1499 2567 1663 2603 detonuit

172 2619 190 2649 1
228 2640 240 2657 ‚
294 2639 304 2657 ,
354 2636 364 2646 ο

122 2657 390 2715 Detorqueo-
437 2668 476 2703 in
497 2668 695 2704 obscenum
714 2668 934 2704 intellectum
956 2678 1076 2703 sermo
1100 2668 1258 2702 detortus
1281 2673 1337 2703 est
1357 2670 1394 2713 8,
1417 2671 1452 2713 3,
1475 2667 1534 2704 44.

128 2725 362 2769 Detractio.
420 2735 454 2780 ι)
487 2735 670 2784 sanguini.
691 2739 738 2781 2,
763 2739 828 2780 10,
851 2736 888 2772 6.
942 2734 992 2779 11)
1019 2737 1056 2770 ὶιι
1077 2738 1233 2771 dicendo.-
1262 2735 1445 2773 literarum
1469 2735 1573 2780 1,,5,
1603 2734 1663 2773 14.

175 2784 234 2820 16.
269 2789 309 2818 ut
333 2784 394 2818 fiat
420 2782 689 2827 adjectione
710 2800 756 2809 —
786 2781 1371 2827 detractioneraarbarismus)
1401 2786 1436 2827 1,
1461 2783 1496 2827 5,
1518 2784 1576 2818 38.
1603 2782 1665 2821 40.
