1728 3002
187 234 274 276 686
386 238 393 249 ⁸
666 230 937 275 Praesidium
963 249 1023 269 -w
1047 206 1241 282 Praesta.

187 345 470 390 Praesidium·
510 358 601 401 quae
618 365 708 398 Ι»ιιοιι
738 356 872 392 debent
902 357 1046 403 quidem
1076 357 1202 393 deesse
1226 356 1403 403 orationi,
1433 363 1483 404 et,
1509 357 1551 395 vsi
1580 360 1723 404 desunt,

231 405 380 439 multum
404 408 552 437 nocent:
583 412 661 438 non
683 409 803 439 tamen
826 404 990 439 habenda
1026 411 1109 439 sunt
1139 404 1234 439 inter
1263 415 1392 452 magna
1427 415 1483 450 pr.
1518 406 1553 451 5,
1584 409 1642 450 12,
1668 407 1724 441 12.

233 450 362 485 amisso
388 459 503 491 nuper
527 463 575 475 —-'
620 448 651 483 si
682 460 756 484 non
781 450 1030 492 praesidio
1064 450 1160 486 inter
1186 449 1368 496 pericula,
1394 455 1512 487 tamen
1539 452 1724 488 solatio

232 497 330 533 inter,
350 497 501 531 adversa
524 498 643 530 Dom.
669 495 742 538 As.
768 498 803 540 9,
828 499 861 540 3,
888 498 947 534 79.
1000 534 1003 541 ,

187 551 467 596 Praestantia.
515 562 623 597 animi
649 573 715 606 pr..
745 576 848 609 quam
872 564 1079 610 (Heindo
1092 563 1145 607 rs·
1173 564 1298 608 conice.
1330 575 1439 609 quem
1471 564 1622 608 Praef.
1658 565 1725 601 IV.

236 619 272 652 p.
297 609 414 653 XV.)
441 620 508 644 nec
532 616 647 644 metus
681 611 846 657 frangat,
883 623 952 646 nec
988 610 1194 646 acclamatio
1223 616 1378 655 terreat,
1406 622 1475 647 neo
1505 610 1726 647 audientium

235 655 427 690 auctoritas
451 657 543 690 ultra
566 656 720 690 debitam
746 658 987 693 reverentiam
1013 659 1129 692 tardet
1152 659 1208 701 12,
1247 657 1282 702 5,
1313 660 1347 692 1.
1381 655 1429 701 os.
1465 658 1503 704 6,
1534 661 1570 704 1,
1601 659 1648 695 25
1674 658 1724 698 N.

234 705 292 737 27.
317 704 385 737 hac
408 702 602 737 altercandi
626 711 679 745 pr.
709 703 744 747 6,
768 703 804 747 4,
829 705 862 739 5.
891 710 1012 752 gestus
1035 714 1089 748 pr.
1114 706 1171 748 12,
1197 703 1232 747 5,
1254 705 1289 740 5.
1521 702 1525 708 ’
1658 732 1664 734 -

188 758 574 801 Praestantissime.
618 771 739 817 eloqui
761 781 816 815 pr.
845 774 900 814 12,
923 775 960 816 2,
986 773 1022 808 9.

187 814 445 880 praest-igla-
502 827 563 881 illa
586 840 676 864 vero
699 828 829 877 frigida
853 835 889 863 et
911 829 950 863 in
972 828 1106 864 scholis
1129 827 1275 871 puerilis
1297 833 1352 863 est
1373 827 1564 874 affectatio,
1588 835 1628 864 ut
1648 828 1728 872 ipse

234 879 404 964 ξέἴιὲῗηὲιῗ
421 873 561 963 Ῑῗίῖἲῧῗιῐ
587 875 742 920 aliquam
765 875 999 920 sententiam,
1025 881 1061 911 et
1086 875 1191 920 hujus
1211 875 1313 911 velut
1334 875 1545 922 praestigiae
1568 877 1728 918 plausum

186 976 377 1020 PraeStO·
410 988 444 1031 I)
470 1001 566 1021 sensu
589 996 694 1023 neutr.
723 987 765 1033 α)
789 993 943 1031 praestat
967 987 1101 1023 nemini
1118 988 1306 1032 imperare,
1330 998 1434 1034 quam
1457 986 1565 1023 alieni
1588 986 1728 1024 servire

233 1035 269 1077 9,
299 1036 334 1076 3,
362 1035 419 1070 95.
467 1040 601 1068 tantu
612 1046 647 1068 m
672 1037 830 1069 Romana
854 1035 891 1069 in
916 1035 1019 1069 bellis
1043 1035 1156 1082 gloria
1184 1035 1313 1070 ceteris
1338 1041 1493 1076 praestat
1527 1039 1560 1079 1,
1587 1037 1643 1079 10,
1669 1034 1727 1071 14.

236 1080 436 1115 erudiuone
460 1092 502 1114 ac
526 1081 641 1115 nitore
663 1087 841 1123 praestare
866 1084 923 1124 10,
949 1084 982 1124 1,
1009 1082 1076 1124 98;
1117 1095 1144 1116 c.
1174 1085 1258 1116 Aeo.
1290 1087 1443 1123 praestat
1467 1081 1612 1128 ingenio
1637 1081 1727 1116 alins

235 1126 345 1161 alium
371 1130 415 1170 1,
436 1130 468 1170 1,
494 1130 527 1160 2.
577 1139 619 1161 ea
642 1127 680 1161 in
704 1138 848 1172 quoque
872 1126 1075 1162 animalium
1105 1128 1241 1171 virtus,
1277 1138 1348 1172 qna
1378 1132 1534 1169 praestat
1565 1133 1728 1163 cetera

234 1176 270 1215 2,
295 1175 351 1213 20,
376 1174 409 1209 9.
457 1173 497 1217 β)
522 1176 648 1208 Panic.
681 1173 714 1216 a)
742 1177 868 1208 Posit..·
912 1173 1086 1212 beneficio
1124 1173 1259 1221 ingenii
1291 1179 1511 1216 praestantes
1541 1175 1578 1217 2,
1613 1175 1669 1218 11,
1690 1175 1728 1208 2.

233 1218 352 1254 virum
373 1218 508 1265 ingenii
531 1226 656 1253 natura
681 1229 733 1262 pr.
763 1223 817 1263 12,
843 1223 876 1262 1,
902 1221 959 1255 25.
983 1230 1056 1254 uon
1083 1220 1217 1263 circa
1251 1220 1405 1262 plurium
1439 1220 1566 1254 artium
1588 1219 1728 1261 speeies

236 1271 583 1308 praestantem,
615 1267 739 1299 sedin
762 1266 929 1300 omnibus
955 1266 1398 1300 eminentissimum
1430 1269 1486 1310 12,
1513 1268 1568 1309 10,
1595 1268 1651 1300 12.
1683 1263 1728 1310 b)

240 1313 417 1354 Campam.-
452 1312 745 1351 praestantiorem
772 1313 931 1345 futurum
953 1311 1065 1346 fuisse
1087 1315 1121 1353 2,
1146 1315 1202 1355 17,
1225 1314 1282 1347 13.
1327 1312 1400 1346 hoc
1425 1311 1582 1346 maxime
1603 1316 1728 1347 orator

235 1362 379 1390 oratore
410 1364 464 1396 pr.
484 1358 542 1397 «8,
583 1358 642 1390 Pr.
683 1358 737 1391 16.
786 1357 1015 1403 egregius
1061 1359 1243 1401 multoque
1285 1367 1390 1401 quam
1420 1357 1470 1391 in
1507 1356 1728 1393 orationibus

234 1401 567 1444 praestantior
593 1404 646 1441 10,
672 1404 705 1444 1,
731 1404 820 1445 123;
853 1403 1014 1436 oratione
1038 1402 1127 1436 nihil
1162 1402 1394 1444 praestantius
1418 1405 1453 1445 1,
1477 1404 1533 1446 10,
1557 1405 1591 1437 7.
1619 1401 1664 1444 ‘tfi
1689 1403 1728 1449 6,

232 1448 295 1484 Pr.
321 1449 377 1482 10.
423 1446 507 1491 quid
534 1447 587 1481 his
613 1447 700 1489 ipsis
725 1450 801 1490 ejus
825 1449 992 1489 operibus
1016 1448 1180 1482 omnibus
1206 1448 1362 1481 numeris
1395 1447 1631 1490 praestantius
1667 1451 1728 1493 10,4

236 1498 270 1537 1,
293 1495 351 1529 91.
378 1502 530 1534 corpora
557 1494 817 1540 magnitudine,
851 1494 988 1528 viribus
1013 1501 1072 1528 etc.
1103 1503 1158 1535 pr.
1190 1497 1226 1538 2,
1261 1494 1318 1536 16,
1351 1495 1408 1528 13.
1453 1495 1603 1538 majus
1635 1503 1728 1536 opu*

235 1546 306 1584 atq.
332 1538 656 1581 praestantius
683 1542 738 1582 12,
771 1543 806 1583 2,
841 1543 897 1574 27.
946 1539 984 1582 c)
1016 1542 1207 1584 Superlat..·
1246 1549 1395 1583 eorum,
1435 1550 1526 1585 quos
1555 1540 1728 1594 viglerimq

233 1588 343 1632 longe
366 1585 660 1627 praestantissimi
685 1585 746 1630 (a.
771 1590 791 1618 1.
816 1588 913 1621 inser.
943 1586 1044 1628 aliis)
1069 1588 1124 1629 10,
1159 1588 1192 1628 1,
1222 1586 1300 1621 118.
1333 1594 1390 1627 pr.
1423 1586 1583 1620 medicus
1614 1589 1650 1629 2,
1687 1589 1709 1622 3

233 1633 269 1670 6.
294 1642 348 1674 pr.
375 1638 535 1666 oratores
560 1635 615 1674 12,
641 1634 696 1674 10,
725 1630 781 1666 54.
806 1642 860 1674 pr.
886 1638 1136 1673 praeceptores
1161 1635 1196 1675 1,
1231 1634 1264 1675 1,
1300 1633 1357 1666 10.
1392 1642 1497 1676 quam
1533 1630 1695 1676 (monem

233 1678 538 1728 praestantissimo
567 1678 686 1711 animo
706 1677 862 1720 suscepit
890 1681 945 1720 12,
973 1681 1005 1720 1,
1028 1681 1092 1720 173
1117 1684 1188 1711 tam
1213 1677 1417 1722 eloquentia
1439 1689 1544 1722 qnam
1565 1678 1725 1712 moribus

234 1724 558 1767 praestantissimus
598 1727 633 1766 2,
668 1726 702 1766 3,
733 1727 788 1759 11.
833 1735 919 1758 cura
943 1725 1183 1771 Protogenes,
1212 1723 1350 1758 ratione
1377 1724 1604 1767 Pamphilus,
1632 1723 1728 1758 faci-

235 1771 332 1805 litate
369 1770 596 1813 Antiphilus,
634 1770 876 1811 concipiendis
911 1770 1110 1804 visionibus
1148 1771 1279 1804 Theon
1311 1770 1471 1814 Samius,
1509 1769 1656 1816 ingenio
1688 1775 1728 1805 et

235 1818 348 1864 gratia
371 1817 517 1858 Apelles
537 1822 589 1850 est
615 1826 667 1857 pr.
688 1819 744 1859 12,
762 1819 817 1859 10,
841 1817 898 1863 6,
913 1825 966 1857 pr.
993 1817 1157 1858 discipuli
1183 1815 1230 1850 in
1256 1815 1352 1850 omui
1370 1816 1568 1850 studiorum
1591 1815 1728 1864 genere}

235 1867 270 1903 3,
298 1867 329 1906 1,
356 1863 410 1897 14.
439 1873 492 1904 pr.
524 1862 565 1895 in
589 1863 792 1906 eloquentia
815 1862 914 1897 viros
941 1866 998 1906 12,
1022 1865 1056 1902 2,
1079 1865 1136 1896 25.
1184 1862 1228 1896 in
1251 1862 1404 1896 dicendo
1427 1871 1482 1903 pr.
1523 1865 1579 1905 12,
1613 1863 1659 1904 3,
1684 1863 1728 1902 9.ζ

235 1909 288 1952 11)
315 1922 410 1942 sensu
442 1911 571 1942 transit.
616 1910 657 1950 α)
683 1922 712 1942 c.
738 1912 899 1942 Accusat.
946 1907 984 1952 a)
1018 1909 1159 1953 quando
1189 1909 1226 1941 id
1262 1908 1584 1950 praestiterit,
1623 1908 1728 1952 qnod

235 1958 429 1990 advocatus
460 1953 607 1997 petiit
638 1958 672 1996 7,
700 1957 732 1997 1,
766 1955 824 1988 61.
872 1954 1000 1988 fiducia
1033 1954 1328 1997 praestandi,
1375 1955 1470 1998 quod
1503 1952 1728 1999 exigitur

232 2004 292 2037 Pr.
322 2004 356 2035 3.
403 2002 492 2035 haec
518 2000 556 2034 in
580 2000 743 2034 oratione
766 2001 978 2044 praestabit,
1014 1999 1071 2034 cui
1101 2000 1219 2034 omnia
1245 1999 1407 2034 affuerint
1440 2003 1476 2043 7,
1509 2002 1566 2043 10,
1591 2000 1646 2034 14.
1673 1997 1728 2041 «J.

235 2052 270 2091 1,
294 2051 350 2090 11,
374 2048 407 2081 3.
434 2050 490 2090 11,
524 2050 558 2089 2,
595 2045 653 2080 24.
701 2052 870 2090 quantum
908 2046 968 2080 ille
1002 2046 1060 2081 vir
1089 2052 1271 2088 praestare
1304 2045 1461 2087 potuerit
1499 2048 1554 2088 10,
1589 2049 1623 2089 1,
1658 2046 1719 2082 98.

232 2094 321 2137 tria,
355 2104 445 2138 quae
469 2098 647 2134 praestare
674 2093 799 2126 debeat
824 2098 946 2126 orator
969 2094 1004 2135 3,
1028 2093 1062 2134 5,
1100 2095 1133 2125 2.
1168 2103 1242 2126 non
1270 2093 1417 2125 multum
1449 2097 1628 2133 praestant
1723 2090 1728 2122 J

233 2141 305 2174 cito
333 2143 366 2181 1,
394 2141 427 2181 3,
452 2139 486 2172 4.
513 2138 601 2172 nihil
625 2138 887 2182 acquirere
914 2140 1015 2172 volet
1036 2143 1178 2180 orator,
1218 2149 1297 2172 cum
1320 2138 1427 2180 sciat,
1453 2148 1492 2172 se
1518 2143 1616 2172 tanto
1632 2129 1728 2183 ‘plus-

234 2185 555 2228 praestitisse
594 2188 649 2227 12,
682 2188 717 2227 7,
751 2187 804 2217 12.
854 2185 980 2218 merito
1015 2185 1236 2217 laudatur
1271 2184 1427 2218 brevitas
1460 2183 1616 2231 integrat
1653 2183 1728 2218 sed]

236 2244 279 2266 ea
306 2231 423 2265 minus
447 2236 679 2273 praestat,
715 2229 878 2274 quotiens
909 2230 999 2263 nihil
1020 2229 1124 2272 dicit,
1158 2229 1226 2262 nisi
1263 2230 1358 2273 quod
1389 2229 1537 2263 necesse
1569 2235 1641 2263 est:
1670 2223 1728 2258 -'

234 2284 289 2312 est
311 2288 401 2313 vero
427 2276 775 2319 pulcherrima,
808 2287 889 2310 cum
928 2284 988 2310 eie.
1024 2277 1059 2318 8,
1091 2277 1126 2318 3,
1160 2276 1217 2309 82.
1249 2274 1285 2315 4,
1315 2277 1350 2317 2,
1382 2276 1438 2309 37.
1486 2275 1546 2309 illa
1579 2275 1728 2319 minora,

234 2330 414 2365 praestare
441 2327 472 2364 1,
500 2324 534 2365 8,
567 2325 630 2364 133
671 2323 768 2366 quod
799 2322 1009 2363 ambulatio,
1051 2321 1173 2355 unctio
1210 2328 1270 2354 etc.
1303 2325 1459 2362 praestat
1498 2323 1554 2364 11,
1590 2322 1626 2363 3,
1660 2322 1728 2356 19..

232 2370 317 2403 satis
343 2374 494 2411 praestat
518 2368 623 2412 (ars)
650 2371 685 2410 7,
716 2370 769 2411 10,
796 2369 851 2402 15.
897 2369 935 2402 in
958 2378 1027 2411 qua
1051 2369 1159 2400 multa
1192 2366 1296 2400 etiam
1319 2366 1397 2400 aine
1429 2366 1589 2400 doctrina
1613 2376 1728 2412 prae-4

234 2422 328 2449 stare
357 2415 483 2449 debeat
508 2424 570 2456 per
594 2425 633 2447 se
656 2413 733 2455 ipsa
755 2419 878 2447 natura
905 2415 940 2456 8,
963 2414 1020 2446 Pr.
1046 2416 1101 2446 12.
1133 2411 1200 2446 tria
1225 2417 1404 2453 praestare
1429 2413 1536 2446 debet
1557 2418 1728 2454 pronun-¹

234 2462 335 2495 tiatio
364 2464 419 2501 11,
443 2462 477 2502 3,
503 2460 557 2495 54.
585 2459 629 2500 cs.
654 2462 697 2493 ib.
723 2460 781 2494 61.
828 2459 922 2493 idem
945 2460 1015 2493 hoc
1039 2463 1237 2501 praestant,
1277 2469 1368 2502 quae
1393 2463 1659 2492 antecesserunt
1681 2458 1728 2501 8‚‘'·

232 2506 268 2549 4,
301 2511 355 2541 17.
384 2505 428 2547 cs.
453 2508 488 2549 8,
517 2507 553 2548 6,
577 2506 611 2540 6.
659 2506 696 2546 b)
721 2517 892 2539 summam
919 2511 1097 2546 praestare
1122 2504 1367 2538 abstinentiam
1395 2507 1433 2546 2,
1465 2507 1500 2547 2,
1539 2503 1575 2537 4.
1611 2514 1680 2548 qua

234 2552 492 2594 (auctoritatem
517 2548 686 2593 historiae)
711 2550 853 2597 egregie
881 2550 1052 2592 praestitit
1075 2551 1218 2585 Bassius
1246 2552 1302 2592 10,
1327 2553 1360 2592 1,
1386 2551 1464 2584 103.
1490 2559 1576 2594 quas
1600 2548 1728 2596 (disci-¹

230 2600 364 2640 plinus)
390 2603 567 2639 praestare
592 2603 754 2638 poterant
778 2598 940 2630 Athenae
966 2600 997 2638 1,
1025 2599 1079 2636 12,
1107 2599 1160 2631 15.
1184 2607 1230 2630 an
1252 2597 1357 2630 fidem
1379 2600 1557 2636 praestare
1581 2600 1728 2630 tantum<

234 2644 381 2684 debeat,
407 2654 480 2676 non
504 2644 609 2677 etiam
633 2643 819 2676 consilium
840 2649 874 2676 et
896 2649 1063 2676 eventum
1087 2644 1172 2686 (Sp.
1195 2642 1282 2675 fides
1302 2640 1471 2682 praestari
1487 2657 1531 2666 ·-
1551 2632 1728 2684 eventu-su

234 2691 268 2728 7,
294 2688 327 2723 4.
356 2690 399 2721 35
424 2693 464 2721 Ζ.
513 2690 620 2722 finem
642 2695 759 2722 tamen
782 2690 878 2722 hunc
902 2688 1091 2730 praestabit
1123 2693 1259 2726 orator.
1293 2692 1329 2720 ut
1361 2687 1524 2720 videatur
1546 2686 1728 2728 optima&

235 2744 375 2766 causam
402 2734 534 2773 optime
575 2734 691 2779 egisse
723 2737 778 2777 12,
809 2735 844 2777 9,
878 2735 912 2769 6.
958 2745 1031 2768 non
1067 2739 1199 2767 tantum
1231 2731 1463 2774 praestari
1495 2733 1567 2766 hoc
1600 2731 1728 2778 genus]

234 2784 420 2820 potenter,
449 2781 512 2811 sed
536 2776 653 2821 etiarn,
679 2780 740 2812 ubi
762 2790 835 2814 non
864 2786 936 2822 est,
961 2778 1221 2813 desiderari
1250 2779 1342 2811 solet
1370 2778 1404 2819 5,
1431 2780 1464 2819 7,
1485 2779 1534 2812 37
1559 2779 1605 2811 N.
1632 2777 1721 2811 hine

235 2830 383 2858 sumtum
409 2823 605 2859 libertatem
626 2825 665 2859 in
688 2825 804 2859 causis
833 2831 906 2870 atq.
931 2825 1091 2860 consiliis
1115 2829 1266 2867 praestet
1290 2825 1346 2867 12,
1378 2825 1414 2866 2,
1442 2825 1501 2858 31.
1535 2829 1714 2865 praestare
