1728 3002
125 112 209 151 616
274 152 277 154 ,
800 110 992 153 ostendo

129 211 339 254 Ostende.
365 222 393 266 Ι)
417 227 585 259 oculis.-
613 223 652 268 α)
668 236 742 259 non
759 224 993 270 (permiserim)
1021 226 1270 274 effingere
1293 231 1444 264 status
1466 230 1608 274 quosd„
1632 235 1671 265 et

176 268 347 314 quidquid
372 270 506 315 dicet,
532 273 790 306 ostendere
816 275 872 315 11,
897 274 932 315 3,
957 273 1013 308 89.
1042 271 1074 307 si
1097 283 1172 308 non
1197 274 1314 308 nudos
1332 279 1429 309 artus
1451 276 1674 312 ostenderint

177 316 218 358 5,
254 319 317 358 12,
352 317 385 350 6.
437 323 622 351 cruentum
664 318 819 364 gladium
850 318 990 353 ostendi
1021 319 1065 362 6,
1102 322 1145 362 1,
1177 321 1232 355 30.
1282 318 1467 356 simulacra
1492 321 1674 366 propriam

175 361 310 396 faciem
331 363 554 397 ostendentia
577 366 613 406 3,
637 365 671 407 6,
701 365 758 400 68.
806 366 994 407 Subura,
1033 376 1114 399 cum
1145 365 1256 400 tribus
1290 365 1404 400 literis
1436 367 1603 412 notatur,
1640 368 1671 403 C

175 408 315 442 tertiam
339 409 494 443 ostendit
526 413 558 452 1,
597 414 631 453 7,
667 411 726 445 29.
773 411 870 445 aliud
901 411 1207 456 ostendisse,
1249 423 1355 457 quam
1386 408 1547 457 petis,
1577 414 1668 449 'artis

176 459 231 488 est
258 454 312 495 (in
339 468 504 488 armorum
528 455 731 500 ceriamine)
755 457 790 499 9,
819 460 851 500 1,
883 460 947 501 20;
980 457 1120 504 signum
1154 458 1258 494 Jovis
1288 463 1422 502 populo
1455 459 1611 504 ostendit
1634 463 1669 504 5,

177 503 235 543 11,
261 499 318 534 42.
367 500 412 534 in
437 512 509 546 quo
533 501 688 546 (fundo)
717 502 804 538 mihi
829 503 908 549 quis
932 504 1128 538 ostenderit
1151 504 1227 539 lilia
1253 512 1315 539 etc.
1340 506 1376 548 8,
1403 507 1438 548 3,
1461 507 1497 541 8.
1544 505 1614 550 qui>
1630 517 1670 541 se
1710 511 1714 514 “

174 546 331 590 praetori
355 547 393 581 in
417 548 532 582 hortis
560 550 764 584 ostenderat
787 552 822 592 3,
849 550 894 593 6‚-
911 551 955 586 18
978 552 1053 594 N.‚·
1087 550 1173 596 quid
1210 551 1272 585 ille
1308 551 1444 598 gratiae
1477 550 1672 596 insultu«,

174 592 405 636 jucunditatis
431 593 480 627 in
505 606 671 630 sermone
695 597 892 631 ostenderit
916 597 950 640 6,
976 598 1035 631 Pr.
1059 598 1102 640 73
1127 597 1252 632 umbra
1262 615 1320 640 —,
1343 597 1395 631 ibi
1423 608 1504 632 esse
1526 608 1671 642 eorpus,

177 638 333 673 ostendit
371 642 411 683 5,
445 642 510 683 10,
546 643 603 676 80.
658 642 708 687 β)
741 643 811 686 adj.
843 645 988 678 Ablat..·
1035 648 1071 677 et
1106 643 1247 686 dejecto
1291 642 1450 688 (capite)
1478 644 1677 687 humilitas,

175 690 212 719 et
239 684 367 729 supino
392 687 593 733 arrogantia
618 695 679 722 etc.
706 689 904 723 ostenditur
939 692 994 733 11,
1029 691 1064 733 3,
1102 690 1160 725 69.
1207 689 1351 726 naribus
1383 689 1564 735 labrisque
1596 701 1673 725 non

174 731 254 765 fere
290 732 482 776 quidquam
523 736 693 768 decenter
733 735 953 770 ostendimus
986 738 1028 770 ib.
1063 736 1121 770 80.
1168 735 1224 770 his
1260 735 1459 780 (manibus)
1490 735 1672 784 gaudium,

173 777 352 811 tristitiam
377 786 441 816 etc.
467 780 687 815 ostendimus
712 783 755 815 ib.
784 782 842 816 86.
873 781 918 823 cs.
948 784 991 816 ib.
1015 783 1073 818 79.
1096 783 1155 818 88.
1185 783 1264 822 105.

137 831 140 833 ·
267 823 318 866 11)
342 827 617 859 intellectui.
649 826 689 869 α)
715 829 925 864 indiciis.-
965 826 1003 871 a)
1028 834 1140 863 artem
1164 827 1358 863 memoriae
1382 827 1518 872 primus
1547 833 1672 863 οεῐιειι-Ἴ

173 868 268 903 disse
294 869 425 904 dicitur
461 871 662 907 Simonides
695 877 752 915 11,
789 877 825 916 2,
858 877 913 908 11.
962 885 1036 909 non
1070 874 1241 910 flosculos
1279 875 1344 909 sed
1379 879 1497 908 certos
1533 874 1672 915 fmctus

172 917 377 950 ostenderat
402 918 436 960 6,
463 919 521 952 Pr.
546 920 585 961 93
623 915 876 962 ἀποσιώπησις
905 921 1062 954 ostendit
1099 921 1232 967 aliquid
1269 921 1416 955 affectus
1446 921 1509 955 vel
1538 919 1614 955 irae
1635 921 1672 964 9,
1695 952 1698 953 γ

170 965 207 1005 2,
233 961 289 996 54.
337 964 530 998 maximam
557 965 717 1000 indolem
744 968 938 1001 ostendunt
971 967 1128 1011 (opera)
1162 970 1218 1010 10,
1257 970 1290 1007 1,
1315 967 1373 1003 89.
1422 967 1524 1010 cujus
1555 966 1673 1011 prima

171 1015 267 1042 aetas
299 1009 529 1044 manifestum
563 1011 634 1046 iter
659 1013 704 1045 ad
738 1011 875 1058 ingenii
898 1015 1021 1048 lumen
1047 1013 1205 1047 ostendit
1229 1014 1287 1047 Pr.
1312 1014 1347 1048 6.
1374 1011 1562 1051 Ciceronis,
1585 1016 1672 1047 sen-

170 1054 302 1088 tentiae
341 1061 377 1089 et
413 1057 600 1092 contiones
633 1069 708 1092 non
737 1060 854 1093 minus
893 1061 1031 1094 clarum
1067 1059 1294 1104 eloquentiae
1327 1060 1450 1093 lumen
1480 1059 1673 1098 ostendunt

170 1102 204 1142 3,
230 1102 266 1144 8,
292 1102 350 1135 65.
399 1114 491 1146 quae
520 1105 702 1150 (nomina)
726 1117 827 1139 suam
851 1107 1026 1150 quandam
1049 1106 1230 1150 propriam
1253 1105 1327 1140 vim
1360 1106 1550 1139 ostendent
1571 1105 1668 1148 6,»3,

172 1150 229 1181 17.
278 1145 312 1188 b)
339 1160 368 1181 c.
397 1152 499 1183 Pron.
525 1151 643 1192 reflex.
659 1166 669 1183 .·
704 1163 797 1195 quae
821 1151 933 1195 (artes
946 1155 973 1196 ),
1000 1152 1106 1187 etiam
1131 1164 1210 1187 cum
1235 1163 1285 1186 se
1308 1162 1383 1186 non
1408 1152 1670 1185 ostendunt

170 1191 209 1225 in
233 1191 410 1235 dicendo,
446 1206 514 1229 nec
541 1198 683 1240 profe
698 1204 828 1241 runt,
863 1198 939 1233 vim
963 1204 1082 1233 tamen
1106 1200 1285 1233 occultam
1319 1203 1526 1244 suggerunt¹
1546 1199 1578 1240 1,
1610 1199 1669 1240 10,

170 1241 205 1275 7,
230 1239 400 1280 paulatim
423 1251 480 1273 res
501 1243 642 1275 facilius
667 1254 706 1276 se
731 1244 920 1278 ostendent
945 1248 1003 1286 10,
1036 1247 1070 1288 3,
1094 1246 1118 1280 9
1154 1257 1186 1279 υ.
1219 1246 1390 1284 Late03
1425 1249 1477 1287 Ut,
1511 1254 1593 1276 cum
1629 1253 1670 1276 ³⁰

169 1284 304 1328 judicio
330 1285 479 1319 dicentis
510 1290 732 1322 ostenderint
757 1290 906 1333 (verba),
931 1291 1048 1324 facilis
1074 1302 1124 1325 ex
1149 1291 1205 1324 his
1229 1290 1446 1335 optimorum
1475 1289 1521 1323 sit
1537 1289 1668 1324 electio

172 1332 292 1372 10,>1‚
317 1331 351 1364 6.
396 1331 553 1376 illud(1·.
583 1347 610 1367 e.
640 1336 989 1379 perspicuitas)
1019 1342 1159 1380 patet,
1185 1338 1256 1370 hoc
1284 1337 1329 1379 (ί.
1355 1350 1385 1370 e.
1412 1336 1666 1377 evidenti-a)

171 1387 222 1409 se
247 1378 510 1420 quodammodo
536 1380 747 1413 ostendit
770 1382 804 1422 S,
840 1383 874 1423 3,
909 1383 965 1415 61.
1014 1382 1059 1425 β)
1092 1385 1247 1415 verbis.
1295 1384 1332 1422 a)
1365 1384 1579 1424 simpliciter:
1626 1385 1667 1414 ut

170 1422 313 1456 ostendi
339 1425 374 1465 3,
399 1424 432 1465 6,
458 1425 515 1458 86.
565 1424 657 1458 sicut
680 1426 899 1459 ostendimus
926 1430 982 1469 11,
1006 1430 1040 1468 3,
1068 1426 1146 1460 174.
1191 1432 1232 1460 ut
1263 1426 1333 1459 alio
1351 1427 1440 1459 'loco
1467 1425 1608 1459 ostendi
1630 1427 1670 1469 8,

170 1469 204 1510 3,
230 1469 287 1502 38.
333 1475 374 1502 ut
399 1481 506 1513 supra
531 1471 672 1505 ostendi
695 1475 730 1514 7,
755 1475 789 1514 7,
812 1473 846 1506 6.
874 1474 909 1514 9,
937 1475 972 1516 2,
998 1473 1056 1507 65.
1106 1473 1198 1507 sicut
1228 1472 1415 1506 ostendam
1449 1473 1506 1514 12,
1541 1473 1596 1513 10,
1633 1474 1666 1507 1.

169 1519 210 1547 ut
234 1521 317 1558 post
344 1517 487 1559 paulum
511 1517 639 1551 clarius
667 1519 894 1551 ostendemus
918 1521 952 1560 2,
981 1521 1036 1562 17,
1060 1518 1118 1553 25.
1165 1518 1206 1558 b)
1233 1531 1263 1552 c.
1293 1518 1368 1562 obj.
1384 1531 1395 1551 .-
1424 1518 1668 1562 propter‘hoc

169 1559 287 1603 ipsum
313 1563 612 1602 ostendenda
644 1563 698 1607 (a.
731 1568 752 1598 l.
787 1565 1023 1604 ostentanda)
1057 1574 1134 1598 non
1164 1570 1269 1603 sunt,
1309 1564 1404 1608 quod
1439 1569 1668 1607 apparent

171 1609 229 1650 12,
257 1608 292 1650 9,
317 1608 352 1642 6.
398 1609 593 1652 Patrocles,
619 1609 679 1654 qui
702 1609 867 1644 -idem
895 1609 1052 1644 ostendit
1075 1613 1111 1654 2,
1138 1611 1195 1652 15,
1217 1610 1273 1644 16.
1321 1609 1418 1644 aliud
1439 1619 1544 1652 7²01,
1569 1609 1668 1643 aliud

170 1652 309 1686 animus
339 1656 504 1689 ostendat
529 1658 585 1698 11,
610 1657 645 1699 3,
677 1656 756 1690 175.
806 1659 1104 1699 investigata,
1139 1654 1387 1699 comperta,
1419 1653 1667 1699 patefacta

170 1699 301 1733 aliud
326 1702 608 1743 ostendunt3
646 1704 852 1745 sublata,
886 1704 1062 1745 deleta,
1096 1705 1299 1736 extincta
1335 1707 1442 1735 sunt
1464 1700 1593 1735 inter
1614 1710 1668 1736 so

171 1745 350 1779 similia
373 1748 408 1789 9,
434 1749 468 1790 3,
496 1747 554 1783 49.
580 1746 625 1789 cs.
651 1751 685 1790 7,
698 1749 733 1790 9,
750 1750 803 1783 13.
829 1748 867 1782 in
887 1759 932 1782 eo
957 1750 1102 1795 genere,
1129 1758 1200 1793 quo
1225 1747 1402 1781 contraria
1418 1746 1668 1790 ostenduntur,

170 1791 288 1826 ironia
319 1799 374 1827 est
403 1795 437 1837 8,
477 1794 514 1837 6,
552 1793 607 1828 54.
656 1805 724 1828 nec
746 1800 786 1828 ut
815 1805 941 1828 mucro
977 1794 1154 1847 gladium,
1201 1793 1254 1828 sic
1285 1803 1492 1828 mucronem
1530 1792 1668 1840 gladius

171 1838 328 1872 ostendit
357 1841 413 1882 10,
442 1842 473 1882 1,
500 1838 563 1881 143
600 1839 652 1874 sic
688 1841 844 1874 ostendit
878 1841 1097 1875 lucidissime
1132 1851 1275 1874 causam
1312 1838 1349 1883 4,
1383 1841 1417 1882 5,
1457 1842 1514 1874 12.
1561 1839 1669 1875 etiam

172 1895 254 1918 cum
277 1885 448 1929 judicium
471 1897 590 1920 meum
625 1888 838 1930 ostendero,
882 1899 986 1920 suum
1018 1893 1138 1920 tamen
1166 1885 1368 1932 legentibus
1400 1885 1609 1930 relinquam*
1634 1887 1670 1928 9,

170 1930 207 1974 4,
240 1934 274 1965 2.
322 1937 363 1965 ut
393 1932 643 1966 necessitatem
672 1933 709 1966 id
751 1933 910 1967 faciendi
948 1933 1155 1967 ostenderet
1198 1935 1252 1975 11,
1287 1935 1320 1975 1,
1358 1935 1417 1966 22.
1463 1930 1671 1978 magnitudo

171 1976 279 2011 animi
295 1978 446 2011 Milonis
470 1978 670 2012 ostenditur
687 1980 743 2021 11,
761 1981 795 2021 3,
810 1978 869 2018 49,
898 1979 934 2013 in
959 1980 1181 2013 ostendenda
1199 1978 1406 2022 quaestione
1422 1977 1611 2022 principali
1633 1975 1670 2026 4,

170 2022 208 2065 4,
237 2027 270 2057 1.
316 2024 492 2059 rationem
515 2026 617 2069 plura
641 2025 854 2069 quaesituris
874 2027 1065 2059 ostendere
1099 2026 1133 2067 5,
1160 2027 1216 2066 10,
1246 2026 1304 2058 31.
1351 2024 1447 2068 ipsas
1478 2034 1672 2071 argumen-

171 2075 305 2112 torum·
321 2072 421 2105 velut
453 2072 557 2105 sedes
589 2081 663 2104 non
686 2083 743 2105 me
769 2071 911 2115 quidem
935 2082 1061 2106 omnes
1085 2070 1284 2105 ostendisse
1307 2070 1343 2112 5,
1362 2073 1419 2113 12,
1438 2070 1493 2105 16.
1521 2069 1672 2104 materia

172 2117 417 2151 ostendendae
441 2117 585 2152 virtutis
608 2117 754 2151 uberior
781 2119 815 2161 3,
839 2121 874 2160 7,
901 2119 956 2152 13.
982 2118 1040 2152 vis
1063 2116 1274 2159 ostenditur,
1302 2116 1396 2150 utin
1418 2117 1514 2151 Jove
1539 2125 1672 2168 regen-

174 2163 300 2196 dorum
330 2163 489 2196 omnium
516 2166 551 2206 3,
575 2166 611 2205 7,
638 2165 673 2200 8.
722 2175 791 2198 nec
815 2164 934 2197 statim
958 2163 1019 2197 dili
1047 2169 1164 2198 entem
1189 2163 1334 2206 putabo,
1369 2163 1432 2206 qni
1456 2171 1672 2206 promim,

174 2220 266 2252 quae
291 2209 464 2252 epicoena
489 2210 668 2252 dicuntur,
694 2210 891 2244 ostenderit
915 2213 948 2251 1,
970 2209 1006 2253 4,
1052 2208 1087 2243 4.
1116 2208 1167 2252 sc)
1195 2209 1266 2251 adj.
1286 2211 1403 2242 Ablat.
1439 2215 1499 2242 aut
1523 2220 1598 2243 ex.-
1631 2206 1671 2241 id

173 2255 407 2289 familiaribus
437 2255 551 2302 magis
590 2254 623 2289 ei
659 2256 766 2289 aetati
799 2256 974 2298 exemplis
1008 2255 1194 2290 ostendam
1231 2255 1264 2297 5,
1293 2256 1347 2298 10,
1379 2254 1437 2290 96.
1469 2249 1671 2306 dssnyopn'fs

174 2300 269 2334 aliud
294 2301 432 2345 verbis,
463 2303 559 2335 aliud
583 2313 690 2336 sensu
715 2302 870 2336 ostendit
893 2303 928 2345 8,
954 2302 990 2345 6,
1019 2300 1077 2336 44.
1123 2300 1191 2335 nisi
1216 2307 1332 2334 tamen
1360 2299 1525 2334 omnibus
1546 2298 1674 2340 verbis

174 2352 210 2379 et
234 2357 391 2381 amorem
415 2348 566 2392 patrium
590 2348 799 2390 ostenderit,
828 2354 863 2382 et
891 2347 1012 2382 odium
1038 2346 1157 2382 divitis
1181 2345 1218 2390 4,
1247 2349 1280 2388 2,
1307 2346 1365 2381 96.
1389 2341 1573 2389 ἰδιότητα,
1597 2353 1671 2389 quo

173 2393 287 2426 verbo
308 2393 422 2427 finitio
445 2393 643 2428 ostenditur
666 2397 699 2436 3,
727 2395 761 2437 6,
788 2395 843 2428 53.
868 2395 982 2428 verbo
1010 2403 1084 2427 uno
1114 2392 1390 2439 magnitudinem
1413 2393 1491 2435 ejus
1515 2396 1616 2426 oste
1627 2401 1671 2424 n-

174 2437 247 2470 dit
271 2456 327 2472 —.
374 2441 464 2473 Nam
491 2441 542 2474 sic
567 2451 711 2485 quoque
736 2440 884 2474 altitudo
912 2441 1242 2474 demonstrata
1271 2443 1342 2472 est
1375 2439 1412 2481 8,
1438 2439 1473 2479 3,
1507 2436 1564 2472 84.
1597 2435 1671 2470 cix·-

175 2483 273 2518 cuitu
299 2496 356 2518 res
377 2487 566 2520 ostendere
590 2492 627 2520 et
649 2486 940 2520 translationibus
968 2489 1023 2528 12,
1050 2487 1105 2528 10,
1130 2485 1172 2518 41
1202 2484 1245 2526 cs.
1274 2486 1330 2527 10,
1355 2486 1389 2526 1,
1427 2486 1487 2520 12.
1514 2484 1571 2517 lus
1600 2492 1671 2517 nec

175 2535 286 2563 status
311 2531 393 2563 satis
419 2532 581 2575 ostendi,
613 2544 680 2566 nec
706 2543 830 2566 omnes
856 2531 1030 2566 contineri
1069 2533 1170 2565 locos
1199 2534 1243 2573 3,
1277 2531 1321 2571 6,
1355 2531 1412 2564 28.
1459 2538 1536 2562 non
1563 2538 1672 2573 posse

174 2575 249 2610 vim
275 2586 395 2609 rerum
420 2576 559 2612 ostendi
583 2578 696 2621 prima
721 2578 951 2622 expositione
973 2578 1009 2620 4,
1033 2579 1068 2620 2,
1093 2579 1158 2618 793
1192 2582 1231 2610 ut
1258 2575 1473 2610 soloecimus
1497 2582 1547 2609 ex
1570 2585 1672 2608 com-

175 2623 284 2666 plexu
309 2621 366 2654 fiat
393 2632 538 2667 eorum,
572 2625 701 2668 quibus
734 2636 792 2658 res
825 2623 1198 2671 significantur,
1237 2628 1273 2656 et
1307 2622 1475 2657 voluntas
1515 2625 1672 2661 osten-

140 2680 149 2685 ·
176 2667 299 2700 ditur
325 2670 358 2709 1,
384 2669 418 2710 5,
443 2671 499 2703 37.
547 2681 604 2703 ex
629 2671 782 2705 diversis
805 2670 902 2705 idem
928 2669 1083 2704 ostendit
1106 2669 1141 2714 5,
1166 2671 1223 2712 10,
1259 2669 1314 2704 79.
1363 2677 1436 2711 quo
1469 2666 1531 2709 id,
1570 2662 1668 2709 quod

176 2713 303 2757 efficit,
337 2724 393 2747 ex
419 2725 482 2758 αο,
512 2717 608 2759 quod
637 2716 810 2760 efficitur,
849 2716 1068 2752 ostendimus
1092 2717 1127 2760 8,
1162 2715 1198 2758 6,
1229 2717 1286 2750 27.
1335 2724 1416 2749 cum
1446 2713 1577 2749 Brutus
1610 2719 1666 2745 ex
