1728 3002
181 155 268 194 402
637 145 882 189 Immeritus
917 168 974 179 —
1011 145 1279 192 Immortales

183 264 438 307 Imma-itus,
487 284 578 318 quos
603 270 800 307 immeritos
823 282 922 307 mors
947 273 1079 307 acerba
1102 259 1285 309 damnavit
1305 266 1348 319 6,
1369 274 1429 313 Pr.
1447 274 1483 310 4.

183 333 408 375 Immineo.
450 347 491 375 ut
512 360 558 366 -
581 343 682 375 hasta
705 341 857 374 humero
881 341 1086 385 dependens
1109 341 1311 376 immineret
1335 343 1393 386 11,
1415 346 1451 389 3,
1476 345 1565 388 13ος
1602 343 1724 382 immi-

228 396 338 425 nente
365 388 460 423 bello
489 391 546 431 12,
571 391 605 432 1,
629 385 688 422 43.
725 386 823 420 imm.
848 397 986 422 summo
1011 387 1216 423 discrimine
1242 389 1279 432 8,
1301 386 1338 432 4,
1365 391 1426 426 22.

186 446 414 489 Imminuo.
457 455 586 500 quibus
619 453 762 499 (latere,
786 466 868 489 voce
894 454 985 499 etc.)
1019 456 1199 492 fractis
1230 461 1292 491 aut
1321 455 1578 494 imminutis
1610 466 1728 497 aetate

230 502 532 585 {eu1vazlg-udine
568 504 634 545 12,
671 503 740 546 11,
765 503 799 535 2.
849 500 1092 538 imminuenda
1127 504 1304 575 quaedam
1336 515 1417 539 esse
1453 503 1511 550 (in
1533 506 1728 552 prooemio)

185 575 447 688 Ιηέιῖιξέιιὲἒο.
481 605 568 648 (fig.
594 616 654 649 ap.
683 604 787 648 cic.)
810 604 856 648 9,
880 606 922 650 1,
945 603 1004 640 34.
1040 622 1088 629 -
1109 603 1267 640 criminis
1293 609 1329 650 7,
1354 604 1390 651 4,
1414 608 1450 643 3.
1482 625 1530 636 -
1550 610 1727 646 malorum

184 676 429 740 Iminisceo:
450 708 587 742 alienae
605 717 644 741 se
666 706 822 742 familiae
837 707 961 743 venali
983 705 1276 754 immiscuisse‘7,
1287 711 1323 754 2,
1335 710 1395 746 26.
1421 709 1584 756 spiritum
1607 710 1728 753 omni-

229 757 296 790 bus
320 755 479 800 partibus
505 753 707 788 immixtum
729 757 764 797 7,
788 756 823 798 3,
847 756 882 789 5.
1723 765 1727 772 ²

183 800 386 844 Immitto.
420 811 578 847 immissa
601 811 710 845 barba
734 813 792 855 12,
817 812 853 855 3,
879 814 923 846 12
939 812 989 846 N.
1015 810 1194 846 immissae
1213 811 1356 857 penitus
1377 813 1518 850 radices
1542 817 1576 859 1,
1593 816 1630 860 3,
1641 813 1679 852 5.

184 867 336 910 Immo·
391 879 436 914 -in
470 878 584 913 causis
617 889 708 914 vero
742 877 848 912 etiam
869 878 1030 923 pluribus
1053 885 1263 925 versantur,
1295 879 1403 915 immo
1429 899 1474 907 —
1496 880 1536 915 in
1559 874 1725 917 omnibus

229 927 266 969 6,
291 929 328 969 2,
353 928 408 961 10.
434 925 478 968 cs.
491 927 662 969 12,1,31.
692 923 825 970 [Quam
842 926 951 959 multa
978 925 1128 966 (immo
1155 928 1183 960 S
1193 940 1227 972 p.
1254 934 1369 961 contra
1394 925 1529 971 Gom),
1555 939 1725 972 -paene

230 972 351 1006 omnia
377 975 434 1014 12,
459 974 516 1015 11,
539 970 614 1015 24]
649 970 796 1015 aliquid,
819 970 928 1005 immo
950 973 1061 1006 multa
1087 974 1122 1015 2,
1146 975 1182 1016 2,
1206 974 1240 1008 8.
1275 974 1426 1018 quorum
1447 974 1617 1018 pleraque
1639 979 1726 1010 sunt

229 1017 519 1063 frequentissime
567 1017 819 1051 custodienda:
869 1017 980 1052 immo
1023 1029 1205 1063 nunquam
1235 1037 1283 1045 —
1313 1020 1480 1053 mutanda
1502 1017 1543 1062 4,
1568 1021 1612 1063 2,
1640 1021 1724 1056 103.

230 1076 296 1099 cur
317 1075 393 1099 non
420 1065 519 1098 illam
547 1063 653 1098 vocis
679 1063 959 1098 modulationem
984 1063 1112 1098 fidibus
1137 1075 1179 1099 ac
1202 1063 1318 1108 tibiis,
1354 1064 1491 1099 immo
1520 1065 1604 1099 her
1615 1067 1725 1101 oule

229 1110 403 1155 cymbalis
427 1109 661 1152 adjuvemus?
700 1112 763 1154 11,
787 1112 828 1152 3,
859 1111 916 1145 59.
965 1109 1291 1146 Commoveaturne
1317 1110 1503 1155 quisquam
1537 1111 1614 1156 ejus
1641 1113 1724 1146 for-

228 1162 316 1190 tuna
337 1157 409 1191 —2
462 1158 561 1191 Non
601 1155 742 1189 immo
777 1156 894 1190 oderit
925 1167 1026 1190 reum
1055 1157 1168 1191 verba
1201 1157 1468 1201 aucupantem?
1505 1159 1570 1200 11,
1594 1159 1637 1200 1,
1661 1158 1728 1193 50.

227 1202 485 1247 perdiscendae
508 1212 654 1245 omnes,
695 1213 780 1236 nec
806 1221 853 1228 —
876 1201 1082 1236 difficillima
1108 1213 1268 1247 quaeque
1293 1214 1414 1237 earum
1437 1202 1632 1237 differenda
1654 1219 1722 1238 -.

229 1247 350 1293 Quin
397 1248 530 1282 immo
573 1259 619 1281 ne
653 1247 789 1291 primae
827 1247 971 1291 quidem
1004 1247 1198 1282 memoriae
1225 1254 1360 1282 temere
1384 1249 1601 1281 credendum
1625 1250 1659 1291 1,
1683 1250 1723 1292 1,

226 1295 284 1328 31.
314 1293 359 1336 cs.
386 1297 440 1335 12,
467 1296 524 1335 11,
541 1295 598 1327 27.
628 1292 732 1335 quid
756 1303 828 1325 una
853 1299 913 1325 aut
936 1294 1046 1326 altera
1068 1293 1188 1335 saciet,
1214 1293 1327 1337 quin
1355 1292 1483 1326 immo
1509 1299 1653 1327 centum
1675 1304 1728 1329 ao.

224 1339 324 1373 mille
348 1342 385 1382 7,
403 1341 461 1382 10,
477 1339 520 1380 83
549 1340 582 1370 in
607 1338 784 1381 respond..-
815 1338 960 1380 Immo,
990 1337 1060 1370 nisi
1083 1339 1210 1384 lagena
1233 1338 1436 1381 defecisset,
1461 1339 1675 1374 occidissem

224 1391 274 1420 te.
298 1385 333 1428 6,
358 1387 393 1428 3,
420 1387 474 1419 10.
506 1383 596 1429 Cum
618 1401 666 1410 --
686 1381 749 1416 ille
775 1382 936 1427 dixisset,
959 1393 1000 1418 se
1018 1393 1109 1419 vero
1133 1394 1209 1418 non
1231 1390 1449 1429 expectare:
1474 1385 1634 1430 Immo,
1660 1385 1669 1392 '

222 1431 312 1476 quit,
339 1442 430 1478 rogo
454 1435 625 1475 expectes
651 1430 688 1472 9,
711 1430 747 1472 3,
772 1429 831 1464 68.

175 1473 429 1518 ImmobssiS·
462 1486 639 1522 immobili
660 1485 781 1533 rigore
806 1485 842 1529 9,
865 1487 899 1530 3,
925 1487 1005 1523 101.
1714 1492 1728 1567 ³

174 1531 474 1575 Immodel'aoe·
516 1543 658 1589 spiritus
681 1543 781 1577 imm.
806 1542 997 1587 effunditur
1026 1545 1082 1586 11,
1106 1545 1142 1588 3,
1169 1542 1230 1579 63.

173 1587 498 1631 Immoderatus.
537 1611 617 1637 vox
639 1599 908 1635 immoderatior
947 1603 1064 1637 cvez.
1102 1603 1157 1644 11,
1180 1603 1214 1644 1,
1239 1599 1299 1636 51.

170 1655 443 1699 Immodeste·
484 1668 652 1703 faciendo
674 1670 785 1702 multa
810 1667 992 1702 immod.
1022 1673 1128 1713 atque
1153 1667 1526 1711 intemperanter
1550 1665 1587 1711 5,
1597 1669 1634 1712 7,
1651 1667 1728 1720 3204

175 1741 179 1745 .
216 1714 301 1748 inde
323 1714 469 1750 immod.
495 1721 702 1760 proponunt
723 1713 889 1749 homines
912 1714 996 1748 mali
1028 1717 1086 1758 12,
1117 1716 1152 1758 1,
1177 1716 1237 1748 12.
1653 1734 1662 1739 -
1723 1726 1728 1739 ι

171 1769 419 1813 Immodioe·
454 1783 696 1828 eloquentiam
719 1801 763 1807 —
785 1781 853 1817 sibi
879 1779 1061 1827 nunquam
1084 1780 1180 1817 imm.
1209 1780 1391 1829 arrogavit
1414 1782 1472 1825 11,
1497 1779 1609 1825 1519.
1638 1742 1728 1844 ‘'p-{i

216 1834 423 1873 portune
446 1829 584 1874 positae
606 1828 782 1875 (fig-urae)
810 1839 892 1863 cum
918 1828 1035 1862 imm.
1059 1833 1225 1873 petantur
1246 1829 1283 1872 9,
1307 1830 1342 1872 3,
1368 1829 1445 1861 100.
1678 1849 1680 1853 -
1725 1847 1728 1866 ᾗ

170 1884 444 1927 immodicus.
489 1897 529 1939 α)
559 1899 601 1931 de
624 1898 800 1931 hominib..-
829 1895 1052 1932 assiduus
1075 1895 1194 1939 potius
1219 1906 1324 1941 quam
1346 1892 1628 1928 immodicus
1651 1877 1728 1937 (sit.

215 1943 432 1988 praeceptor)
455 1946 492 1987 2,
519 1946 555 1985 2,
584 1943 618 1978 5.
669 1941 819 1989 Gorgias
851 1941 892 1975 in
921 1942 992 1976 hoc
1027 1941 1233 1985 immod.,
1273 1939 1499 1984 copiosus
1534 1940 1714 1973 Isocrates

215 1988 286 2022 fuit
308 1990 344 2031 9,
367 1991 404 2032 3,
428 1988 486 2024 74.
533 1990 576 2034 β)
600 1990 643 2023 de
665 1990 783 2022 rebus,-
814 1997 935 2022 amore
960 1987 1057 2022 imm.
1081 1988 1117 2031 6,
1141 1990 1176 2031 3,
1199 1989 1234 2022 3.
1268 1985 1366 2020 imm.
1395 1984 1564 2019 claritatis
1592 1986 1649 2036 11,
1672 1985 1712 2028 3,

212 2035 271 2069 41.
312 2034 411 2068 imm.
434 2035 551 2069 hiatus
575 2037 618 2077 1,
646 2037 686 2068 11
701 2060 712 2078 ‚
740 2035 775 2069 9.
811 2033 910 2067 imm.
935 2033 1154 2067 laudantium
1176 2043 1296 2067 moras
1325 2034 1391 2074 11,
1415 2032 1457 2074 3,
1482 2030 1562 2064 126.
1609 2040 1710 2064 imm.

213 2079 406 2125 (periodus)
430 2082 466 2124 9,
488 2080 524 2123 4,
555 2082 633 2117 125.
656 2080 688 2115 si
711 2085 831 2114 tamen
853 2090 929 2114 non
950 2079 998 2114 sit
1019 2079 1120 2118 imm.
1144 2077 1237 2123 (sal)
1263 2078 1298 2122 6,
1323 2078 1360 2121 3,
1385 2076 1430 2111 19
1452 2076 1501 2110 Ν.
1533 2075 1632 2110 imm.
1647 2081 1709 2110 tu-

208 2231 278 2272 13,
303 2231 360 2264 13.

160 2271 356 2315 Immolo.
388 2284 497 2320 filiam
518 2284 766 2322 immolaverat
790 2288 827 2330 3,
853 2288 911 2331 11,
935 2284 971 2322 6.
1477 2323 1481 2327 .

160 2329 401 2373 Immorior.
453 2344 559 2377 Pater
585 2354 686 2377 meus
718 2350 844 2378 contra
871 2353 978 2386 eum,
1011 2340 1073 2386 qui
1098 2351 1138 2374 se
1161 2336 1330 2385 legationi
1359 2334 1704 2372 immoriturum

207 2387 348 2421 dixerat
384 2407 432 2414 —
480 2389 563 2423 Non
590 2389 724 2436 exigo,
766 2396 807 2424 ut
840 2386 1147 2423 immoriaris
1186 2383 1379 2431 legationi,
1436 2382 1672 2420 immolar

202 2434 237 2474 9,
263 2435 297 2476 3,
321 2435 379 2468 73.
1664 2470 1671 2474 .

156 2475 381 2520 Innnoror.
415 2501 463 2525 ne
486 2491 638 2525 terrenis
661 2490 831 2526 immorer
852 2493 889 2534 2,
914 2489 982 2533 16,
1005 2488 1040 2523 6.
1083 2485 1171 2521 mihi
1194 2486 1233 2520 in
1255 2485 1327 2521 hoc
1353 2482 1612 2519 immorandum
1639 2483 1699 2517 11'

201 2536 235 2575 2,
259 2533 293 2568 4.
324 2547 355 2569 v.
380 2536 630 2572 Immorior.

153 2575 425 2622 Immortalis.
472 2594 559 2628 deos
582 2593 678 2627 imm.
709 2587 782 2635 12,
798 2595 835 2636 2,
857 2594 892 2627 2.
933 2603 966 2630 v.
993 2589 1136 2623 Deus.
1186 2588 1284 2623 imm.
1307 2585 1444 2634 ingenii
1475 2587 1531 2628 10,
1557 2585 1699 2636 1,.109.

197 2640 345 2669 naturae
372 2638 574 2673 coelesti
600 2645 706 2683 atque
730 2637 842 2672 imm.
866 2640 916 2681 (a.
937 2641 960 2672 1.
985 2634 1144 2677 divinae)
1167 2638 1210 2670 ib.
1235 2635 1292 2670 86.
1333 2632 1569 2685 immqrtalqm
1595 2631 1699 2665 lum*

195 2680 353 2714 Sallustii
383 2684 614 2718 velocitatem
652 2687 696 2718 ib.
725 2687 804 2718 102.
860 2682 993 2718 Anima
1026 2681 1126 2715 imm.
1157 2687 1224 2715 est.
1271 2680 1362 2714 Nam
1384 2677 1556 2724 quidqtud
1580 2686 1629 2711 ex
1650 2685 1705 2725 ω,

192 2725 278 2770 ipso'
300 2733 489 2772 movetur,
527 2728 725 2766 immortale
750 2735 805 2765 est
829 2729 864 2775 5,
890 2728 947 2773 14,
970 2731 1027 2763 10.
1061 2738 1095 2763 υ.
1117 2726 1288 2762 Anima.
