1702 3054
131 211 261 246 xxlv
742 209 1054 268 prolegomena

127 319 327 371 temere
365 324 682 390 respuerim,
724 326 948 374 formam
992 324 1149 392 hujus
1190 323 1421 373 nominis
1466 314 1673 390 alioqui

124 422 243 452 non
282 391 617 466 inusitatum,
667 410 737 453 ad
772 406 924 472 cujus
958 408 1206 472 exempla
1244 423 1312 455 ex
1340 405 1686 472 Zumptiana,

127 485 365 534 editione
389 485 557 533 Curtii
579 485 626 547 3,
656 506 694 547 1,
725 502 782 550 19
810 490 965 536 Coum
985 487 1219 536 accessit.
1278 489 1368 536 De
1387 486 1510 535 Abl.
1538 486 1694 545 Chao-

125 564 172 625 ὅ,
201 585 245 627 7,
267 568 312 614 8.
352 567 459 632 jam
488 568 841 616 Schneiderus
869 570 994 619 Lat.
1028 570 1076 618 F
1079 571 1300 618 ormenl.
1335 586 1387 635 p.
1420 567 1521 630 275
1549 566 1673 627 satis

127 647 437 714 disputavit.

476 798 517 837 3.
577 794 836 838 TERTIA
874 795 1327 840 DECLINATIO.

257 891 310 939 A
342 891 618 940 Graecis
655 893 909 955 formis,
947 908 1010 942 ut
1034 898 1128 942 has
1152 908 1379 943 cunctas
1410 894 1508 942 uni
1539 911 1687 943 con—.

125 973 333 1038 spectui
356 971 724 1037 subjiciamus,
759 992 928 1039 quum
952 975 1039 1023 hie
1059 992 1283 1041 quoque
1305 975 1676 1041 incipiendum

125 1053 403 1113 videatur,
435 1054 690 1114 arbit-ror,
727 1056 979 1102 Nostrum
1004 1057 1511 1117 Nominativum
1543 1057 1675 1103 Ma-

125 1133 540 1181 sculinorum
572 1133 777 1198 ubique
806 1152 835 1182 ο
868 1148 921 1182 et
955 1154 990 1182 n
1021 1136 1207 1196 literis,
1241 1130 1359 1183 nan
1381 1153 1434 1196 o,
1464 1135 1675 1196 finiisse,

125 1214 183 1260 in
204 1231 315 1279 qua
338 1213 597 1279 opinione
620 1229 674 1262 et
693 1214 854 1280 ipsius
876 1216 1050 1266 verbis
1079 1234 1119 1276 1,
1141 1213 1187 1276 5,
1207 1214 1272 1262 60
1289 1216 1353 1282 N.
1367 1234 1465 1277 οη,
1502 1227 1557 1263 et
1579 1231 1674 1262 ex-
1692 1281 1702 1286 N

127 1298 428 1360 emplorum
462 1294 635 1359 copia<
657 1295 973 1358 confirmor,
1010 1311 1074 1345 ut
1092 1297 1389 1362 Aglaophon
1424 1313 1501 1358 12,
1528 1309 1603 1356 10,
1626 1289 1673 1342 3.

126 1376 308 1439 Agnou
334 1392 389 1436 2,
418 1393 502 1436 17,
534 1371 604 1421 15.
641 1375 889 1440 Amphion
910 1375 971 1438 5„
993 1396 1009 1424 1
1030 1393 1145 1439 ,.1o.
1179 1379 1390 1427 Ariston
1414 1394 1470 1439 2,
1498 1374 1574 1438 15,
1600 1390 1674 1439 19.

131 1458 307 1506 Callon
336 1473 408 1516 12,
436 1471 511 1516 10,
538 1474 581 1505 ’7.
614 1456 754 1504 Dion
783 1475 821 1517 1,
851 1472 925 1516 10,
948 1459 1027 1512 48.
1050 1457 1098 1519 3,
1122 1457 1169 1520 3,
1191 1460 1238 1506 8.
1273 1459 1573 1526 Euphorion
1597 1476 1673 1518 11,

127 1555 182 1598 2,
221 1543 297 1592 14.
333 1539 527 1602 IVIyron
553 1552 638 1597 12,
664 1552 749 1598 10,
775 1557 817 1600 7.
853 1539 1130 1586 Palaemon
1161 1558 1206 1602 ι,
1227 1545 1275 1599 4,
1299 1556 1380 1590 2ο.
1414 1540 1676 1596 Philemon

131 1636 208 1680 10,
237 1639 278 1680 1,
304 1636 379 1681 72.
412 1618 650 1683 Pyrrham
679 1635 751 1680 12,
776 1634 823 1678 2,
846 1618 925 1673 34.
966 1620 1197 1685 Sophron
1221 1641 1262 1683 1,
1290 1637 1365 1681 10,
1391 1639 1469 1685 17.
1512 1620 1677 1670 ΊῚιθοιι

127 1701 185 1761 3,
215 1700 271 1762 6,
305 1702 384 1755 48.
458 1703 572 1749 Nec
596 1699 896 1754 dubitarem
927 1702 1098 1751 Zenon
1127 1720 1195 1750 ex
1214 1703 1488 1770 plerisque
1510 1688 1698 1751 Codi?

128 1782 277 1830 cibus
310 1797 365 1842 2,
388 1797 478 1841 2ο,
504 1800 548 1842 7.
585 1786 641 1840 4,
666 1796 710 1840 2,
742 1799 759 1826 1
781 1799 849 1841 ¹7·
893 1798 967 1842 12,
995 1801 1038 1844 7,
1063 1799 1132 1846 9.,
1169 1784 1494 1832 assentiente
1518 1784 1675 1850 Spal-

128 1862 338 1928 dingio,
384 1861 647 1927 recipere,
691 1861 789 1908 nisi
822 1865 1034 1912 duobus
1071 1865 1250 1930 primis
1278 1862 1409 1913 locis
1439 1862 1597 1910 Amb.
1635 1879 1675 1910 1.

136 1945 270 1991 Zeno
301 1943 604 2002 exhiberet,
641 1957 808 2008 atque
841 1945 1062 1992 omnino
1089 1944 1146 1991 in
1169 1941 1469 1992 notioribus
1487 1942 1675 1992 Nomi-

126 2023 284 2071 nibus
327 2022 692 2083 Quintilianus
734 2024 1026 2090 antiquitus
1070 2023 1293 2072 usitatas
1332 2024 1530 2072 formas
1548 2060 1562 2085 ,
1610 2037 1676 2072 ut

128 2103 276 2151 R'ato
299 2103 530 2168 ubique,
566 2119 734 2169 atque
757 2107 888 2153 Milo
919 2125 934 2153 1
956 2144 968 2167 ,
992 2123 1047 2170 9,
1072 2103 1144 2166 5.,
1179 2100 1504 2168 praetulisse'
1519 2104 1677 2155 vide·-

127 2199 288 2233 retur.
352 2187 416 2232 Iu
438 2186 531 2233 Ac
546 2202 656 2233 cus
671 2186 857 2236 ativo
881 2188 1049 2256 Sing.
1075 2192 1210 2235 haec
1233 2182 1677 2248 eademlNomina

128 2263 325 2328 partim
352 2266 405 2311 in
439 2284 565 2313 ona
601 2282 828 2327 exeunt,
868 2285 928 2318 ut
950 2271 1147 2318 Ariona
1167 2285 1253 2333 ap.
1278 2265 1520 2314 Coelium
1547 2263 1604 2326 6,
1627 2264 1675 2324 5,

131 2350 175 2398 4.
214 2345 564 2407 Aristogitona
596 2364 650 2393 12
667 2385 680 2408 ,
710 2367 724 2395 1
741 2366 798 2409 0,
829 2367 905 2395 22.
922 2388 934 2411 ,
969 2350 1163 2416 partim
1186 2347 1242 2394 in
1267 2364 1435 2406 onem,
1470 2358 1537 2393 ut
1556 2345 1675 2393 Pla-

131 2431 298 2472 tonem
326 2444 338 2471 1
359 2444 374 2472 1
395 2462 407 2484 ,
433 2442 484 2485 2,
507 2443 552 2488 9.
588 2442 640 2475 et
663 2430 990 2495 Amphion-em
1019 2447 1101 2491 12,
1130 2445 1215 2497 ιο,
1238 2426 1344 2490 57.,
1375 2444 1540 2492 quam
1562 2427 1685 2475 f01··.

93 2557 99 2561 .
129 2517 270 2552 mam
308 2509 358 2552 h·
392 2509 419 2552 l·
455 2511 866 2571 praeferendam
910 2530 1016 2560 esse
1051 2513 1294 2560 Graecae
1333 2497 1678 2579 Spaldingille

130 2600 277 2633 recte
303 2590 584 2648 admonet,
618 2595 769 2653 quod
795 2609 875 2639 res
906 2607 1031 2640 acta
1065 2593 1129 2640 sit
1163 2592 1220 2639 in
1250 2593 1371 2638 foro
1402 2591 1674 2638 Romano.

130 2668 298 2714 Porro
327 2681 536 2716 servata
568 2685 644 2716 est
669 2671 870 2719 Latina
905 2674 1079 2720 forma
1111 2673 1167 2720 in
1204 2673 1510 2721 Chremetem
1537 2669 1593 2727 8,
1629 2683 1674 2727 2,

138 2765 239 2808 10.,
273 2760 327 2795 et
358 2746 414 2795 in
447 2746 532 2804 iis,
568 2765 711 2813 quae
734 2752 1123 2818 Euphranorem
1147 2769 1232 2815 12,
1263 2768 1348 2814 10,
1378 2768 1451 2800 12.
1482 2763 1537 2799 et
1557 2749 1674 2799 Ara·-
