1728 3002
669 161 793 205 nodo
821 184 878 193 -
895 124 1200 204 unianimam
1325 151 1328 154 ’
1400 218 1405 219 7
1620 160 1702 201 793

176 288 178 290 ’
219 278 258 316 9,
281 274 536 357 quagrfivitia)
562 275 805 312 robustum
828 281 864 311 et
888 276 959 320 jam
981 272 1228 309 maximum
1260 283 1383 322 regem
1413 273 1458 307 ab
1481 270 1704 307 institutione

218 323 281 358 illa
302 335 352 368 pu
393 323 431 357 ’i
454 328 536 357 suut
557 329 745 368 prosecuta
770 326 802 366 1,
828 326 862 366 1,
886 325 928 364 93
962 319 1142 356 robustior
1170 325 1267 354 aetas
1294 323 1327 363 1,
1357 322 1415 362 12,
1438 321 1471 354 1.
1501 319 1716 354 infirmi-2

220 373 288 402 tas
313 368 711 405 a-robunioribus
734 369 928 412 separanda
953 373 1007 403 est
1029 370 1066 410 2,
1090 369 1125 407 2,
1150 366 1206 400 14.
1232 365 1352 410 priora
1374 366 1436 400 illa
1462 353 1508 399 ad
1532 375 1706 410 pueros

218 414 344 462 magis,
370 416 459 450 haec
482 427 522 450 se
571 415 664 450 entia
688 416 731 448 ad
755 413 1057 449 robustiores
1082 412 1310 456 pertinebunt
1336 415 1369 456 1,
1386 414 1422 454 8,
1448 414 1505 446 12.
1526 412 1664 454 v.Pue
1675 422 1705 444 r.

218 461 289 501 111)
315 465 431 495 transl.
458 463 504 495 aa
624 463 719 495 dum.-
745 461 899 495 solida
922 466 1026 504 atque
1049 458 1146 493 rob.
1173 458 1377 503 eloquentia
1399 460 1455 501 10,
1478 460 1512 501 1,
1534 461 1569 492 2.
1595 469 1708 491 unum

218 505 348 550 (gaus
370 507 454 549 dic.)
480 507 678 549 subtile,
701 527 746 533 —
766 508 914 540 alterum
939 506 1116 552 grande
1141 510 1245 550 atque
1279 506 1403 547 rob„
1435 504 1531 548 quod
1562 499 1708 546 ἆδρόν

216 553 436 633 conztituunt
461 556 525 597 12,
557 555 623 597 10,
654 554 710 588 58.
750 552 899 587 historia
927 558 1026 588 tanto
1060 551 1333 594 robustior,
1373 556 1506 596 quanto
1537 550 1708 587 verior

216 600 265 641 2,
319 623 331 642 ‚
354 602 378 633 2
398 601 444 634 N.

170 639 312 698 1ἷθᾶθ·
358 661 579 700 praetextam
604 655 643 690 in
669 655 757 691 cista
779 667 898 690 mures
920 665 1044 690 rosere
1067 653 1206 689 Camilli
1230 666 1337 688 vers.
1361 654 1405 697 8,
1426 654 1462 696 3,
1490 652 1548 689 19.

0 747 13 773 5-
40 753 42 755 .
168 708 366 767 ssogflfio·
403 722 486 768 (fig.
499 737 556 768 ap.
579 721 677 764 Cic.)
701 723 738 767 9,
756 726 790 766 1,
809 724 877 765 293
902 722 990 766 (ius)
1010 722 1122 767 ipsius
1141 721 1352 770 rogationis,
1380 722 1477 767 quod
1493 726 1548 756 est
1569 720 1710 756 varium

38 755 60 786 2³
178 808 182 812 ,
207 766 243 804 '2
287 767 312 803 4
359 770 415 805 35.
449 770 479 804 si
504 770 727 818 magistratus
754 780 830 817 rog.
864 781 962 803 suam
989 771 1124 814 populo
1155 769 1227 813 ipsi
1249 767 1456 803 recitaverit
1490 770 1557 811 10,
1579 769 1628 811 5,
1653 769 1709 802 13.

215 815 559 860 rogationibus
582 817 800 861 plebisve
828 815 975 850 scitis
1005 821 1164 850 sanctum
1187 816 1306 859 2,-13,
1333 815 1356 850 6
1381 816 1428 849 Ν.

173 854 310 917 Rogo·
355 870 396 915 Ι)
418 875 442 905 ἰ.
464 886 496 918 q.
520 875 761 916 interrogo.
803 871 1088 917 a)simplici1er.·
1112 877 1269 920 rogat,
1301 870 1387 906 boni
1414 870 1652 906 consulas
1675 873 1710 911 1,

217 915 264 959 6,
289 919 347 952 33.
371 928 520 963 rogare,
546 919 724 959 indicare,
756 919 929 952 rationem
954 920 1106 954 reddere
1128 939 1176 945 ·—
1196 917 1298 954 varie
1319 917 1357 952 in
1380 917 1528 951 materia
1553 915 1711 960 judiciali

168 961 175 966 ”
218 969 283 996 eto.
310 963 466 997 solemus
489 966 535 1007 3,
560 966 605 1007 8,
632 965 687 998 53.
729 964 773 1006 cs.
796 966 842 1006 9,
866 967 909 1006 2,
935 968 970 998 7.
1006 967 1097 1000 male
1124 964 1224 1010 prior
1246 964 1308 997 ille
1331 969 1472 1010 rogarat
1497 965 1540 1006 5,
1562 964 1630 1005 13,
1652 961 1712 996 42.

217 1007 382 1052 Deinde,
422 1010 522 1053 cujus
555 1011 609 1044 rei
633 1009 745 1063 gratia
774 1015 981 1056 rogatum
1004 1007 1059 1044 {st
1081 1031 1128 1037 —
1150 1010 1395 1044 fatendum
1421 1009 1488 1042 erit
1516 1009 1559 1051 5,
1585 1010 1651 1051 11,
1674 1007 1711 1042 4.

216 1052 270 1098 β)
306 1067 336 1088 ο.
360 1058 544 1090 Accusat..-
584 1055 652 1099 ipsu
678 1062 819 1089 nosmet
841 1066 1006 1101 rogamus
1034 1057 1081 1095 9.
1102 1059 1149 1098 2,
1180 1058 1237 1090 11.
1264 1055 1303 1088 in
1327 1054 1558 1089 altercatione
1592 1060 1653 1088 aut
1675 1053 1712 1088 in

216 1101 388 1148 rogandis
412 1101 563 1136 testibus
584 1103 620 1145 6,
643 1103 678 1143 3,
700 1100 760 1135 46.
786 1100 832 1142 cs.
856 1104 891 1143 2,
915 1101 951 1144 4,
978 1103 1036 1136 28.
1062 1101 1096 1144 5,
1123 1104 1159 1144 7,
1184 1103 1240 1135 10.
1259 1102 1315 1136 25.
1335 1102 1393 1135 31.
1415 1101 1517 1135 testis
1544 1100 1590 1134 in
1610 1111 1713 1134 reum

217 1152 365 1194 rogatus
387 1148 432 1190 9,
456 1150 499 1191 2,
524 1150 587 1190 12;
621 1147 755 1192 primus
778 1148 972 1194 rogabatur
994 1147 1206 1182 sententiam
1228 1147 1270 1190 6,
1294 1149 1334 1189 3,
1358 1148 1416 1183 97.
1444 1146 1490 1188 cs.
1513 1148 1556 1190 3,
1579 1147 1620 1189 8,
1646 1147 1711 1189 59;

217 1198 366 1236 propter
389 1192 503 1238 ipsam
524 1204 624 1236 rem,
656 1193 709 1227 de
733 1204 802 1236 qua
827 1193 1024 1236 sententiae
1047 1198 1303 1240 rogantur,
1335 1192 1714 1227 consultabitur

215 1239 252 1280 3,
275 1239 310 1282 8,
337 1240 394 1274 18.
426 1240 535 1274 multa
556 1238 677 1286 rogari
702 1240 821 1273 solent
844 1240 896 1273 de
918 1238 992 1273 vita
1015 1239 1159 1273 testium
1182 1238 1333 1272 aliorum
1361 1246 1423 1273 etc.
1453 1239 1487 1282 5,
1510 1241 1547 1282 7,
1574 1239 1635 1273 30.
1667 1237 1713 1280 qs.

217 1284 282 1326 163
314 1285 358 1318 de
377 1285 589 1328 jnrantibus:
622 1285 723 1319 velut
746 1291 967 1319 sacramento
989 1285 1106 1332 rogati
1130 1288 1196 1327 12,
1222 1287 1263 1328 2,
1286 1285 1345 1319 26.
1392 1284 1448 1323 ΙΙ)
1471 1288 1496 1319 ἰ.
1525 1298 1558 1330 q.
1582 1291 1684 1330 peto
1700 1300 1711 1318 :

214 1330 339 1376 Rogo,
366 1331 430 1364 des
455 1330 542 1364 mihi
565 1332 746 1364 surculum
768 1331 804 1373 6,
828 1334 863 1374 3,
892 1331 948 1365 88.
976 1331 1020 1373 cs.
1045 1333 1082 1375 9,
1109 1333 1145 1376 3,
1169 1332 1226 1366 68.
1263 1336 1470 1378 rogetur
1490 1336 1527 1365 et
1548 1331 1715 1365 laude-

214 1379 288 1409 tur
309 1375 420 1420 (puer
442 1380 474 1409 in
498 1379 698 1410 imitatione
721 1379 850 1420 primae
875 1377 1019 1419 aeratis)
1044 1380 1077 1420 1,
1099 1380 1135 1418 1,
1151 1379 1212 1412 20.
1241 1377 1378 1411 faciunt
1402 1377 1568 1412 favorem
1590 1383 1627 1411 et
1650 1376 1711 1410 illa

217 1432 332 1465 paene
356 1423 558 1457 communia
580 1440 623 1447 —
648 1428 784 1466 optare,
809 1422 1006 1457 abominari
1025 1431 1088 1457 etc.
1110 1422 1148 1467 4,
1174 1427 1208 1465 1,
1231 1425 1289 1457 33.
1317 1434 1424 1468 quem
1445 1423 1577 1467 injuste
1603 1433 1712 1469 roga-

162 1509 166 1511 ,
215 1472 336 1502 turum
358 1469 394 1511 6,
423 1470 459 1511 3,
485 1470 543 1504 95.
567 1468 697 1502 Priami
719 1469 879 1515 rogantis
902 1469 1082 1505 Achillem
1104 1469 1271 1513 precibus
1289 1471 1345 1512 10,
1370 1473 1405 1510 1,
1431 1470 1487 1505 50.
1515 1469 1595 1514 quis
1618 1470 1712 1503 ferat

207 1514 465 1558 'contrapositis
490 1523 551 1548 etc.
575 1516 785 1560 rogantem?
813 1517 855 1558 9,
880 1517 921 1558 3,
946 1518 1027 1550 102.
1059 1515 1145 1560 quid
1174 1515 1470 1561 rogantibus
1508 1526 1713 1559 respon-

218 1559 327 1592 dere
351 1561 503 1593 debeant
526 1559 702 1602 (judices)
730 1561 774 1600 6,
802 1563 819 1593 1
835 1586 846 1602 ‚
871 1563 919 1594 20
948 1574 982 1594 υ.
1011 1563 1322 1606 Respondeo.
1356 1562 1457 1595 velut
1489 1566 1711 1595 sacramento

217 1603 335 1650 rogati
361 1607 420 1646 12,
446 1608 487 1647 2,
512 1605 558 1638 26
579 1606 627 1637 Ν.
652 1616 718 1648 per
739 1606 959 1649 propinquos
988 1612 1115 1652 rogata
1137 1610 1173 1648 7,
1197 1608 1232 1649 8,
1256 1610 1291 1640 2.
1317 1606 1355 1640 in
1378 1608 1538 1654 rogando
1561 1606 1652 1641 lenis
1676 1612 1713 1640 et

218 1649 405 1683 summissa
428 1649 526 1692 (vox)
552 1652 609 1693 11,
633 1652 676 1692 3,
702 1651 759 1685 63.
787 1651 938 1697 rogandi
961 1647 1128 1693 εἰρωνεία
1154 1653 1198 1695 6,
1221 1654 1265 1695 2,
1294 1653 1339 1687 15
1362 1654 1409 1686 Ν.
1457 1652 1535 1696 ΙΙΙ)
1560 1655 1604 1686 de
1627 1655 1712 1695 tegi-

158 1696 167 1701 “
219 1697 280 1729 bus
298 1694 467 1735 serendis:
492 1697 616 1742 leges,
642 1707 734 1740 quae
762 1707 835 1730 non
860 1697 898 1730 in
927 1703 1137 1741 perpetuum
1158 1703 1332 1745 rogentur
1353 1700 1396 1742 2,
1419 1697 1457 1742 4,
1481 1698 1541 1734 40.
1566 1699 1612 1734 de
1634 1699 1714 1743 jure

218 1740 370 1774 dubitari
392 1746 509 1785 potest
533 1741 621 1784 ejus,
652 1742 711 1786 qui
734 1748 836 1789 rogat
858 1746 902 1776 ib.
927 1745 984 1778 35.

170 1782 408 1840 Rosa-atus·
456 1799 621 1832 columna
645 1804 798 1832 rostrata
820 1803 859 1843 1,
877 1802 915 1843 7,
937 1803 994 1834 12.

170 1852 387 1894 Rostrum·
423 1876 515 1898 eum
538 1883 583 1890 —
608 1865 725 1902 aviam
748 1877 815 1911 pro
841 1867 968 1902 rostris
992 1868 1193 1903 laudaverit
1215 1871 1280 1913 12,
1306 1870 1342 1912 6,
1367 1872 1401 1904 1.

170 1920 298 1962 Rota·
343 1933 500 1977 ferrum,
523 1944 596 1978 quo
618 1940 720 1970 rotae
741 1934 950 1970 vinciuntur
972 1938 1015 1979 1,
1041 1936 1082 1979 5,
1109 1939 1167 1971 12.

171 1987 299 2030 Roto.
342 2001 521 2044 jactare
550 2001 590 2035 id
613 2001 753 2046 (caput)
774 2009 812 2038 et
840 2014 961 2038 comas
984 2005 1227 2040 excutientem
1249 2015 1300 2039 ro
1312 2011 1413 2039 tare
1438 2007 1501 2045 11,
1531 2006 1579 2048 3,
1603 2007 1662 2039 71.

170 2054 407 2098 Rotundus.
454 2067 499 2111 Ι)
528 2073 650 2115 togam
675 2071 744 2104 rot.
771 2082 849 2106 esse
874 2075 930 2113 11,
951 2075 987 2115 3,
1012 2074 1081 2109 139
1105 2074 1154 2107 Ν.
1201 2074 1258 2115 ΙΙ)
1284 2077 1424 2107 transl„-
1457 2072 1641 2107 celeris
1668 2082 1709 2107 ac

216 2118 310 2165 r·ot.
335 2113 536 2166 distributio
558 2116 603 2157 3,
631 2113 678 2158 4,
703 2117 758 2152 16.
780 2119 861 2151 cuni
882 2117 944 2152 illa
966 2124 1054 2153 rot.
1079 2124 1117 2154 et
1138 2119 1298 2164 undique
1325 2118 1624 2154 circumcisa
1651 2119 1709 2153 iu-

217 2164 344 2194 sistere
366 2171 522 2194 invicem
547 2168 726 2205 nequeant
753 2164 788 2206 8,
813 2165 848 2206 5,
871 2166 931 2198 27.

171 2203 338 2245 Rubeo·
386 2216 417 2250 si
438 2222 550 2250 vento
574 2218 678 2252 rubet
702 2219 818 2263 Luna,
842 2219 982 2267 signum
1005 2223 1107 2256 venti
1131 2227 1186 2255 est
1207 2222 1319 2265 rubor
1341 2223 1376 2264 5,
1399 2222 1435 2263 9,
1462 2222 1520 2255 16.
1564 2221 1651 2256 Sole
1675 2228 1710 2256 et

217 2271 345 2295 aurora
367 2262 495 2296 rubent
517 2263 667 2306 plurima
688 2268 830 2299 Maec.
853 2267 898 2309 9,
922 2265 967 2310 4,
992 2268 1051 2302 28.

169 2305 356 2362 Rubigo·
411 2330 505 2352 arma
532 2321 697 2364 squalere
724 2321 823 2356 situ
851 2334 894 2358 ac
919 2323 1145 2371 rubigine
1172 2323 1224 2365 (a.
1248 2329 1270 2358 1.
1295 2325 1392 2368 rob.)
1418 2326 1474 2367 10,
1502 2327 1535 2368 1,
1559 2326 1618 2360 30·

169 2360 334 2404 Rubor.
367 2387 400 2408 v.
426 2376 520 2409 Rub
532 2386 596 2410 eo.

101 2420 103 2424 ’
169 2415 374 2460 Rubrica·
423 2443 462 2466 se
485 2433 530 2466 ad
551 2433 710 2467 album
733 2445 776 2468 ac
797 2437 1021 2471 rubricas
1045 2438 1299 2472 transtulerunt
1327 2441 1382 2482 12,
1411 2441 1445 2481 3,
1470 2440 1511 2472 11
1540 2439 1590 2472 N·

171 2473 336 2518 Rubus.
381 2489 492 2522 rubos
516 2489 613 2523 arvis
636 2490 839 2526 excidimus
859 2492 900 2536 9,
929 2493 973 2537 4,
998 2495 1030 2530 5.
1064 2495 1103 2528 in
1135 2500 1230 2529 terra
1252 2495 1484 2531 sentibus
1508 2507 1551 2531 ac
1572 2497 1704 2531 rubis

218 2539 392 2577 occupata
417 2536 473 2578 12,
498 2537 532 2578 1,
554 2535 590 2568 7.
1424 2555 1431 2562 ·

170 2575 427 2621 Ructuosus.
474 2597 663 2626 ructuosos
691 2592 836 2636 spiritus
862 2598 916 2630 Co
927 2600 975 2629 el.
1002 2595 1044 2638 4,
1070 2599 1113 2640 2,
1141 2599 1222 2633 123.

142 2668 146 2684 ,
169 2632 359 2677 findens·
410 2648 639 2692 disponemus
661 2651 832 2685 rudentes
856 2654 912 2695 10,
939 2656 974 2697 7,
1003 2655 1060 2688 23.

171 2687 487 2786 leldigmegmm·
532 2707 645 2751 prima
671 2708 867 2744 rhetorices
893 2711 970 2746 rud.
996 2716 1184 2747 tractamus
1207 2717 1252 2757 2,
1283 2712 1328 2756 5,
1351 2717 1385 2748 1.
1420 2713 1515 2747 inter
1537 2711 1651 2756 prima
1673 2723 1702 2746 r·

243 2774 252 2789 ,
307 2774 315 2790 ,
391 2773 401 2783 .
