1728 3002
94 202 177 241 342
808 197 933 240 Finio

140 315 199 351 43.
228 314 258 350 si
286 314 370 360 quid
392 315 630 360 periculosius
647 313 796 348 finxisse
821 311 1025 348 videbimur
1046 313 1083 357 8,
1107 315 1141 355 3,
1164 315 1208 350 37
1236 313 1284 350 Ν.
1308 314 1429 350 omnia
1450 315 1633 351 venustis-
1670 308 1674 313 ’

141 362 230 397 sime
255 361 360 396 finxit
386 361 437 406 (ἰ.
467 375 496 396 e.
523 358 754 405 exposuit)
781 360 818 403 6,
847 361 881 402 3,
905 358 952 394 40
976 360 1023 394 N.
1056 358 1095 404 y)
1122 373 1151 394 0.
1194 360 1272 404 obj.
1306 367 1418 394 certo:
1452 361 1634 415 finguntur

143 402 292 443 affectus
320 411 376 453 11,
406 411 441 452 1,
470 408 528 443 55.
559 412 817 454 argumentum,
839 406 937 451 quod
961 406 1104 449 falsum,
1130 406 1193 440 sed
1220 416 1312 442 vero
1336 406 1463 452 simile,
1485 417 1632 442 comoe-

141 454 220 489 diae
244 455 381 501 fingunt
404 457 438 495 2,
462 452 498 498 4,
522 457 556 489 2.
580 459 620 487 ut
657 452 929 487 controversiae
958 450 1146 496 permixtis
1181 452 1314 487 salibus
1347 453 1565 507 fingerentur
1597 454 1631 497 6,

140 503 177 544 3,
206 502 262 536 15.
289 500 332 542 cs.
363 504 396 543 2,
424 502 481 544 10,
503 501 538 535 9.
568 505 604 533 et
629 509 782 543 corpora
806 504 841 532 et
869 498 983 534 verba
1006 498 1170 545 fingimus
1201 499 1237 542 9,
1261 501 1298 542 2,
1322 500 1380 534 31.
1402 500 1581 546 1magin
1594 511 1632 533 a-

141 552 219 581 tur
247 558 288 581 ac
315 546 470 594 fingit
496 545 747 591 (eloquentem)
774 547 831 587 12,
857 547 890 587 1,
914 547 971 578 21.
997 556 1089 589 quae
1115 543 1316 589 (exempla)
1347 540 1437 579 sunt‘
1455 557 1476 579 a
1503 546 1635 580 clario-

132 593 241 627 *ribus
266 593 384 637 poetis
411 593 493 626 ficta
522 595 578 635 12,
604 591 639 635 4,
667 595 700 625 1.
725 593 861 625 formas
884 591 1049 637 fingimus
1073 593 1108 634 9,
1134 593 1170 634 2,
1195 592 1252 626 36.
1277 602 1359 625 cum
1386 590 1539 636 primum
1561 590 1634 626 fin-

141 645 312 686 gerentur
339 638 502 673 homines
532 641 565 681 1,
590 639 625 681 6,
652 639 707 673 16.
736 649 825 682 opus
854 643 908 672 est
935 637 1025 672 locis
1051 638 1098 682 (in
1122 644 1195 670 arte
1218 638 1431 682 memoriae),
1459 644 1550 682 quae
1574 639 1636 672 vel

141 686 402 732 finguntur
426 686 489 721 vel
514 690 777 718 sumuntur:
813 683 1025 732 imaginibus
1056 689 1091 718 et
1127 682 1342 727 simulacris,
1386 695 1478 728 quae
1512 683 1637 728 utique

96 747 100 753 ·
140 733 306 779 fingenda
332 737 415 765 sunt
445 734 502 774 11,
525 734 561 775 2,
584 733 642 765 21.
667 731 859 773 materiae,
893 741 985 775 quae
1009 730 1188 777 fingentur
1222 732 1257 772 2,
1293 732 1350 773 10,
1386 729 1423 764 4.
1459 729 1506 772 cf.
1542 733 1577 772 3,
1600 731 1636 772 8,

143 779 201 814 55.
229 778 263 821 5,
291 780 346 821 13,
370 779 428 813 36.
458 783 678 821 monstrum,
714 778 820 821 quale
843 777 1015 811 Horatius
1042 795 1090 802 ——-
1111 775 1214 822 fingit
1238 777 1273 819 8,
1299 778 1334 819 3,
1369 777 1428 811 60.
1455 775 1637 810 difficilius

143 830 198 858 est
225 830 388 858 naturam
414 836 515 858 suam
541 824 678 870 fingere
707 826 763 867 10,
800 826 835 865 2,
868 826 927 857 20.
962 822 1110 857 nomina
1141 822 1278 868 fingere
1314 826 1347 865 1,
1381 824 1416 866 5,
1453 824 1511 857 32.
1538 824 1572 865 9,
1602 824 1635 865 1,

141 874 198 905 22.
230 871 265 913 9,
287 873 322 904 3.
350 869 405 905 54.
432 880 530 904 nova
552 881 628 904 non
651 869 728 903 sine
757 870 912 914 quodam
935 869 1095 914 periculo
1111 868 1276 915 fingimus
1294 871 1327 910 1,
1353 870 1387 912 5,
1409 871 1468 903 71.
1494 867 1525 902 si
1546 879 1636 912 pau-

140 918 216 950 lum
243 916 401 951 adhibita
425 916 565 950 ratione
590 917 809 962 fingerentur
836 916 926 958 (res)
953 916 988 958 6,
1017 918 1052 958 3,
1078 916 1132 950 16.
1154 925 1273 950 sermo
1297 914 1384 961 fingi
1406 925 1482 948 non
1502 919 1634 959 potest,

141 969 182 996 ut
206 974 280 997 non
306 974 485 1007 personae
502 974 620 997 sermo
638 963 791 1009 fingatur
806 963 841 1005 9,
858 965 893 1005 2,
909 964 966 997 32.
981 962 1081 1006 ipsae
1101 972 1304 996 sermonem
1325 960 1467 995 Gratiae
1489 960 1638 994 finxisse

140 1009 332 1045 videantur
357 1012 414 1053 10,
441 1012 475 1052 1,
498 1011 555 1044 82.
582 1009 613 1043 si
638 1015 764 1043 contra
791 1008 851 1051 id,
886 1009 983 1053 quod
1011 1007 1183 1051 dicimus,
1212 1008 1395 1054 finguntur·
1418 1004 1637 1051 (supercilia)

143 1059 201 1099 11,
231 1058 265 1098 3,
290 1057 347 1090 79.
371 1057 554 1103 finguntur
578 1062 614 1089 et
640 1061 854 1089 testamenta
878 1058 913 1098 7,
937 1053 972 1098 4,
1002 1055 1059 1090 39.
1085 1054 1221 1101 fingere
1253 1054 1369 1088 verba
1401 1056 1433 1096 1,
1458 1053 1495 1096 6,
1521 1049 1578 1087 28.
1601 1053 1637 1095 8,

141 1104 178 1144 3,
207 1103 263 1136 30.
295 1104 352 1136 35.
379 1099 416 1144 δ)
445 1102 515 1146 adj.
545 1104 650 1136 Dar„-
687 1113 761 1135 neu
785 1101 852 1134 sibi
887 1102 1034 1135 stultum
1065 1099 1311 1135 adversarium
1349 1100 1484 1146 fingant
1511 1097 1547 1142 5,
1579 1100 1638 1142 13,

142 1146 312 1191 42.chjus
324 1150 488 1192 exempla
508 1147 576 1181 sibi
596 1147 746 1193 quisque
757 1148 892 1194 fingere
902 1153 1021 1192 potest
1046 1149 1080 1189 1,
1103 1147 1136 1190 5,
1166 1149 1222 1181 10.
1239 1145 1286 1188 cf.
1310 1148 1368 1190 11,
1387 1148 1422 1189 2,
1435 1147 1492 1180 21.
1509 1155 1640 1188 easque

143 1194 218 1238 (res
241 1197 275 1226 in
298 1194 441 1236 scholis)
475 1206 583 1228 veras
617 1194 685 1228 sibi
716 1195 852 1240 fingere
875 1195 911 1236 6,
938 1197 973 1237 2,
999 1194 1045 1228 36
1060 1193 1108 1227 N.
1134 1192 1351 1237 quisibires,
1376 1201 1513 1234 voces,
1540 1196 1640 1224 actus

142 1240 341 1274 secundum
367 1251 495 1274 verum
520 1240 652 1283 optime
675 1240 785 1286 finget
809 1243 851 1274 ib.
882 1242 940 1274 30.
971 1238 1035 1273 ubi
1066 1239 1171 1273 nobis
1202 1238 1272 1283 ipsi
1302 1237 1468 1285 fingimus
1497 1242 1642 1271 contra-

144 1285 340 1319 dictionem
363 1288 400 1328 7,
424 1287 458 1327 3,
487 1288 543 1319 20.
570 1286 749 1320 nobismet
761 1286 828 1329 ipsi
838 1297 1052 1330 responsum
1062 1285 1210 1320 finxisse
1229 1287 1286 1328 12,
1313 1287 1347 1327 1,
1373 1286 1427 1318 10.
1454 1282 1641 1318 concitan-

144 1332 198 1365 dis
223 1331 530 1375 componendisve
556 1332 738 1365 affectibus
765 1332 903 1365 animos
930 1333 1067 1378 fingere
1091 1334 1125 1372 3,
1149 1330 1184 1374 4,
1211 1333 1267 1366 15.
1302 1329 1333 1373 ε)
1363 1343 1431 1374 seq.
1458 1332 1585 1363 Aecus.
1610 1341 1640 1361 c.

143 1377 234 1419 Ins.:
267 1379 362 1423 finge
387 1379 505 1411 solum
522 1383 653 1411 matum
680 1378 830 1410 nothum
854 1380 888 1420 3,
918 1379 953 1420 6,
988 1380 1066 1411 100.
1091 1378 1285 1423 finge·nos
1317 1376 1499 1410 remittere
1537 1378 1573 1418 7,
1607 1376 1642 1415 1,

142 1426 201 1461 20.
227 1423 409 1470 fingatque
433 1435 490 1468 ap.
515 1434 555 1456 se
578 1423 656 1469 regi
680 1434 822 1456 causam
854 1426 911 1465 12,
936 1424 972 1465 8,
1004 1423 1061 1457 15.
1092 1423 1268 1469 fingamus
1292 1421 1542 1456 Alexandrum
1567 1419 1645 1454 dari

142 1469 248 1504 nobis
274 1473 308 1512 1,
334 1473 367 1512 1,
392 1469 448 1504 24.
472 1469 588 1503 aliena
616 1481 655 1503 se
681 1481 806 1513 parum
829 1468 1030 1514 intelligere
1053 1468 1221 1515 fingentis
1253 1469 1288 1510 6,
1320 1470 1355 1510 3,
1385 1469 1442 1503 85.
1474 1466 1521 1508 cf.
1543 1465 1579 1508 4,
1609 1468 1643 1508 1,

143 1514 202 1551 46.
228 1516 264 1559 6,
291 1518 325 1557 1,
355 1515 411 1551 25.
447 1519 484 1558 7,
509 1518 543 1558 1,
567 1516 626 1550 60.
655 1516 690 1558 9,
716 1518 751 1558 2,
776 1517 832 1548 20.
859 1516 918 1549 26.
943 1517 1011 1556 303
1041 1526 1104 1548 om.
1130 1514 1243 1556 Subi..-
1274 1514 1448 1559 fingamus
1474 1512 1513 1545 in
1537 1522 1643 1554 prae-

145 1562 262 1596 sentia
278 1561 371 1596 scire
395 1565 429 1604 5,
454 1565 489 1605 7,
516 1564 576 1604 15;
605 1574 662 1605 ap.
689 1565 785 1594 Pass.
815 1561 987 1595 Nominat.
1014 1573 1043 1593 c.
1068 1558 1159 1600 Injl:
1196 1557 1259 1604 qui
1285 1569 1370 1592 suos
1394 1564 1490 1592 artus
1521 1568 1644 1590 morsu

140 1610 354 1651 iacerasset,
393 1608 539 1654 fingitur
561 1608 599 1641 in
622 1607 755 1642 scholis
781 1618 889 1651 supra
920 1618 960 1641 se
984 1606 1134 1640 cubasse
1157 1607 1194 1649 8,
1221 1608 1256 1649 2,
1281 1608 1337 1639 20.
1366 1604 1428 1651 qui
1450 1604 1644 1650 naufragus

144 1655 302 1702 fingitur.
315 1665 355 1689 se
378 1654 608 1699 suspendisse
634 1655 669 1696 8,
695 1654 728 1696 5,
755 1656 812 1688 22.

236 1721 269 1766 ζ)
302 1725 450 1757 Ger-und.
478 1729 510 1756 et
534 1725 662 1756 Pariic.
692 1724 811 1756 Pass..·
845 1719 1086 1764 eloquentiam
1115 1719 1192 1763 ejus
1223 1729 1290 1752 nos
1326 1717 1453 1752 timere
1475 1716 1646 1764 fingendo

82 1794 83 1797 η
145 1767 181 1811 4,
207 1771 242 1812 1,
267 1772 331 1812 11;
363 1775 423 1803 aut
453 1769 652 1812 usitata,
677 1773 737 1801 aut
763 1767 882 1801 ficta
910 1770 943 1809 1,
973 1766 1006 1808 5,
1031 1768 1066 1800 3.
1091 1764 1218 1799 fictum
1239 1764 1401 1808 ipsorum
1424 1763 1537 1811 gratia
1559 1773 1647 1799 ver-

146 1815 277 1848 borum
298 1818 354 1857 12,
384 1818 441 1859 10,
465 1814 522 1849 40.
551 1816 663 1849 multa
689 1815 733 1847 ab
759 1812 913 1857 antiquis
937 1813 1019 1846 ficta
1045 1813 1080 1855 8,
1106 1812 1141 1854 6,
1167 1814 1223 1846 32.
1247 1811 1371 1845 ficta
1394 1816 1500 1855 atque
1529 1819 1647 1843 com-

147 1863 306 1904 posita
335 1863 370 1904 8,
394 1863 454 1895 Pr.
478 1864 537 1896 23.
565 1861 626 1895 alii
649 1860 760 1895 veri
782 1860 955 1900 affectus,
983 1857 1044 1892 alii
1065 1857 1181 1892 ficti
1205 1863 1241 1892 et
1262 1856 1439 1891 imitati
1463 1858 1519 1897 11,
1545 1857 1581 1898 3,
1610 1854 1645 1889 6.

147 1918 270 1942 vero
294 1907 495 1952 fictoque
522 1906 716 1941 certamine
743 1910 780 1950 2,
802 1904 839 1948 4,
864 1906 924 1940 36.
950 1915 1101 1940 verae
1126 1903 1350 1948 fictaeque
1377 1900 1648 1937 coutroversiae

147 1955 183 1996 2,
210 1956 244 1996 1,
268 1955 303 1989 9.
331 1953 376 1995 cf.
402 1954 438 1996 6,
462 1953 498 1997 4,
521 1956 579 1987 21.
605 1957 640 1996 7,
663 1955 698 1993 3,
718 1954 775 1987 30.
801 1952 939 1986 fictis
961 1950 1166 1995 (conviciis)
1200 1963 1277 1994 opp.
1302 1948 1444 1988 veris
1470 1950 1528 1990 12,
1551 1947 1586 1989 9,
1612 1948 1650 1980 3·

147 1998 211 2033 illa
235 1998 377 2043 (dicta)
412 2001 456 2034 ab
494 2006 640 2034 oratore
666 2009 741 2032 non
773 1998 918 2042 ficta,
955 1998 1019 2032 sed
1053 1995 1233 2041 passim
1263 1996 1445 2040 jactata
1474 1994 1511 2037 6,
1545 1995 1580 2035 3,
1611 1990 1648 2026 4.

150 2048 316 2090 exempla
341 2052 614 2090 praeceptorum
637 2047 720 2079 loco
748 2043 834 2079 ficta
860 2047 917 2087 12,
949 2042 986 2087 4,
1018 2045 1052 2077 2.
1091 2042 1207 2077 omnis
1238 2041 1389 2076 imitatio
1425 2041 1506 2074 ficta
1540 2037 1598 2082 (α.
1623 2041 1648 2070 1.

150 2092 273 2136 facta)
300 2098 354 2126 est
378 2095 434 2134 10,
456 2096 491 2135 2,
517 2096 573 2126 11.
610 2092 692 2125 ficta
730 2089 1013 2137 interrogatione
1050 2090 1085 2132 9,
1118 2092 1152 2131 2,
1191 2090 1248 2122 15.
1286 2099 1362 2122 non
1392 2083 1569 2121 inerudite
1603 2083 1648 2134 affl

151 2138 423 2172 declamandum
447 2139 529 2172 ficta
552 2138 701 2172 materia
725 2141 758 2180 1,
788 2140 843 2179 10,
870 2139 926 2171 33.
952 2136 1054 2169 fictas
1077 2135 1122 2168 ad
1153 2133 1390 2168 imitationem
1419 2130 1492 2166 fori
1529 2138 1649 2164 consi-

149 2183 353 2229 lior-umque
374 2185 541 2219 materias
564 2188 599 2226 2,
624 2183 659 2226 4,
685 2182 742 2217 41.
770 2184 852 2217 ficta
878 2182 1036 2216 narratio
1059 2179 1094 2224 4,
1125 2183 1158 2224 1,
1192 2181 1235 2215 19
1273 2181 1322 2214 Ν.
1356 2177 1471 2214 oratio
1501 2175 1583 2207 ficta
1611 2171 1648 2216 4,

153 2232 186 2269 1.
210 2232 268 2265 28.
296 2234 353 2273 12,
379 2233 436 2275 10,
460 2233 518 2265 23.
544 2231 625 2264 ficta
650 2240 887 2274 personarum
913 2228 1077 2262 oratione
1105 2229 1140 2269 3,
1164 2227 1200 2270 8,
1228 2224 1284 2263 54.
1317 2226 1352 2268 6,
1384 2227 1418 2266 1,
1449 2220 1509 2255 25·
1543 2220 1578 2261 9,
1612 2222 1648 2262 2,

153 2277 213 2310 37.
239 2276 278 2309 in
303 2278 435 2320 rebus,
472 2289 560 2321 quas
586 2276 741 2310 fictas
778 2287 857 2309 esse
893 2274 1026 2308 scimus
1050 2278 1086 2308 et
1117 2273 1284 2306 inanes
1319 2274 1376 2313 11,
1402 2270 1438 2311 3,
1474 2267 1507 2301 5.
1541 2264 1587 2307 cs.
1613 2267 1648 2308 2,

156 2323 213 2363 11,
237 2324 271 2356 3.
300 2323 451 2357 totidem
475 2322 614 2367 species
639 2333 719 2356 esse
751 2326 902 2365 possunt
934 2320 1108 2361 fictae,
1139 2323 1225 2362 quot
1258 2325 1402 2352 verae
1436 2313 1558 2356 5,·10,
1588 2312 1646 2346 95.

155 2368 269 2401 verba
293 2369 506 2413 propria,
538 2369 676 2411 ficta,
706 2369 948 2401 translata
970 2367 1006 2408 8,
1034 2368 1071 2408 3,
1106 2363 1165 2400 24.
1194 2368 1386 2405 vetera,
1421 2364 1481 2394 aut
1503 2364 1651 2392 trans-

156 2412 273 2456 lata,
305 2420 365 2447 aut
387 2415 510 2449 ficta
535 2415 650 2450 verba
679 2415 735 2456 11,
761 2415 795 2456 1,
822 2414 856 2448 6.
881 2411 1025 2446 fictis
1053 2415 1114 2444 aut
1144 2407 1384 2454 repetitis
1421 2407 1487 2458 ex}¹
1513 2409 1652 2457 γεω-

157 2463 287 2539 ΞῐᾶΘῒθ
320 2460 444 2495 verbis
474 2464 518 2495 ib.
548 2459 608 2497 49.
632 2458 746 2495 ficti
776 2458 903 2494 notis
933 2457 994 2502 (a.
1027 2460 1050 2491 l.
1085 2454 1217 2500 novis)
1255 2453 1421 2491 versibus
1453 2451 1586 2486 similes
1618 2449 1655 2492 6,

184 2528 195 2545 ,
246 2507 279 2538 7.

114 2557 251 2600 Flnio·
293 2569 327 2614 l)
366 2574 390 2604 i·
420 2585 452 2617 q·
483 2572 621 2614 finem
651 2576 852 2617 impono.-
892 2576 934 2605 ut
956 2570 1069 2605 semel
1091 2568 1211 2603 finiam
1240 2571 1280 2609 1,
1305 2569 1367 2609 12,
1391 2566 1428 2601 6.
1462 2565 1505 2608 8,
1528 2564 1568 2603 3,
1596 2560 1653 2596 55.

160 2615 317 2660 denique
339 2622 381 2649 ut
403 2619 516 2652 semel
537 2621 565 2652 f.
583 2621 618 2661 9,
642 2619 688 2663 4,
715 2621 794 2654 138.
816 2624 875 2661 ut,
901 2618 999 2662 quod
1023 2615 1154 2658 sentio,
1184 2614 1295 2649 semel
1317 2611 1439 2645 finiam
1458 2611 1500 2651 5,
1530 2609 1594 2659 13,
1617 2608 1652 2640 3.

161 2662 310 2696 interest
334 2674 538 2698 sermonem
559 2665 686 2699 finiant
709 2676 755 2699 an
779 2675 925 2699 sensum
948 2660 1196 2706 (distinctiones)
1221 2661 1278 2701 11,
1303 2660 1339 2699 3,
1363 2659 1420 2690 37.
1443 2659 1484 2706 ut
1507 2663 1657 2706 quisque

160 2708 302 2742 finietur
324 2709 427 2742 locus
452 2712 509 2751 11,
534 2712 567 2752 2,
594 2713 649 2744 27.
675 2722 757 2744 cum
780 2710 882 2744 finita
901 2716 954 2743 est
978 2708 1122 2751 (oratio)
1148 2708 1204 2748 12,
1225 2705 1261 2746 9,
1284 2701 1330 2744 43
1363 2711 1444 2734 cum
1467 2704 1659 2732 initium

164 2766 185 2788 a
214 2761 422 2799 tempestate
459 2762 746 2797 sumserunt,
786 2755 955 2790 incendio
986 2758 1047 2786 aut
1076 2751 1180 2786 ruina
1211 2747 1379 2787 finiunt
1407 2747 1443 2789 8,
1457 2746 1503 2798 ’6,
1527 2746 1583 2780 50.
1619 2749 1659 2796 ut

164 2802 316 2835 verbum
340 2806 443 2835 aucto
469 2811 560 2835 sono
585 2801 707 2834 finiant
735 2805 768 2844 1,
795 2802 829 2844 5,
855 2803 910 2837 23,
944 2798 1135 2840 Latinum,
1165 2795 1260 2839 quod
1288 2807 1306 2827 ο
1335 2798 1368 2826 et
1397 2806 1415 2826 n
1441 2793 1553 2826 literis
1579 2790 1662 2825 finl-
