1728 3002
122 256 208 298 112
657 248 864 313 Capitalis
897 271 954 284 υ-
983 245 1122 308 Caput

167 367 208 404 tn
225 377 256 404 r.
274 364 331 412 n.)
354 368 412 412 12,
428 369 485 410 11,
502 365 558 403 25.
584 363 630 409 cf.
654 364 888 408 Dechvn,
904 364 940 401 9.
957 374 994 410 p.
1005 363 1086 402 339.
1111 363 1261 400 Scilicet
1273 361 1371 410 capit
1383 368 1506 402 rernm
1522 369 1664 410 natura,

168 420 210 450 ut
230 415 369 448 futurus
391 413 566 458 parricida
589 423 663 447 non
690 410 915 456 praerniserit
942 415 1059 447 notas.
1105 410 1145 457 γ)
1168 413 1192 446 ι’.
1221 424 1254 457 q.
1286 411 1511 457 devitu-ic.
1541 413 1665 464 detqu-

1720 395 1728 446 l

169 468 258 496 cio.-
295 471 368 494 non
400 471 459 494 me
496 459 590 503 capit
623 469 740 503 paeon
764 458 805 500 9,
828 456 864 500 4,
891 458 959 492 110
986 458 1034 492 Ν.
1076 458 1249 502 quosdam
1278 448 1410 492 elatior
1438 456 1580 511 ingenii
1606 468 1667 493 vm
1706 447 1728 454 ’ἵ

169 503 266 550 capit
296 508 362 549 10,
388 508 428 548 1,
451 504 509 539 44.
557 504 635 549 ipsa
669 503 907 538 delectatione
936 502 1126 548 capiuntur
1147 504 1194 547 8,
1221 504 1266 546 3,
1290 503 1325 539 5.
1363 503 1470 547 hujus
1492 502 1666 539 lamiae

169 552 327 587 flosculis
355 551 447 596 capti
467 552 502 594 2,
528 551 562 593 5,
586 554 642 585 22.
678 562 758 583 cum
781 550 892 593 judex
916 555 1041 594 captus
1065 555 1120 584 est
1145 548 1311 584 oratione
1334 549 1372 594 9,
1395 547 1432 594 4,
1455 549 1536 585 129.
1569 548 1668 595 capti

167 600 351 643 voluptate
377 600 411 641 5,
439 600 494 641 11,
520 599 582 640 19,
625 598 724 632 velut
749 602 870 630 mente
894 601 1023 641 captos·
1042 597 1078 639 8,
1098 597 1134 640 3,
1156 594 1194 632 4.

127 653 345 711 Capitalis.
401 676 424 710 p
431 665 483 698 ub
493 664 526 698 li
535 676 554 698 c
563 676 583 698 a
594 674 614 699 e
651 675 670 698 c
679 675 698 697 a
708 662 750 709 pi
760 669 774 698 t
781 675 803 698 a
812 664 826 697 1
834 675 855 699 e
864 675 881 697 s
889 674 959 709 que
995 674 1125 698 causae
1159 664 1196 707 8,
1223 663 1260 707 3,
1287 661 1346 698 14.
1388 661 1524 708 judicia
1557 636 1665 708 cupit.

171 712 207 802 ἓ,
231 715 276 793 (1531
297 711 353 792 33.
387 711 497 756 judex
519 710 573 745 rei
597 710 701 756 capit.
730 713 765 754 7,
791 711 828 755 3,
857 711 926 754 33,
972 709 1125 756 capitale
1161 714 1218 746 eat
1247 708 1407 755 objicere
1435 714 1600 745 anteacta
1620 708 1664 755 9,

127 812 338 870 captatio·
384 821 558 870 geminata
583 822 736 868 captatio
761 821 821 868 (in
848 821 1056 867 batuemto)
1073 822 1107 866 5,
1139 824 1196 867 13,
1221 820 1268 858 54
1290 818 1362 868 N.,·
1402 832 1537 860 vocum
1565 808 1673 857 sim&

170 872 258 906 lium
280 870 407 915 puerili
431 876 519 913 capt.
545 871 580 912 8,
608 872 642 912 3,
671 871 726 905 57.
763 869 913 918 gratiam
933 869 989 905 rei
1012 869 1122 905 nimiu
1145 868 1349 916 captatione
1378 868 1438 916 (a.
1463 873 1486 904 1.
1512 872 1667 914 coaptat.

172 930 204 952 a.
232 917 410 961 cooptat.)
446 916 706 961 consumsimus
732 917 768 961 8,
793 917 828 960 6,
854 917 911 952 51.
958 926 974 943 ⁰

127 972 346 1029 captivus·
406 983 591 1028 captivos,
639 983 669 1018 si
702 982 741 1018 in
782 983 932 1030 patriam
971 993 1071 1019 suam
1105 982 1304 1028 redierint,
1348 977 1486 1019 liberos
1519 991 1600 1033 esse
1632 980 1670 1026 5,

173 1035 229 1074 10,
260 1032 337 1064 115.
1494 1062 1502 1069 Ι
1656 1039 1657 1043 ,

128 1076 280 1132 Capto·
323 1097 391 1121 nec
414 1085 476 1120 diu
500 1086 702 1132 captavit
735 1087 811 1132 ejus
835 1087 889 1122 rei
912 1092 1073 1132 tempus,
1113 1088 1177 1124 sed
1203 1086 1397 1134 occasione
1422 1085 1670 1130 corruptus

174 1140 229 1169 est
250 1132 285 1176 4,
310 1136 343 1175 2,
369 1135 436 1175 70,
486 1134 643 1168 brevitas
677 1135 852 1178 captanda
893 1144 969 1167 non
1003 1140 1057 1168 est
1088 1136 1143 1177 10,
1171 1138 1204 1177 1,
1229 1136 1286 1169 32.
1328 1132 1460 1168 actoris
1485 1137 1670 1176 captamus

174 1179 384 1227 elegantiam
417 1182 472 1222 11,
498 1182 530 1223 3,
556 1179 634 1214 184.
675 1180 960 1225 propositionum
993 1190 1034 1213 ac
1060 1180 1294 1224 partitionum
1320 1179 1479 1225 captabit
1507 1179 1671 1222 leporem

176 1229 238 1269 11,
274 1228 314 1268 1,
347 1226 402 1260 53.
442 1225 502 1259 illa
535 1227 706 1269 obscura,
749 1238 839 1272 quae
874 1225 1031 1260 Atellani
1060 1237 1082 1260 e
1116 1236 1219 1261 more
1259 1231 1404 1270 captant
1432 1226 1468 1268 6,
1491 1225 1528 1267 3,
1554 1222 1602 1258 47
1623 1226 1668 1257 Ζ.

175 1278 318 1316 captare
350 1271 460 1305 rismn
490 1272 531 1314 6,
555 1274 598 1315 3,
623 1274 678 1308 26.
710 1273 753 1315 8,
791 1275 837 1316 3,
861 1271 919 1307 48.
949 1273 1044 1306 solas
1069 1271 1226 1316 captanti
1251 1271 1447 1307 sententias
1469 1270 1513 1312 8,
1538 1269 1668 1321 5,·30,

175 1323 356 1362 captarent
386 1318 630 1352 auctoritatem
659 1321 843 1353 contemtu
881 1324 1082 1353 ceterorum
1113 1321 1180 1362 12,
1211 1320 1246 1362 3,
1286 1321 1344 1353 12.
1366 1317 1440 1351 illi
1467 1315 1560 1359 (Sp.
1584 1313 1670 1358 ule)

175 1363 329 1408 captavit
360 1375 413 1397 ex
446 1364 522 1408 ipsa
556 1364 774 1408 praestantia
808 1364 917 1398 animi
947 1365 1115 1399 favorem
1137 1365 1172 1407 6,
1199 1367 1232 1408 1,
1261 1365 1316 1400 25.
1357 1374 1427 1398 nec
1449 1366 1671 1409 magnopere

176 1411 474 1454 captandum,
518 1413 615 1455 quod
649 1411 823 1456 petitur
855 1422 876 1445 a
901 1411 1131 1456 jurejurando
1155 1412 1190 1452 9,
1215 1413 1251 1454 2,
1274 1411 1332 1447 98.
1364 1409 1410 1452 qs.
1439 1410 1497 1452 11,
1519 1410 1554 1452 3,
1578 1405 1673 1452 1423,
1703 1460 1707 1467 1

176 1467 251 1490 non
279 1462 455 1500 captata
482 1458 544 1490 sed
568 1463 705 1492 tantum
729 1458 888 1492 oblata
916 1468 997 1493 vox
1019 1458 1055 1500 9,
1081 1459 1116 1500 3,
1142 1458 1201 1492 73.

133 1502 287 1557 Caput·
306 1513 343 1554 >I)
358 1525 442 1556 pars
457 1517 622 1557 corpon's:
639 1533 682 1538 -
696 1521 836 1549 rectum
851 1520 887 1549 et
901 1515 1098 1551 secundum
1112 1519 1274 1548 naturam
1287 1512 1394 1556 11‚‘3,
1405 1511 1464 1548 69.
1485 1508 1672 1554 intonsum

173 1570 249 1603 cap.
265 1571 274 1601 ,
299 1570 372 1593 non
391 1559 429 1593 in
446 1562 575 1607 gradus
595 1567 664 1605 atq.
682 1563 833 1596 annulos
854 1566 1012 1595 comtum
1031 1563 1086 1603 12,
1101 1563 1157 1602 10,
1167 1558 1224 1606 47.
1250 1560 1349 1604 quod
1363 1569 1443 1602 cap.
1459 1557 1590 1591 durum
1603 1555 1675 1589 ha-

174 1605 262 1639 beas
281 1605 315 1648 6,
332 1607 366 1647 3,
379 1607 433 1640 83.
468 1617 543 1651 cap.
561 1607 684 1641 nescio
708 1608 769 1640 ubi
793 1606 999 1652 impositum
1020 1608 1056 1650 8,
1069 1606 1104 1650 5,
1116 1605 1164 1641 24
1176 1607 1222 1640 N.
1239 1613 1272 1639 et
1291 1607 1355 1649 S.,·
1380 1602 1506 1649 capitis
1523 1605 1674 1654 conatus

179 1653 211 1694 1,
241 1653 296 1694 11,
320 1653 352 1685 8.
380 1670 426 1677 —
450 1653 552 1687 dolor
575 1656 609 1696 2,
638 1656 693 1696 17,
718 1655 777 1689 39.
805 1656 839 1696 5,
866 1656 922 1696 10,
948 1654 1007 1688 82.
1030 1672 1075 1679 -
1097 1651 1246 1686 firmitas
1270 1653 1328 1694 11,
1352 1652 1388 1694 3,
1415 1650 1471 1685 16.
1498 1666 1541 1674 —
1565 1657 1673 1688 mve-

177 1698 218 1739 ὃ,
244 1697 287 1739 6,
314 1700 356 1732 17
381 1699 428 1731 Ν.
455 1716 500 1723 -
535 1711 618 1743 pars
643 1711 780 1733 summa
811 1701 847 1743 8,
871 1703 906 1742 2,
935 1702 976 1742 7,
1023 1698 1255 1743 praecipuum
1281 1697 1321 1730 in
1355 1695 1498 1730 actione
1520 1692 1614 1728 sicut
1634 1691 1680 1727 in
1703 1709 1713 1712 -

166 1753 329 1786 (corpore
357 1750 461 1787 caput
485 1751 539 1779 est
566 1748 619 1788 11,
651 1748 694 1789 3,
720 1747 788 1788 68,
839 1746 979 1790 dejecto
1004 1743 1132 1789 (cap.)
1155 1743 1337 1783 humilitas
1359 1747 1397 1776 et
1419 1740 1548 1792 supinp
1569 1747 1677 1772 arro-

179 1788 298 1842 gantia
331 1790 527 1825 ostenditur
558 1794 600 1825 ib.
627 1792 683 1827 69.
728 1803 804 1836 cap.
836 1793 881 1826 ad
909 1792 1073 1825 dextram
1096 1791 1237 1824 ferente
1270 1791 1314 1822 ib.
1338 1789 1419 1822 113.
1441 1806 1489 1812 —-
1519 1796 1560 1820 m
1581 1786 1677 1838 latus

178 1835 348 1869 inclinato
373 1838 413 1869 ib.
441 1828 498 1872 69.
525 1855 570 1860 -
602 1837 774 1872 inclinato
798 1838 836 1872 in
862 1839 1029 1872 dextrum
1054 1839 1096 1870 ib.
1123 1837 1202 1871 119.
1240 1833 1358 1879 capite
1382 1838 1490 1877 atque
1515 1832 1676 1884 humeris

179 1881 311 1915 sensim
343 1883 666 1917 obsecundantibus
696 1887 739 1917 ib.
764 1885 822 1921 92,
846 1902 894 1910 —-
927 1894 976 1919 ex
1010 1884 1112 1927 parte
1143 1883 1266 1917 velato
1290 1881 1327 1923 6,
1359 1881 1394 1922 1,
1417 1880 1476 1914 48.
1514 1887 1536 1911 a
1560 1881 1678 1921 capito

179 1933 302 1971 petere
327 1927 502 1971 (manum)
528 1932 583 1972 11,
610 1932 644 1972 3,
672 1932 740 1964 112
767 1931 815 1963 Ν.
844 1928 888 1971 cs.
914 1931 956 1962 ib.
983 1930 1073 1971 1193
1120 1928 1254 1972 jactare
1289 1923 1443 1970 (caput)
1476 1926 1521 1958 ib.
1548 1926 1606 1959 71.
1630 1937 1679 1947 -·

180 1974 336 2007 mulcere
370 1976 412 2007 ib.
439 1976 515 2009 158.
555 1981 659 2019 caput
690 1975 863 2020 opponis,
905 1986 988 2009 cum
1021 1985 1065 2008 eo
1102 1974 1308 2008 coniscanS*
1328 1974 1407 2007 Cic.
1445 1973 1487 2004 in
1520 1971 1606 2021 Pis.
1630 1968 1678 2010 8,

179 2021 222 2061 3,
255 2021 310 2052 21.
357 2021 558 2063 suppositos
589 2022 697 2065 capiti
727 2022 840 2056 libros
864 2024 904 2064 1,
931 2023 996 2063 10,
1028 2023 1082 2055 17.
1181 2020 1229 2060 ΙΙ)
1258 2031 1339 2063 pars
1365 2029 1494 2051 summa
1517 2024 1679 2060 cujusque

182 2067 252 2098 rei:
287 2071 391 2109 caput
419 2067 558 2100 exeruit
580 2068 713 2101 mobile
762 2067 841 2101 inus
866 2067 1019 2110 repetita
1044 2063 1204 2109 (versus)
1229 2067 1264 2108 9,
1287 2063 1323 2107 4,
1347 2065 1404 2100 90.
1441 2074 1487 2099 ne
1509 2061 1549 2095 in
1574 2063 1680 2104 caput

183 2111 389 2145 excrevisse
412 2113 575 2146 videatur
598 2114 730 2158 (oratio
784 2112 819 2156 4,
837 2116 871 2156 1,
895 2114 942 2148 62
965 2114 1012 2147 Ν.
1050 2118 1155 2157 caput
1179 2123 1259 2146 esse
1279 2111 1428 2152 decere,
1453 2108 1550 2154 quod
1567 2105 1679 2140 facias
1714 2123 1719 2126 ·

186 2159 242 2198 11,
270 2158 303 2199 3,
330 2160 406 2191 177.
448 2159 608 2193 ultimum
636 2166 851 2202 retrorsum,
891 2160 988 2204 quod
1018 2159 1114 2193 idem
1139 2170 1159 2192 a
1183 2157 1300 2202 capite
1327 2156 1478 2201 primum
1505 2158 1560 2188 est
1581 2154 1619 2196 7,
1632 2153 1679 2204 ,12

186 2203 242 2236 25.
336 2203 405 2245 Ill)
430 2207 463 2237 in
489 2208 641 2248 scriptis.-
678 2206 832 2250 primum
865 2215 931 2249 pro
963 2206 1006 2251 Q.
1035 2205 1181 2252 Ligario
1206 2209 1315 2248 caput
1339 2203 1374 2244 9,
1399 2201 1436 2243 4,
1459 2201 1517 2247 73.
1563 2202 1682 2242 Galum

187 2248 313 2298 quaed.
338 2249 476 2283 minora
498 2253 532 2294 3,
561 2253 595 2294 6,
620 2253 678 2287 89.
713 2253 882 2297 generale
905 2262 982 2296 cap.
1018 2253 1063 2285 ib.
1089 2254 1146 2285 21.
1173 2253 1231 2286 51.
1266 2251 1300 2291 3,
1325 2250 1392 2290 11,
1415 2248 1452 2297 33
1493 2254 1571 2288 0⁸1³·
1596 2253 1681 2294 ΨΘ·

188 2292 291 2325 cialia
319 2295 352 2336 3,
383 2297 437 2338 11,
462 2297 496 2329 3.
539 2296 576 2330 in
600 2309 669 2340 qua
691 2297 913 2340 (suasoria),
957 2296 1065 2331 etiam
1089 2307 1171 2331 cum
1191 2292 1380 2340 prooemio
1402 2297 1558 2332 utimur,
1595 2288 1683 2322 bre-

187 2337 291 2372 viore
324 2345 360 2372 et
391 2341 493 2374 velut
524 2345 679 2385 quodam
711 2344 827 2388 capite
859 2348 998 2377 tantum
1028 2349 1064 2376 et
1089 2341 1193 2376 initio
1218 2341 1388 2374 debemus
1417 2347 1496 2372 esse
1522 2332 1683 2371 contenti
1723 2333 1728 2341 “

189 2385 230 2425 3,
257 2384 296 2425 8,
323 2387 377 2418 10.
427 2387 611 2421 Theodori
643 2390 766 2423 schola
790 2389 910 2423 omnia
936 2389 1049 2423 refert
1071 2389 1118 2422 ad
1145 2386 1310 2431 capita.
1356 2383 1424 2418 His
1451 2383 1554 2426 plura
1574 2379 1686 2422 intel-

189 2428 364 2474 liguntm:
401 2442 473 2465 uno
491 2434 597 2467 modo
613 2446 748 2468 summa
770 2434 953 2480 quaestio,
984 2434 1072 2468 item
1093 2430 1141 2466 ut'
1156 2438 1308 2466 status
1326 2442 1336 2473 ,
1384 2430 1498 2481 altero
1526 2432 1683 2476 ceterae,

190 2485 282 2518 quae
319 2476 363 2507 ad
397 2486 566 2511 summam
597 2482 818 2523 reseruntur3
864 2479 983 2514 ‘tertio‘
1003 2478 1204 2523 propositio
1228 2488 1310 2511 cum
1337 2476 1595 2515 asiis-maneum
1643 2476 1687 2506 ut

192 2519 362 2563 dicimus,
394 2528 498 2565 caput
521 2523 574 2556 rei
597 2531 649 2558 est
675 2525 758 2569 (ap.
778 2527 1035 2568 Menandrum,
1067 2520 1270 2567 κεφάλαιόν
1294 2523 1422 2563 ἐστιν).
1469 2521 1512 2554 ln
1534 2516 1706 2562 univer-j

150 2592 155 2599 ,v
192 2576 271 2599 eum
302 2571 418 2601 autem
450 2567 619 2612 quidquid
647 2573 872 2614 probandmn
905 2577 980 2614 est,
1016 2570 1085 2604 erit
1108 2575 1214 2614 caput
1249 2571 1284 2611 3,
1311 2570 1368 2610 11,
1397 2569 1453 2602 27.
1493 2565 1592 2610 quod
1614 2572 1685 2597 nos

194 2615 361 2645 statum
384 2614 664 2664 -lTheodorus
691 2616 837 2660 (vocat)
867 2621 999 2661 caput
1024 2615 1118 2660 (Sp.
1146 2629 1188 2649 ex
1207 2617 1308 2657 Regii
1325 2613 1411 2658 conj.
1427 2611 1595 2658 generale
1615 2607 1685 2652 c.),

193 2654 231 2690 id
267 2661 322 2690 est
352 2655 551 2700 κεφαλαιον
586 2656 846 2706 γενικώτατον,
894 2665 939 2697 ad
972 2663 1069 2707 quod
1097 2662 1301 2696 referantur
1324 2658 1445 2692 onmia
1472 2659 1507 2699 3,
1532 2656 1568 2707 6,
1591 2657 1617 2688 2
1638 2658 1685 2688 Z·

193 2702 232 2736 5¹¹
263 2702 331 2735 1¹³0
359 2699 727 2749 (ἅνακεφαλαιώσει),
769 2720 858 2751 quae
894 2715 1119 2752 repetemus,
1159 2718 1265 2751 quam
1293 2703 1506 2739 brevissime
1534 2700 1687 2735 dicenda

195 2753 300 2799 nunt,
328 2754 386 2789 et,
424 2750 517 2792 quod
553 2750 690 2784 Graeco
719 2754 831 2787 verbo
854 2759 969 2797 patet,
1008 2754 1269 2788 decurrendum
1303 2761 1369 2795 per
1384 2748 1507 2794 ,capita
1529 2747 1565 2790 6,
1593 2749 1628 2790 1,
1651 2748 1687 2780 2·

159 2828 162 2831 .
197 2804 246 2829 ex
264 2794 341 2836 lus,
366 2804 456 2837 quae
476 2794 739 2840 scripserimus,
763 2800 863 2832 velut
886 2811 1039 2834 summas
1059 2798 1098 2833 in
1122 2795 1476 2834 commentarios
1503 2798 1541 2827 et
1563 2802 1687 2837 capi-

196 2845 244 2876 ta
270 2839 437 2876 conferre
471 2841 534 2884 10,
559 2843 600 2885 7,
627 2843 674 2876 32
710 2854 742 2877 υ.
771 2841 1152 2881 Commentarius.
1244 2843 1315 2886 tv>
1349 2843 1391 2877 de
1426 2843 1498 2876 vita
1526 2839 1686 2874 homini„
1722 2846 1728 2848 ·
