1702 3054
1563 229 1618 264 lx

31 370 53 403 ,g
70 307 144 391 ¹in
177 341 624 404 multum‘tempus
656 337 821 387 denuo
857 345 1139 387 extractum
1180 347 1254 388 est
1289 355 1438 405 opus,
1483 342 1616 405 quod

26 427 33 436 ⁸
88 457 248 502 nunc,
283 442 392 491 Deo
427 442 726 507 opitulante,
753 439 866 490 Tibi
900 442 1095 504 signum
1127 443 1227 489 mei
1260 442 1469 501 amoris,
1505 457 1618 491 eru-

86 543 224 596 ditae
267 544 458 592 civitati
502 552 741 607 tanquam
786 544 1189 607 experimentum
1233 544 1407 592 offerre
1442 543 1618 603 audeo,

73 643 254 694 ‘studia
272 620 551 694 literarum
595 660 687 710 pro
726 646 852 693 meis
898 645 1092 693 viribus
1134 646 1345 709 augendi
1385 656 1437 695 et
1480 647 1617 695 locu-

85 720 323 811 pletandi.
393 745 505 794 Hoc
538 747 579 794 si
612 745 736 794 mihi
769 747 1050 810 contigerit,
1084 748 1203 795 satis
1223 748 1447 813 amplum
1474 765 1615 814 prae-

85 848 244 897 mium
278 848 456 901 ,tulisse
500 846 623 895 mihi
668 847 901 907 videbor,
957 862 1119 912 neque
1158 850 1294 899 enim
1338 865 1458 899 sane
1490 852 1615 901 lucri

85 958 176 997 aut
213 950 446 1012 gloriolae
490 948 668 1012 cupido
713 949 778 997 ad
823 949 914 996 hoc
950 965 1075 1013 opus
1120 952 1487 1015 suscipiendum
1531 971 1614 1004 me

85 1049 305 1113 impulit3
351 1048 475 1096 illud
510 1064 600 1112 pro
645 1050 836 1097 infinito
874 1065 1033 1113 prope
1074 1050 1242 1099 labore
1285 1056 1613 1118 perexiguum

0 1147 2 1156 ¹
84 1157 283 1197 tantum
319 1164 425 1197 esse
459 1150 702 1214 potuisse,
745 1151 999 1198 neminem
1030 1151 1209 1215 fugiet,
1251 1155 1336 1218 qui
1366 1159 1612 1209 rationem

0 1232 3 1236 ¹
32 1274 37 1275 ν
83 1258 329 1298 mercatus
362 1250 566 1299 literarii
598 1253 906 1315 cognoverit3
941 1251 1068 1301 hanc
1103 1270 1232 1303 vero<
1260 1271 1327 1304 ex
1358 1257 1450 1306 hoc
1482 1261 1610 1312 libro

83 1356 196 1400 meo
230 1366 453 1416 sperare,
507 1353 593 1416 qui
635 1368 739 1401 non
772 1354 1086 1403 sermonibus
1130 1361 1356 1408 omnium
1387 1366 1610 1425 gentium

0 1422 2 1444 ᾗ
33 1474 40 1478 -
82 1451 390 1516 perlustratis
433 1454 659 1503 flosculos
698 1454 920 1519 undique
965 1454 1223 1521 decerptos
1258 1461 1476 1526 collegit,
1521 1467 1610 1515 sed

0 1585 9 1616 s
80 1552 307 1603 modesto
350 1557 498 1604 unius
543 1556 794 1621 scriptoris
838 1558 1000 1622 spatio
1047 1560 1351 1622 continetur,
1395 1563 1611 1618 hominis

4 1643 11 1689 ἕ
81 1662 211 1702 esset
242 1655 461 1720 imperiti
493 1671 691 1705 morum
727 1665 778 1705 et
808 1659 1099 1722 opinionum
1132 1671 1417 1714 nostrorum
1451 1667 1610 1719 homi-

0 1751 10 1818 g
79 1755 204 1806 num
217 1789 233 1814 ,
280 1757 366 1819 qui
397 1757 658 1821 splendida
695 1766 895 1807 tantum
925 1767 977 1808 et
1003 1764 1264 1824 magnifica
1295 1766 1607 1830 ingeniorum

0 1847 4 1880 s
64 1865 431 1916 *monumenta,
481 1867 569 1907 aut
620 1875 748 1924 quae
791 1869 924 1909 certe
970 1864 1187 1926 speciem
1227 1865 1376 1929 huJ‘us
1428 1872 1608 1923 indolis

0 1986 2 1996 .
62 1955 295 2004 *induant
327 1973 386 2005 ac
417 1974 538 2021 prae
570 1975 623 2008 se
650 1961 837 2035 ferant,
872 1964 1043 2026 magni
1062 1964 1275 2026 faciunt,
1309 1969 1609 2025 documenta

0 2079 5 2097 ;
85 2062 252 2102 autem
295 2059 599 2107 constantiae
648 2071 700 2109 et
750 2063 1074 2124 assiduitatis,
1126 2070 1300 2131 procul
1352 2073 1416 2120 ab
1469 2078 1607 2124 omni

26 2217 31 2222 ι
85 2155 414 2202 ostentatione
446 2159 632 2219 posita,
675 2163 821 2223 parvi
856 2165 1122 2213 aestimant
1154 2176 1305 2232 atque
1338 2174 1606 2238 negligunt,

0 2275 8 2295 ε
83 2267 150 2300 ne
202 2253 365 2318 dicam
420 2266 760 2309 contemnunt.
863 2262 994 2311 Satis
1049 2279 1171 2314 vero
1225 2270 1476 2324 firmatum
1532 2288 1607 2327 est

0 2338 7 2383 ἓ
82 2362 254 2418 pectus
282 2371 450 2405 meum
486 2359 727 2410 adversus
760 2363 983 2427 iniquam
1017 2366 1154 2416 illam
1188 2374 1462 2435 stupendae
1495 2378 1604 2427 dili-

3 2503 7 2508 ,
67 2432 279 2516 >gentiae
318 2465 369 2504 et
411 2458 684 2510 laboriosae
730 2464 1002 2513 industriae
1042 2468 1268 2531 laudem,
1313 2490 1405 2524 nec
1439 2481 1605 2531 minus

9 2611 11 2614 ι
83 2551 321 2604 adversus
360 2563 675 2623 supercilium
720 2580 892 2613 eorum
903 2601 918 2624 ,
973 2570 1058 2630 qui
1099 2572 1341 2634 ingeniosi
1382 2581 1603 2642 magistri

82 2665 343 2720 praecepta
385 2676 475 2723 pro
519 2665 619 2711 suis
659 2665 880 2714 inventis
936 2669 1252 2722 venditantes
1297 2679 1467 2726 omnia
1504 2681 1601 2729 alia

84 2752 378 2819 despiciunt,
432 2769 481 2808 et
525 2764 738 2812 vanitati
793 2783 911 2815 suae
966 2786 1146 2835 magna
1201 2779 1406 2826 nomina
1453 2796 1597 2843 prae-
