1728 3002
125 169 206 207 668
686 165 801 209 Pons
826 143 885 199 ³——
916 167 1103 224 Populus

163 285 221 328 72.
252 281 295 324 qfi
324 281 359 327 4,
383 284 416 325 1,
442 283 497 316 11.
523 286 663 323 ponunt
697 280 818 315 inter
841 281 975 329 figuras
997 282 1172 318 orationis
1194 285 1230 326 9,
1252 287 1287 329 2,
1311 287 1371 321 27.
1418 285 1464 328 cs.
1489 286 1524 330 9,
1550 287 1584 330 3,
1607 286 1664 323 91.

163 330 222 364 97.
248 330 282 370 8,
311 331 345 370 3,
370 329 427 361 61.
452 327 488 371 9,
513 331 549 372 2,
575 330 655 361 102.
969 347 973 349 Α

257 374 328 416 VI)
352 377 374 408 i.
399 388 430 417 q,
456 376 714 415 constituo,
748 386 932 417 repono.
982 373 1026 418 α)
1050 374 1111 410 hic
1134 386 1263 411 causae
1297 375 1480 411 cardinem
1505 378 1606 420 ponit
1630 377 1664 420 5,

167 425 225 464 12,
251 423 285 456 3.
310 421 347 453 in
371 420 461 461 reip.
485 419 789 454 administratione
816 419 895 463 (hoc
919 421 1084 463 officium)
1108 427 1305 472 posuerunt
1326 425 1362 466 3,
1387 424 1420 458 8.
1450 421 1503 458 14.
1529 425 1664 466 duplex

164 467 256 502 ratio
280 466 398 508 posita
423 472 482 499 aut
506 466 551 499 in'
568 468 674 500 rebus
699 472 758 499 aut
783 466 822 499 in
849 466 1032 501 affectibus
1068 468 1101 508 6,
1138 471 1172 512 1,
1205 472 1238 503 1.
1285 469 1446 504 criminis
1478 471 1593 504 adhuc
1626 470 1664 503 in

166 513 379 547 condicione
409 512 516 554 positi
542 516 577 556 7,
601 511 637 555 4,
665 516 720 546 27.
748 517 830 546 sunt
853 514 980 557 quaed.
1007 513 1164 548 actiones
1187 515 1227 549 in
1250 515 1510 558 satisfactione,
1535 517 1666 558 depre-

166 561 328 601 catione,
367 559 596 593 confessione
623 558 760 601 positae
786 562 841 601 11,
867 563 899 600 1,
925 560 981 594 52.
1029 559 1064 593 id
1095 571 1170 595 non
1203 572 1282 596 esse
1317 562 1472 605 positum
1501 561 1540 595 in
1576 571 1665 596 con-

164 605 325 640 tentione
348 607 382 648 9,
406 608 442 648 2,
467 606 524 640 96.
571 606 635 638 Est
660 611 695 640 et
719 606 877 639 amarum
901 605 1037 649 quidd„
1062 607 1161 650 quod
1183 608 1262 642 sere
1295 607 1333 642 in
1371 607 1586 642 contumelia
1610 612 1666 642 est

166 652 319 695 positum
342 653 377 694 8,
402 654 438 695 3,
461 653 519 687 89.
566 661 679 693 prope
702 651 739 685 in
764 653 841 685 sola
865 652 1103 687 delectatione
1127 655 1280 695 ponatur
1305 654 1433 698 (locus)
1455 657 1492 696 2,
1519 658 1575 697 17,
1603 655 1662 689 28.

165 698 210 741 cs.
236 699 270 742 9,
289 700 428 747 3,]02.
457 699 606 732 multum
626 698 663 731 in
686 703 746 731 tua
770 699 840 732 fide
864 710 905 732 ac
923 698 1106 745 diligentia
1124 700 1278 742 positum
1303 706 1356 735 est
1373 701 1439 742 Ep.
1458 701 1500 734 ad
1522 701 1663 745 Tryph.

164 748 200 779 3.
228 750 406 786 promtum
429 746 501 779 hoc
525 751 561 779 et
580 745 618 778 in
641 744 812 786 expedito
837 744 991 786 positum
1016 748 1071 788 10,
1089 749 1123 788 7,
1147 746 1203 780 24.
1230 758 1310 781 cum
1334 747 1406 781 sint
1423 747 1549 780 artium
1573 746 1664 780 aliae

164 791 302 834 positae
329 791 368 824 in
399 792 475 825 sola
512 789 735 833 inspectione
772 794 814 834 2,
849 792 914 834 18,
954 794 986 824 1.
1026 789 1190 832 'positum
1223 793 1262 826 in
1293 793 1472 827 communi
1504 793 1664 826 omnium

163 838 348 872 intellectu
375 838 408 880 5,
435 840 491 879 10,
518 839 573 871 18.
623 837 661 870 in
685 838 880 871 verborum
914 836 1210 880 interpretatione
1239 845 1321 873 sunt
1346 839 1462 880 posita
1489 842 1544 881 12,
1570 841 1604 881 3,
1627 841 1662 873 7.

165 896 246 918 cum
275 884 320 917 sit
349 883 464 924 posita
490 882 708 927 (altercatio)
731 883 770 916 in
795 885 871 917 sola
893 883 1105 919 inventione
1129 886 1164 927 6,
1191 885 1225 918 4.
1253 888 1286 919 1.
1316 885 1406 919 illud
1442 895 1555 931 genus
1587 894 1687 918 non'

165 937 218 965 est
242 931 398 972 positum
425 930 463 963 in
487 932 553 963 hac
578 930 690 964 veluti
718 930 932 972 jaculatione
966 932 1160 965 verborum
1191 933 1226 974 6,
1256 933 1291 975 3,
1322 930 1382 966 43.
1422 942 1514 975 quae
1545 931 1664 972 posita

166 976 286 1017 (sunt)
312 977 348 1010 in
380 987 482 1010 more
510 976 665 1011 civitatis
699 979 755 1018 12,
789 978 823 1019 3,
852 979 888 1011 7.
925 976 1016 1020 ista,
1048 988 1140 1021 quae
1171 983 1290 1012 tamen
1326 977 1365 1011 in
1396 977 1516 1022 aliquo
1546 976 1664 1018 posita

164 1030 245 1057 sunt
269 1022 414 1066 (motu)
442 1025 497 1065 11,
527 1025 561 1064 3,
595 1024 650 1057 67.
690 1024 762 1056 hoc
795 1022 988 1064 praecipue
1021 1024 1175 1065 positum
1214 1035 1293 1058 esse
1324 1023 1362 1057 in
1398 1029 1524 1057 natura
1556 1029 1590 1057 et
1623 1023 1663 1056 in

163 1070 355 1105 occasione
380 1070 415 1111 6,
441 1071 474 1110 3,
502 1072 556 1103 11.
582 1069 619 1102 in
641 1074 783 1110 promtu
803 1068 920 1109 posito
940 1069 1081 1103 dicendi
1098 1071 1206 1103 modo
1229 1072 1266 1113 9,
1291 1073 1324 1113 1,
1350 1072 1405 1105 13.
1428 1080 1502 1104 non
1525 1075 1663 1103 tantum

162 1117 199 1150 in
223 1117 362 1150 ratione
390 1116 545 1157 positum
571 1122 624 1149 est
648 1115 820 1159 loquendi
845 1118 878 1158 9,
906 1117 941 1158 3,
976 1117 1031 1151 28.
1079 1126 1223 1150 omnem
1252 1116 1499 1161 quaestionem
1523 1120 1663 1158 ponunt

160 1164 199 1196 in
223 1165 331 1197 rebus
356 1167 392 1196 et
414 1161 535 1196 verbis
564 1164 598 1204 3,
628 1162 662 1205 5,
683 1163 716 1196 5.
744 1161 789 1200 cf.
808 1163 843 1204 8,
869 1164 903 1204 3,
928 1163 985 1210 90,.
1012 1172 1086 1196 non
1113 1162 1231 1197 alibi
1256 1174 1363 1207 quam
1386 1163 1425 1196 in
1448 1162 1524 1196 risu
1546 1160 1663 1203 posita

162 1214 198 1251 9,
223 1213 257 1250 2,
286 1208 340 1242 14.
365 1209 478 1242 verba
502 1208 539 1241 in
563 1220 631 1241 usu
659 1207 839 1242 cotidiano
864 1207 981 1249 posita
1005 1212 1039 1251 2,
1066 1210 1122 1251 10,
1146 1210 1180 1244 9.
1209 1208 1255 1250 cf.
1281 1209 1314 1248 5.
1343 1211 1400 1252 10,
1425 1209 1459 1244 5.
1487 1207 1661 1242 orationis

163 1261 234 1288 tam
256 1260 416 1296 ornatus,
441 1266 547 1297 quam
566 1254 799 1295 perspicuitas
824 1260 884 1288 aut
908 1254 951 1287 in
966 1254 1115 1301 singulis
1133 1256 1255 1289 verbis
1277 1260 1332 1289 est
1352 1261 1412 1290 aut
1435 1254 1483 1288 in
1501 1253 1660 1296 pluribus

161 1301 298 1343 positus
318 1302 353 1342 8,
382 1302 415 1341 3,
447 1302 502 1334 15.
549 1312 725 1333 summum
749 1300 785 1333 in
811 1302 996 1341 voluptate
1020 1301 1183 1342 corporis
1219 1302 1353 1335 bonum
1379 1310 1519 1343 ponens
1544 1303 1600 1342 12,
1623 1301 1660 1342 2,

161 1347 217 1382 24.
249 1357 402 1391 sequens
429 1345 602 1388 (species)
629 1346 743 1385 posita
770 1351 824 1379 est
848 1346 886 1378 in
910 1357 1004 1380 voce
1039 1352 1100 1380 aut
1132 1347 1279 1381 omnino
1310 1350 1501 1388 suppressa
1537 1354 1598 1380 eto.
1624 1346 1659 1388 8,
1720 1374 1728 1378 ,γ

159 1396 192 1429 3.
218 1394 286 1436 853
321 1393 419 1436 quod
444 1397 498 1425 est
519 1391 675 1432 positum
698 1391 735 1424 in
761 1390 1008 1437 distinguenda
1030 1394 1084 1425 rei
1112 1393 1329 1433 proprietate
1359 1394 1395 1434 9,
1421 1393 1456 1435 ³,
1477 1393 1543 1426 ·71.
1578 1402 1659 1425 cum

105 1435 110 1442 ’
159 1440 205 1474 sit
227 1439 266 1472 in
294 1438 497 1482 eloquendo
525 1436 680 1478 positum
705 1436 856 1470 oratoris
877 1436 1035 1470 officium
1057 1440 1113 1479 10,
1129 1441 1162 1479 1,
1177 1440 1210 1472 3.
1234 1437 1386 1474 imitatio
1413 1442 1482 1471 est
1505 1437 1659 1478 posita

157 1488 236 1520 sere
260 1486 298 1519 in
325 1485 524 1526 eludendo,
559 1484 622 1516 sed
646 1489 876 1518 versatur
901 1484 1008 1517 etiam
1031 1483 1069 1516 in
1093 1483 1197 1516 factis
1220 1484 1255 1526 9,
1282 1486 1319 1527 2,
1351 1485 1407 1518 58.
1440 1483 1596 1524 positum
1618 1483 1658 1518 in

157 1532 408 1575 persuadendo
434 1529 560 1563 orandi
584 1541 713 1562 munus
739 1531 774 1571 2,
800 1529 857 1572 15,
881 1529 916 1563 3.
960 1528 1002 1574 β)
1026 1529 1126 1574 cujus
1153 1540 1211 1563 ars
1233 1540 1308 1564 non
1338 1529 1387 1565 in
1417 1527 1522 1565 hoc‘
1540 1529 1658 1571 posita

160 1584 236 1621 est,
270 1584 318 1612 ut
341 1576 570 1618 noverimus,
603 1575 732 1620 quibus
757 1583 835 1618 etc„
860 1575 924 1608 sed
947 1581 1079 1619 totam,
1110 1580 1150 1608 ut
1173 1586 1255 1609 mea
1277 1576 1349 1610 fert
1374 1575 1510 1619 opinio,
1544 1576 1659 1610 subti-

157 1626 292 1660 litatem
319 1624 357 1657 in
383 1622 498 1656 dubiis
524 1623 668 1656 habet
692 1624 726 1664 1,
756 1624 790 1664 7,
817 1625 850 1655 1.
873 1620 925 1662 cf.
950 1620 986 1664 4,
1010 1624 1044 1665 2,
1073 1619 1132 1656 43.
1156 1632 1295 1656 summa
1327 1621 1376 1656 in
1411 1623 1503 1657 hoc
1541 1621 1658 1664 posita
1715 1606 1728 1676 J

159 1677 234 1714 est,
272 1675 320 1704 ut
355 1679 568 1704 moveamur
599 1667 669 1709 ipsi
705 1668 746 1709 6,
786 1669 831 1708 2,
863 1668 929 1710 26;
967 1667 1014 1701 in
1048 1677 1119 1711 eo,
1163 1668 1396 1712 quomodo
1425 1668 1656 1711 declamatur,

158 1718 315 1760 positum
340 1721 396 1750 est
418 1714 546 1757 etiam,
581 1714 816 1759 quomodo
839 1719 964 1759 agatur
991 1714 1027 1756 9,
1052 1716 1087 1756 2,
1111 1714 1168 1749 81.
1193 1713 1442 1756 plurimum
1464 1714 1509 1749 ad
1534 1713 1657 1749 omnia

157 1762 328 1799 momenti
352 1767 407 1796 est
430 1761 479 1795 in
502 1762 528 1806 h.
537 1771 590 1795 00
624 1759 802 1802 positum,
846 1760 884 1794 si
908 1760 967 1794 vir
991 1761 1109 1794 bonus
1124 1761 1292 1796 *creditur
1315 1759 1352 1804 4,
1377 1763 1410 1805 1,
1434 1763 1470 1796 7.
1505 1760 1554 1796 in
1579 1769 1656 1803 eo,

157 1811 219 1856 qui
244 1807 450 1856 cognoscit,
484 1806 742 1849 plurimum
766 1806 974 1847 ponendum
1001 1812 1074 1847 est,
1108 1805 1145 1840 si
1181 1807 1261 1842 laus
1299 1818 1382 1842 eum
1414 1806 1657 1842 misericordis

155 1858 296 1900 potius,
324 1866 430 1900 quam
452 1853 686 1895 reprehensio
710 1852 874 1886 dissoluti
900 1858 1138 1888 consecutura
1162 1859 1218 1888 est
1240 1856 1276 1897 7,
1297 1851 1334 1897 4,
1360 1852 1404 1889 19
1429 1854 1478 1889 Ν.

110 1901 240 1945 Pons.
285 1913 399 1947 amnis
432 1930 479 1937 -—
511 1911 572 1955 qui
606 1916 752 1953 pontem
782 1908 988 1957 indignetur
1022 1913 1087 1954 12,
1122 1914 1188 1956 10,
1223 1912 1281 1948 61.
1309 1909 1407 1955 rupti
1437 1908 1656 1944 torrentibus

152 1967 282 2002 pontes
310 1963 344 2002 2,
370 1960 426 2000 13,
457 1957 514 1992 16.

107 2006 324 2050 Pontifex.
373 2013 648 2049 commentarios
690 2011 900 2054 pontificum
929 2014 974 2056 8,
1013 2017 1057 2057 2,
1093 2016 1137 2048 12
1176 2016 1224 2049 Ν.
1269 2014 1475 2057 pontificum
1507 2013 1654 2049 annale·

106 2067 302 2154 ngt’usz’
331 2064 427 2153 ritino
455 2119 597 2152 coelum
620 2116 779 2160 undique
801 2121 838 2150 et
865 2115 1023 2160 undique
1046 2122 1177 2158 pontus
1204 2119 1245 2152 V
1253 2121 1333 2160 irg0
1359 2119 1416 2159 12,
1438 2117 1497 2151 Pr.
1523 2117 1569 2152 3.-
1722 2139 1728 2154 .-

106 2166 279 2222 Poples.
328 2177 373 2210 ad
399 2175 539 2209 medios
562 2173 716 2216 poplites
736 2183 851 2216 usque
877 2174 932 2216 11,
955 2175 991 2216 3,
1017 2174 1095 2208 138.
1551 2210 1553 2213 ,
1717 2176 1728 2198 1

109 2222 347 2277 ΡοριιῙᾶῐῖε.
403 2233 560 2280 gravitas
584 2230 839 2265 senatoria
863 2250 909 2256 —
939 2241 1025 2264 aura
1047 2239 1144 2271 pop.
1173 2233 1229 2273 11,
1257 2233 1291 2273 1,
1321 2229 1378 2266 45.
1409 2239 1445 2272 Ρ.
1466 2229 1540 2265 ,1110
1573 2228 1651 2265 vil·-

154 2286 268 2314 tutum
296 2280 363 2315 Cn.
390 2278 548 2321 Pompeii
574 2275 865 2312 commemoratio
890 2274 925 2317 4,
950 2279 983 2316 3,
1010 2278 1065 2310 13.
1091 2285 1126 2317 p.
1147 2275 1336 2310 delectatio
1359 2279 1395 2319 2,
1421 2278 1477 2318 10,
1507 2278 1565 2309 11.
1593 2275 1651 2310 Μ.

156 2326 270 2360 Tullii
294 2325 499 2370 eloquentia
523 2330 556 2358 et
586 2329 711 2358 contra
736 2324 832 2368 leges
857 2322 1010 2366 agrarias
1034 2331 1067 2363 p.
1093 2322 1162 2356 fuit
1185 2326 1220 2365 2,
1246 2323 1301 2363 16,
1325 2325 1358 2357 7.
1395 2330 1431 2363 p·
1468 2331 1571 2355 error
1601 2321 1649 2356 ad

157 2373 306 2406 meliora
331 2373 514 2406 ducendus
540 2373 595 2412 12,
624 2373 656 2409 1,
681 2369 737 2402 26.
764 2368 905 2402 dicendi
932 2380 1043 2414 genus
1068 2367 1216 2415 magis
1247 2379 1344 2412 pop.
1375 2370 1431 2411 12,
1461 2369 1517 2410 10,
1541 2369 1588 2403 73
1611 2379 1648 2401 v.

155 2418 460 2452 Plausibilis.
508 2427 611 2461 pop.
635 2415 777 2458 laudem
801 2427 879 2458 opp.
907 2413 1076 2458 judicium
1105 2415 1342 2449 doctorum
1366 2415 1402 2457 8,
1427 2416 1462 2457 3,
1485 2415 1519 2465 3·
1549 2413 1651 2466 leges
1713 2439 1718 2445 .

154 2477 189 2507 p.
214 2467 248 2505 5,
275 2466 330 2506 13,
355 2465 411 2498 24.
428 2467 471 2506 ’7,
495 2462 530 2504 4,
555 2464 612 2496 13.
637 2473 672 2505 p.
698 2460 884 2505 persuasio
909 2463 944 2502 2,
974 2461 1028 2502 15,
1055 2461 1113 2495 19.
1138 2462 1173 2503 5,
1198 2463 1255 2502 11,
1283 2463 1342 2496 37.
1387 2471 1423 2504 p.
1449 2465 1648 2495 sentenuae

156 2511 189 2550 5,
218 2512 269 2548 13,
294 2510 350 2542 42.
382 2508 553 2554 quidquid
578 2507 647 2542 erit
670 2506 857 2541 sententiis
881 2508 1052 2550 populare
1082 2508 1118 2550 8,
1142 2508 1177 2550 3,
1213 2508 1267 2540 13.
1306 2518 1339 2551 p.
1376 2506 1502 2540 turbae
1529 2508 1566 2548 2,
1590 2505 1648 2547 16,

154 2558 187 2587 2.
214 2566 246 2597 p.
275 2555 435 2589 utilitatis
465 2554 576 2601 gratia
599 2556 656 2596 10,
680 2556 715 2595 2,
740 2556 797 2587 27.
1563 2553 1566 2557 ’

109 2598 391 2691 ΡίέΡῑΙξᾶΐὶῐΞδ.
442 2612 558 2646 Marci
585 2610 713 2663 Manlii
735 2621 820 2655 pop.
848 2608 988 2654 signum
1012 2609 1163 2643 affectati
1189 2608 1290 2656 regni
1328 2613 1383 2642 est
1408 2605 1668 2669 existimatum.
1702 2615 1706 2618 ”

110 2682 391 2755 Popula‘riter·
448 2718 542 2746 totas
565 2713 663 2747 vires
686 2724 721 2758 p.
746 2710 941 2757 explicabit
965 2709 1118 2755 (oratio)
1149 2714 1206 2755 12,
1228 2712 1266 2755 9,
1287 2713 1322 2745 2.
1618 2748 1621 2749 ⁷

109 2755 307 2811 Populus·
357 2780 387 2800 υ.
417 2768 552 2802 Gens.
578 2780 634 2812 ap.
662 2780 769 2813 pop.,
804 2769 864 2813 qni
890 2781 937 2804 ex
965 2768 1124 2812 pluribus
1148 2773 1290 2803 constat
1311 2764 1465 2800 indocti:
1486 2767 1523 2810 3,
1549 2767 1584 2808 8,
1609 2769 1643 2800 2.
1697 2784 1706 2794 ν
