1728 3002
180 167 262 206 704
666 163 877 229 Projectio
908 190 965 197 -
997 165 1233 210 promoveo

213 264 350 322 νἰηᾶατ,
389 279 456 314 sed]
482 284 565 321 opti.
601 278 707 311 Codri.
732 279 853 325 ubique
874 256 1032 322 praebent
1066 283 1274 325 proinde,
1300 296 1404 328 ‘quam
1440 287 1611 318 tectionem
1643 290 1716 329 ple-

219 330 331 372 risque
355 326 405 357 his
430 326 510 375 {ocis
538 327 592 376 Z..
620 325 780 367 recepit.)
822 326 898 378 hae·
924 326 1119 378 particulae
1152 334 1295 369 prout
1322 335 1404 363 sunt
1426 330 1584 376 graves,
1615 341 1717 367 acres

217 381 310 454 (5th
343 370 544 451 pssgoinde
582 371 639 413 id,
680 372 776 415 quod
809 382 857 405 ex
888 372 960 406 lllis
998 373 1207 445 conficitur,
1245 380 1305 411 aut
1337 379 1510 412 severum
1535 384 1596 412 etc.
1650 378 1718 413 erit

173 444 404 518 Prcjec'tio.
467 471 605 506 brachii
627 472 811 507 moderata
839 484 892 516 pr.
918 477 974 516 11,
1003 477 1039 519 3,
1060 475 1118 510 84.

171 523 374 576 ProjiciO·
420 531 521 566 velut
541 530 656 563 fracta
681 537 742 564 etc.
767 533 838 566 tela
863 533 1058 577 projeceris
1085 532 1120 576 9,
1143 531 1179 576 4,
1205 535 1261 569 14.
1305 540 1430 576 pectus
1453 547 1496 569 ac
1519 541 1648 571 ventor
1670 548 1716 571 ne

220 578 450 623 projiciantur
476 579 533 619 11,
559 578 594 619 3,
625 578 703 609 122.
1448 616 1453 621 .

172 624 337 669 Proles.
392 635 532 676 prolem
557 634 715 667 dicemus
739 633 777 667 in
800 645 911 669 versu
937 634 1004 678 (sic
1028 639 1070 669 Z.
1097 636 1300 679 conjiciendo
1324 640 1486 686 restituit,·
1521 640 1582 684 Sp.
1606 639 1715 686 tragi-

216 695 316 725 cum,
342 682 480 724 prolem
503 679 712 722 ducendam)
738 681 772 721 8,
799 682 834 723 3,
860 682 906 715 26
929 682 975 716 N.
1001 695 1048 716 cr.
1079 690 1110 715 et
1138 684 1174 716 S.
1247 685 1249 691 ’

169 727 447 771 Proletarius.
482 749 515 773 υ.
540 736 814 783 Clarigatio.

169 784 394 840 Prologus.
441 794 481 829 in
503 793 666 838 Hydriae
689 796 841 842 prologo
873 797 930 839 11,
954 796 988 838 3,
1016 796 1073 831 91.

167 844 436 886 Promereor.
484 852 529 886 ad
551 853 826 893 promerendum
850 852 982 886 actioni
1003 853 1168 887 favorem
1195 853 1230 897 9,
1257 856 1291 898 1,
1312 856 1370 890 21.

167 900 430 942 Promiscue·
485 909 682 944 trimetrum
717 915 752 944 et
775 910 978 951 promiscue
1012 911 1080 953 (sic
1112 915 1179 955 Ζ.,
1215 913 1287 955 Sp.
1322 909 1553 955 promiscuo)
1592 911 1713 946 dicere

214 957 320 991 liceat
345 958 378 999 9,
403 955 437 998 4,
460 958 506 991 75
529 957 577 990 N.
601 969 648 990 cr.
1140 956 1142 958 ’
1702 952 1715 960 ’

167 1004 456 1046 Promiscuus·
511 1011 807 1055 promiscua,
849 1023 939 1056 quae
963 1012 1188 1054 epicoena
1211 1013 1376 1048 dicuntur
1398 1017 1432 1058 1,
1455 1012 1491 1056 4,
1517 1012 1576 1048 24.

166 1060 416 1102 Pmmissio.
464 1069 549 1115 (fig.
586 1083 643 1114 ap.
670 1068 781 1113 Cic.)
813 1070 849 1113 9,
875 1072 908 1112 1,
935 1071 992 1104 32.
1038 1071 1074 1112 9,
1098 1073 1132 1111 2,
1155 1073 1190 1105 2.
1725 1108 1728 1110 .

165 1118 200 1161 P
203 1118 419 1158 romissor.
467 1128 553 1172 quid
575 1126 635 1161 hic
667 1126 862 1169 promissor
892 1125 911 1171 (
921 1128 945 1160 5
955 1140 991 1171 p.
1026 1126 1229 1171 promisso)
1261 1126 1350 1162 tanti
1382 1127 1502 1170 operis
1541 1120 1728 1175 dignum?⁴

217 1178 249 1218 1,
275 1175 308 1216 5,
336 1175 358 1209 6
382 1178 426 1208 Ζ.
453 1182 484 1207 et
509 1175 559 1208 N.
586 1186 634 1207 cr.

166 1220 446 1262 Promissum.
510 1231 610 1265 velut
635 1229 831 1278 obligatum
857 1230 1034 1273 promisso
1057 1236 1248 1273 patronum
1278 1230 1327 1276 4,
1358 1231 1400 1275 5,
1439 1233 1496 1266 10.
1541 1242 1575 1265 v.
1602 1231 1728 1267 Pro-w¹

213 1277 374 1311 fessio.
413 1277 686 1310 Promissor.
1439 1298 1441 1304 ,
1708 1269 1728 1311 Α

167 1321 389 1364 Promitto.
457 1331 499 1376 α)
531 1335 740 1375 simpliciter.-
787 1338 823 1366 et
860 1333 1066 1373 promittere
1097 1332 1240 1367 interim
1275 1334 1377 1377 jocus
1410 1338 1464 1367 est
1494 1334 1538 1376 6,
1570 1335 1612 1376 3,
1650 1336 1718 1367 21.-

213 1379 344 1415 caesim
367 1389 493 1411 manus
521 1378 639 1411 lenior
666 1377 837 1418 promittit
863 1382 918 1419 11,
947 1380 990 1419 3„
1012 1381 1076 1412 102
1099 1380 1148 1412 N.
1175 1392 1224 1412 cr.
1268 1379 1298 1412 si
1329 1379 1580 1420 promittat
1609 1379 1660 1421 (a.
1685 1384 1697 1411 ι

211 1423 343 1469 perm.)
367 1424 426 1458 hic
450 1429 569 1466 pater,
607 1423 651 1456 lis
678 1422 833 1456 tollitur:
868 1422 898 1456 si
922 1424 1092 1456 nullam
1128 1433 1256 1464 spem
1289 1424 1440 1458 faciat
1466 1443 1514 1450 -—-
1555 1425 1687 1458 crudel‘
1710 1421 1712 1423 ’

211 1478 310 1507 certe
333 1470 497 1506 videatur
520 1471 555 1512 9,
580 1472 615 1511 2,
645 1471 687 1503 91
713 1469 761 1502 Ν.
808 1467 852 1513 β)
881 1482 909 1502 c.
943 1469 1018 1512 obj.
1067 1469 1104 1510 a)
1130 1469 1206 1502 fac
1218 1479 1295 1503 ere
1318 1469 1452 1510 optima
1479 1481 1584 1514 quam
1607 1480 1655 1512 pr
1672 1485 1679 1501 ι
1699 1506 1721 1509 ⁴.

211 1518 404 1553 mittere
431 1517 633 1549 maluerunt
664 1516 720 1548 Pr.
748 1512 793 1547 14
815 1515 862 1548 N.
897 1515 1006 1548 multa
1040 1525 1131 1548 non
1162 1513 1350 1548 facturi
1384 1516 1689 1557 promittimu·

212 1568 270 1608 12,
296 1566 328 1606 1,
354 1564 411 1601 38,
468 1562 585 1603 pudor
620 1559 888 1603 omittendi,
919 1572 1010 1604 quae
1043 1561 1346 1601 promiseram
1383 1563 1452 1602 12,
1473 1562 1536 1598 Pr.
1563 1566 1596 1597 1.
1630 1574 1693 1598 no.

211 1607 460 1654 praestari
484 1619 564 1642 eum
587 1605 738 1648 (finem),
765 1605 825 1650 qui
850 1606 1163 1648 promittatur
1185 1609 1220 1648 2,
1247 1609 1303 1649 17,
1326 1607 1384 1641 22.
1415 1608 1621 1643 docebimus
1647 1621 1684 1644 e

209 1667 317 1702 quem
340 1655 446 1697 paulo
471 1659 551 1687 ante
578 1651 815 1694 promisimus,
839 1653 922 1686 loco
950 1655 983 1694 1,
1003 1652 1035 1695 5,
1055 1652 1122 1694 533
1149 1663 1239 1696 quae
1261 1653 1443 1694 responsis
1465 1655 1527 1689 vel
1549 1666 1660 1702 augur
1675 1657 1682 1663 ⁴
1703 1681 1706 1688 ,

210 1705 368 1738 futuram
400 1701 595 1734 claritatem
625 1698 854 1740 promiserint
888 1700 929 1740 3,
965 1701 1009 1740 7,
1047 1702 1102 1732 11.
1160 1699 1249 1732 haec
1283 1699 1526 1740 professio
1548 1720 1595 1728 ·—
1625 1704 1677 1743 pl

209 1750 318 1784 habet
341 1748 380 1781 in
405 1757 571 1788 recessu,
600 1757 705 1789 quam
728 1745 847 1778 fronte
876 1743 1108 1786 promittit
1135 1746 1169 1787 1,
1192 1743 1227 1786 4,
1254 1747 1292 1786 1;
1320 1745 1393 1788 adj.
1417 1748 1520 1780 Dat..-
1545 1747 1708 1781 medicu

211 1795 398 1830 sanitatem
422 1803 531 1840 aegro
557 1790 731 1834 promittit
755 1792 796 1836 (S
804 1804 840 1842 p.
871 1789 968 1843 aegri
996 1789 1095 1833 petit)
1122 1792 1158 1831 2,
1183 1792 1239 1832 17,
1266 1790 1312 1842 ².⁵
1334 1795 1377 1825 Ζ.
1434 1789 1470 1832 b)
1493 1795 1624 1835 peculia
1651 1809 1658 1821 ι
1677 1817 1698 1829 ,,

186 1865 190 1867 »
210 1846 245 1875 ἰη
281 1843 413 1874 causis.-
458 1850 549 1884 quae
586 1843 639 1872 est
677 1842 859 1881 quaestio,
897 1847 937 1869 ln
969 1847 1039 1880 qua
1074 1846 1149 1870 non
1181 1842 1387 1877 promittere
1425 1838 1539 1879 possit
1571 1845 1663 1873 orat·

179 1883 181 1886 ’
210 1888 297 1933 quid
319 1886 456 1929 primo,
495 1884 580 1929 quid
603 1884 787 1926 secundo,
815 1882 900 1926 quid
922 1882 1028 1916 tertio
1054 1881 1100 1915 sit
1122 1883 1204 1915 loco
1241 1882 1421 1917 dicturus?
1465 1885 1508 1927 3,
1533 1887 1574 1928 9,
1599 1887 1634 1919 3.
1686 1912 1688 1914 .

208 1938 252 1968 ib.
280 1937 316 1968 7.
349 1930 384 1975 4,
409 1934 443 1974 2,
468 1932 514 1966 82
537 1931 584 1964 Ν.
631 1929 667 1972 4,
695 1930 728 1972 5,
757 1931 791 1962 2.
826 1929 859 1965 5,
908 1927 1081 1970 promittit
1106 1927 1200 1961 enim
1223 1927 1379 1975 litigator
1400 1930 1540 1973 omnia,
1576 1935 1681 1965 test

207 1980 391 2023 populum,
417 1976 654 2018 paratissimas
679 1973 979 2020 consignationes,
1002 1973 1117 2014 ipsum
1139 1973 1290 2018 denique
1309 1975 1551 2010 adversarium
1575 1988 1658 2021 qua-
1674 1984 1694 2004 π-

207 2037 283 2061 non
313 2029 521 2070 negaturum
550 2024 615 2064 12,
639 2023 685 2063 S,
717 2024 770 2054 11.
827 2019 1114 2064 frequentissime
1148 2025 1208 2052 aut
1246 2030 1334 2054 non
1365 2027 1474 2055 sunt
1503 2022 1677 2057 omnin·

208 2083 300 2118 quae
330 2068 756 2112 promittebantur,
788 2066 1025 2107 autminus
1054 2065 1307 2099 continent
1335 2068 1380 2101 ib.
1407 2069 1460 2100 12.
1484 2069 1565 2109 plus
1590 2078 1682 2103 no·

204 2121 294 2153 bunt
317 2115 591 2157 destituta,
626 2125 730 2157 quam
753 2123 843 2146 non
876 2110 1111 2154 promissa
1143 2111 1352 2146 nocuissent
1378 2115 1422 2147 ib.
1448 2115 1492 2148 13
1517 2115 1587 2154 N.;
1606 2111 1677 2150 'v-

204 2166 262 2199 bis
284 2165 458 2206 vultuque
483 2161 591 2194 nimia
614 2158 825 2201 promittens
864 2159 918 2201 (in
949 2160 1116 2201 prooemio
1146 2158 1276 2200 oratio)
1306 2157 1351 2201 4,
1377 2162 1420 2203 1,
1445 2159 1502 2194 60.
1531 2158 1577 2200 cf.
1604 2162 1639 2203 7,

205 2214 261 2245 11.
308 2207 343 2254 y)
366 2221 434 2254 seq,
463 2211 549 2241 Ace.
577 2219 606 2239 ο.
633 2204 718 2246 Ins„-
743 2216 825 2238 nam
847 2203 897 2238 ita
919 2202 1163 2245 promiseram,
1189 2214 1246 2237 me
1270 2204 1315 2238 de
1338 2209 1414 2238 arte
1438 2212 1501 2239 etc.
1524 2205 1611 2239 dict
1664 2208 1668 2211 ’

205 2260 263 2299 12,
290 2258 345 2298 10,
370 2257 402 2288 1.
455 2252 500 2295 cs.
530 2251 567 2296 4,
591 2254 627 2295 2,
651 2252 731 2285 128.
781 2253 836 2294 12,
861 2251 894 2291 5,
920 2253 952 2283 1.
1454 2251 1459 2255 ’

157 2314 327 2356 Promo.
386 2325 527 2354 transhe
565 2330 678 2364 eaque
714 2324 751 2352 et
783 2329 864 2352 cum
894 2315 1043 2350 dicimus
1076 2316 1292 2358 promenda,
1325 2321 1361 2350 et
1397 2328 1479 2350 cum
1512 2317 1667 2352 scribim

203 2374 261 2413 12,
290 2371 348 2411 10,
375 2370 431 2403 53.
477 2367 633 2400 fructum
657 2364 854 2403 studiorum
876 2362 1028 2398 viridem
1059 2367 1095 2395 et
1128 2362 1245 2396 adhuc
1272 2363 1412 2396 dulcem
1444 2363 1559 2405 promi
1594 2365 1638 2398 de
1671 2361 1677 2366 ⁵

203 2420 260 2457 12,
282 2416 315 2457 6,
343 2417 376 2449 3.
425 2423 590 2455 promere
618 2410 725 2445 animi
746 2412 966 2445 voluntatem
990 2410 1057 2450 12,
1086 2409 1154 2451 10,
1180 2409 1236 2442 40.
1285 2414 1376 2452 quae
1411 2410 1665 2455 concepissem

200 2467 341 2503 mente,
371 2469 536 2501 promere
561 2457 666 2492 etiam
694 2457 876 2500 loquendo
909 2457 950 2497 2,
984 2453 1049 2495 16,
1081 2453 1135 2487 15·
1170 2466 1203 2487 v.
1228 2454 1453 2498 Eloquar.
1493 2456 1578 2499 quid
1616 2455 1644 2489 i

202 2508 269 2540 sim
298 2512 440 2540 secutus
470 2514 628 2546 promam
658 2506 695 2546 7,
721 2505 755 2545 1,
772 2505 813 2536 ’3.
861 2511 926 2535 cur
958 2498 1198 2543 improbetur,
1228 2499 1259 2533 si
1283 2500 1362 2544 quis
1389 2511 1452 2543 ea,
1481 2513 1573 2545 quae
1597 2502 1636 2535 d
1654 2510 1663 2530 x

201 2564 285 2586 suae
308 2558 406 2586 recte
431 2551 588 2592 faceret,
621 2550 667 2583 in
699 2546 938 2590 publicum
966 2550 1106 2587 promat
1143 2548 1185 2588 1,
1219 2547 1260 2590 1,
1295 2549 1359 2590 223
1392 2546 1575 2590 (verba),
1610 2562 1640 2578 ,ι

201 2609 343 2631 sensum
365 2596 472 2631 animi
498 2595 611 2630 nostri
635 2595 768 2637 optime
791 2596 959 2635 promunt
990 2592 1026 2634 8,
1049 2592 1106 2624 Pr.
1132 2592 1188 2625 32.

153 2654 404 2695 PromoveO·
451 2676 559 2709 quum
583 2662 682 2707 prior
708 2662 884 2696 calculum
906 2659 1147 2704 promovisset
1179 2661 1235 2702 11,
1260 2661 1294 2700 2,
1318 2658 1375 2692 38.
1422 2668 1556 2692 cornua
1578 2669 1636 2707 ¹¹'fi
1666 2678 1669 2682 -
1707 2653 1714 2694 Ῐ

200 2721 269 2754 que
293 2721 504 2753 promovere
529 2710 579 2751 (in
604 2707 694 2751 acie)
726 2711 762 2752 2,
791 2709 848 2753 13,
874 2708 908 2741 3.
954 2706 991 2741 iu
1013 2705 1194 2740 sinistrum
1217 2704 1310 2739 intra
1334 2704 1524 2739 humerum
1549 2715 1606 2749 pr·
1626 2708 1654 2732 ’νῆ’

199 2761 304 2792 vetur
330 2755 473 2799 (manus)
500 2758 556 2800 11,
582 2757 616 2799 3,
646 2755 722 2789 113.
