1728 3002
83 218 168 259 900
645 212 828 256 Tondeo
856 239 912 246 -
942 212 1082 258 Totus

131 331 190 366 91.
222 329 269 372 cs.
296 333 331 372 7,
357 333 393 373 2,
418 327 476 364 45.
503 334 563 364 aut
586 330 733 363 tollatur
758 328 936 364 medicina
957 333 992 370 2,
1020 333 1076 374 17,
1100 330 1135 366 9.
1161 330 1224 375 qui
1243 335 1298 365 tot
1319 335 1494 376 tyrannos
1517 334 1639 365 sustu-'

132 376 215 411 ierit
240 379 281 419 3,
306 378 351 419 6,
377 377 432 411 26.
460 376 506 410 ad
529 377 723 410 tollendam
749 376 1006 411 dubitationem
1030 378 1072 420 5,
1097 377 1141 419 9,
1165 378 1200 412 8.
1225 376 1271 419 cf.
1297 378 1339 420 5,
1365 379 1430 421 13,
1458 379 1517 412 51.
1543 378 1634 412 haec

132 422 330 468 propositio
375 422 641 457 confessionem
681 422 876 458 adversarii
916 422 1046 468 premit
1083 428 1118 457 et
1151 425 1414 468 quodammodo
1450 422 1632 464 iudicandi
1683 449 1687 452 -

134 480 271 503 moram
292 469 385 503 tollit
410 468 446 507 4.
469 468 504 511 4,
527 468 562 502 4.
600 470 782 504 schemata
812 471 866 504 de
889 480 1011 504 rerum
1030 474 1155 504 natura
1180 469 1259 503 tolli
1281 471 1318 513 9,
1345 473 1380 513 2,
1405 470 1471 512 953
1505 469 1634 514 quibus

133 515 280 550 sublatis
307 514 470 549 defensio
496 517 592 549 nulla
619 521 673 550 est
696 518 739 559 3,
768 518 831 559 11,
857 517 913 551 18.
941 515 986 558 cs.
1012 517 1067 552 19.
1092 514 1138 559 4,
1165 519 1208 559 2,
1235 515 1294 550 40.
1319 527 1499 560 nunquam
1525 517 1634 550 tolle-

132 568 190 596 tur
213 573 233 595 a
259 562 380 606 specie
404 572 539 608 genus,
563 561 634 596 nisi
660 568 699 596 ut
723 573 848 597 omnes
873 563 1034 606 species,
1062 574 1154 607 quae
1178 569 1261 597 sunt
1311 562 1412 597 eneri
1438 562 1631 606 subjectae,

130 614 386 643 removeantur
405 610 455 651 5,
482 610 549 651 10,
573 611 630 643 57.
661 615 851 653 utrumque
874 610 1070 643 tollendum
1097 608 1136 652 (ἰ.
1163 622 1192 643 e.
1222 573 1308 651 re]g
1302 611 1457 643 ellend
1467 622 1488 642 u
1501 609 1551 650 m)
1578 613 1635 643 est

132 658 175 688 ib.
194 656 262 698 65;
294 654 471 688 Lucilium
495 654 606 689 fluere
629 657 856 700 lutulentum,
885 661 933 699 et,
959 666 1039 690 esse
1062 655 1216 700 aliquid,
1245 656 1342 701 quod
1365 656 1494 690 tollere
1519 653 1636 700 possis

134 704 190 743 10,
218 705 251 744 1,
275 703 322 737 94
346 702 392 736 N.
421 703 535 735 Add.
562 703 598 736 S.
1603 714 1614 726 -‘

87 745 284 789 Tondeo·
328 759 518 793 tondemur
542 770 591 793 ex
620 759 880 794 consuetudine
913 763 945 802 1,
970 759 1006 802 6,
1033 757 1093 793 44.
1122 764 1244 794 tonsas
1266 764 1404 804 myrtos
1427 759 1464 803 8,
1491 760 1526 803 3,
1554 759 1589 794 8.

86 803 231 845 TOHO·
288 816 470 864 fulgurare
495 827 537 850 ac
560 822 686 852 tonare
710 820 754 861 2,
782 818 846 860 16,
874 817 930 852 19.
969 829 1003 851 v.
1026 817 1245 864 Fulguro.

86 865 251 908 Tortor.
300 887 331 909 v.
362 875 396 908 T
411 883 537 908 enor.

86 923 274 978 Topper·
319 932 363 966 ab
390 931 523 965 ultimis
557 937 592 965 et
623 932 695 977 jam
732 931 931 966 obliteratis
959 931 1111 977 repetita
1135 930 1374 976 temporibus,
1408 930 1526 977 qualia
1554 909 1637 966 sunt
1699 929 1702 933 ’

133 987 303 1025 topper
327 986 389 1012 etc.
418 981 450 1022 1,
477 980 510 1020 6,
539 977 596 1012 40.
1044 982 1050 989 “
1660 992 1663 994 v

87 1025 383 1069 Tormenilssn·
427 1041 604 1070 tormenta
628 1035 740 1080 (inter
766 1037 976 1079 probationes
1004 1034 1264 1079 inartificiales)
1289 1036 1330 1078 5,
1356 1038 1397 1078 1,
1417 1016 1458 1069 '2.
1492 1039 1528 1069 et
1560 1039 1636 1068 tor-

131 1090 252 1118 menta
275 1082 354 1116 sine
377 1082 511 1129 gemitu
534 1083 628 1116 feret
650 1083 765 1116 malus
789 1087 916 1118 servus
940 1085 982 1125 2,
1007 1084 1074 1123 20,
1102 1084 1156 1115 10.
1188 1093 1234 1115 an
1265 1081 1453 1116 tormentis
1480 1081 1636 1116 creden-

132 1131 216 1164 dum
240 1132 280 1172 3,
314 1129 354 1172 5,
390 1131 443 1163 10.
485 1134 654 1173 tanquam
686 1129 788 1162 illum
822 1128 1008 1162 conscium
1037 1128 1074 1162 in
1111 1127 1575 1162 tormentis'nominaturus
1599 1129 1634 1169 9,
1699 1147 1707 1157 ·

131 1180 166 1219 2,
191 1179 247 1210 82.
271 1180 311 1209 ut
333 1176 563 1209 innocentem
587 1187 628 1210 se
653 1175 691 1209 in
715 1174 902 1210 tormentis
926 1175 1113 1220 pertendat
1136 1176 1180 1210 ib.
1199 1175 1262 1222 83,
1285 1174 1330 1217 cjl
1349 1176 1383 1218 5,
1405 1176 1469 1219 10,
1485 1176 1543 1209 70.
1575 1174 1634 1208 De

130 1222 317 1257 tormentis
343 1223 382 1263 5,
407 1221 493 1265 Cap.
512 1221 547 1255 4.
1446 1228 1451 1229 ⁷

84 1267 272 1322 Torpeo·
312 1278 539 1325 'languidi
574 1283 610 1312 et
632 1283 892 1322 torpentes
916 1277 1039 1322 (oculi)
1065 1280 1120 1320 11,
1146 1280 1181 1321 3,
1206 1278 1264 1314 76.

84 1324 302 1379 Torqueo.
346 1334 387 1377 I)
412 1337 568 1378 proprie.-
597 1340 768 1378 torquere
789 1337 929 1370 vultum
955 1337 1010 1377 10,
1035 1337 1070 1377 3,
1094 1338 1152 1369 21.
1178 1346 1310 1369 non—
1328 1336 1634 1378 motusdaterum,

129 1382 245 1428 qualis
274 1392 354 1415 esse
378 1382 420 1414 ad
440 1381 595 1416 verbera
619 1383 733 1422 solet,
759 1382 982 1425 torquendus
1008 1383 1047 1414 11
1063 1406 1074 1423 ,
1103 1383 1147 1422 3,
1170 1382 1228 1423 90.
1276 1381 1334 1424 11)
1368 1383 1411 1414 de
1433 1383 1634 1425 quaestionis

128 1441 269 1471 genere.-
304 1426 408 1462 torsit
441 1439 522 1461 eum
548 1431 592 1470 7,
618 1430 663 1470 2,
689 1429 746 1462 25.
781 1428 964 1471 quomodo
999 1426 1044 1460 sit
1081 1433 1195 1460 tortus
1225 1426 1270 1468 5,
1293 1425 1342 1470 4,
1365 1430 1399 1460 2.
1434 1426 1633 1472 tyrannidis

129 1475 314 1520 affectatae
355 1475 540 1507 damnatus
574 1479 782 1518 torqueatur
806 1476 848 1516 9,
877 1476 923 1516 2,
954 1474 1013 1508 81.
1049 1479 1146 1507 torto
1186 1482 1261 1506 non
1293 1473 1460 1507 credetur
1502 1475 1547 1507 ib.
1572 1473 1632 1508 82.

131 1520 214 1563 ΙΙΙ)
243 1524 377 1554 transl..·
410 1520 655 1562 solicitudine,
686 1520 931 1564 poenitentia,
964 1529 1164 1563 poenarum
1195 1518 1355 1553 omnium
1381 1518 1634 1564 expectatione

128 1572 318 1611 torquetur
341 1568 461 1611 (mens)
487 1569 543 1610 12,
569 1569 603 1609 1,
628 1569 663 1601 7.
688 1565 940 1609 expectatione
964 1571 1080 1600 tortus
1107 1566 1141 1609 6,
1167 1568 1200 1608 1,
1231 1566 1287 1600 18.
1575 1580 1582 1582 ’

84 1612 297 1668 TorqueS·
339 1629 506 1668 torquem
533 1635 678 1657 aureum
703 1629 848 1658 centum
871 1623 992 1668 pondo
1016 1623 1052 1667 6,
1076 1624 1112 1666 3,
1141 1623 1199 1658 79.

84 1680 291 1723 TorreuS·
325 1691 364 1732 α)
393 1692 478 1736 Adj.
494 1705 504 1725 :
539 1697 574 1726 at
598 1691 658 1726 ille
683 1691 825 1735 (amnis)
843 1693 1080 1725 —multus
1107 1696 1144 1725 et
1170 1696 1369 1725 torrens
1393 1691 1549 1735 judicem
1570 1691 1634 1727 vel

129 1738 300 1772 nitentem
326 1744 451 1771 contra
473 1738 567 1772 feret
592 1742 654 1781 12,
687 1741 752 1781 10,
779 1739 844 1780 613
873 1742 1013 1772 transl..·
1039 1748 1104 1771 cur
1128 1743 1246 1772 autem
1273 1743 1475 1779 torrens
1498 1744 1536 1772 et
1562 1737 1633 1771 uti-

129 1797 199 1829 que
228 1784 424 1828 aequanter
457 1785 711 1818 concitata
741 1784 786 1818 sit
818 1784 970 1818 dicentis
1004 1783 1120 1818 oratio
1146 1786 1190 1826 3,
1215 1785 1260 1818 8.
1283 1784 1341 1818 60.
1394 1785 1463 1829 fl)
1499 1786 1644 1818 Suana.
1674 1814 1682 1826 ,

126 1844 159 1864 v.
186 1832 332 1873 Fons3
370 1834 515 1866 transl-2.
534 1842 573 1865 se
602 1831 700 1864 inani
723 1831 919 1866 verborum
943 1830 1094 1864 torrenti
1119 1831 1203 1863 dare
1228 1832 1292 1873 10,
1316 1831 1352 1873 7,
1377 1833 1436 1864 23.

84 1875 240 1918 ΤΟΙἫΞ·
290 1898 364 1922 non
391 1889 600 1922 athletarum
626 1894 765 1924 toros
795 1889 858 1922 sed
882 1887 1034 1921 militum
1058 1888 1267 1921 lacertos
1291 1879 1424 1931 10,'1‚
1449 1889 1495 1921 33
1517 1891 1562 1921 Ζ.

84 1933 269 1975 Torvus·
318 1957 389 1989 quo
415 1945 460 1978 sit
484 1945 597 1991 magis
621 1950 749 1979 torvus
773 1943 929 1988 (vultus)
959 1947 1027 1988 11,
1042 1946 1097 1987 3,
1123 1944 1202 1978 160.
1228 1944 1274 1986 cs.
1297 1940 1350 1988 6,
1373 1947 1414 1989 1,
1437 1944 1496 1980 43.
1530 1950 1632 1984 motu

129 1991 348 2036 superbi,
385 1992 510 2027 torvi
536 1999 597 2025 etc.
629 1992 719 2025 fiunt
752 1991 849 2025 oculi
880 1994 932 2034 11,
958 1993 992 2034 3,
1017 1991 1076 2026 75.

84 2035 184 2079 Tot.
221 2062 249 2082 c.
277 2050 422 2091 affectu.-
457 2053 512 2082 tot
539 2048 850 2082 circumstantibus
876 2047 1036 2092 judiciis,
1067 2047 1212 2094 jurgiis,
1246 2046 1402 2081 fortuitis
1427 2047 1534 2082 etiam
1557 2048 1633 2082 cla·-

128 2094 287 2128 moribus
314 2098 370 2138 10,
395 2097 430 2137 3,
459 2097 515 2129 30.
545 2095 588 2136 cf.
616 2096 679 2139 Ep.
707 2096 752 2128 ad
777 2096 916 2140 Tryph.
934 2098 967 2128 1.
1002 2097 1036 2136 7,
1061 2095 1118 2127 Pr.
1144 2093 1180 2127 4.
1210 2096 1265 2135 10,
1291 2094 1326 2136 5,
1354 2095 1408 2128 10.
1432 2097 1488 2129 11.
1517 2095 1551 2129 3.
1572 2097 1632 2128 22.

130 2144 185 2183 12,
219 2144 251 2183 1,
276 2142 334 2175 28.
366 2141 540 2185 expositis
565 2147 589 2176 t.
617 2143 652 2184 (i.
681 2154 710 2186 q.
737 2145 840 2175 omni
849 2139 936 2182 bus)
968 2139 1129 2184 corporis
1155 2139 1334 2184 animique
1359 2139 1632 2184 proprietatibus

128 2190 163 2230 7,
190 2189 224 2228 3,
251 2189 306 2222 15.
338 2199 369 2222 v.
397 2189 521 2222 Tam.
548 2193 573 2221 t.
600 2188 858 2232 pulcherrimas
886 2193 980 2221 artes
1006 2186 1148 2231 penitus
1172 2192 1292 2220 mente
1321 2187 1549 2230 complexum
1575 2188 1631 2229 12,

132 2235 169 2275 1,
197 2235 252 2267 25.
1487 2244 1491 2248 ·
1550 2236 1553 2238 ·

83 2275 297 2319 Totidem.
345 2290 487 2335 utrique
519 2290 612 2335 parti
638 2296 662 2324 ι,
690 2290 787 2325 modi
814 2292 860 2333 ὃ,
885 2291 931 2333 3,
955 2289 1013 2324 89.
1045 2293 1213 2332 quattuor
1246 2275 1386 2323 ventos¹
1410 2299 1431 2322 a
1457 2294 1483 2322 t.
1507 2287 1631 2330 mundi
1656 2304 1658 2307 v
1720 2285 1728 2297 ¹

103 2366 107 2373 ,
129 2335 332 2370 cardinibus
356 2338 443 2370 flare
470 2339 533 2378 12,
564 2340 624 2378 10,
649 2338 706 2371 67.
740 2338 836 2370 hunc
858 2356 904 2362 -
934 2334 994 2368 alii
1018 2334 1266 2378 imperfectum
1291 2334 1537 2380 syllogismum
1563 2344 1632 2369 vo·-

129 2387 322 2426 caverunt,
357 2383 440 2427 quia
469 2394 538 2417 nec
572 2382 748 2417 distinctis
777 2394 844 2416 nec
877 2387 899 2415 t.
927 2380 1084 2424 partibus
1115 2381 1394 2414 concluderetur
1423 2382 1466 2423 5,
1493 2382 1557 2423 10,
1584 2381 1630 2422 33

128 2427 354 2471 totidem,
383 2435 468 2473 quot
491 2429 552 2462 illa
580 2431 723 2471 (mens),
748 2428 964 2462 mutationes
991 2427 1098 2460 habet
1126 2426 1225 2470 (vox)
1250 2429 1306 2467 11,
1333 2427 1368 2469 3,
1393 2426 1449 2461 62.
1478 2425 1540 2470 qui
1561 2430 1631 2460 to-

127 2471 266 2506 tidem
292 2474 422 2521 figuras
447 2480 581 2518 putant,
607 2481 722 2519 quot
747 2475 894 2509 affectus
917 2472 1129 2517 repudiandi
1156 2473 1191 2516 9,
1221 2475 1255 2515 1,
1283 2473 1340 2506 23.
1368 2471 1413 2514 cfi
1439 2474 1473 2516 5,
1497 2474 1553 2515 10,
1571 2470 1624 2507 95

127 2517 221 2571 ‘323’
248 2521 304 2553 82.
330 2522 365 2562 8,
389 2522 424 2564 6,
450 2520 508 2556 42.
529 2522 564 2563 9,
591 2522 625 2564 3,
647 2520 729 2555 46.-
1200 2527 1205 2532 ’

81 2559 262 2604 Τθῑῑθῐὶὃ
316 2578 399 2619 (Sp.
432 2575 586 2619 Toties).
622 2591 650 2611 ο.
678 2578 824 2620 affectu:
860 2581 1004 2618 poetas,
1040 2575 1151 2619 quit.
1177 2580 1259 2609 ortu
1282 2580 1481 2614 occasuque
1504 2567 1626 2620 signo-

127 2630 206 2651 rum
230 2619 267 2653 in
292 2623 515 2657 declarandis
545 2624 764 2666 temporibus
790 2627 935 2655 utuntur
961 2625 992 2663 1,
1019 2619 1054 2662 4,
1077 2620 1102 2653 4
1123 2625 1166 2654 Ζ.
1201 2621 1262 2663 qui
1285 2627 1351 2662 pro
1374 2629 1450 2660 rep.
1476 2615 1627 2648 sedulo-

129 2675 205 2697 sum
232 2665 350 2701 civem
372 2674 397 2702 t.
429 2670 707 2713 compescuisset
733 2671 789 2712 11,
818 2672 849 2710 1,
877 2666 935 2701 40,
964 2666 1008 2707 qs.
1035 2670 1066 2708 1,
1090 2669 1146 2709 12,
1173 2668 1228 2699 10.
1261 2668 1297 2708 2,
1323 2663 1358 2702 4.
1382 2663 1439 2698 29.
1461 2677 1466 2682 „

60 2736 66 2740 -
82 2706 232 2750 TOUIS-
281 2723 328 2763 α)
353 2727 555 2767 simpliciter.
591 2726 629 2769 a)
653 2729 792 2761 JWasc..·
824 2724 884 2769 qui
907 2735 946 2758 Se
972 2729 1085 2758 totum
1118 2723 1158 2756 in
1184 2723 1253 2755 hac
1278 2731 1363 2755 cura
1389 2716 1625 2753 consumserit

127 2768 162 2808 9,
183 2766 222 2804 4.
248 2771 326 2802 113.
352 2769 396 2810 cs.
426 2773 481 2813 10,
511 2774 543 2814 1,
573 2774 651 2806 108.
679 2774 744 2814 10,
769 2773 812 2813 3,
837 2773 894 2804 23.
924 2782 1003 2804 cum
1031 2775 1143 2804 totum
1167 2767 1393 2812 exprimere,
1417 2775 1525 2809 quem
1547 2764 1624 2797 ele-

124 2813 237 2859 geris,
270 2825 384 2856 paene
407 2814 451 2849 sit
475 2817 612 2850 homini
635 2818 886 2851 inconcessum
912 2818 976 2858 10,
1008 2819 1045 2857 2,
1077 2816 1132 2849 26.
1192 2815 1239 2854 b)
1271 2813 1415 2845 Netum-
1448 2809 1526 2844 fieri
1550 2819 1623 2843 ¹101¹
