1728 3002
672 159 838 204 Natura
1375 154 1382 161 ⁶
1458 161 1553 202 551.

54 276 224 323 optimam
245 275 368 325 genuit
392 278 449 317 12,
474 277 531 319 11,
556 279 612 311 12.
636 274 739 309 auter
761 285 867 320 quam
888 283 940 315 ae
961 284 998 309 n.
1022 273 1187 323 habet,
1214 279 1251 310 et
1272 282 1377 320 quam
1405 283 1542 318 opor-

49 325 219 367 tetset
241 333 370 369 quam
391 327 460 356 sat
481 327 554 356 est
575 323 612 364 8,
635 323 669 364 3,
692 323 749 357 58.
787 321 857 355 cui·
869 326 1029 356 naturam
1052 320 1194 355 obstare
1220 323 1276 364 10,
1301 323 1338 362 2,
1361 322 1418 353 21.
1443 321 1538 364 quod

47 369 196 405 minim
218 378 254 404 ιι.
282 366 416 413 patitur
442 370 498 409 12,
522 371 555 410 1,
581 369 638 403 23.
686 379 779 413 quae
803 379 840 402 n.
868 377 941 402 non
968 366 1137 411 permittit
1158 368 1193 408 9.
1220 370 1255 411 2,
1283 368 1340 402 32.
1366 365 1411 407 cs.
1439 369 1475 406 7,
1507 371 1539 406 1,

50 413 109 455 49.
132 415 286 450 similam
308 424 392 449 raro
414 419 568 458 praestat
590 424 627 448 n.
653 416 709 458 10,
743 417 778 457 2,
809 416 845 448 3.
891 414 988 458 quod
1012 412 1089 457 ipsa
1119 413 1223 447 nobi·
1258 424 1293 447 n.
1330 411 1541 456 praescribit

50 463 88 506 3,
111 462 148 504 6,
171 463 230 496 80.
258 460 311 496 eis
333 458 587 503 (orationibus)
621 461 744 494 subest
769 462 856 494 nat.
881 466 917 495 et
938 470 1051 494 vera
1074 459 1149 493 vis
1175 461 1232 503 10,
1255 461 1291 502 2,
1316 462 1372 492 11.
1398 469 1435 491 ιι.
1463 469 1539 492 non

50 512 188 542 tamum
215 506 256 541 in
277 508 348 541 hoc
369 506 466 540 valet
486 505 523 551 6,
546 507 581 549 3,
607 508 662 540 12.
710 516 783 550 quo
810 511 917 540 vocat
938 516 975 540 n.
1000 508 1043 547 -2,
1067 507 1103 547 8,
1137 508 1192 540 12.
1238 503 1279 548 b)
1314 506 1357 538 de
1392 506 1538 537 humana

50 555 178 587 indole.-
218 551 325 599 digna
356 551 425 585 fuit
452 550 515 586 illa
539 563 591 594 ιι.,
618 563 710 596 quae
748 551 895 586 meliora
924 552 1036 586 venet
1066 553 1123 594 10,
1154 555 1186 594 1,
1222 551 1279 586 31.
1324 550 1363 584 fit
1397 561 1447 584 ex
1468 550 1538 583 ‘his

50 593 374 642 consuetudo,
408 595 541 632 deinde
560 603 652 632 nat.
680 602 713 641 1,
736 601 771 637 2,
798 599 889 632 81³.
917 596 1241 632 Consuetudo.
1263 606 1337 640 quo
1361 607 1538 641 quemque

48 654 88 678 ιι.
113 643 269 678 maxime
291 644 383 678 ferat
406 646 441 684 2,
462 644 498 685 8,
523 645 556 678 1.
601 644 696 688 quod
723 655 759 677 ιι.
785 642 940 677 hominis
974 654 1147 677 summum
1171 643 1280 676 habet
1320 644 1378 686 12,
1406 645 1444 684 2,
1479 645 1536 685 15.

48 690 162 726 mult·
181 689 289 724 etiam
312 689 390 723 aine
416 688 643 724 doctrina
662 695 843 734 praestare
870 690 997 724 debeat
1018 700 1084 733 par
1109 700 1150 724 ne
1171 689 1307 733 ipsa-n.
1340 689 1377 731 8,
1406 689 1467 724 Ρι·.
1495 691 1537 721 12

48 747 85 770 c.
110 735 363 770 Doctrina.
407 735 475 769 vix
498 741 558 768 aut
581 741 677 770 nat.·
703 741 764 769 aut
785 735 908 769 ratio
931 735 969 768 in
993 741 1063 768 tam
1081 735 1269 778 muitiplex
1292 734 1452 768 officium
1477 734 1538 767 de-

50 781 183 817 ducem
208 781 366 819 anixnum
388 785 495 824 queat
522 783 579 823 10,
603 783 639 820 7.
660 781 694 816 9.
729 781 900 826 quidquid
923 780 1051 824 recipit
1080 780 1119 815 in
1156 780 1334 823 eiusmodi
1363 780 1538 824 discepta-

4 854 7 855 γ
45 825 148 861 tione
170 831 296 861 natura
320 829 377 869 12,
400 827 435 865 8,
458 828 513 860 10.
562 824 599 867 δ)
624 828 734 861 Genii.
762 835 793 861 et
810 831 918 861 Dae..·
943 826 1088 870 propria
1124 832 1271 861 naturae
1305 827 1401 860 bona
1430 830 1466 868 2,
1501 827 1536 867 8,

47 873 85 907 3.
110 871 224 916 ipsius
246 883 282 906 ιι.
305 871 559 915 contemplatio
582 874 617 914 3,
642 873 678 912 6,
704 873 761 908 86.
785 873 971 906 infirmitas
995 884 1032 905 n.
1059 874 1116 915 10,
1138 875 1173 915 2,
1200 874 1254 908 19.
1285 872 1395 915 ipsius
1417 883 1537 907 rerum

19 959 21 961 ,
47 929 87 953 n.
114 918 245 952 finibus
270 920 328 960 12,
348 920 384 958 2,
410 920 468 951 23.
514 929 549 951 n.
577 928 705 952 munus
731 921 788 960 11,
813 921 850 962 2,
877 921 908 952 1.
931 917 1101 962 requisita
1124 929 1162 952 ιι.
1185 920 1221 962 8,
1244 919 1280 959 6,
1306 919 1351 952 59
1377 918 1424 951 Ν.
1448 917 1537 952 vitia

46 973 87 997 ιι.
110 966 169 1007 11,
191 965 227 1006 3,
250 956 314 1006 125
347 969 496 997 naturae
519 964 708 998 adversum
730 962 766 1006 4,
794 966 828 1006 2,
852 964 909 998 52.
952 962 988 1006 ε)
1019 967 1180 998 Accusat.
1222 962 1261 1007 a)
1292 963 1538 999 transformari

49 1009 108 1043 ad
132 1020 168 1043 n.
191 1019 338 1051 eorum,
374 1009 420 1042 de
445 1008 574 1053 quibus
595 1009 776 1053 loquimur
801 1012 834 1051 1,
861 1012 896 1051 2,
928 1011 985 1043 30.
1034 1015 1205 1044 contra
1227 1021 1264 1042 n.
1301 1019 1422 1056 pugno
1445 1012 1482 1050 2,
1502 1010 1537 1051 8,

51 1056 108 1089 10.
132 1055 279 1098 capillos
301 1065 323 1088 a
344 1054 464 1088 fronte
490 1059 661 1089 contra
683 1066 720 1088 ιι.
745 1061 951 1102 retroagere
978 1058 1035 1097 11,
1053 1056 1089 1098 3,
1114 1056 1193 1090 160.
1216 1054 1356 1088 facilius
1379 1066 1460 1089 esne
1479 1065 1539 1088 se-

49 1101 245 1135 cundum
271 1111 332 1143 n.,
357 1111 463 1144 qum
491 1106 652 1134 contra
675 1111 754 1134 eam
777 1101 904 1135 viva-e
929 1103 985 1141 12,
1010 1104 1067 1143 11,
1096 1103 1151 1136 13.
1180 1112 1271 1135 sec.
1304 1112 1340 1135 n.
1375 1099 1540 1134 homines

48 1147 203 1180 edunmr
229 1149 262 1188 1,
291 1149 326 1187 1,
350 1148 386 1179 2.
413 1152 453 1179 ut
476 1145 526 1180 ‘sit
547 1152 727 1180 rectum
750 1152 786 1180 et
812 1158 903 1180 sec.
927 1152 1020 1181 nat.
1045 1146 1198 1190 (caput)
1224 1150 1283 1188 11,
1302 1150 1341 1189 ,3,
1364 1147 1423 1181 69.
1449 1157 1536 1181 sec.
1568 1143 1574 1149 ’

48 1203 88 1227 ιι.
111 1191 252 1225 dixisse
274 1194 330 1233 12,
357 1193 414 1234 10,
435 1190 495 1225 42.
520 1191 564 1233 cjl
589 1195 625 1234 2,
647 1194 683 1235 5,
707 1195 765 1225 11.
792 1195 827 1234 7,
850 1193 887 1235 9,
914 1192 968 1226 15.
1003 1203 1083 1226 esse
1117 1193 1189 1226 hoc
1219 1192 1333 1239 magis
1367 1203 1464 1226 sec.
1501 1203 1538 1226 ιι.

47 1236 86 1279 4,
113 1240 147 1280 1,
171 1238 228 1272 63.
256 1248 348 1271 sec.
374 1248 412 1270 ιι.
439 1238 665 1281 eloquentiae
684 1237 774 1280 dicit
798 1241 855 1280 12,
881 1239 937 1279 10,
960 1236 1019 1272 44.
1066 1249 1157 1282 quae
1188 1249 1274 1271 sec.
1310 1249 1347 1271 ιι.
1379 1238 1538 1280 judican-

47 1283 137 1316 tium
158 1282 253 1316 dicta
279 1288 361 1316 sunt
385 1285 441 1325 12,
467 1285 523 1325 10,
547 1285 605 1318 55.
651 1294 794 1327 super
820 1284 967 1317 modum
992 1295 1035 1317 ac
1056 1294 1171 1328 paene
1194 1290 1265 1318 nat.
1286 1283 1390 1326 vocis
1410 1285 1538 1318 huma-

48 1339 117 1365 nae
140 1331 196 1371 11,
220 1330 256 1371 3,
280 1329 360 1364 169.
405 1327 537 1372 auiquid
561 1340 707 1373 supra
730 1334 890 1362 naturam
913 1340 1012 1362 suam
1043 1334 1196 1363 tractant
1228 1331 1271 1372 9,
1307 1329 1352 1373 4,
1389 1332 1443 1366 19.
1499 1329 1538 1374 b)

49 1374 149 1418 ejus,
180 1374 278 1418 quod
302 1375 347 1407 ad
369 1374 524 1407 animum
546 1374 714 1418 pertinet,
740 1375 851 1420 magis
870 1375 1030 1409 admirer
1063 1386 1099 1409 ιι.
1128 1378 1184 1418 11,
1218 1378 1253 1415 2,
1290 1376 1323 1410 5.
1358 1386 1539 1419 ιιεριιιιιθιθ

49 1419 90 1459 iu
109 1423 255 1459 causam
275 1425 468 1454 naturas
492 1430 617 1454 eorum
640 1420 837 1464 (judicum)
860 1419 896 1462 4,
926 1424 960 1463 1,
985 1422 1042 1455 17.
1076 1432 1111 1454 n.
1144 1431 1219 1454 non
1250 1422 1399 1455 docetur
1432 1422 1470 1464 6,
1500 1420 1537 1464 4,

52 1467 110 1500 12.
153 1462 294 1509 (pinet)
317 1464 357 1499 in
378 1466 450 1500 hoc
473 1472 743 1508 assuescat,
766 1466 872 1509 hujus
895 1466 948 1500 rei
971 1466 1061 1499 sibi
1088 1473 1300 1500 naturam
1324 1466 1478 1501 faciat
1501 1470 1536 1510 2,
1561 1451 1581 1485 ‘⁷

46 1509 85 1554 4,
109 1513 166 1547 17.
189 1507 369 1544 difficilius
395 1517 469 1554 est,
500 1523 538 1545 n.
566 1522 666 1546 suam
689 1512 823 1557 fingere
848 1512 973 1555 (quam
998 1512 1160 1554 aliorum)
1185 1514 1241 1559 10,
1270 1516 1307 1556 2,
1331 1515 1390 1553 20.
1416 1525 1455 1546 ιι.
1480 1512 1540 1546 in·-

50 1561 235 1600 tuaamur,
269 1557 364 1590 hanc
384 1566 574 1601 sequamur
596 1559 634 1599 8,
659 1559 694 1600 3,
717 1560 775 1595 71,
802 1557 846 1597 cf.
870 1559 907 1601 5,
930 1560 987 1599 12,
1023 1559 1076 1592 19.
1111 1561 1148 1601 7,
1182 1561 1215 1600 1,
1245 1558 1293 1593 46
1327 1560 1376 1593 N.
1422 1558 1539 1602 juvari

43 1601 356 1650 rationcjat.
380 1605 436 1644 11,
464 1606 502 1645 2,
524 1604 559 1639 9.
583 1602 628 1644 ό.
659 1606 716 1645 11,
740 1605 774 1642 3,
803 1607 857 1637 11.
904 1602 1149 1649 ingenium
1186 1606 1263 1646 ejus
1300 1610 1539 1638 naturam-

51 1659 130 1692 que.
145 1646 337 1692 perspiciat
360 1650 394 1691 1,
419 1650 455 1691 3,
492 1652 526 1682 1.
571 1648 774 1682 animalium
807 1655 950 1682 naturas
982 1659 1106 1692 omnea
1132 1650 1355 1694 perquireret
1391 1653 1449 1692 12,
1482 1653 1541 1693 11,

41 1695 114 1729 22.
158 1693 317 1738 sequitur
342 1705 381 1730 n.
405 1695 533 1728 ducem
556 1693 592 1736 4,
618 1696 653 1737 5,
676 1696 710 1727 3.
748 1695 783 1736 5,
814 1697 871 1735 10,
913 1697 992 1729 101.
1027 1698 1061 1736 7,
1099 1698 1133 1737 1,
1164 1694 1223 1728 40.
1281 1694 1312 1736 ζ)
1344 1698 1459 1728 Ablata.
1503 1700 1539 1734 a)

52 1743 178 1785 capent
201 1750 240 1772 ιι.
265 1741 323 1780 11,
342 1741 377 1781 3,
401 1740 459 1773 62.
509 1740 639 1782 justum
663 1749 769 1772 omne
803 1740 1007 1773 continetur
1040 1745 1128 1773 nat.
1161 1741 1223 1774 vel
1256 1751 1340 1774 con
1354 1740 1541 1774 stituti-

53 1792 160 1818 one:
191 1780 448 1828 namm'quod
474 1785 668 1818 secumdum
691 1785 863 1828 cujusque
885 1784 939 1818 rei
963 1783 1181 1831 dignitatem.
1205 1788 1241 1827 7,
1266 1782 1361 1827 4,‘5.
1391 1797 1426 1820 ιι.
1453 1797 1540 1820 οοιι-
1595 1776 1598 1778 ’

55 1833 151 1863 stare
173 1838 294 1865 mores
318 1831 375 1870 12,
395 1832 431 1871 2,
454 1832 490 1862 2.
534 1840 598 1863 sua
626 1829 744 1873 potius
766 1835 863 1863 arte
886 1841 993 1873 quam
1015 1836 1187 1864 natura
1214 1831 1399 1876 gloriantis
1424 1834 1482 1874 11,
1505 1836 1540 1875 2,

54 1876 120 1909 22.-
147 1872 246 1917 -quia
268 1873 361 1916 (Sp.
387 1875 484 1917 quod
512 1876 556 1915 a)
576 1880 701 1908 natura
724 1880 779 1909 est
812 1875 975 1909 omnibus
1007 1875 1161 1922 augendi
1192 1887 1250 1910 res
1288 1877 1543 1921 minuendique

55 1917 231 1963 cupiditas
254 1918 359 1952 insita
392 1921 427 1960 8,
457 1920 493 1961 6,
524 1920 571 1954 75
594 1923 635 1953 Ζ.
681 1930 814 1963 corpus
836 1925 919 1955 ante
947 1921 1065 1954 omnia
1087 1932 1123 1954 ιι.
1146 1922 1289 1964 juvatur
1313 1922 1348 1964 5,
1374 1925 1429 1965 10,
1455 1926 1541 1965 1213

56 1969 148 1999 nat.
174 1975 262 1997 sua
285 1964 443 1998 contenti
468 1971 544 2007 opp.
569 1962 839 2008 praecept-is
862 1969 898 2007 2,
925 1969 982 2007 11,
1008 1969 1050 2007 1;
1084 1966 1221 2011 ingredi
1246 1975 1306 2000 eie.
1332 1973 1419 2000 nat.
1443 1968 1544 2012 ipsa

58 2010 179 2046 sciunt
199 2013 236 2052 2,
264 2010 320 2050 16,
350 2010 406 2043 13.
447 2015 544 2049 ιιειῐ.
569 2009 664 2053 ἰρςιι
687 2011 779 2044 duce
804 2011 840 2052 6,
868 2014 903 2053 2,
936 2011 993 2046 25.
1024 2013 1060 2051 9,
1092 2010 1128 2054 4,
1158 2015 1236 2046 120.
1286 2023 1321 2047 n.
1352 2014 1544 2056 adjuvante

59 2057 118 2090 rr.
146 2055 204 2090 26.
248 2055 288 2095 b)
310 2061 386 2097 posi
416 2057 618 2099 Pmepom:
659 2055 731 2089 hoc
769 2066 892 2089 carere
934 2056 1081 2090 omnino
1114 2063 1212 2090 arte
1247 2070 1326 2101 opp.
1355 2059 1545 2104 praecipue
1605 2082 1612 2089 ·

60 2100 217 2147 positum
239 2110 318 2134 esse
341 2099 380 2133 in
408 2106 498 2134 nat.
525 2105 562 2134 et
588 2099 628 2134 in
650 2101 916 2135 occasione
938 2103 974 2144 6,
1000 2103 1036 2144 3,
1067 2104 1125 2135 11.
1149 2113 1239 2145 quae
1269 2109 1351 2135 sunt
1384 2105 1428 2138 ab
1466 2106 1544 2139 ead.

2 2160 17 2169 κ·
61 2146 167 2182 nobis
189 2157 227 2179 ιι.
253 2156 427 2179 concessa
448 2147 582 2188 12,1o,
603 2144 663 2179 43.
686 2158 720 2180 υ.
745 2145 980 2181 Concedo.
1027 2147 1124 2190 quod
1151 2158 1172 2180 a
1195 2154 1285 2182 nat.
1310 2149 1462 2191 primum
1485 2161 1547 2186 or-

37 2199 137 2227 ‘tum
161 2194 216 2226 est
235 2192 272 2233 9,
298 2189 335 2232 4,
358 2193 380 2225 3
404 2203 439 2224 v.
467 2191 572 2228 Ars.
596 2190 779 2225 Cultum
825 2203 894 2227 nec
918 2193 1089 2235 procula
1111 2198 1199 2226 nat.
1233 2195 1406 2229 recedunt
1427 2199 1464 2240 2,
1489 2198 1547 2240 10,

38 2277 42 2281 ,
62 2236 119 2273 13.
142 2248 212 2271 nec
234 2242 370 2270 tantum
393 2245 451 2270 ex‘
471 2237 717 2270 communibus
747 2248 861 2281 prae
876 2237 1007 2280 ceptis,
1030 2239 1095 2271 sed
1125 2237 1232 2272 etiam
1259 2250 1319 2273 ex
1349 2246 1441 2275 nat.
1471 2253 1549 2277 sua

62 2283 180 2328 capiat
211 2281 399 2316 consilium
428 2282 636 2316 formandae
671 2282 821 2316 actionis
852 2285 909 2324 11,
942 2285 979 2325 3,
1012 2284 1090 2321 180.
1137 2290 1343 2330 argumenta
1373 2297 1424 2322 ex
1452 2294 1548 2322 nat.

0 2339 27 2369 χ
62 2329 148 2363 duci
170 2341 248 2372 opp.
270 2326 461 2374 ingenia
487 2338 566 2362 esse
587 2327 863 2374 inxargumentis
887 2328 921 2371 5,
944 2331 980 2372 7,
1004 2331 1061 2363 33.
1090 2328 1205 2364 virtus
1238 2332 1365 2374 quosd.
1396 2331 1565 2378 impetus

65 2385 115 2409 ex
138 2385 177 2408 ιι.
199 2372 306 2407 sumit
329 2375 387 2412 12,
407 2375 444 2416 2,
470 2376 503 2407 1.
548 2373 587 2416 ο)
612 2376 694 2408 Am.
718 2377 909 2419 quammis:
946 2375 1095 2409 acerbus
1122 2379 1248 2408 natura
1269 2377 1307 2419 6,
1330 2379 1366 2420 3,
1392 2380 1449 2413 53,
1474 2391 1551 2414 me.

64 2419 181 2454 moria
203 2430 241 2452 n.
266 2418 388 2452 durior
411 2420 470 2462 11,
489 2421 526 2462 2,
548 2417 609 2455 48.
654 2419 751 2455 vitae
775 2424 968 2464 praecepta
995 2431 1031 2453 ιι.
1057 2421 1208 2455 honesta
1227 2424 1264 2464 2,
1302 2424 1360 2466 16,
1394 2426 1449 2458 10.
1482 2421 1551 2459 im*-

66 2463 197 2499 becilla
218 2475 255 2498 ιι.
284 2466 320 2507 5,
344 2466 402 2507 12,
429 2462 464 2498 4.
494 2465 601 2508 -justa
622 2470 726 2507 nat„
753 2465 817 2500 sed
851 2465 1142 2501 condicione
1178 2471 1439 2511 temporum
1468 2469 1551 2505 inu-

67 2509 146 2544 titia
168 2512 224 2550 12,
253 2512 286 2551 1,
310 2508 368 2543 41.
394 2520 434 2543 ιι.
456 2509 569 2553 prima
592 2512 753 2554 quaestio
777 2514 813 2553 7,
841 2514 875 2553 1,
897 2509 956 2544 64.
993 2512 1091 2546 nulla
1111 2522 1192 2548 vox
1225 2524 1263 2547 n.
1296 2514 1410 2559 turpis
1446 2517 1481 2558 8,
1517 2520 1553 2557 3,

66 2557 126 2591 39.
151 2554 196 2596 «ff.
223 2558 256 2596 1,
283 2558 316 2598 1,
339 2556 373 2589 5.
400 2557 436 2598 3,
459 2556 495 2599 6,
519 2554 576 2590 84.
597 2558 633 2596 9,
657 2559 694 2599 2,
718 2559 776 2591 33.
801 2559 858 2599 11,
883 2558 916 2598 1,
939 2557 997 2591 60.
1023 2560 1079 2600 12,
1100 2561 1137 2600 2,
1159 2561 1224 2600 273
1251 2559 1296 2592 ad
1313 2572 1405 2604 quae
1429 2574 1554 2606 quemv-

70 2612 143 2646 que
172 2600 426 2644 discipulormn
448 2613 487 2634 n.
515 2601 751 2645 compositum
773 2602 913 2636 videret
938 2604 994 2645 10,
1015 2606 1053 2645 2,
1085 2605 1146 2637 20.
1191 2603 1292 2638 initia
1318 2609 1444 2650 quaed.
1473 2614 1556 2642 suut

71 2657 243 2681 concessa
266 2658 302 2680 ιι.
329 2649 364 2688 2,
390 2648 450 2688 20,
469 2646 503 2681 6.
551 2658 643 2691 quae
666 2658 702 2681 ιι.
725 2654 808 2682 sunt
834 2653 957 2681 contra
1038 2651 1106 2691 10,.
1119 2651 1153 2691 5,
1178 2652 1234 2684 11.
1272 2649 1317 2692 cs.
1351 2654 1408 2695 10,
1438 2656 1474 2690 7.
1507 2656 1528 2687 5
1545 2667 1553 2674 ·

72 2693 289 2741 vernorum,
320 2692 447 2736 quibus
470 2693 587 2726 solum
607 2704 646 2727 ιι.
669 2693 727 2737 (α.
754 2698 779 2730 ι.
802 2696 890 2726 inser
919 2654 1032 2736 issqit
1054 2695 1212 2729 officium
1236 2681 1557 2741 attributumsser:

24 2758 51 2789 ς..
78 2737 159 2774 vire
181 2737 343 2774 sensibus
371 2741 429 2782 12,
453 2740 511 2782 10,
533 2738 592 2774 40.
637 2737 707 2774 ista
726 2738 897 2785 namqui
919 2744 956 2774 et
978 2741 1172 2776 cohaerere
1192 2741 1229 2785 6,
1257 2744 1290 2786 3,
1313 2743 1371 2779 76.
1394 2743 1441 2785 2:1¹.
1465 2744 1500 2787 6,
1526 2745 1559 2787 5,
