1728 3002
101 151 183 191 566
868 149 967 194 Nisi

147 262 275 298 forts
305 262 343 299 in
374 263 592 300 carminibus
618 268 758 299 tantum
783 269 821 299 et
842 262 883 298 in
904 262 1053 299 canticis
1075 261 1233 311 exigitur
1257 258 1436 303 &motura
1458 267 1587 312 quaed.
1610 274 1650 304 et

148 308 325 345 inoffensa
349 311 530 355 copulatio
558 321 711 354 vocum,
735 311 774 345 in
798 310 939 357 agendo
965 321 1191 355 supervacua
1208 341 1210 343 .
1225 317 1282 346 est
1319 315 1354 355 1,
1385 315 1442 356 10,
1463 315 1522 349 23.
1547 315 1592 348 Ν.
1617 315 1647 350 f.

148 355 348 391 antidotum
373 357 515 401 quidem
537 373 585 381 —-
608 368 656 392 ex
679 358 801 392 multis
828 362 900 401 atq.
924 355 1068 391 interim
1092 358 1282 393 contrariis
1313 366 1456 403 quoque
1490 358 1586 395 inter
1609 372 1649 395 se

148 401 333 436 affectibus
357 402 526 447 componi
547 403 713 438 videmus
738 415 804 437 -ε
839 413 908 437 nos
933 402 1161 446 mirabimur,
1199 403 1231 438 si
1264 404 1382 439 oratio
1409 425 1457 432 —
1487 406 1649 450 pluribus

136 447 284 482 «artibus
320 455 401 495 eget
424 452 466 483 ib.
501 451 535 485 6.
567 452 602 483 7.
637 461 674 484 ιι.
702 450 731 484 f.
765 451 896 485 Jovem
927 448 1070 494 quidem
1105 449 1248 485 Phidias
1279 451 1412 496 optime
1446 451 1553 495 fecit,
1587 452 1650 488 illa

149 500 298 540 autem
321 509 368 516 —
390 495 516 530 melius
545 495 635 531 alius
658 497 878 531 elaborasset
898 498 933 539 2,
958 498 993 539 3,
1017 496 1051 531 6.
1076 497 1122 530 Ν.
1150 496 1177 531 f.
1226 507 1302 531 ιιοιι
1334 508 1381 532 ex
1405 497 1546 532 Graeco
1568 509 1652 533 mu-

147 544 290 574 tuantes
315 541 635 577 demonstrativum
658 548 813 585 vocant,
842 552 999 576 verum
1029 541 1068 576 id
1091 548 1290 588 sequuntur
1324 551 1384 578 etc.
1412 545 1446 587 3,
1470 543 1506 586 4,
1533 543 1590 579 14.
1611 542 1649 580 ιι.

146 586 174 620 f.
198 587 364 628 laudare,
402 600 495 632 quae
519 595 660 623 constet
682 600 763 623 esse
787 590 939 623 honesta
965 596 1042 632 eux,
1065 600 1141 623 non
1169 595 1223 623 est
1255 589 1409 625 oratoris
1433 590 1592 625 officinm
1617 593 1652 634 3,

147 631 193 712 ᾗ
206 634 255 712 3.2
269 632 315 674 cf.
339 637 376 678 7,
401 637 458 678 10,
482 635 518 672 6.
541 636 577 678 8,
603 636 640 678 6,
668 636 726 670 25.
755 638 814 680 10,
839 638 874 678 1,
896 637 955 670 70.
982 637 1039 676 10,
1060 637 1097 679 2,
1121 636 1156 671 8.
1183 637 1242 680 10,
1268 638 1304 679 5,
1326 636 1360 672 6.
1388 637 1428 671 7:
1449 639 1507 681 11,
1534 639 1568 680 1,
1594 640 1653 671 12.

195 704 206 722 2
259 703 268 722 ι
292 682 328 714 2.

237 724 307 770 111)
332 728 483 760 anteced.
506 727 660 769 Negant
695 727 738 770 a)
761 727 862 768 vix,
893 738 1014 760 raro.-
1050 725 1138 761 vix
1170 727 1294 762 ullus
1318 733 1374 763 est
1395 733 1468 763 tam
1491 737 1653 762 commu-

146 768 204 804 nis
228 771 352 817 locus,
391 772 452 817 qui
475 773 590 817 possit
617 773 812 808 cohaerere
835 784 918 808 cum
941 782 1069 816 causa,
1097 784 1132 807 ιι.
1158 773 1321 818 aliquo
1348 774 1515 818 propriae
1539 786 1654 819 quae-

145 815 272 851 ationis
300 817 450 854 vinculo
474 820 663 863 copulatus
685 822 721 863 2,
744 817 780 856 4,
803 821 861 854 30.
907 829 1023 853 raro
1060 819 1190 854 audeat
1219 820 1320 864 quis,
1363 832 1400 855 n.
1426 823 1532 864 poeta
1556 822 1591 863 8,
1615 821 1653 861 6,

143 863 202 897 25.
250 863 333 908 quia
356 876 467 899 raro
496 867 589 900 belle
624 866 867 910 respondeant
898 864 1031 910 (verba
1058 867 1144 899 duos
1176 879 1289 900 rems
1321 865 1584 909 significantia),
1612 877 1651 901 ιι.

145 918 244 943 cum
270 921 416 954 prorsus
440 912 548 947 rebus
571 911 584 946 i
610 911 659 946 sis
683 912 898 954 adjuvantur
920 912 956 954 6,
980 913 1015 955 3,
1039 909 1100 946 48.
1125 910 1170 953 cf.
1195 913 1230 955 5,
1257 915 1313 955 10,
1337 914 1395 947 30.
1442 910 1482 957 β)
1509 913 1653 947 Nomine

143 966 173 988 e.
199 958 375 991 Particum
399 966 535 1000 negat..·
570 970 590 992 a
627 959 745 993 bonus
769 959 940 992 defensor
963 967 1119 1000 nemo,
1160 957 1252 992 nisi
1285 957 1362 1002 qni
1398 957 1651 1002 eloquentissi-

142 1011 222 1035 mus
244 1002 314 1036 fuit
340 1005 376 1047 5,
404 1006 460 1047 13,
484 1006 518 1039 3.
567 1005 665 1050 quod
689 1004 923 1039 neminem
951 1003 1118 1047 alium,
1151 1003 1252 1038 nisi
1276 1004 1369 1049 (Sp.
1387 1003 1547 1049 praeter)
1574 1005 1652 1039 De-

143 1047 310 1082 metrium
335 1050 455 1084 decuit
479 1053 535 1093 11,
564 1053 600 1094 3,
627 1052 706 1086 179.
738 1062 845 1095 quem
868 1049 960 1083 nisi
986 1050 1176 1094 probasset
1203 1050 1402 1097 Virgilius,
1423 1050 1520 1085 idem
1543 1062 1651 1085 nun-

143 1103 202 1137 qu
215 1105 277 1128 am
302 1101 400 1130 certe
423 1113 470 1120 ·-·
494 1096 642 1131 fecisset
667 1096 888 1131 mentionem
913 1098 968 1137 10,
998 1099 1030 1140 1,
1058 1097 1114 1131 56.
1161 1095 1203 1130 Id
1227 1096 1400 1132 nescio
1439 1108 1491 1130 an
1516 1096 1651 1131 oratori

142 1139 350 1185 conveniat,
377 1152 414 1176 n.
441 1142 479 1176 in
505 1144 784 1189 argumentando
812 1144 848 1186 8,
874 1143 910 1186 6,
935 1145 993 1179 22.
1017 1141 1119 1176 nisi
1145 1144 1257 1177 multa
1278 1142 1436 1178 lectione
1462 1150 1525 1177 ete.
1550 1153 1651 1177 asse·

141 1185 204 1229 qui
227 1188 365 1222 nullo
388 1190 527 1223 modo
554 1200 746 1233 possumus
771 1191 828 1231 10,
855 1191 888 1232 1,
914 1190 971 1223 10.
1000 1187 1046 1230 cf.
1071 1191 1107 1232 7,
1151 1191 1208 1233 10,
1242 1192 1282 1224 11
1319 1193 1362 1224 Ζ.
1396 1202 1428 1224 υ.
1462 1189 1647 1224 Nullus.

142 1230 182 1272 b)
204 1244 367 1278 neque.-
404 1245 491 1268 nec
516 1242 683 1268 versatur
708 1235 747 1268 in
773 1234 928 1279 judiciis,
957 1234 1045 1268 nisi
1068 1240 1216 1279 propter
1249 1236 1381 1277 verba,
1423 1246 1514 1279 quae
1549 1235 1649 1269 litem

139 1276 280 1312 faciunt
302 1281 338 1322 7,
363 1281 399 1323 3,
423 1283 457 1314 7.
503 1291 604 1324 neq.
635 1280 751 1324 enim,
791 1291 993 1324 quanquam
1016 1279 1106 1314 fusis
1147 1281 1314 1315 omnibus
1352 1281 1545 1325 membris,
1577 1286 1649 1314 sta-

141 1327 203 1357 tua
226 1324 309 1367 sit,
343 1336 379 1362 ιι.
406 1326 686 1361 collocetur
712 1329 747 1369 7,
771 1327 831 1361 Pr.
855 1329 879 1360 2
903 1330 945 1359 Z.
994 1337 1094 1369 neq.
1125 1327 1240 1360 solida
1276 1335 1340 1361 etc.
1382 1327 1540 1361 fuerit
1570 1338 1650 1360 un-

141 1379 273 1413 quam
297 1371 516 1415 eloquentia,
544 1384 577 1406 n.
603 1374 717 1406 multo
749 1372 833 1405 stilo
867 1371 966 1406 vires
1003 1372 1252 1414 acceperit
1286 1375 1351 1416 10,
1385 1375 1426 1416 1,
1461 1374 1496 1406 2.
1544 1383 1646 1417 neq.

139 1414 210 1449 erit
231 1417 415 1460 perfectus
440 1424 574 1461 orator,
600 1430 638 1453 ιι.
665 1417 741 1462 qui
763 1418 915 1451 honeste
942 1417 1063 1451 dicere
1087 1417 1175 1451 sciet
1207 1420 1263 1460 12,
1278 1421 1313 1461 2,
1339 1420 1395 1452 31.
1421 1416 1648 1463 'numquid

137 1470 229 1495 non
254 1463 327 1497 hoc
352 1462 484 1511 cogitet
508 1475 658 1498 necesse
686 1469 760 1508 est,
795 1475 832 1498 n.
858 1462 937 1507 qui
962 1462 1007 1496 sit
1030 1464 1135 1507 plane
1167 1464 1306 1498 hebes?
1346 1467 1382 1506 7,
1413 1466 1447 1506 1,
1474 1462 1531 1498 48.
1559 1476 1647 1499 nec

139 1513 195 1551 est
218 1509 395 1543 orationis
419 1521 508 1544 vera
532 1512 633 1553 laus,
668 1521 704 1544 ιι.
730 1521 829 1544 eum
852 1509 952 1543 finita
976 1514 1030 1542 est
1055 1511 1122 1550 12,.
1141 1509 1177 1552 9,
1200 1508 1236 1543 4.
1263 1508 1307 1551 cs.
1334 1510 1368 1553 5,
1399 1511 1456 1553 10,
1483 1512 1561 1544 122.
1613 1509 1647 1552 c)

138 1554 280 1589 nihil:
315 1555 396 1590 vitii
422 1556 539 1590 nihil
567 1561 690 1597 erat,
737 1552 834 1590 n'isi
857 1555 895 1588 in
928 1554 1138 1589 universum
1174 1556 1244 1590 hoc
1276 1555 1589 1600 praeciperet
1611 1555 1647 1599 4,

139 1601 173 1643 1,
197 1598 255 1636 24.
286 1600 330 1642 cfi
359 1606 413 1644 12,
440 1605 496 1647 10,
521 1602 579 1637 46.
629 1602 659 1637 si
686 1601 774 1636 nih.
805 1601 996 1636 dicendum
1019 1600 1198 1643 videatur,
1224 1613 1260 1636 n.
1286 1602 1417 1646 quod
1443 1612 1517 1635 ιιοιι
1542 1603 1649 1636 inve-

138 1644 256 1680 nimus
281 1650 338 1691 10,
364 1650 399 1691 3,
425 1649 481 1684 16.
509 1648 556 1691 cs.
587 1649 623 1692 6,
648 1650 682 1692 5,
707 1650 742 1684 3.
790 1647 821 1681 si
845 1646 935 1682 nih.
962 1646 1061 1681 nisi
1089 1647 1295 1691 Minervam
1321 1654 1384 1683 etc.
1416 1646 1565 1682 fecisset
1590 1650 1648 1691 12,

139 1693 198 1735 10,
221 1693 257 1728 9.
285 1705 436 1738 quorum
463 1694 586 1729 nihil
610 1705 702 1728 non
724 1699 863 1729 rectmn
889 1698 955 1736 est,
981 1704 1018 1727 ιι.
1049 1704 1146 1727 cum
1170 1693 1324 1737 aliquam
1346 1704 1397 1728 ex
1420 1693 1477 1727 his
1500 1694 1648 1741 figuram

138 1737 270 1783 accipit
293 1742 328 1783 9,
353 1744 388 1784 2,
415 1743 493 1776 103.
521 1753 555 1775 v.
579 1741 721 1776 Nihil.
769 1740 810 1784 d)
834 1752 940 1773 non.-
974 1738 1064 1773 illud
1087 1738 1231 1773 tertium
1262 1738 1362 1774 niti
1395 1739 1512 1773 stultis
1552 1749 1649 1774 ιιοιι

138 1784 267 1819 accidit
290 1789 325 1830 7,
350 1789 386 1832 3,
410 1789 467 1822 23.
494 1787 538 1829 cf.
568 1790 603 1826 2,
631 1789 688 1830 15,
711 1787 769 1822 28.
793 1791 833 1820 ut
857 1785 992 1820 intrare
1016 1791 1161 1830 portum
1184 1785 1303 1828 navis,
1329 1796 1366 1819 n.
1389 1786 1531 1820 lenibus
1553 1797 1649 1820 ven—-

137 1829 183 1863 tis
206 1838 334 1876 vecta,
365 1845 456 1868 non
480 1833 594 1878 possit
618 1835 675 1876 10,
711 1836 747 1873 7,
785 1835 804 1866 1
846 1835 892 1869 Ζ,
940 1830 1002 1876 qui
1033 1830 1228 1876 (perfectus
1263 1829 1404 1875 orator)
1437 1842 1517 1867 esse
1552 1831 1647 1866 nisi

136 1875 197 1911 vir
221 1878 337 1913 bonus
363 1891 422 1914 no
437 1892 461 1914 n
487 1884 607 1924 potest
632 1881 690 1913 Pr.
711 1880 759 1923 93
797 1888 890 1913 non
913 1883 968 1912 est
991 1889 1028 1911 ιι.
1051 1888 1133 1922 pars
1160 1883 1327 1912 auratura
1349 1878 1384 1922 8,
1407 1877 1444 1921 6,
1469 1878 1527 1914 28.
1580 1878 1669 1925 lio--

137 1933 206 1956 nus
229 1925 289 1959 vir
315 1936 405 1960 non
430 1927 502 1974 agit
525 1938 564 1960 ιι.
590 1926 704 1960 bonas
732 1935 855 1959 causas
885 1926 941 1968 12,
970 1925 1004 1967 1,
1033 1925 1092 1958 33.
1118 1923 1164 1965 cs.
1188 1927 1224 1967 7,
1246 1927 1283 1966 7,
1307 1923 1343 1959 6.
1389 1928 1430 1957 ut
1451 1934 1543 1958 ιιοιι
1565 1934 1649 1968 per-

137 1969 197 2003 dat
223 1971 323 2006 vires
350 1983 456 2015 suas,
491 1983 529 2007 ιι.
554 1971 744 2014 adjuvatur
768 1969 1038 2005 asseveratione
1061 1969 1212 2004 dicentis
1243 1972 1301 2013 11,
1326 1971 1363 2012 3,
1388 1972 1424 2004 2.
1470 1979 1568 2004 ιιοιι
1589 1969 1648 2004 in-

135 2020 275 2061 gratae,
315 2028 352 2051 u.
382 2018 489 2063 copia
512 2019 715 2058 redundet,
751 2015 931 2060 voluptati
953 2017 988 2059 9,
1017 2017 1052 2059 3,
1083 2016 1140 2061 74.
1186 2026 1278 2051 ιιοιι
1301 2020 1397 2050 esset
1419 2014 1574 2060 pictura,
1607 2027 1646 2050 ιι.

135 2072 227 2104 quae
250 2062 364 2098 lineas
390 2066 500 2099 modo
532 2069 715 2099 extremas
747 2062 908 2108 corporis
943 2061 1255 2096 circumscriberet
1288 2063 1355 2104 10,
1387 2064 1431 2104 2,
1470 2063 1509 2097 7.
1553 2071 1648 2095 ιιοιι

135 2118 355 2152 properare,
389 2122 426 2145 n.
453 2122 473 2145 c
487 2122 557 2144 um
580 2109 757 2145 inoffensa
790 2117 851 2144 etc.
879 2109 1065 2142 literarum
1088 2107 1186 2143 inter
1210 2118 1249 2141 se
1282 2106 1492 2159 conjunctio
1515 2117 1649 2160 suppe-

136 2152 249 2188 ditare
272 2156 406 2198 poterit
432 2160 466 2199 1,
492 2160 526 2200 1,
554 2158 612 2191 31.
633 2155 678 2196 cf.
706 2158 741 2199 1,
776 2156 811 2198 5,
845 2157 911 2199 173
958 2154 1022 2188 diu
1051 2164 1139 2188 non
1181 2152 1276 2187 nisi
1309 2158 1464 2196 optimus
1495 2164 1648 2199 quisque

134 2198 308 2245 legendus
342 2208 398 2236 est
422 2206 478 2246 10,
513 2206 547 2247 1,
571 2205 629 2237 20.
677 2201 820 2236 sinon
855 2211 893 2235 n.
926 2199 1075 2242 refecti,
1113 2210 1203 2234 ιιοιι
1227 2210 1265 2232 ιι.
1289 2198 1445 2243 hilares,
1479 2209 1574 2234 non
1609 2210 1647 2234 ιι.

134 2245 299 2280 omnibus
322 2248 400 2282 aliis
425 2249 522 2283 curis
554 2254 729 2284 vacantes
768 2247 983 2282 studendum
1016 2244 1341 2281 existimaverimus
1371 2247 1427 2288 10,
1453 2246 1488 2287 3,
1514 2245 1573 2281 29.
1597 2244 1644 2287 «gf.
1677 2255 1682 2260 ”

136 2292 170 2332 1,
184 2292 218 2333 5,
235 2294 290 2328 19.
315 2294 360 2335 cs.
374 2308 480 2339 supra
499 2297 528 2329 Ι.
554 2294 594 2340 γ)
619 2295 767 2328 anteced.
796 2297 1018 2335 Interrogor-x
1045 2291 1164 2338 Quia
1187 2292 1334 2325 affectus
1348 2296 1453 2326 erunt
1473 2306 1519 2313 -
1545 2290 1647 2328 nisi

140 2345 161 2368 a
174 2337 444 2379 diuvantur
467 2340 528 2384 (a.
543 2345 566 2374 1.
587 2338 792 2384 -ventur)
823 2338 1136 2373 commendatione
1157 2341 1246 2375 eia-..7
1278 2338 1404 2380 9,2,3.
1429 2337 1533 2383 Quae
1545 2337 1645 2372 dele-

134 2382 242 2417 ctatio
268 2392 344 2428 eta,
368 2398 404 2420 n.
431 2387 500 2420 alia
523 2385 751 2430 repetitione,
786 2385 854 2419 alia
878 2384 1162 2419 commoratione
1185 2383 1335 2429 infigere
1370 2382 1569 2418 scierit?
1601 2385 1647 2417 ib.

134 2425 170 2459 4·
218 2431 313 2472 quod
341 2439 491 2476 possunt
516 2444 552 2465 n.
582 2432 720 2466 aurium
741 2432 877 2466 habere
902 2429 1098 2474 judicium?
1136 2432 1172 2472 9,
1195 2429 1231 2472 4,
1260 2430 1342 2464 118.
1374 2434 1519 2473 opertos
1548 2428 1647 2473 (acm

135 2474 210 2514 los)
240 2476 318 2518 quis
344 2488 379 2511 n.
405 2480 510 2521 plane
534 2478 633 2511 rudis
657 2478 863 2512 habeat?
903 2479 961 2520 11,
988 2478 1023 2519 3,
1047 2477 1108 2511 76.
1155 2476 1214 2509 dat
1237 2475 1346 2522 igitur
1367 2474 1423 2510 illi
1442 2473 1645 2518 (syllabae)

134 2517 267 2562 aliquid
294 2533 342 2555 ex
369 2534 434 2556 suo
459 2530 638 2567 tempore:
679 2534 766 2567 quo
798 2523 950 2565 modo,
988 2521 1088 2556 nisi
1126 2522 1234 2556 habet
1269 2521 1374 2565 plus,
1413 2531 1521 2565 quam
1553 2531 1666 2565 quaev

132 2563 375 2601 brevissima?
401 2570 436 2610 9,
447 2568 481 2610 4,
493 2571 550 2604 86.
565 2570 648 2613 quid
673 2569 768 2602 inter
794 2568 1047 2612 probationem
1081 2574 1119 2603 et
1146 2567 1388 2607 narrationem
1420 2567 1580 2606 interest,
1607 2577 1644 2599 ιι.

132 2612 254 2653 quod
274 2612 432 2646 narratio
447 2621 501 2647 est
512 2614 732 2657 probationis
747 2614 917 2648 contimla
934 2614 1134 2657 propositio
1144 2621 1205 2648 etc.
1220 2616 1235 2648 ,7
1259 2611 1294 2655 4,
1307 2615 1343 2654 2,
1355 2613 1413 2648 79.
1437 2623 1472 2646 υ.
1496 2611 1643 2663 Infra.

228 2655 302 2699 IV)
325 2671 393 2703 seq.
425 2660 671 2701 Conjunctione.
703 2662 740 2700 a)
764 2667 824 2694 ut.-
859 2658 957 2705 Quid
987 2659 1084 2695 enim
1107 2659 1284 2706 agendum
1309 2663 1375 2700 est,
1410 2666 1448 2692 ιι.
1471 2661 1521 2691 ut
1547 2657 1645 2690 ahud

134 2699 302 2737 invenias
327 2705 362 2747 6,
387 2702 423 2746 4,
450 2707 508 2738 20.
537 2704 582 2746 cs.
607 2704 643 2746 4,
667 2704 703 2747 4,
727 2703 763 2739 4.
788 2706 823 2746 9,
852 2709 887 2746 2,
912 2707 969 2740 77.
1018 2715 1260 2749 nunquam
1287 2703 1433 2736 tolletur
1468 2712 1490 2735 a
1521 2701 1658 2745 specie·

133 2757 265 2794 genus,
304 2748 401 2783 nisi
423 2755 474 2784 ut
498 2751 591 2794 (Sp.
619 2751 712 2793 om.)
747 2760 874 2785 omnes
894 2749 1035 2794 species
1068 2753 1325 2786 removeantur
1359 2747 1396 2791 5,
1432 2749 1489 2791 10,
1522 2749 1567 2784 57
1600 2751 1646 2783 Ζ.
