1728 3002
499 90 760 146 Braccbonis
793 111 847 120 -
877 85 1098 142 Praecipio
1479 78 1565 118 679

22 211 309 259 Praecbones.
326 224 367 256 at
375 229 400 264 p
407 227 452 256 ra
459 220 565 257 echo
571 230 594 253 n
600 230 644 255 e·
659 218 776 253 adhuc
785 214 948 262 quibasd.
956 209 1418 255 inscriptionibusmsneant
1426 207 1443 238 1
1449 230 1459 246 ,
1465 203 1556 245 5:20.

23 271 244 315 Praecrdo.
293 277 328 324 Ι)
351 276 481 313 medici
502 278 659 312 membra
685 274 891 321 praecidant
916 275 954 313 8,
977 273 1012 314 3,
1036 271 1102 311 75;
1126 265 1300 321 ’praecisis
1317 262 1471 307 rupibus
1498 263 1557 313 {20

22 338 27 341 '
69 331 108 373 9,
135 332 159 362 2
184 329 252 370 N.;
286 324 447 370 praecisa
469 324 568 359 velut
591 322 674 357 anse
697 321 892 368 legitimum
916 320 1020 352 finem
1044 321 1161 350 oratio
1193 316 1238 356 9,
1273 316 1316 354 2,
1347 312 1405 363 57ἶ
1451 309 1558 350 hujus

69 374 253 420 praecisae
276 369 602 416 comprehensionis
634 372 669 411 7,
701 369 737 411 3,
763 368 820 403 15.
853 378 908 411 pr.
941 362 1232 399 conclusionibus
1264 359 1408 393 obscuri
1439 357 1495 397 10,
1522 356 1558 395 2,

31 416 33 418 ’
72 425 127 456 17.
153 419 311 464 undique
336 426 390 476 pr.
415 415 593 461 expositio
619 413 656 458 4,
679 417 714 458 2,
739 412 799 448 47.

27 476 263 531 Prtwcipio.
309 485 344 529 1)
367 488 502 529 proprie
523 487 547 519 ι’,
569 496 601 529 ‹1-
627 492 927 527 praeocmapo:
978 482 1135 512 amantes
1170 476 1214 508 de
1250 474 1364 507 forms
1398 469 1557 523 iudicare

71 544 147 568 non
169 537 340 577 possunt,
363 531 445 576 quia
467 541 610 565 sensum
633 529 818 563 oculorum
847 524 1021 571 praecipit
1045 524 1139 566 (Sp.
1164 517 1396 567 praecipitat)
1419 527 1558 551 animus

72 580 110 623 6,
132 582 169 622 2,
191 579 215 613 6
246 579 292 612 Ν.
329 590 376 613 cr.
415 585 447 622 ςι
478 581 522 613 Ζ.
554 588 589 609 v.
622 576 902 618 Praecerpo.
950 572 1000 612 11)
1040 572 1156 602 transl.
1194 570 1216 601 ι’.
1258 580 1288 610 q.
1321 567 1485 615 doceo..
1514 561 1558 604 α)

74 626 287 669 simpliciter.-
310 622 594 668 praecipere
609 632 652 655 ac
675 620 866 654 discere
892 615 1130 652 necessarium
1148 620 1203 649 est
1224 615 1279 665 12,
1299 617 1330 654 1,
1350 611 1408 645 45.
1431 620 1559 654 prima,

74 670 202 717 quibus
223 669 432 714 praecipere
457 677 657 711 coeperam,
682 673 841 711 tempora
865 666 901 706 9,
924 667 959 706 2,
982 666 1039 697 77.
1069 661 1159 707 Quis
1184 670 1277 693 emm
1297 659 1387 690 serat
1410 666 1560 700 puerum

73 725 151 759 etc„
174 714 205 750 si
233 715 418 758 judicet
447 714 481 749 in
511 713 687 755 dicendo,
719 718 755 747 ct
779 710 1042 756 quodammodo
1071 703 1342 752 praecipiat
1374 704 1411 744 8,
1452 702 1487 745 5,
1522 702 1557 735 8.

72 768 113 796 ut
146 760 311 806 praecepi
332 761 370 802 4,
392 764 428 803 2,
452 760 510 795 47.
537 762 593 801 11,
617 761 652 800 2,
674 758 732 793 41.
762 764 801 791 nt
823 756 993 801 praecipit
1019 754 1262 798 Apollodorus
1288 752 1323 793 5,
1347 750 1403 790 13,
1429 750 1484 782 59.
1511 746 1558 788 cs.

74 811 134 850 12,
160 810 217 849 10,
242 808 299 842 56.
332 805 423 840 sicut
448 805 485 839 in
513 804 726 851 cogitatione
759 802 996 848 praecipimus
1020 805 1086 842 (Ζ.
1119 795 1311 843 praecep.)
1347 797 1401 837 10,
1434 797 1468 837 7,
1506 795 1561 828 18.

73 853 369 898 quemadmodum
392 851 518 887 Livius
542 851 714 895 praecipit
737 853 772 892 2,
800 851 836 890 5,
860 851 915 882 20.
942 846 1237 892 quemadmodum
1256 847 1485 887 praeceptum
1507 846 1562 873 est

76 902 144 942 10,
174 901 219 942 7,
249 901 285 931 ⁷.
334 909 415 932 cum
450 898 510 938 (in
537 899 689 938 agendo)
721 894 958 940 praecipimus
980 895 1016 935 3,
1047 891 1082 933 4,
1116 894 1149 924 3.
1204 888 1427 931 inspicienda
1449 892 1563 919 mate-

74 945 128 980 ria
157 950 226 988 est,
259 954 331 988 quo
354 942 691 988 praecepimus
725 940 820 985 (Sp.
854 938 1033 983 prae-cip.)
1066 937 1216 978 ordine,
1246 934 1458 986 scribenda,
1491 942 1563 984 quo

77 990 274 1025 dicimus
302 992 337 1032 3,
360 992 395 1032 9,
420 993 442 1024 9
469 993 512 1023 Ζ.
561 999 710 1032 quarum
737 987 781 1020 in
808 991 1061 1028 utramque
1091 988 1274 1027 partem
1309 986 1394 1014 satis
1420 990 1467 1012 ex
1492 979 1563 1020 lus,

77 1048 169 1082 quae
196 1054 243 1060 —
272 1035 447 1078 diximus,
479 1040 710 1079 praeceptum
744 1039 797 1066 est
829 1033 864 1074 7,
895 1034 929 1072 9,
967 1032 1020 1064 15.
1068 1029 1109 1074 β)
1139 1029 1210 1069 adj.
1244 1030 1351 1062 Dat..-
1386 1026 1454 1068 jam
1486 1035 1562 1063 non

75 1081 197 1127 pueris
222 1082 458 1125 praecipimus
485 1081 521 1123 8,
545 1081 581 1123 6,
608 1082 662 1114 13.
711 1079 769 1112 oui
794 1089 866 1112 non
894 1078 1023 1110 frustra
1049 1074 1265 1120 praecipitur
1292 1076 1347 1114 11,
1375 1074 1409 1113 3,
1432 1073 1490 1104 23.
1521 1069 1563 1115 γ)

79 1131 108 1163 c.
130 1131 313 1161 Accusat:
349 1128 420 1160 hoc
446 1136 533 1173 ergo
557 1125 758 1170 praecipis?
791 1126 825 1166 3,
850 1125 885 1165 8,
911 1122 970 1156 41.
1016 1133 1107 1166 quae
1133 1121 1260 1154 doctor
1286 1116 1562 1162 praecepit,

79 1179 203 1209 orator
230 1171 444 1207 ostendit
472 1175 528 1214 10,
554 1175 588 1214 1,
616 1174 672 1206 15.
721 1181 811 1213 quae
838 1179 926 1203 mox
952 1167 1202 1211 praecipienda
1233 1171 1316 1199 sunt
1343 1164 1376 1203 5.
1403 1165 1459 1205 10,
1476 1165 1563 1201 ³19.

79 1221 163 1252 dum
183 1224 271 1252 nota
291 1218 351 1252 illa
378 1217 615 1262 praecipimus
639 1219 696 1259 12,
719 1217 775 1251 Pr.
802 1217 836 1248 2.
884 1215 1017 1258 optime
1040 1214 1155 1255 idem,
1182 1211 1242 1258 qui
1269 1210 1410 1251 omnia,
1434 1209 1563 1244 Cicero

54 1270 306 1311 ‘praeceperat
330 1268 384 1308 11,
408 1266 443 1307 3,
472 1262 548 1298 184.
576 1261 622 1304 cs.
649 1265 682 1305 1,
709 1265 740 1304 1,
766 1262 821 1296 16.
848 1263 904 1304 10,
928 1264 964 1302 7,
981 1262 1038 1295 32.
1063 1262 1120 1301 12,
1140 1260 1175 1300 9,
1196 1261 1228 1293 5.
1273 1268 1363 1301 quae
1386 1255 1566 1291 rhetorice

102 1309 248 1355 raecipit
270 1312 306 1352 2,
332 1312 425 1353 12¹1·-
471 1310 590 1353 qnod,
630 1319 711 1342 cum
734 1307 885 1341 dicenda
910 1304 1223 1351 praeceperit,
1254 1304 1358 1337 etiam
1387 1302 1566 1337 contraria

74 1323 132 1391 gis
156 1357 319 1390 doceat
341 1358 377 1398 2,
397 1358 453 1398 17,
476 1356 533 1389 30.
571 1354 742 1399 Equidem
761 1354 799 1387 id
822 1353 977 1386 maxime
1008 1350 1306 1395 praecipiam
1331 1360 1373 1383 ac
1398 1354 1564 1392 repetens

73 1402 202 1438 iterum
218 1401 417 1446 iterumque
438 1411 536 1435 mon
550 1401 633 1434 ebo
657 1399 796 1443 (Virg.
820 1397 1040 1443 praedicam)
1067 1401 1112 1440 2,
1132 1399 1190 1439 13,
1203 1398 1227 1431 8
1248 1397 1293 1431 Ν.
1331 1394 1361 1428 si
1380 1395 1465 1438 quid
1478 1394 1566 1428 novi

35 1478 39 1481 ,
76 1447 316 1491 invenissem,
342 1447 550 1492 praecipere
577 1446 619 1480 in
644 1451 887 1489 posterum
914 1448 949 1487 2,
973 1446 1009 1486 5,
1032 1445 1066 1478 3.
1094 1444 1189 1487 quod
1213 1442 1260 1476 in
1286 1441 1564 1475 universum

79 1493 324 1540 praeciperem
346 1494 382 1536 7,
408 1496 442 1536 1,
463 1492 522 1529 64.
548 1492 593 1534 qs.
621 1494 677 1526 39.
725 1491 761 1524 id
798 1491 875 1526 Cic.
905 1502 987 1523 sua
1024 1500 1243 1534 persona
1278 1487 1566 1532 frequentissime

7 1555 11 1558 ·
80 1539 252 1585 praecipit
278 1541 335 1580 10,
359 1541 394 1581 5,
419 1541 454 1572 2.
501 1540 576 1572 hoc
606 1537 777 1582 praecipit
810 1538 989 1570 Homerus
1021 1535 1139 1569 Ulixis
1171 1536 1389 1578 exemplo
1424 1538 1491 1577 11,
1528 1535 1566 1579 3,

83 1586 161 1620 158.
183 1590 347 1618 veterum
374 1584 568 1629 sapientiae
590 1585 835 1627 professorum
848 1583 979 1616 multos
1004 1588 1040 1614 et
1063 1583 1214 1616 honesta
1238 1580 1566 1624 praecepisse,

84 1636 137 1673 et,
177 1636 217 1663 ut
246 1635 621 1673 praeceperunt,
661 1629 766 1663 etiam
799 1628 993 1662 vixisse
1024 1629 1082 1661 Pr.
1114 1629 1170 1661 15.
1215 1626 1421 1670 praecipere
1454 1632 1567 1659 artem

83 1675 275 1711 oratoriam
297 1677 333 1718 3,
357 1677 389 1714 1,
414 1674 472 1712 14.
520 1674 551 1708 si
580 1675 653 1711 hoc
679 1674 835 1711 studium
863 1675 965 1708 velut
998 1684 1134 1707 novum
1165 1671 1409 1716 praeciperem
1447 1675 1480 1714 1,
1511 1675 1568 1714 10,

84 1724 142 1756 29.
166 1721 205 1754 in
230 1720 325 1764 ipsa,
350 1732 453 1764 quam
478 1720 636 1754 maxime
665 1720 828 1764 plerique
864 1718 1104 1762 praecipiunt,
1147 1717 1236 1761 reip.
1264 1717 1568 1751 administratione

85 1768 143 1808 12,
166 1769 202 1808 2,
225 1769 247 1800 7
273 1767 343 1808 Ν.,·
371 1775 444 1799 non
467 1766 560 1809 hanc
583 1777 604 1799 a
626 1777 684 1799 me
708 1764 866 1809 praecipi
899 1764 1109 1806 (musicen),
1149 1775 1241 1807 quae
1273 1775 1367 1796 nunc
1390 1764 1426 1796 in
1452 1764 1570 1797 scenis

85 1811 284 1846 effeminata
309 1818 368 1847 etc.
395 1814 429 1852 1,
455 1802 512 1853 td,
538 1813 596 1845 31.
642 1811 678 1844 id
706 1823 753 1844 ne
781 1810 859 1854 quis
881 1809 1038 1855 praecipi
1069 1809 1218 1842 miretur
1253 1810 1288 1850 9,
1317 1809 1353 1851 4,
1386 1809 1445 1844 41.
1491 1811 1570 1843 ead.

86 1858 165 1891 adv.
191 1856 492 1890 contradictiones
514 1857 617 1889 nobis
638 1857 820 1900 oppositas
841 1862 1030 1899 praecepta
1054 1861 1134 1888 sunt
1153 1856 1187 1897 5,
1210 1856 1264 1896 13,
1286 1855 1343 1889 36.
1370 1867 1451 1889 cum
1473 1855 1571 1889 domi

87 1907 352 1948 praecepta
378 1907 413 1935 et
438 1902 699 1948 composita
715 1904 760 1936 ad
775 1901 928 1945 judicem
946 1902 1105 1945 perferet
1129 1904 1185 1942 12,
1207 1902 1241 1942 3,
1260 1900 1296 1934 2.
1320 1901 1572 1945 praecipienda

86 1955 169 1983 sunt
193 1947 326 1991 optima
351 1950 384 1989 1,
411 1950 443 1989 1,
470 1950 526 1980 11.
576 1945 612 1987 ὃ)
636 1960 665 1980 c.
692 1949 715 1980 d
724 1961 763 1980 e.-
803 1948 848 1980 de
873 1946 1048 1980 confessis
1074 1946 1280 1990 praecipere
1315 1949 1349 1989 5,
1376 1949 1432 1988 13,
1457 1950 1492 1982 7.
1524 1947 1571 1988 cs.

86 1996 124 2037 6,
148 1995 182 2036 5,
210 1997 265 2028 11.
314 1994 358 2026 de
381 1992 507 2027 ordine
528 1992 643 2026 laudis
670 1999 865 2036 contraque
890 1992 1146 2036 praecipiemus
1168 2003 1243 2031 ¹suo
1278 1997 1440 2037 tempore
1469 1996 1505 2035 2,
1535 1993 1572 2035 4,

89 2043 147 2075 21.
169 2038 394 2080 auctoribus,
434 2038 495 2082 qui
526 2039 570 2072 de
602 2038 736 2072 virtute
765 2037 987 2082 praecipiunt
1022 2041 1078 2079 12,
1107 2041 1142 2080 2,
1175 2039 1210 2072 8.
1256 2038 1347 2073 Nam
1378 2040 1422 2072 de
1450 2039 1574 2073 amicis

89 2087 160 2131 iam
181 2090 410 2130 praeceptum
433 2089 488 2117 est
513 2086 548 2126 6,
572 2086 607 2125 3,
632 2086 688 2118 33.
734 2084 780 2118 de
806 2083 863 2117 his
888 2083 977 2116 nihil
999 2083 1157 2127 praecipi
1181 2088 1297 2127 potest
1323 2087 1358 2125 2,
1379 2083 1417 2125 4,
1438 2084 1499 2119 40.
1525 2085 1572 2127 cf.

86 2131 123 2174 4,
147 2133 183 2173 2,
212 2132 291 2164 103.
339 2127 376 2169 δ)
409 2142 479 2174 seq.
511 2136 559 2161 ut
593 2137 652 2162 aut
686 2141 756 2164 ne:
802 2128 839 2162 in
870 2129 1123 2163 Partitionibus
1153 2129 1327 2173 praecipit
1359 2130 1493 2171 (Cim),
1520 2137 1574 2165 ut

51 2182 55 2186 ’
90 2178 223 2213 habeat
245 2174 401 2208 narratio
424 2175 636 2210 suavitatem
658 2173 694 2217 4,
727 2178 763 2217 2,
800 2177 878 2209 107.
925 2180 973 2208 ut
1004 2174 1095 2208 absit
1130 2175 1174 2207 ab
1205 2175 1336 2208 ultimis
1366 2175 1464 2213 vitiis
1495 2176 1574 2221 ipse

90 2227 323 2268 praeceptor,
354 2231 401 2254 ne
424 2220 713 2264 praecipiendum
737 2219 879 2264 quidem
901 2221 1009 2254 credo
1031 2223 1068 2262 2,
1091 2223 1127 2262 2,
1152 2221 1207 2255 15.
1244 2220 1287 2263 cf
1313 2223 1348 2264 3,
1373 2223 1408 2264 5,
1434 2222 1490 2257 15.
1516 2226 1575 2267 11,

94 2270 141 2311 ἢ
158 2268 238 2302 143.
261 2267 373 2302 verba
399 2264 538 2308 Crassi,
564 2266 691 2310 quibus
718 2265 912 2309 praecipit,
936 2273 980 2300 ut
1007 2273 1068 2299 etc.
1098 2269 1131 2306 1,
1155 2269 1212 2309 11,
1235 2268 1292 2301 18.
1318 2267 1449 2301 stustm
1471 2279 1577 2311 prae-

95 2313 244 2356 cipitur,
286 2317 334 2344 ut
364 2310 404 2345 in
434 2313 506 2345 hoc
532 2317 628 2354 ‚statu
663 2322 794 2347 vocem
827 2312 940 2355 ipsam
972 2313 1016 2344 ad
1048 2317 1205 2345 nostram
1234 2318 1372 2356 partem
1403 2324 1576 2349 conemur

94 2364 307 2403 convertere
330 2360 366 2400 7,
393 2357 430 2400 9,
459 2357 514 2391 14.
542 2357 631 2391 illud
653 2357 698 2391 in
732 2357 937 2391 universum
960 2357 1202 2401 praeceperim
1227 2359 1322 2401 (Sp.
1348 2366 1576 2405 praecqitum

95 2404 183 2447 sit),
205 2409 254 2436 ut
277 2411 340 2436 etc.
364 2401 400 2445 4,
429 2406 461 2445 1,
485 2402 533 2437 44
555 2405 602 2437 Ν.
628 2402 747 2444 cvm-eff.
774 2406 829 2445 11,
853 2405 888 2445 3,
915 2404 973 2438 28.
1020 2405 1091 2438 hoc
1124 2403 1412 2447 praecipiendum
1434 2412 1502 2450 est,
1527 2413 1577 2441 ut

96 2457 160 2484 etc.
184 2451 220 2492 3,
244 2451 301 2492 11,
327 2449 393 2490 26;
418 2449 518 2482 Idem
540 2449 644 2482 etiam
670 2448 900 2493 sequentibus
917 2448 1019 2482 annis
1041 2455 1268 2494 praeceptum
1296 2450 1354 2493 ait,
1379 2447 1456 2494 ne,
1480 2455 1578 2497 quod

97 2495 260 2539 cuiquam
289 2493 498 2537 discendnm
525 2500 592 2536 est,
616 2505 699 2529 sero
724 2494 863 2528 discere
888 2494 1036 2539 incipiat
1061 2499 1096 2538 1,
1122 2499 1154 2535 1,
1177 2497 1231 2531 19.
1252 2495 1327 2530 illic
1350 2502 1498 2541 tantum,
1522 2510 1578 2534 ne

97 2541 229 2576 vitiosa
253 2545 391 2577 essent.
422 2539 666 2583 praecepimus
689 2542 730 2583 8,
753 2545 788 2583 1,
813 2543 847 2574 2.
890 2551 974 2574 nam
1001 2540 1040 2574 id
1071 2541 1213 2585 quidem
1243 2541 1339 2586 (Sp.
1370 2543 1483 2587 σπι),
1521 2555 1578 2580 ne

99 2598 170 2631 qua
197 2587 292 2629 (Sp.
316 2584 407 2624 om.)
430 2585 608 2621 contraria
629 2603 674 2614 --
699 2586 880 2628 dicamus,
910 2585 941 2619 si
975 2586 1034 2620 cui
1066 2587 1354 2631 praecipiendtuu
1386 2595 1441 2623 est
1472 2589 1510 2633 4,
1541 2595 1578 2634 2,

100 2634 147 2667 60
169 2636 213 2666 Ζ.
244 2631 301 2684 τί..
315 2633 350 2674 5,
373 2632 408 2672 6,
433 2633 469 2666 6.
494 2632 531 2674 6,
554 2633 589 2674 ⁵,
625 2634 660 2666 2.
694 2635 752 2675 11,
787 2632 823 2674 3,
853 2635 932 2667 127.
977 2630 1012 2675 ε)
1048 2645 1116 2678 seq.
1148 2637 1247 2667 Ace.
1281 2648 1311 2669 c.
1345 2635 1456 2677 Ins..·
1493 2637 1579 2671 satis

54 2704 57 2705 ν
102 2684 223 2723 aperte
261 2677 336 2713 Cic.
365 2683 617 2722 praeceperat,
654 2676 695 2712 in
732 2677 886 2713 dicendo
931 2677 1059 2713 vitium
1096 2681 1159 2715 vel
1192 2680 1387 2715 maximum
1419 2693 1522 2727 esse,
1557 2695 1578 2717 a
