<?xml version="1.0" encoding="UTF-8"?>
<!DOCTYPE html PUBLIC "-//W3C//DTD XHTML 1.0 Transitional//EN"
    "http://www.w3.org/TR/xhtml1/DTD/xhtml1-transitional.dtd">
<html xmlns="http://www.w3.org/1999/xhtml" xml:lang="en" lang="en">
 <head>
  <title>
</title>
<meta http-equiv="Content-Type" content="text/html;charset=utf-8" />
  <meta name='ocr-system' content='tesseract 3.04.00' />
  <meta name='ocr-capabilities' content='ocr_page ocr_carea ocr_par ocr_line ocrx_word'/>
</head>
<body>
  <div class='ocr_page' id='page_1' title='image "./lexiconquintilia06bonnuoft_0753.png"; bbox 0 0 1728 3002; ppageno 0'>
   <div class='ocr_carea' id='block_1_1' title="bbox 504 149 1544 217">
    <p class='ocr_par' dir='ltr' id='par_1_1' title="bbox 504 149 1544 217">
     <span class='ocr_line' id='line_1_1' title="bbox 504 149 1544 217; baseline -0.007 0"><span class='ocrx_word' id='word_1_1' title='bbox 504 173 700 217; x_wconf 82' lang='lat' dir='ltr'>Placidus</span> <span class='ocrx_word' id='word_1_2' title='bbox 736 149 796 206; x_wconf 37' lang='grc' dir='ltr'><strong>ζ-</strong></span> <span class='ocrx_word' id='word_1_3' title='bbox 835 171 1132 216; x_wconf 83' lang='lat' dir='ltr'><strong>Plabisscitum</strong></span> <span class='ocrx_word' id='word_1_4' title='bbox 1167 180 1172 183; x_wconf 82' lang='grc'><strong>’</strong></span> <span class='ocrx_word' id='word_1_5' title='bbox 1468 172 1544 210; x_wconf 86' lang='grc'><strong>661</strong></span> 
     </span>
    </p>
   </div>
   <div class='ocr_carea' id='block_1_2' title="bbox 0 270 1548 508">
    <p class='ocr_par' dir='ltr' id='par_1_2' title="bbox 0 270 1548 371">
     <span class='ocr_line' id='line_1_2' title="bbox 0 270 1548 327; baseline -0.006 -11"><span class='ocrx_word' id='word_1_6' title='bbox 0 277 9 295; x_wconf 45' lang='lat'><strong>³*</strong></span> <span class='ocrx_word' id='word_1_7' title='bbox 62 284 100 327; x_wconf 80' lang='lat'><strong>2,</strong></span> <span class='ocrx_word' id='word_1_8' title='bbox 124 283 159 316; x_wconf 87' lang='lat'><strong>1.</strong></span> <span class='ocrx_word' id='word_1_9' title='bbox 183 289 316 325; x_wconf 81' lang='lat' dir='ltr'><strong>pueros</strong></span> <span class='ocrx_word' id='word_1_10' title='bbox 339 278 624 314; x_wconf 84' lang='lat' dir='ltr'><strong>adolescentibus</strong></span> <span class='ocrx_word' id='word_1_11' title='bbox 651 277 777 312; x_wconf 84' lang='lat' dir='ltr'><strong>sedere</strong></span> <span class='ocrx_word' id='word_1_12' title='bbox 798 276 995 322; x_wconf 82' lang='lat' dir='ltr'><strong>permixtos</strong></span> <span class='ocrx_word' id='word_1_13' title='bbox 1019 285 1093 309; x_wconf 89' lang='lat' dir='ltr'><strong>non</strong></span> <span class='ocrx_word' id='word_1_14' title='bbox 1115 275 1207 319; x_wconf 84' lang='lat' dir='ltr'><strong>plac.</strong></span> <span class='ocrx_word' id='word_1_15' title='bbox 1238 273 1325 307; x_wconf 80' lang='lat' dir='ltr'><strong>mihi</strong></span> <span class='ocrx_word' id='word_1_16' title='bbox 1358 274 1395 315; x_wconf 92' lang='grc'><strong>2,</strong></span> <span class='ocrx_word' id='word_1_17' title='bbox 1424 275 1459 316; x_wconf 89' lang='grc'><strong>2,</strong></span> <span class='ocrx_word' id='word_1_18' title='bbox 1492 270 1548 306; x_wconf 83' lang='grc'><strong>14.</strong></span> 
     </span>
     <span class='ocr_line' id='line_1_3' title="bbox 61 317 1548 371; baseline -0.008 -8"><span class='ocrx_word' id='word_1_19' title='bbox 61 326 150 363; x_wconf 75' lang='lat' dir='ltr'><strong>nihi</strong></span> <span class='ocrx_word' id='word_1_20' title='bbox 175 328 268 360; x_wconf 86' lang='lat' dir='ltr'><strong>hauc</strong></span> <span class='ocrx_word' id='word_1_21' title='bbox 288 325 436 371; x_wconf 82' lang='lat' dir='ltr'><strong>figuram</strong></span> <span class='ocrx_word' id='word_1_22' title='bbox 457 335 537 359; x_wconf 83' lang='lat' dir='ltr'><strong>esse</strong></span> <span class='ocrx_word' id='word_1_23' title='bbox 568 323 680 371; x_wconf 89' lang='lat' dir='ltr'><strong>magis</strong></span> <span class='ocrx_word' id='word_1_24' title='bbox 701 325 791 368; x_wconf 86' lang='lat' dir='ltr'><strong>plac.</strong></span> <span class='ocrx_word' id='word_1_25' title='bbox 817 325 852 366; x_wconf 89' lang='grc'><strong>8,</strong></span> <span class='ocrx_word' id='word_1_26' title='bbox 884 323 922 366; x_wconf 87' lang='grc'><strong>6,</strong></span> <span class='ocrx_word' id='word_1_27' title='bbox 953 325 1011 357; x_wconf 89' lang='grc'><strong>21.</strong></span> <span class='ocrx_word' id='word_1_28' title='bbox 1059 319 1226 356; x_wconf 85' lang='lat' dir='ltr'>Ciceroni</span> <span class='ocrx_word' id='word_1_29' title='bbox 1251 319 1425 364; x_wconf 81' lang='lat' dir='ltr'><strong>placuisse.</strong></span> <span class='ocrx_word' id='word_1_30' title='bbox 1455 317 1548 351; x_wconf 82' lang='lat' dir='ltr'><strong>aiio</strong></span> 
     </span>
    </p>

    <p class='ocr_par' dir='ltr' id='par_1_3' title="bbox 7 362 1546 417">
     <span class='ocr_line' id='line_1_4' title="bbox 7 362 1546 417; baseline -0.008 -6"><span class='ocrx_word' id='word_1_31' title='bbox 7 379 34 411; x_wconf 63' lang='grc' dir='ltr'><strong>’κ</strong></span> <span class='ocrx_word' id='word_1_32' title='bbox 60 372 336 415; x_wconf 72' lang='lat' dir='ltr'><strong>Maiiamque</strong></span> <span class='ocrx_word' id='word_1_33' title='bbox 360 369 536 417; x_wconf 82' lang='lat' dir='ltr'><strong>geminata</strong></span> <span class='ocrx_word' id='word_1_34' title='bbox 555 369 575 403; x_wconf 87' lang='grc' dir='ltr'>Ι</span> <span class='ocrx_word' id='word_1_35' title='bbox 599 370 756 404; x_wconf 87' lang='lat' dir='ltr'><strong>scribere</strong></span> <span class='ocrx_word' id='word_1_36' title='bbox 783 373 816 412; x_wconf 93' lang='grc'><strong>1,</strong></span> <span class='ocrx_word' id='word_1_37' title='bbox 839 369 876 412; x_wconf 92' lang='grc'><strong>4,</strong></span> <span class='ocrx_word' id='word_1_38' title='bbox 901 371 957 403; x_wconf 93' lang='grc'><strong>11.</strong></span> <span class='ocrx_word' id='word_1_39' title='bbox 983 367 1029 409; x_wconf 83' lang='lat' dir='ltr'><strong>cs.</strong></span> <span class='ocrx_word' id='word_1_40' title='bbox 1054 370 1090 410; x_wconf 94' lang='lat'><strong>3,</strong></span> <span class='ocrx_word' id='word_1_41' title='bbox 1121 368 1156 410; x_wconf 86' lang='lat'><strong>5,</strong></span> <span class='ocrx_word' id='word_1_42' title='bbox 1188 368 1222 400; x_wconf 90' lang='lat'><strong>3.</strong></span> <span class='ocrx_word' id='word_1_43' title='bbox 1263 367 1319 408; x_wconf 94' lang='grc'><strong>10,</strong></span> <span class='ocrx_word' id='word_1_44' title='bbox 1353 368 1389 407; x_wconf 93' lang='lat'><strong>7,</strong></span> <span class='ocrx_word' id='word_1_45' title='bbox 1420 365 1476 399; x_wconf 83' lang='lat'><strong>28.</strong></span> <span class='ocrx_word' id='word_1_46' title='bbox 1512 362 1546 406; x_wconf 86' lang='grc' dir='ltr'><strong>δ)</strong></span> 
     </span>
    </p>

    <p class='ocr_par' dir='ltr' id='par_1_4' title="bbox 0 411 1547 508">
     <span class='ocr_line' id='line_1_5' title="bbox 0 411 1547 465; baseline -0.006 -12"><span class='ocrx_word' id='word_1_47' title='bbox 0 459 5 461; x_wconf 84' lang='lat'><strong>.</strong></span> <span class='ocrx_word' id='word_1_48' title='bbox 61 433 128 465; x_wconf 74' lang='lat' dir='ltr'><strong>seq.</strong></span> <span class='ocrx_word' id='word_1_49' title='bbox 153 426 223 452; x_wconf 78' lang='lat' dir='ltr'><strong>ut:</strong></span> <span class='ocrx_word' id='word_1_50' title='bbox 255 417 451 451; x_wconf 85' lang='lat' dir='ltr'><strong>Theodoro</strong></span> <span class='ocrx_word' id='word_1_51' title='bbox 473 417 633 461; x_wconf 82' lang='lat' dir='ltr'><strong>placere,</strong></span> <span class='ocrx_word' id='word_1_52' title='bbox 665 421 714 449; x_wconf 87' lang='lat' dir='ltr'><strong>ut</strong></span> <span class='ocrx_word' id='word_1_53' title='bbox 738 427 787 450; x_wconf 85' lang='lat' dir='ltr'><strong>ex</strong></span> <span class='ocrx_word' id='word_1_54' title='bbox 809 414 956 463; x_wconf 82' lang='lat' dir='ltr'><strong>singulis</strong></span> <span class='ocrx_word' id='word_1_55' title='bbox 980 412 1246 460; x_wconf 76' lang='lat' dir='ltr'><strong>quaestionibus</strong></span> <span class='ocrx_word' id='word_1_56' title='bbox 1269 411 1397 459; x_wconf 82' lang='lat' dir='ltr'><strong>singuli</strong></span> <span class='ocrx_word' id='word_1_57' title='bbox 1421 421 1547 445; x_wconf 87' lang='lat' dir='ltr'><strong>sensus</strong></span> 
     </span>
     <span class='ocr_line' id='line_1_6' title="bbox 58 461 808 508; baseline -0.005 -8"><span class='ocrx_word' id='word_1_58' title='bbox 58 464 98 500; x_wconf 87' lang='lat' dir='ltr'><strong>iu</strong></span> <span class='ocrx_word' id='word_1_59' title='bbox 119 462 344 508; x_wconf 87' lang='lat' dir='ltr'><strong>prooemium</strong></span> <span class='ocrx_word' id='word_1_60' title='bbox 375 463 606 497; x_wconf 79' lang='lat' dir='ltr'><strong>conferantur</strong></span> <span class='ocrx_word' id='word_1_61' title='bbox 626 461 663 506; x_wconf 86' lang='lat'><strong>4,</strong></span> <span class='ocrx_word' id='word_1_62' title='bbox 693 465 725 505; x_wconf 90' lang='lat'><strong>1,</strong></span> <span class='ocrx_word' id='word_1_63' title='bbox 749 463 808 496; x_wconf 85' lang='lat'><strong>23.</strong></span> 
     </span>
    </p>
   </div>
   <div class='ocr_carea' id='block_1_3' title="bbox 13 509 1544 609">
    <p class='ocr_par' dir='ltr' id='par_1_5' title="bbox 13 509 1544 609">
     <span class='ocr_line' id='line_1_7' title="bbox 13 509 1544 564; baseline -0.005 -7"><span class='ocrx_word' id='word_1_64' title='bbox 13 509 226 557; x_wconf 70' lang='lat' dir='ltr'><strong>Placidus·</strong></span> <span class='ocrx_word' id='word_1_65' title='bbox 272 519 500 564; x_wconf 74' lang='lat' dir='ltr'><strong>placidae</strong></span> <span class='ocrx_word' id='word_1_66' title='bbox 523 525 558 554; x_wconf 89' lang='lat' dir='ltr'><strong>et</strong></span> <span class='ocrx_word' id='word_1_67' title='bbox 581 521 705 554; x_wconf 84' lang='lat' dir='ltr'><strong>altae</strong></span> <span class='ocrx_word' id='word_1_68' title='bbox 731 517 860 553; x_wconf 87' lang='lat' dir='ltr'><strong>mentis</strong></span> <span class='ocrx_word' id='word_1_69' title='bbox 882 517 919 561; x_wconf 93' lang='lat'><strong>6,</strong></span> <span class='ocrx_word' id='word_1_70' title='bbox 942 518 999 551; x_wconf 87' lang='lat' dir='ltr'><strong>Pr.</strong></span> <span class='ocrx_word' id='word_1_71' title='bbox 1026 519 1062 551; x_wconf 89' lang='lat'><strong>7.</strong></span> <span class='ocrx_word' id='word_1_72' title='bbox 1098 514 1240 549; x_wconf 86' lang='lat' dir='ltr'><strong>dicendi</strong></span> <span class='ocrx_word' id='word_1_73' title='bbox 1279 524 1392 559; x_wconf 88' lang='lat' dir='ltr'><strong>genus</strong></span> <span class='ocrx_word' id='word_1_74' title='bbox 1427 513 1544 557; x_wconf 88' lang='lat' dir='ltr'><strong>plac.</strong></span> 
     </span>
     <span class='ocr_line' id='line_1_8' title="bbox 63 558 1544 609; baseline -0.006 -8"><span class='ocrx_word' id='word_1_75' title='bbox 63 578 106 601; x_wconf 80' lang='lat' dir='ltr'><strong>ac</strong></span> <span class='ocrx_word' id='word_1_76' title='bbox 129 565 243 600; x_wconf 88' lang='lat' dir='ltr'><strong>mite</strong></span> <span class='ocrx_word' id='word_1_77' title='bbox 266 567 300 609; x_wconf 82' lang='lat'><strong>6,</strong></span> <span class='ocrx_word' id='word_1_78' title='bbox 315 568 350 608; x_wconf 86' lang='grc'><strong>2,</strong></span> <span class='ocrx_word' id='word_1_79' title='bbox 369 567 424 601; x_wconf 89' lang='grc'><strong>19.</strong></span> <span class='ocrx_word' id='word_1_80' title='bbox 448 578 482 600; x_wconf 83' lang='grc' dir='ltr'><strong>υ.</strong></span> <span class='ocrx_word' id='word_1_81' title='bbox 507 566 730 600; x_wconf 84' lang='lat' dir='ltr'><strong>Blandus.</strong></span> <span class='ocrx_word' id='word_1_82' title='bbox 757 564 953 605; x_wconf 78' lang='lat' dir='ltr'><strong>Acidus3</strong></span> <span class='ocrx_word' id='word_1_83' title='bbox 977 562 1228 607; x_wconf 74' lang='lat' dir='ltr'><strong>placidioribus</strong></span> <span class='ocrx_word' id='word_1_84' title='bbox 1248 559 1375 594; x_wconf 86' lang='lat' dir='ltr'><strong>animis</strong></span> <span class='ocrx_word' id='word_1_85' title='bbox 1394 559 1430 603; x_wconf 93' lang='lat'><strong>4,</strong></span> <span class='ocrx_word' id='word_1_86' title='bbox 1441 562 1476 603; x_wconf 82' lang='lat'><strong>2,</strong></span> <span class='ocrx_word' id='word_1_87' title='bbox 1487 558 1544 594; x_wconf 83' lang='lat'><strong>74.</strong></span> 
     </span>
    </p>
   </div>
   <div class='ocr_carea' id='block_1_4' title="bbox 0 611 1547 1329">
    <p class='ocr_par' dir='ltr' id='par_1_6' title="bbox 14 611 1542 704">
     <span class='ocr_line' id='line_1_9' title="bbox 14 611 1542 704; baseline -0.003 -49"><span class='ocrx_word' id='word_1_88' title='bbox 14 611 159 704; x_wconf 66' lang='lat' dir='ltr'><strong>1²1an</strong></span> <span class='ocrx_word' id='word_1_89' title='bbox 205 622 338 702; x_wconf 60' lang='lat' dir='ltr'><strong>plantari</strong></span> <span class='ocrx_word' id='word_1_90' title='bbox 361 623 450 657; x_wconf 87' lang='lat' dir='ltr'><strong>deos</strong></span> <span class='ocrx_word' id='word_1_91' title='bbox 476 625 561 656; x_wconf 72' lang='lat' dir='ltr'><strong>Cic.</strong></span> <span class='ocrx_word' id='word_1_92' title='bbox 591 623 638 665; x_wconf 95' lang='lat'><strong>9,</strong></span> <span class='ocrx_word' id='word_1_93' title='bbox 673 625 718 665; x_wconf 84' lang='lat'><strong>2,</strong></span> <span class='ocrx_word' id='word_1_94' title='bbox 751 622 809 658; x_wconf 88' lang='grc'><strong>96.</strong></span> <span class='ocrx_word' id='word_1_95' title='bbox 859 620 986 666; x_wconf 84' lang='lat' dir='ltr'><strong>quibus</strong></span> <span class='ocrx_word' id='word_1_96' title='bbox 1012 620 1126 664; x_wconf 76' lang='lat' dir='ltr'><strong>judex</strong></span> <span class='ocrx_word' id='word_1_97' title='bbox 1148 619 1311 663; x_wconf 86' lang='lat' dir='ltr'><strong>placatur</strong></span> <span class='ocrx_word' id='word_1_98' title='bbox 1332 616 1377 661; x_wconf 94' lang='lat'><strong>4,</strong></span> <span class='ocrx_word' id='word_1_99' title='bbox 1407 619 1455 660; x_wconf 88' lang='grc'>3,</span> <span class='ocrx_word' id='word_1_100' title='bbox 1488 616 1542 651; x_wconf 87' lang='grc'><strong>16.</strong></span> 
     </span>
    </p>

    <p class='ocr_par' dir='ltr' id='par_1_7' title="bbox 59 679 518 706">
     <span class='ocr_line' id='line_1_10' title="bbox 59 679 518 706; baseline -0.009 -2"><span class='ocrx_word' id='word_1_101' title='bbox 59 682 94 704; x_wconf 77' lang='lat' dir='ltr'><strong>v.</strong></span> <span class='ocrx_word' id='word_1_102' title='bbox 161 679 270 704; x_wconf 86' lang='lat' dir='ltr'><strong>onc1</strong></span> <span class='ocrx_word' id='word_1_103' title='bbox 302 679 339 706; x_wconf 81' lang='grc'><strong>0.</strong></span> <span class='ocrx_word' id='word_1_104' title='bbox 516 679 518 681; x_wconf 95' lang='grc'><strong><em>·</em></strong></span> 
     </span>
    </p>

    <p class='ocr_par' dir='ltr' id='par_1_8' title="bbox 11 712 1547 863">
     <span class='ocr_line' id='line_1_11' title="bbox 11 712 1547 769; baseline -0.005 -9"><span class='ocrx_word' id='word_1_105' title='bbox 11 712 159 757; x_wconf 64' lang='lat' dir='ltr'><strong>Plane·</strong></span> <span class='ocrx_word' id='word_1_106' title='bbox 205 725 246 769; x_wconf 75' lang='lat' dir='ltr'><strong>a)</strong></span> <span class='ocrx_word' id='word_1_107' title='bbox 273 738 301 759; x_wconf 86' lang='lat' dir='ltr'><strong>c.</strong></span> <span class='ocrx_word' id='word_1_108' title='bbox 332 726 459 759; x_wconf 60' lang='lat' dir='ltr'><strong>Vera:</strong></span> <span class='ocrx_word' id='word_1_109' title='bbox 487 724 539 768; x_wconf 85' lang='lat' dir='ltr'><strong>pl.</strong></span> <span class='ocrx_word' id='word_1_110' title='bbox 564 722 701 758; x_wconf 80' lang='lat' dir='ltr'><strong>affirmo</strong></span> <span class='ocrx_word' id='word_1_111' title='bbox 722 724 758 767; x_wconf 88' lang='grc'>6,</span> <span class='ocrx_word' id='word_1_112' title='bbox 787 726 823 767; x_wconf 90' lang='grc'><strong>3,</strong></span> <span class='ocrx_word' id='word_1_113' title='bbox 852 727 907 759; x_wconf 90' lang='grc'><strong>11.</strong></span> <span class='ocrx_word' id='word_1_114' title='bbox 931 734 1048 768; x_wconf 86' lang='lat' dir='ltr'><strong>neque</strong></span> <span class='ocrx_word' id='word_1_115' title='bbox 1074 723 1102 757; x_wconf 79' lang='lat' dir='ltr'>E</span> <span class='ocrx_word' id='word_1_116' title='bbox 1129 723 1180 767; x_wconf 88' lang='lat' dir='ltr'><strong>pl.</strong></span> <span class='ocrx_word' id='word_1_117' title='bbox 1212 732 1328 766; x_wconf 83' lang='lat' dir='ltr'><strong>neque</strong></span> <span class='ocrx_word' id='word_1_118' title='bbox 1358 721 1376 754; x_wconf 95' lang='lat' dir='ltr'>I</span> <span class='ocrx_word' id='word_1_119' title='bbox 1407 719 1547 753; x_wconf 85' lang='lat' dir='ltr'><strong>auditur</strong></span> 
     </span>
     <span class='ocr_line' id='line_1_12' title="bbox 58 766 1546 816; baseline -0.005 -9"><span class='ocrx_word' id='word_1_120' title='bbox 58 775 94 815; x_wconf 87' lang='lat'><strong>1,</strong></span> <span class='ocrx_word' id='word_1_121' title='bbox 116 771 153 814; x_wconf 91' lang='lat'><strong>4,</strong></span> <span class='ocrx_word' id='word_1_122' title='bbox 177 773 211 806; x_wconf 85' lang='lat'><strong>8.</strong></span> <span class='ocrx_word' id='word_1_123' title='bbox 237 783 272 816; x_wconf 92' lang='lat' dir='ltr'><strong>p.</strong></span> <span class='ocrx_word' id='word_1_124' title='bbox 295 771 424 805; x_wconf 89' lang='lat' dir='ltr'><strong>distant</strong></span> <span class='ocrx_word' id='word_1_125' title='bbox 447 772 484 813; x_wconf 89' lang='grc'>9,</span> <span class='ocrx_word' id='word_1_126' title='bbox 507 773 542 812; x_wconf 93' lang='grc'><strong>1,</strong></span> <span class='ocrx_word' id='word_1_127' title='bbox 568 772 604 804; x_wconf 89' lang='grc'><strong>3.</strong></span> <span class='ocrx_word' id='word_1_128' title='bbox 624 772 633 780; x_wconf 75' lang='grc'><em>”</em></span> <span class='ocrx_word' id='word_1_129' title='bbox 653 781 771 814; x_wconf 84' lang='lat' dir='ltr'><strong>neque</strong></span> <span class='ocrx_word' id='word_1_130' title='bbox 792 771 842 814; x_wconf 90' lang='lat' dir='ltr'><strong>pl.</strong></span> <span class='ocrx_word' id='word_1_131' title='bbox 872 770 1077 804; x_wconf 81' lang='lat' dir='ltr'><strong>dominatur</strong></span> <span class='ocrx_word' id='word_1_132' title='bbox 1105 768 1220 803; x_wconf 85' lang='lat' dir='ltr'><strong>oratio</strong></span> <span class='ocrx_word' id='word_1_133' title='bbox 1253 769 1289 811; x_wconf 90' lang='lat'><strong>8,</strong></span> <span class='ocrx_word' id='word_1_134' title='bbox 1319 769 1354 809; x_wconf 89' lang='grc'>3,</span> <span class='ocrx_word' id='word_1_135' title='bbox 1381 766 1437 800; x_wconf 89' lang='grc'><strong>62.</strong></span> <span class='ocrx_word' id='word_1_136' title='bbox 1466 777 1546 800; x_wconf 84' lang='lat' dir='ltr'><strong>cum</strong></span> 
     </span>
     <span class='ocr_line' id='line_1_13' title="bbox 54 814 1543 863; baseline -0.004 -13"><span class='ocrx_word' id='word_1_137' title='bbox 54 817 89 855; x_wconf 83' lang='lat' dir='ltr'><strong>is</strong></span> <span class='ocrx_word' id='word_1_138' title='bbox 112 818 161 862; x_wconf 84' lang='lat' dir='ltr'><strong>pl,</strong></span> <span class='ocrx_word' id='word_1_139' title='bbox 184 817 331 852; x_wconf 80' lang='lat' dir='ltr'><strong>instaret</strong></span> <span class='ocrx_word' id='word_1_140' title='bbox 354 815 630 863; x_wconf 78' lang='lat' dir='ltr'><strong>interrogatione</strong></span> <span class='ocrx_word' id='word_1_141' title='bbox 651 815 686 858; x_wconf 88' lang='grc'>6,</span> <span class='ocrx_word' id='word_1_142' title='bbox 710 818 746 859; x_wconf 87' lang='lat'><strong>3,</strong></span> <span class='ocrx_word' id='word_1_143' title='bbox 769 817 828 851; x_wconf 91' lang='lat'><strong>38.</strong></span> <span class='ocrx_word' id='word_1_144' title='bbox 866 818 918 860; x_wconf 81' lang='lat' dir='ltr'><strong>pl.</strong></span> <span class='ocrx_word' id='word_1_145' title='bbox 938 816 1024 850; x_wconf 91' lang='lat' dir='ltr'><strong>nolo</strong></span> <span class='ocrx_word' id='word_1_146' title='bbox 1047 817 1091 849; x_wconf 73' lang='lat' dir='ltr'><strong>sb.</strong></span> <span class='ocrx_word' id='word_1_147' title='bbox 1116 817 1174 849; x_wconf 87' lang='lat'><strong>30.</strong></span> <span class='ocrx_word' id='word_1_148' title='bbox 1208 815 1256 858; x_wconf 90' lang='lat' dir='ltr'><strong>pl.</strong></span> <span class='ocrx_word' id='word_1_149' title='bbox 1279 814 1366 848; x_wconf 81' lang='lat' dir='ltr'><strong>volo</strong></span> <span class='ocrx_word' id='word_1_150' title='bbox 1390 814 1424 854; x_wconf 91' lang='grc'><strong>2,</strong></span> <span class='ocrx_word' id='word_1_151' title='bbox 1447 814 1483 855; x_wconf 83' lang='grc'><strong>7,</strong></span> <span class='ocrx_word' id='word_1_152' title='bbox 1509 815 1543 845; x_wconf 87' lang='grc'><strong>2.</strong></span> 
     </span>
    </p>

    <p class='ocr_par' dir='ltr' id='par_1_9' title="bbox 0 857 1546 1226">
     <span class='ocr_line' id='line_1_14' title="bbox 0 857 1544 907; baseline -0.005 -9"><span class='ocrx_word' id='word_1_153' title='bbox 0 891 2 894; x_wconf 58' lang='grc'>,</span> <span class='ocrx_word' id='word_1_154' title='bbox 55 864 227 897; x_wconf 86' lang='lat' dir='ltr'><strong>utendum</strong></span> <span class='ocrx_word' id='word_1_155' title='bbox 248 864 305 907; x_wconf 87' lang='lat' dir='ltr'><strong>pl.</strong></span> <span class='ocrx_word' id='word_1_156' title='bbox 331 872 521 905; x_wconf 79' lang='lat' dir='ltr'><strong>sermone,</strong></span> <span class='ocrx_word' id='word_1_157' title='bbox 553 867 603 895; x_wconf 86' lang='lat' dir='ltr'><strong>ut</strong></span> <span class='ocrx_word' id='word_1_158' title='bbox 625 871 771 895; x_wconf 88' lang='lat' dir='ltr'><strong>nummo</strong></span> <span class='ocrx_word' id='word_1_159' title='bbox 805 864 840 904; x_wconf 82' lang='lat'><strong>1,</strong></span> <span class='ocrx_word' id='word_1_160' title='bbox 872 862 917 904; x_wconf 89' lang='grc'><strong>6,</strong></span> <span class='ocrx_word' id='word_1_161' title='bbox 953 863 994 904; x_wconf 84' lang='grc'><strong>3;</strong></span> <span class='ocrx_word' id='word_1_162' title='bbox 1033 875 1063 899; x_wconf 78' lang='lat' dir='ltr'>c,</span> <span class='ocrx_word' id='word_1_163' title='bbox 1104 862 1208 895; x_wconf 75' lang='lat' dir='ltr'><strong>Verb.</strong></span> <span class='ocrx_word' id='word_1_164' title='bbox 1236 862 1360 892; x_wconf 66' lang='lat' dir='ltr'><strong>subn„-</strong></span> <span class='ocrx_word' id='word_1_165' title='bbox 1392 857 1422 891; x_wconf 90' lang='lat' dir='ltr'><strong>si</strong></span> <span class='ocrx_word' id='word_1_166' title='bbox 1455 857 1544 891; x_wconf 86' lang='lat' dir='ltr'><strong>nihil</strong></span> 
     </span>
     <span class='ocr_line' id='line_1_15' title="bbox 58 902 1546 953; baseline -0.005 -10"><span class='ocrx_word' id='word_1_167' title='bbox 58 909 156 944; x_wconf 85' lang='lat' dir='ltr'><strong>aliud</strong></span> <span class='ocrx_word' id='word_1_168' title='bbox 177 910 227 953; x_wconf 89' lang='lat' dir='ltr'><strong>pl.</strong></span> <span class='ocrx_word' id='word_1_169' title='bbox 251 908 362 943; x_wconf 84' lang='lat' dir='ltr'><strong>fuerit</strong></span> <span class='ocrx_word' id='word_1_170' title='bbox 386 910 443 950; x_wconf 90' lang='lat'><strong>11,</strong></span> <span class='ocrx_word' id='word_1_171' title='bbox 469 911 504 947; x_wconf 91' lang='grc'><strong>1,</strong></span> <span class='ocrx_word' id='word_1_172' title='bbox 527 910 586 942; x_wconf 91' lang='grc'><strong>77.</strong></span> <span class='ocrx_word' id='word_1_173' title='bbox 631 905 720 940; x_wconf 84' lang='lat' dir='ltr'><strong>illud</strong></span> <span class='ocrx_word' id='word_1_174' title='bbox 744 907 793 950; x_wconf 89' lang='lat' dir='ltr'><strong>pl.</strong></span> <span class='ocrx_word' id='word_1_175' title='bbox 824 907 938 953; x_wconf 85' lang='lat' dir='ltr'><strong>figura</strong></span> <span class='ocrx_word' id='word_1_176' title='bbox 962 913 1015 941; x_wconf 88' lang='lat' dir='ltr'><strong>est</strong></span> <span class='ocrx_word' id='word_1_177' title='bbox 1047 908 1091 950; x_wconf 88' lang='lat'><strong>9,</strong></span> <span class='ocrx_word' id='word_1_178' title='bbox 1130 908 1173 948; x_wconf 90' lang='lat'><strong>3,</strong></span> <span class='ocrx_word' id='word_1_179' title='bbox 1209 904 1265 939; x_wconf 81' lang='lat'><strong>64.</strong></span> <span class='ocrx_word' id='word_1_180' title='bbox 1298 906 1344 948; x_wconf 90' lang='lat' dir='ltr'><strong>pl.</strong></span> <span class='ocrx_word' id='word_1_181' title='bbox 1376 902 1457 936; x_wconf 89' lang='lat' dir='ltr'><strong>finis</strong></span> <span class='ocrx_word' id='word_1_182' title='bbox 1490 909 1546 937; x_wconf 79' lang='lat' dir='ltr'><strong>est</strong></span> 
     </span>
     <span class='ocr_line' id='line_1_16' title="bbox 57 948 1542 997; baseline -0.005 -8"><span class='ocrx_word' id='word_1_183' title='bbox 57 955 208 989; x_wconf 71' lang='lat' dir='ltr'><strong>trimetri</strong></span> <span class='ocrx_word' id='word_1_184' title='bbox 230 955 266 997; x_wconf 90' lang='lat'><strong>9,</strong></span> <span class='ocrx_word' id='word_1_185' title='bbox 286 953 323 997; x_wconf 90' lang='lat'><strong>4,</strong></span> <span class='ocrx_word' id='word_1_186' title='bbox 344 956 434 995; x_wconf 75' lang='lat'>1113</span> <span class='ocrx_word' id='word_1_187' title='bbox 463 952 508 994; x_wconf 73' lang='lat' dir='ltr'><strong>cs.</strong></span> <span class='ocrx_word' id='word_1_188' title='bbox 529 953 578 996; x_wconf 89' lang='lat' dir='ltr'><strong>pl.</strong></span> <span class='ocrx_word' id='word_1_189' title='bbox 604 952 800 987; x_wconf 86' lang='lat' dir='ltr'><strong>adversarii</strong></span> <span class='ocrx_word' id='word_1_190' title='bbox 817 953 907 986; x_wconf 85' lang='lat' dir='ltr'><strong>fiunt</strong></span> <span class='ocrx_word' id='word_1_191' title='bbox 928 952 1062 993; x_wconf 80' lang='lat' dir='ltr'><strong>inimici</strong></span> <span class='ocrx_word' id='word_1_192' title='bbox 1087 954 1144 995; x_wconf 88' lang='grc'><strong>12,</strong></span> <span class='ocrx_word' id='word_1_193' title='bbox 1168 954 1203 993; x_wconf 87' lang='grc'><strong>9,</strong></span> <span class='ocrx_word' id='word_1_194' title='bbox 1231 954 1287 984; x_wconf 87' lang='grc'><strong>11.</strong></span> <span class='ocrx_word' id='word_1_195' title='bbox 1314 948 1356 994; x_wconf 81' lang='grc' dir='ltr'><strong>β)</strong></span> <span class='ocrx_word' id='word_1_196' title='bbox 1381 949 1542 991; x_wconf 61' lang='lat' dir='ltr'><strong>c.,Ad1&#39;.:</strong></span> 
     </span>
     <span class='ocr_line' id='line_1_17' title="bbox 57 994 1543 1044; baseline -0.005 -9"><span class='ocrx_word' id='word_1_197' title='bbox 57 1000 191 1036; x_wconf 84' lang='lat' dir='ltr'><strong>lumina</strong></span> <span class='ocrx_word' id='word_1_198' title='bbox 213 1001 263 1044; x_wconf 90' lang='lat' dir='ltr'><strong>pl.</strong></span> <span class='ocrx_word' id='word_1_199' title='bbox 286 999 327 1033; x_wconf 88' lang='lat' dir='ltr'><strong>in</strong></span> <span class='ocrx_word' id='word_1_200' title='bbox 350 998 507 1033; x_wconf 86' lang='lat' dir='ltr'><strong>tenebris</strong></span> <span class='ocrx_word' id='word_1_201' title='bbox 532 998 685 1032; x_wconf 80' lang='lat' dir='ltr'><strong>clariora</strong></span> <span class='ocrx_word' id='word_1_202' title='bbox 709 1003 792 1041; x_wconf 83' lang='lat' dir='ltr'><strong>sunt</strong></span> <span class='ocrx_word' id='word_1_203' title='bbox 816 1001 852 1041; x_wconf 90' lang='grc'><strong>2,</strong></span> <span class='ocrx_word' id='word_1_204' title='bbox 879 1001 934 1041; x_wconf 80' lang='grc'><strong>12,</strong></span> <span class='ocrx_word' id='word_1_205' title='bbox 973 1000 1030 1032; x_wconf 83' lang='grc'><strong>17.</strong></span> <span class='ocrx_word' id='word_1_206' title='bbox 1076 1003 1115 1031; x_wconf 87' lang='lat' dir='ltr'><strong>ut</strong></span> <span class='ocrx_word' id='word_1_207' title='bbox 1147 1003 1206 1030; x_wconf 88' lang='lat' dir='ltr'><strong>aut</strong></span> <span class='ocrx_word' id='word_1_208' title='bbox 1239 996 1309 1029; x_wconf 87' lang='lat' dir='ltr'><strong>sint</strong></span> <span class='ocrx_word' id='word_1_209' title='bbox 1342 994 1471 1029; x_wconf 88' lang='lat' dir='ltr'><strong>eruditi</strong></span> <span class='ocrx_word' id='word_1_210' title='bbox 1494 995 1543 1039; x_wconf 88' lang='lat' dir='ltr'><strong>pl.</strong></span> 
     </span>
     <span class='ocr_line' id='line_1_18' title="bbox 57 1041 1544 1088; baseline -0.006 -6"><span class='ocrx_word' id='word_1_211' title='bbox 57 1052 119 1082; x_wconf 81' lang='lat' dir='ltr'><strong>aut</strong></span> <span class='ocrx_word' id='word_1_212' title='bbox 145 1052 217 1080; x_wconf 58' lang='lat' dir='ltr'><strong>etc:</strong></span> <span class='ocrx_word' id='word_1_213' title='bbox 233 1048 268 1088; x_wconf 89' lang='lat'><strong>1,</strong></span> <span class='ocrx_word' id='word_1_214' title='bbox 292 1048 327 1088; x_wconf 88' lang='lat'><strong>1,</strong></span> <span class='ocrx_word' id='word_1_215' title='bbox 352 1046 386 1079; x_wconf 88' lang='lat'><strong>8.</strong></span> <span class='ocrx_word' id='word_1_216' title='bbox 431 1044 500 1078; x_wconf 88' lang='lat' dir='ltr'><strong>nisi</strong></span> <span class='ocrx_word' id='word_1_217' title='bbox 526 1044 586 1088; x_wconf 79' lang='lat' dir='ltr'><strong>qui</strong></span> <span class='ocrx_word' id='word_1_218' title='bbox 608 1045 659 1088; x_wconf 93' lang='lat' dir='ltr'><strong>pl.</strong></span> <span class='ocrx_word' id='word_1_219' title='bbox 684 1044 730 1077; x_wconf 89' lang='lat' dir='ltr'><strong>sit</strong></span> <span class='ocrx_word' id='word_1_220' title='bbox 753 1044 864 1078; x_wconf 85' lang='lat' dir='ltr'><strong>hebes</strong></span> <span class='ocrx_word' id='word_1_221' title='bbox 887 1047 923 1088; x_wconf 88' lang='lat'><strong>7,</strong></span> <span class='ocrx_word' id='word_1_222' title='bbox 948 1047 982 1086; x_wconf 87' lang='lat'><strong>1,</strong></span> <span class='ocrx_word' id='word_1_223' title='bbox 1005 1043 1064 1078; x_wconf 89' lang='lat'><strong>48.</strong></span> <span class='ocrx_word' id='word_1_224' title='bbox 1106 1041 1306 1086; x_wconf 79' lang='lat' dir='ltr'><strong>imperitum</strong></span> <span class='ocrx_word' id='word_1_225' title='bbox 1339 1042 1388 1085; x_wconf 92' lang='lat' dir='ltr'><strong>pl.</strong></span> <span class='ocrx_word' id='word_1_226' title='bbox 1419 1043 1476 1083; x_wconf 88' lang='lat'><strong>11,</strong></span> <span class='ocrx_word' id='word_1_227' title='bbox 1510 1043 1544 1083; x_wconf 85' lang='grc'><strong>1,</strong></span> 
     </span>
     <span class='ocr_line' id='line_1_19' title="bbox 56 1087 1544 1137; baseline -0.006 -10"><span class='ocrx_word' id='word_1_228' title='bbox 56 1096 115 1127; x_wconf 89' lang='grc'><strong>21.</strong></span> <span class='ocrx_word' id='word_1_229' title='bbox 154 1091 223 1125; x_wconf 87' lang='lat' dir='ltr'><strong>nisi</strong></span> <span class='ocrx_word' id='word_1_230' title='bbox 244 1092 291 1136; x_wconf 86' lang='lat' dir='ltr'><strong>pl.</strong></span> <span class='ocrx_word' id='word_1_231' title='bbox 312 1091 405 1134; x_wconf 82' lang='lat' dir='ltr'><strong>justa</strong></span> <span class='ocrx_word' id='word_1_232' title='bbox 429 1090 637 1137; x_wconf 83' lang='lat' dir='ltr'><strong>fatigatione</strong></span> <span class='ocrx_word' id='word_1_233' title='bbox 674 1092 730 1133; x_wconf 88' lang='lat'><strong>11,</strong></span> <span class='ocrx_word' id='word_1_234' title='bbox 754 1091 789 1133; x_wconf 88' lang='lat'><strong>3,</strong></span> <span class='ocrx_word' id='word_1_235' title='bbox 827 1092 906 1126; x_wconf 83' lang='lat'><strong>132.</strong></span> <span class='ocrx_word' id='word_1_236' title='bbox 934 1091 985 1135; x_wconf 88' lang='lat' dir='ltr'><strong>pl.</strong></span> <span class='ocrx_word' id='word_1_237' title='bbox 1017 1089 1218 1123; x_wconf 85' lang='lat' dir='ltr'><strong>necessaria</strong></span> <span class='ocrx_word' id='word_1_238' title='bbox 1250 1089 1294 1131; x_wconf 89' lang='lat'><strong>6,</strong></span> <span class='ocrx_word' id='word_1_239' title='bbox 1325 1089 1366 1128; x_wconf 89' lang='lat'><strong>3,</strong></span> <span class='ocrx_word' id='word_1_240' title='bbox 1395 1089 1471 1120; x_wconf 81' lang='grc'><strong>102.</strong></span> <span class='ocrx_word' id='word_1_241' title='bbox 1496 1087 1544 1129; x_wconf 89' lang='lat' dir='ltr'><strong>pl.</strong></span> 
     </span>
     <span class='ocr_line' id='line_1_20' title="bbox 54 1131 1545 1180; baseline -0.005 -8"><span class='ocrx_word' id='word_1_242' title='bbox 54 1138 245 1172; x_wconf 85' lang='lat' dir='ltr'><strong>ridiculum</strong></span> <span class='ocrx_word' id='word_1_243' title='bbox 269 1138 326 1179; x_wconf 91' lang='lat'><strong>11,</strong></span> <span class='ocrx_word' id='word_1_244' title='bbox 346 1138 380 1176; x_wconf 84' lang='lat'><strong>3.</strong></span> <span class='ocrx_word' id='word_1_245' title='bbox 405 1137 485 1171; x_wconf 84' lang='lat'><strong>128.</strong></span> <span class='ocrx_word' id='word_1_246' title='bbox 530 1141 569 1169; x_wconf 87' lang='lat' dir='ltr'><strong>ut</strong></span> <span class='ocrx_word' id='word_1_247' title='bbox 592 1135 707 1170; x_wconf 84' lang='lat' dir='ltr'><strong>oratio</strong></span> <span class='ocrx_word' id='word_1_248' title='bbox 730 1137 890 1171; x_wconf 87' lang='lat' dir='ltr'><strong>Romana</strong></span> <span class='ocrx_word' id='word_1_249' title='bbox 911 1137 960 1180; x_wconf 88' lang='lat' dir='ltr'><strong>pl.</strong></span> <span class='ocrx_word' id='word_1_250' title='bbox 985 1135 1151 1170; x_wconf 78' lang='lat' dir='ltr'><strong>videatur</strong></span> <span class='ocrx_word' id='word_1_251' title='bbox 1173 1136 1208 1176; x_wconf 88' lang='grc'><strong>8,</strong></span> <span class='ocrx_word' id='word_1_252' title='bbox 1234 1136 1267 1177; x_wconf 92' lang='grc'><strong>1,</strong></span> <span class='ocrx_word' id='word_1_253' title='bbox 1302 1135 1336 1168; x_wconf 88' lang='grc'><strong>3.</strong></span> <span class='ocrx_word' id='word_1_254' title='bbox 1372 1133 1420 1176; x_wconf 89' lang='lat' dir='ltr'><strong>pl.</strong></span> <span class='ocrx_word' id='word_1_255' title='bbox 1446 1131 1545 1166; x_wconf 88' lang='lat' dir='ltr'><strong>rudis</strong></span> 
     </span>
     <span class='ocr_line' id='line_1_21' title="bbox 58 1180 1474 1226; baseline -0.004 -8"><span class='ocrx_word' id='word_1_256' title='bbox 58 1190 118 1218; x_wconf 89' lang='lat' dir='ltr'><strong>aut</strong></span> <span class='ocrx_word' id='word_1_257' title='bbox 140 1185 267 1217; x_wconf 86' lang='lat' dir='ltr'><strong>stultus</strong></span> <span class='ocrx_word' id='word_1_258' title='bbox 287 1185 344 1225; x_wconf 89' lang='lat'><strong>11,</strong></span> <span class='ocrx_word' id='word_1_259' title='bbox 367 1185 402 1225; x_wconf 84' lang='lat'><strong>3,</strong></span> <span class='ocrx_word' id='word_1_260' title='bbox 426 1184 491 1224; x_wconf 85' lang='lat'><strong>76;</strong></span> <span class='ocrx_word' id='word_1_261' title='bbox 529 1183 578 1226; x_wconf 90' lang='lat' dir='ltr'><strong>pl.</strong></span> <span class='ocrx_word' id='word_1_262' title='bbox 607 1182 797 1216; x_wconf 81' lang='lat' dir='ltr'><strong>manifesto</strong></span> <span class='ocrx_word' id='word_1_263' title='bbox 822 1184 878 1224; x_wconf 90' lang='grc'><strong>10,</strong></span> <span class='ocrx_word' id='word_1_264' title='bbox 902 1185 936 1224; x_wconf 92' lang='grc'><strong>1,</strong></span> <span class='ocrx_word' id='word_1_265' title='bbox 962 1181 1018 1225; x_wconf 79' lang='grc'><strong>53.</strong></span> <span class='ocrx_word' id='word_1_266' title='bbox 1042 1182 1092 1226; x_wconf 91' lang='lat' dir='ltr'><strong>pl.</strong></span> <span class='ocrx_word' id='word_1_267' title='bbox 1115 1181 1243 1214; x_wconf 90' lang='lat' dir='ltr'><strong>melius</strong></span> <span class='ocrx_word' id='word_1_268' title='bbox 1277 1182 1313 1222; x_wconf 84' lang='lat'><strong>2,</strong></span> <span class='ocrx_word' id='word_1_269' title='bbox 1335 1181 1394 1218; x_wconf 88' lang='grc'><strong>21,</strong></span> <span class='ocrx_word' id='word_1_270' title='bbox 1422 1180 1474 1212; x_wconf 86' lang='grc'><strong>16.</strong></span> 
     </span>
    </p>

    <p class='ocr_par' dir='ltr' id='par_1_10' title="bbox 12 1226 1546 1329">
     <span class='ocr_line' id='line_1_22' title="bbox 12 1226 1546 1282; baseline -0.001 -10"><span class='ocrx_word' id='word_1_271' title='bbox 12 1226 181 1272; x_wconf 69' lang='lat' dir='ltr'><strong>Blanta.</strong></span> <span class='ocrx_word' id='word_1_272' title='bbox 199 1254 207 1259; x_wconf 50' lang='lat'><em>*</em></span> <span class='ocrx_word' id='word_1_273' title='bbox 229 1238 478 1273; x_wconf 82' lang='lat' dir='ltr'><strong>Generosioris</strong></span> <span class='ocrx_word' id='word_1_274' title='bbox 511 1237 652 1273; x_wconf 83' lang='lat' dir='ltr'><strong>arboris</strong></span> <span class='ocrx_word' id='word_1_275' title='bbox 683 1238 799 1273; x_wconf 82' lang='lat' dir='ltr'><strong>statim</strong></span> <span class='ocrx_word' id='word_1_276' title='bbox 831 1239 951 1282; x_wconf 85' lang='lat' dir='ltr'><strong>planta</strong></span> <span class='ocrx_word' id='word_1_277' title='bbox 979 1248 1064 1272; x_wconf 85' lang='lat' dir='ltr'><strong>-cmn</strong></span> <span class='ocrx_word' id='word_1_278' title='bbox 1105 1237 1224 1272; x_wconf 75' lang='lat' dir='ltr'><strong>tractu</strong></span> <span class='ocrx_word' id='word_1_279' title='bbox 1254 1241 1308 1270; x_wconf 86' lang='lat' dir='ltr'><strong>est</strong></span> <span class='ocrx_word' id='word_1_280' title='bbox 1336 1236 1381 1279; x_wconf 93' lang='grc'><strong>8,</strong></span> <span class='ocrx_word' id='word_1_281' title='bbox 1413 1236 1455 1275; x_wconf 77' lang='grc'><strong>3,</strong></span> <span class='ocrx_word' id='word_1_282' title='bbox 1488 1236 1546 1270; x_wconf 90' lang='lat'><strong>76.</strong></span> 
     </span>
     <span class='ocr_line' id='line_1_23' title="bbox 56 1282 655 1329; baseline -0.003 -8"><span class='ocrx_word' id='word_1_283' title='bbox 56 1285 190 1321; x_wconf 81' lang='lat' dir='ltr'><strong>teneris</strong></span> <span class='ocrx_word' id='word_1_284' title='bbox 218 1286 332 1319; x_wconf 89' lang='lat' dir='ltr'><strong>adhuc</strong></span> <span class='ocrx_word' id='word_1_285' title='bbox 354 1284 484 1329; x_wconf 86' lang='lat' dir='ltr'><strong>plantis</strong></span> <span class='ocrx_word' id='word_1_286' title='bbox 504 1287 539 1327; x_wconf 90' lang='grc'><strong>2,</strong></span> <span class='ocrx_word' id='word_1_287' title='bbox 562 1282 598 1327; x_wconf 89' lang='grc'><strong>4,</strong></span> <span class='ocrx_word' id='word_1_288' title='bbox 621 1285 655 1319; x_wconf 90' lang='grc'><strong>8.</strong></span> 
     </span>
    </p>
   </div>
   <div class='ocr_carea' id='block_1_5' title="bbox 9 1330 1545 1563">
    <p class='ocr_par' dir='ltr' id='par_1_11' title="bbox 9 1330 1545 1432">
     <span class='ocr_line' id='line_1_24' title="bbox 9 1330 1545 1386; baseline -0.001 -12"><span class='ocrx_word' id='word_1_289' title='bbox 9 1330 190 1374; x_wconf 70' lang='lat' dir='ltr'><strong>Planus.</strong></span> <span class='ocrx_word' id='word_1_290' title='bbox 233 1342 267 1383; x_wconf 88' lang='lat'><strong>1)</strong></span> <span class='ocrx_word' id='word_1_291' title='bbox 289 1343 438 1386; x_wconf 75' lang='lat' dir='ltr'><strong>proprie.</strong></span> <span class='ocrx_word' id='word_1_292' title='bbox 482 1339 520 1384; x_wconf 74' lang='lat' dir='ltr'><strong>a)</strong></span> <span class='ocrx_word' id='word_1_293' title='bbox 548 1342 651 1375; x_wconf 89' lang='lat' dir='ltr'><strong>locus</strong></span> <span class='ocrx_word' id='word_1_294' title='bbox 678 1346 930 1375; x_wconf 87' lang='lat' dir='ltr'><strong>montanus</strong></span> <span class='ocrx_word' id='word_1_295' title='bbox 954 1351 998 1374; x_wconf 84' lang='lat' dir='ltr'><strong>an</strong></span> <span class='ocrx_word' id='word_1_296' title='bbox 1031 1339 1107 1384; x_wconf 79' lang='lat' dir='ltr'><strong>pl&#39;a</strong></span> <span class='ocrx_word' id='word_1_297' title='bbox 1118 1350 1200 1373; x_wconf 88' lang='lat' dir='ltr'><strong>nus</strong></span> <span class='ocrx_word' id='word_1_298' title='bbox 1228 1339 1262 1382; x_wconf 87' lang='lat'><strong>5,</strong></span> <span class='ocrx_word' id='word_1_299' title='bbox 1290 1341 1347 1382; x_wconf 90' lang='grc'><strong>10,</strong></span> <span class='ocrx_word' id='word_1_300' title='bbox 1371 1340 1427 1373; x_wconf 85' lang='lat'><strong>37.</strong></span> <span class='ocrx_word' id='word_1_301' title='bbox 1461 1339 1545 1373; x_wconf 91' lang='lat' dir='ltr'><strong>luna</strong></span> 
     </span>
     <span class='ocr_line' id='line_1_25' title="bbox 13 1384 1543 1432; baseline -0.005 -6"><span class='ocrx_word' id='word_1_302' title='bbox 13 1406 29 1426; x_wconf 62' lang='grc' dir='ltr'><em>η</em></span> <span class='ocrx_word' id='word_1_303' title='bbox 88 1389 278 1431; x_wconf 84' lang='lat' dir='ltr'><strong>lobosa,</strong></span> <span class='ocrx_word' id='word_1_304' title='bbox 310 1398 356 1421; x_wconf 90' lang='lat' dir='ltr'><strong>an</strong></span> <span class='ocrx_word' id='word_1_305' title='bbox 377 1388 534 1432; x_wconf 80' lang='lat' dir='ltr'><strong>plana,</strong></span> <span class='ocrx_word' id='word_1_306' title='bbox 569 1398 615 1420; x_wconf 89' lang='lat' dir='ltr'><strong>an</strong></span> <span class='ocrx_word' id='word_1_307' title='bbox 638 1392 770 1421; x_wconf 84' lang='lat' dir='ltr'><strong>acuta</strong></span> <span class='ocrx_word' id='word_1_308' title='bbox 794 1390 829 1430; x_wconf 90' lang='lat'><strong>7,</strong></span> <span class='ocrx_word' id='word_1_309' title='bbox 858 1390 892 1429; x_wconf 92' lang='grc'><strong>2,</strong></span> <span class='ocrx_word' id='word_1_310' title='bbox 917 1387 950 1420; x_wconf 87' lang='lat'><strong>6.</strong></span> <span class='ocrx_word' id='word_1_311' title='bbox 974 1387 1021 1430; x_wconf 81' lang='lat' dir='ltr'><strong>pl.</strong></span> <span class='ocrx_word' id='word_1_312' title='bbox 1048 1396 1158 1420; x_wconf 88' lang='lat' dir='ltr'><strong>manu</strong></span> <span class='ocrx_word' id='word_1_313' title='bbox 1188 1387 1246 1427; x_wconf 91' lang='lat'><strong>11,</strong></span> <span class='ocrx_word' id='word_1_314' title='bbox 1272 1387 1306 1427; x_wconf 91' lang='grc'><strong>3,</strong></span> <span class='ocrx_word' id='word_1_315' title='bbox 1331 1386 1387 1419; x_wconf 87' lang='grc'><strong>80.</strong></span> <span class='ocrx_word' id='word_1_316' title='bbox 1411 1384 1472 1419; x_wconf 79' lang='lat' dir='ltr'><strong>via</strong></span> <span class='ocrx_word' id='word_1_317' title='bbox 1495 1386 1543 1429; x_wconf 81' lang='lat' dir='ltr'><strong>pl.</strong></span> 
     </span>
    </p>

    <p class='ocr_par' dir='ltr' id='par_1_12' title="bbox 3 1400 1544 1563">
     <span class='ocr_line' id='line_1_26' title="bbox 55 1400 1544 1480; baseline -0.003 -12"><span class='ocrx_word' id='word_1_318' title='bbox 55 1400 95 1480; x_wconf 62' lang='grc' dir='ltr'><strong>ξ,</strong></span> <span class='ocrx_word' id='word_1_319' title='bbox 114 1435 180 1469; x_wconf 65' lang='grc' dir='ltr'><strong>Ρτ.</strong></span> <span class='ocrx_word' id='word_1_320' title='bbox 199 1436 234 1471; x_wconf 89' lang='grc'><strong>3,</strong></span> <span class='ocrx_word' id='word_1_321' title='bbox 278 1431 323 1478; x_wconf 83' lang='grc' dir='ltr'><strong>β)</strong></span> <span class='ocrx_word' id='word_1_322' title='bbox 348 1434 480 1467; x_wconf 45' lang='lat' dir='ltr'><strong>subse:</strong></span> <span class='ocrx_word' id='word_1_323' title='bbox 514 1432 553 1467; x_wconf 89' lang='lat' dir='ltr'><strong>in</strong></span> <span class='ocrx_word' id='word_1_324' title='bbox 578 1433 694 1476; x_wconf 86' lang='lat' dir='ltr'><strong>planis</strong></span> <span class='ocrx_word' id='word_1_325' title='bbox 718 1436 752 1475; x_wconf 91' lang='grc'><strong>1,</strong></span> <span class='ocrx_word' id='word_1_326' title='bbox 779 1436 835 1475; x_wconf 88' lang='grc'><strong>10,</strong></span> <span class='ocrx_word' id='word_1_327' title='bbox 861 1432 919 1467; x_wconf 89' lang='grc'><strong>41.</strong></span> <span class='ocrx_word' id='word_1_328' title='bbox 943 1432 1094 1476; x_wconf 83' lang='lat' dir='ltr'><strong>piscium</strong></span> <span class='ocrx_word' id='word_1_329' title='bbox 1126 1442 1258 1478; x_wconf 85' lang='lat' dir='ltr'><strong>genera</strong></span> <span class='ocrx_word' id='word_1_330' title='bbox 1290 1430 1360 1465; x_wconf 85' lang='lat' dir='ltr'><strong>alia</strong></span> <span class='ocrx_word' id='word_1_331' title='bbox 1390 1430 1544 1474; x_wconf 89' lang='lat' dir='ltr'><strong>planis</strong></span> 
     </span>
     <span class='ocr_line' id='line_1_27' title="bbox 58 1478 1542 1563; baseline -0.004 -48.214"><span class='ocrx_word' id='word_1_332' title='bbox 58 1481 235 1563; x_wconf 48' lang='lat' dir='ltr'><strong>gaudent,</strong></span> <span class='ocrx_word' id='word_1_333' title='bbox 269 1479 341 1513; x_wconf 85' lang='lat' dir='ltr'><strong>alia</strong></span> <span class='ocrx_word' id='word_1_334' title='bbox 363 1478 551 1513; x_wconf 78' lang='lat' dir='ltr'><strong>saxosis</strong></span> <span class='ocrx_word' id='word_1_335' title='bbox 579 1481 613 1521; x_wconf 88' lang='lat'>5,</span> <span class='ocrx_word' id='word_1_336' title='bbox 639 1482 695 1522; x_wconf 89' lang='lat'><strong>10,</strong></span> <span class='ocrx_word' id='word_1_337' title='bbox 721 1482 779 1512; x_wconf 87' lang='lat'><strong>21.</strong></span> <span class='ocrx_word' id='word_1_338' title='bbox 825 1490 890 1523; x_wconf 87' lang='lat' dir='ltr'><strong>per</strong></span> <span class='ocrx_word' id='word_1_339' title='bbox 913 1480 1051 1522; x_wconf 87' lang='lat' dir='ltr'><strong>plana</strong></span> <span class='ocrx_word' id='word_1_340' title='bbox 1082 1483 1117 1512; x_wconf 92' lang='lat' dir='ltr'><strong>et</strong></span> <span class='ocrx_word' id='word_1_341' title='bbox 1152 1488 1339 1512; x_wconf 87' lang='lat' dir='ltr'><strong>amoena</strong></span> <span class='ocrx_word' id='word_1_342' title='bbox 1363 1480 1419 1519; x_wconf 89' lang='grc'><strong>12,</strong></span> <span class='ocrx_word' id='word_1_343' title='bbox 1449 1478 1485 1519; x_wconf 89' lang='grc'><strong>9,</strong></span> <span class='ocrx_word' id='word_1_344' title='bbox 1508 1479 1542 1510; x_wconf 89' lang='grc'><strong>2.</strong></span> 
     </span>
    </p>
   </div>
   <div class='ocr_carea' id='block_1_6' title="bbox 0 1568 1545 2028">
    <p class='ocr_par' dir='ltr' id='par_1_13' title="bbox 0 1568 1545 2028">
     <span class='ocr_line' id='line_1_28' title="bbox 0 1568 1544 1618; baseline -0.005 -10"><span class='ocrx_word' id='word_1_345' title='bbox 0 1570 31 1618; x_wconf 66' lang='grc' dir='ltr'><strong>ξ”</strong></span> <span class='ocrx_word' id='word_1_346' title='bbox 57 1583 127 1610; x_wconf 72' lang='lat' dir='ltr'><strong>nec</strong></span> <span class='ocrx_word' id='word_1_347' title='bbox 152 1571 421 1606; x_wconf 78' lang='lat' dir='ltr'><strong>admirationem</strong></span> <span class='ocrx_word' id='word_1_348' title='bbox 441 1577 705 1615; x_wconf 88' lang='lat' dir='ltr'><strong>consequentur</strong></span> <span class='ocrx_word' id='word_1_349' title='bbox 730 1570 1040 1611; x_wconf 85' lang='lat' dir='ltr'><strong>eminentium,</strong></span> <span class='ocrx_word' id='word_1_350' title='bbox 1068 1575 1103 1604; x_wconf 86' lang='lat' dir='ltr'><strong>et</strong></span> <span class='ocrx_word' id='word_1_351' title='bbox 1127 1570 1374 1613; x_wconf 66' lang='lat' dir='ltr'><strong>planorum</strong></span> <span class='ocrx_word' id='word_1_352' title='bbox 1399 1568 1544 1614; x_wconf 84' lang='lat' dir='ltr'><strong>gratiam</strong></span> 
     </span>
     <span class='ocr_line' id='line_1_29' title="bbox 15 1613 1545 1666; baseline -0.003 -15"><span class='ocrx_word' id='word_1_353' title='bbox 15 1626 31 1659; x_wconf 59' lang='grc' dir='ltr'>Γ,</span> <span class='ocrx_word' id='word_1_354' title='bbox 47 1619 212 1666; x_wconf 54' lang='lat' dir='ltr'><strong>‚perdunt</strong></span> <span class='ocrx_word' id='word_1_355' title='bbox 233 1618 279 1650; x_wconf 77' lang='lat' dir='ltr'><strong>ib.</strong></span> <span class='ocrx_word' id='word_1_356' title='bbox 305 1617 364 1651; x_wconf 89' lang='grc'><strong>29.</strong></span> <span class='ocrx_word' id='word_1_357' title='bbox 410 1617 507 1650; x_wconf 87' lang='lat' dir='ltr'><strong>hunc</strong></span> <span class='ocrx_word' id='word_1_358' title='bbox 532 1622 659 1650; x_wconf 87' lang='lat' dir='ltr'><strong>statum</strong></span> <span class='ocrx_word' id='word_1_359' title='bbox 686 1616 785 1661; x_wconf 81' lang='lat' dir='ltr'><strong>plani</strong></span> <span class='ocrx_word' id='word_1_360' title='bbox 816 1622 853 1651; x_wconf 87' lang='lat' dir='ltr'><strong>et</strong></span> <span class='ocrx_word' id='word_1_361' title='bbox 884 1616 1078 1651; x_wconf 80' lang='lat' dir='ltr'><strong>voluntatis</strong></span> <span class='ocrx_word' id='word_1_362' title='bbox 1106 1617 1328 1658; x_wconf 87' lang='lat' dir='ltr'><strong>appellarunt</strong></span> <span class='ocrx_word' id='word_1_363' title='bbox 1363 1617 1407 1656; x_wconf 89' lang='grc'><strong>7,</strong></span> <span class='ocrx_word' id='word_1_364' title='bbox 1442 1615 1485 1656; x_wconf 93' lang='grc'><strong>6,</strong></span> <span class='ocrx_word' id='word_1_365' title='bbox 1521 1613 1545 1646; x_wconf 80' lang='grc'>4</span> 
     </span>
     <span class='ocr_line' id='line_1_30' title="bbox 20 1659 1544 1707; baseline -0.003 -9"><span class='ocrx_word' id='word_1_366' title='bbox 20 1680 25 1683; x_wconf 90' lang='grc'>·</span> <span class='ocrx_word' id='word_1_367' title='bbox 59 1664 109 1700; x_wconf 79' lang='lat' dir='ltr'><strong>N.</strong></span> <span class='ocrx_word' id='word_1_368' title='bbox 134 1663 175 1698; x_wconf 83' lang='lat' dir='ltr'><strong>in</strong></span> <span class='ocrx_word' id='word_1_369' title='bbox 192 1664 303 1707; x_wconf 88' lang='lat' dir='ltr'><strong>plano</strong></span> <span class='ocrx_word' id='word_1_370' title='bbox 325 1665 439 1695; x_wconf 81' lang='lat' dir='ltr'><strong>tumet</strong></span> <span class='ocrx_word' id='word_1_371' title='bbox 468 1661 651 1705; x_wconf 77' lang='lat' dir='ltr'><strong>(verbum)</strong></span> <span class='ocrx_word' id='word_1_372' title='bbox 671 1663 709 1704; x_wconf 85' lang='lat'><strong>8,</strong></span> <span class='ocrx_word' id='word_1_373' title='bbox 732 1664 768 1703; x_wconf 94' lang='lat'><strong>3,</strong></span> <span class='ocrx_word' id='word_1_374' title='bbox 796 1663 851 1697; x_wconf 91' lang='grc'><strong>18.</strong></span> <span class='ocrx_word' id='word_1_375' title='bbox 874 1672 992 1696; x_wconf 87' lang='lat' dir='ltr'><strong>sermo</strong></span> <span class='ocrx_word' id='word_1_376' title='bbox 1019 1667 1055 1695; x_wconf 87' lang='lat' dir='ltr'><strong>et</strong></span> <span class='ocrx_word' id='word_1_377' title='bbox 1082 1661 1196 1695; x_wconf 85' lang='lat' dir='ltr'><strong>doctis</strong></span> <span class='ocrx_word' id='word_1_378' title='bbox 1219 1659 1483 1704; x_wconf 89' lang='lat' dir='ltr'><strong>probabilis</strong></span> <span class='ocrx_word' id='word_1_379' title='bbox 1509 1665 1544 1694; x_wconf 87' lang='lat' dir='ltr'><strong>et</strong></span> 
     </span>
     <span class='ocr_line' id='line_1_31' title="bbox 89 1705 1544 1751; baseline -0.002 -8"><span class='ocrx_word' id='word_1_380' title='bbox 89 1711 205 1743; x_wconf 84' lang='lat' dir='ltr'><strong>lanu</strong></span> <span class='ocrx_word' id='word_1_381' title='bbox 219 1718 237 1747; x_wconf 74' lang='lat' dir='ltr'><strong>s</strong></span> <span class='ocrx_word' id='word_1_382' title='bbox 258 1706 431 1751; x_wconf 81' lang='lat' dir='ltr'><strong>imperitis</strong></span> <span class='ocrx_word' id='word_1_383' title='bbox 455 1708 491 1748; x_wconf 86' lang='lat'><strong>8,</strong></span> <span class='ocrx_word' id='word_1_384' title='bbox 514 1710 549 1748; x_wconf 83' lang='lat'><strong>2,</strong></span> <span class='ocrx_word' id='word_1_385' title='bbox 572 1710 643 1749; x_wconf 75' lang='lat'><strong>223</strong></span> <span class='ocrx_word' id='word_1_386' title='bbox 674 1707 704 1741; x_wconf 82' lang='lat' dir='ltr'>E</span> <span class='ocrx_word' id='word_1_387' title='bbox 728 1708 869 1751; x_wconf 83' lang='lat' dir='ltr'><strong>planior</strong></span> <span class='ocrx_word' id='word_1_388' title='bbox 890 1707 994 1742; x_wconf 87' lang='lat' dir='ltr'><strong>litera</strong></span> <span class='ocrx_word' id='word_1_389' title='bbox 1018 1713 1072 1741; x_wconf 90' lang='lat' dir='ltr'><strong>est</strong></span> <span class='ocrx_word' id='word_1_390' title='bbox 1094 1708 1131 1750; x_wconf 92' lang='lat'>9,</span> <span class='ocrx_word' id='word_1_391' title='bbox 1155 1706 1207 1749; x_wconf 83' lang='grc'><strong>4,”</strong></span> <span class='ocrx_word' id='word_1_392' title='bbox 1219 1708 1274 1741; x_wconf 88' lang='grc'><strong>33.</strong></span> <span class='ocrx_word' id='word_1_393' title='bbox 1298 1705 1438 1750; x_wconf 84' lang='lat' dir='ltr'><strong>planior</strong></span> <span class='ocrx_word' id='word_1_394' title='bbox 1459 1715 1544 1748; x_wconf 83' lang='lat' dir='ltr'><strong>pro-</strong></span> 
     </span>
     <span class='ocr_line' id='line_1_32' title="bbox 58 1721 1544 1797; baseline -0.003 -8"><span class='ocrx_word' id='word_1_395' title='bbox 58 1721 157 1790; x_wconf 56' lang='lat' dir='ltr'><strong>gatio</strong></span> <span class='ocrx_word' id='word_1_396' title='bbox 178 1756 215 1796; x_wconf 90' lang='grc'><strong>2,</strong></span> <span class='ocrx_word' id='word_1_397' title='bbox 237 1755 296 1794; x_wconf 90' lang='grc'><strong>20,</strong></span> <span class='ocrx_word' id='word_1_398' title='bbox 321 1753 354 1786; x_wconf 90' lang='grc'><strong>5.</strong></span> <span class='ocrx_word' id='word_1_399' title='bbox 403 1752 504 1797; x_wconf 82' lang='lat' dir='ltr'><strong>Quae</strong></span> <span class='ocrx_word' id='word_1_400' title='bbox 531 1763 638 1786; x_wconf 87' lang='lat' dir='ltr'><strong>causa</strong></span> <span class='ocrx_word' id='word_1_401' title='bbox 663 1769 707 1777; x_wconf 95' lang='lat'>—</span> <span class='ocrx_word' id='word_1_402' title='bbox 732 1753 826 1786; x_wconf 87' lang='lat' dir='ltr'><strong>dicta</strong></span> <span class='ocrx_word' id='word_1_403' title='bbox 851 1752 1107 1787; x_wconf 82' lang='lat' dir='ltr'><strong>obscurius</strong></span> <span class='ocrx_word' id='word_1_404' title='bbox 1139 1758 1215 1794; x_wconf 87' lang='lat' dir='ltr'><strong>est;</strong></span> <span class='ocrx_word' id='word_1_405' title='bbox 1252 1753 1295 1785; x_wconf 90' lang='lat' dir='ltr'><strong>ad</strong></span> <span class='ocrx_word' id='word_1_406' title='bbox 1323 1750 1544 1795; x_wconf 73' lang='lat' dir='ltr'><strong>planiora</strong></span> 
     </span>
     <span class='ocr_line' id='line_1_33' title="bbox 61 1796 1543 1849; baseline -0.004 -14"><span class='ocrx_word' id='word_1_407' title='bbox 61 1805 99 1835; x_wconf 88' lang='lat' dir='ltr'><strong>et</strong></span> <span class='ocrx_word' id='word_1_408' title='bbox 121 1797 383 1849; x_wconf 64' lang='lat' dir='ltr'><strong>communia</strong></span> <span class='ocrx_word' id='word_1_409' title='bbox 405 1797 553 1843; x_wconf 86' lang='lat' dir='ltr'><strong>magis</strong></span> <span class='ocrx_word' id='word_1_410' title='bbox 579 1798 692 1832; x_wconf 81' lang='lat' dir='ltr'><strong>verba</strong></span> <span class='ocrx_word' id='word_1_411' title='bbox 715 1799 964 1832; x_wconf 82' lang='lat' dir='ltr'><strong>descendimus</strong></span> <span class='ocrx_word' id='word_1_412' title='bbox 986 1799 1023 1842; x_wconf 91' lang='grc'><strong>8,</strong></span> <span class='ocrx_word' id='word_1_413' title='bbox 1053 1801 1091 1840; x_wconf 85' lang='grc'><strong>2,</strong></span> <span class='ocrx_word' id='word_1_414' title='bbox 1118 1798 1176 1831; x_wconf 84' lang='grc'><strong>24.</strong></span> <span class='ocrx_word' id='word_1_415' title='bbox 1214 1796 1321 1842; x_wconf 85' lang='lat' dir='ltr'><strong>[quia</strong></span> <span class='ocrx_word' id='word_1_416' title='bbox 1354 1797 1543 1840; x_wconf 88' lang='lat' dir='ltr'><strong>plurimum</strong></span> 
     </span>
     <span class='ocr_line' id='line_1_34' title="bbox 60 1841 1542 1888; baseline -0.002 -9"><span class='ocrx_word' id='word_1_417' title='bbox 60 1845 101 1881; x_wconf 85' lang='lat' dir='ltr'><strong>in</strong></span> <span class='ocrx_word' id='word_1_418' title='bbox 123 1843 376 1888; x_wconf 70' lang='lat' dir='ltr'><strong>praecipiendo</strong></span> <span class='ocrx_word' id='word_1_419' title='bbox 398 1843 496 1876; x_wconf 80' lang='lat' dir='ltr'><strong>valet</strong></span> <span class='ocrx_word' id='word_1_420' title='bbox 526 1841 639 1885; x_wconf 91' lang='lat' dir='ltr'><strong>ratio,</strong></span> <span class='ocrx_word' id='word_1_421' title='bbox 673 1854 764 1887; x_wconf 75' lang='lat' dir='ltr'><strong>quaa</strong></span> <span class='ocrx_word' id='word_1_422' title='bbox 796 1844 1002 1879; x_wconf 80' lang='lat' dir='ltr'><strong>doctissimo</strong></span> <span class='ocrx_word' id='word_1_423' title='bbox 1034 1843 1165 1888; x_wconf 85' lang='lat' dir='ltr'><strong>cuique</strong></span> <span class='ocrx_word' id='word_1_424' title='bbox 1196 1841 1402 1887; x_wconf 72' lang='lat' dir='ltr'><strong>planissima</strong></span> <span class='ocrx_word' id='word_1_425' title='bbox 1435 1843 1542 1886; x_wconf 72' lang='lat' dir='ltr'><strong>(opu.</strong></span> 
     </span>
     <span class='ocr_line' id='line_1_35' title="bbox 12 1886 819 1934; baseline 0 -11"><span class='ocrx_word' id='word_1_426' title='bbox 12 1903 18 1907; x_wconf 73' lang='grc'><strong><em>’</em></strong></span> <span class='ocrx_word' id='word_1_427' title='bbox 63 1892 166 1927; x_wconf 82' lang='lat' dir='ltr'><strong>Codd.</strong></span> <span class='ocrx_word' id='word_1_428' title='bbox 192 1886 360 1934; x_wconf 86' lang='lat' dir='ltr'><strong>pleniss.)</strong></span> <span class='ocrx_word' id='word_1_429' title='bbox 384 1893 438 1921; x_wconf 74' lang='lat' dir='ltr'><strong>est</strong></span> <span class='ocrx_word' id='word_1_430' title='bbox 463 1891 497 1930; x_wconf 91' lang='grc'><strong>2,</strong></span> <span class='ocrx_word' id='word_1_431' title='bbox 522 1890 556 1930; x_wconf 90' lang='grc'><strong>3,</strong></span> <span class='ocrx_word' id='word_1_432' title='bbox 581 1889 604 1922; x_wconf 86' lang='grc'>6</span> <span class='ocrx_word' id='word_1_433' title='bbox 627 1889 675 1922; x_wconf 88' lang='grc' dir='ltr'><strong>Ν.</strong></span> <span class='ocrx_word' id='word_1_434' title='bbox 704 1896 735 1922; x_wconf 79' lang='lat' dir='ltr'><strong>et</strong></span> <span class='ocrx_word' id='word_1_435' title='bbox 759 1888 819 1933; x_wconf 87' lang='lat' dir='ltr'><strong>S.]</strong></span> 
     </span>
     <span class='ocr_line' id='line_1_36' title="bbox 5 1935 1541 1988; baseline -0.001 -10"><span class='ocrx_word' id='word_1_436' title='bbox 5 1935 198 1988; x_wconf 66' lang='lat' dir='ltr'><strong>J’laSma.</strong></span> <span class='ocrx_word' id='word_1_437' title='bbox 238 1944 283 1978; x_wconf 87' lang='lat' dir='ltr'><strong>sit</strong></span> <span class='ocrx_word' id='word_1_438' title='bbox 305 1943 414 1978; x_wconf 88' lang='lat' dir='ltr'><strong>lectio</strong></span> <span class='ocrx_word' id='word_1_439' title='bbox 436 1963 483 1970; x_wconf 93' lang='lat'><strong>—</strong></span> <span class='ocrx_word' id='word_1_440' title='bbox 505 1955 578 1978; x_wconf 87' lang='lat' dir='ltr'><strong>non</strong></span> <span class='ocrx_word' id='word_1_441' title='bbox 602 1950 719 1979; x_wconf 90' lang='lat' dir='ltr'><strong>tamen</strong></span> <span class='ocrx_word' id='word_1_442' title='bbox 748 1945 787 1980; x_wconf 90' lang='lat' dir='ltr'><strong>in</strong></span> <span class='ocrx_word' id='word_1_443' title='bbox 817 1944 1063 1980; x_wconf 83' lang='lat' dir='ltr'><strong>canticum</strong></span> <span class='ocrx_word' id='word_1_444' title='bbox 1094 1944 1287 1987; x_wconf 87' lang='lat' dir='ltr'><strong>dissoluta,</strong></span> <span class='ocrx_word' id='word_1_445' title='bbox 1324 1955 1394 1979; x_wconf 82' lang='lat' dir='ltr'><strong>nec</strong></span> <span class='ocrx_word' id='word_1_446' title='bbox 1426 1944 1541 1988; x_wconf 83' lang='lat' dir='ltr'><strong>plas-</strong></span> 
     </span>
     <span class='ocr_line' id='line_1_37' title="bbox 4 1989 1295 2028; baseline -0.004 -3"><span class='ocrx_word' id='word_1_447' title='bbox 4 2022 7 2025; x_wconf 91' lang='lat'><strong>.</strong></span> <span class='ocrx_word' id='word_1_448' title='bbox 57 1998 180 2028; x_wconf 81' lang='lat' dir='ltr'><strong>mate</strong></span> <span class='ocrx_word' id='word_1_449' title='bbox 207 1989 420 2025; x_wconf 82' lang='lat' dir='ltr'><strong>effeminata.</strong></span> <span class='ocrx_word' id='word_1_450' title='bbox 1294 2012 1295 2015; x_wconf 20' lang='grc' dir='ltr'>η</span> 
     </span>
    </p>
   </div>
   <div class='ocr_carea' id='block_1_7' title="bbox 0 2037 1544 2535">
    <p class='ocr_par' dir='ltr' id='par_1_14' title="bbox 0 2037 1542 2128">
     <span class='ocr_line' id='line_1_38' title="bbox 0 2037 1542 2128; baseline 0.001 -48"><span class='ocrx_word' id='word_1_451' title='bbox 0 2037 231 2128; x_wconf 62' lang='grc' dir='ltr'><strong>..ΡῙθωυιόἓι.</strong></span> <span class='ocrx_word' id='word_1_452' title='bbox 278 2056 355 2080; x_wconf 85' lang='lat' dir='ltr'><strong>uon</strong></span> <span class='ocrx_word' id='word_1_453' title='bbox 372 2045 454 2090; x_wconf 84' lang='lat' dir='ltr'><strong>quia</strong></span> <span class='ocrx_word' id='word_1_454' title='bbox 477 2051 530 2080; x_wconf 88' lang='lat' dir='ltr'><strong>est</strong></span> <span class='ocrx_word' id='word_1_455' title='bbox 554 2046 682 2090; x_wconf 88' lang='lat' dir='ltr'><strong>arbor,</strong></span> <span class='ocrx_word' id='word_1_456' title='bbox 716 2047 797 2091; x_wconf 88' lang='lat' dir='ltr'><strong>plat.</strong></span> <span class='ocrx_word' id='word_1_457' title='bbox 831 2053 884 2082; x_wconf 86' lang='lat' dir='ltr'><strong>est</strong></span> <span class='ocrx_word' id='word_1_458' title='bbox 916 2049 950 2090; x_wconf 85' lang='lat'><strong>5,</strong></span> <span class='ocrx_word' id='word_1_459' title='bbox 986 2050 1043 2091; x_wconf 89' lang='lat'><strong>10,</strong></span> <span class='ocrx_word' id='word_1_460' title='bbox 1076 2047 1133 2082; x_wconf 84' lang='lat'><strong>56.</strong></span> <span class='ocrx_word' id='word_1_461' title='bbox 1168 2045 1325 2081; x_wconf 86' lang='lat' dir='ltr'><strong>sterilem</strong></span> <span class='ocrx_word' id='word_1_462' title='bbox 1355 2046 1405 2090; x_wconf 88' lang='lat' dir='ltr'><strong>pl.</strong></span> <span class='ocrx_word' id='word_1_463' title='bbox 1435 2047 1474 2090; x_wconf 91' lang='grc'><strong>8,</strong></span> <span class='ocrx_word' id='word_1_464' title='bbox 1507 2049 1542 2090; x_wconf 88' lang='grc'><strong>3,</strong></span> 
     </span>
    </p>

    <p class='ocr_par' dir='ltr' id='par_1_15' title="bbox 0 2103 296 2129">
     <span class='ocr_line' id='line_1_39' title="bbox 0 2103 296 2129; baseline 0 -3"><span class='ocrx_word' id='word_1_465' title='bbox 0 2108 2 2115; x_wconf 91' lang='grc'><em>·</em></span> <span class='ocrx_word' id='word_1_466' title='bbox 130 2121 139 2129; x_wconf 91' lang='grc'><strong>.</strong></span> <span class='ocrx_word' id='word_1_467' title='bbox 264 2103 296 2126; x_wconf 88' lang='grc'><strong>3.</strong></span> 
     </span>
    </p>

    <p class='ocr_par' dir='ltr' id='par_1_16' title="bbox 0 2098 1541 2199">
     <span class='ocr_line' id='line_1_40' title="bbox 0 2098 1541 2199; baseline 0 -17"><span class='ocrx_word' id='word_1_468' title='bbox 0 2098 188 2195; x_wconf 47' lang='lat' dir='ltr'><strong>ffilguvdo.</strong></span> <span class='ocrx_word' id='word_1_469' title='bbox 233 2104 318 2183; x_wconf 62' lang='lat' dir='ltr'><strong>illos</strong></span> <span class='ocrx_word' id='word_1_470' title='bbox 339 2164 387 2171; x_wconf 90' lang='lat'>—</span> <span class='ocrx_word' id='word_1_471' title='bbox 410 2158 478 2199; x_wconf 76' lang='lat' dir='ltr'><strong>nec</strong></span> <span class='ocrx_word' id='word_1_472' title='bbox 501 2153 631 2190; x_wconf 87' lang='lat' dir='ltr'><strong>sponte</strong></span> <span class='ocrx_word' id='word_1_473' title='bbox 657 2147 860 2192; x_wconf 81' lang='lat' dir='ltr'><strong>judicioque</strong></span> <span class='ocrx_word' id='word_1_474' title='bbox 884 2148 1054 2192; x_wconf 70' lang='lat' dir='ltr'><strong>plausisse</strong></span> <span class='ocrx_word' id='word_1_475' title='bbox 1079 2150 1115 2190; x_wconf 88' lang='lat'>8,</span> <span class='ocrx_word' id='word_1_476' title='bbox 1151 2150 1196 2190; x_wconf 88' lang='lat'>3,</span> <span class='ocrx_word' id='word_1_477' title='bbox 1229 2146 1263 2181; x_wconf 82' lang='lat'><strong>4.</strong></span> <span class='ocrx_word' id='word_1_478' title='bbox 1300 2157 1371 2192; x_wconf 81' lang='lat' dir='ltr'><strong>quo</strong></span> <span class='ocrx_word' id='word_1_479' title='bbox 1399 2152 1541 2183; x_wconf 77' lang='lat' dir='ltr'><strong>veteres</strong></span> 
     </span>
    </p>

    <p class='ocr_par' dir='ltr' id='par_1_17' title="bbox 27 2194 1541 2244">
     <span class='ocr_line' id='line_1_41' title="bbox 27 2194 1541 2244; baseline -0.003 -12"><span class='ocrx_word' id='word_1_480' title='bbox 27 2203 30 2211; x_wconf 68' lang='lat'>²</span> <span class='ocrx_word' id='word_1_481' title='bbox 59 2195 263 2244; x_wconf 68' lang='lat' dir='ltr'><strong>tragoediae</strong></span> <span class='ocrx_word' id='word_1_482' title='bbox 285 2194 565 2237; x_wconf 73' lang='lat' dir='ltr'><strong>comoediaeque</strong></span> <span class='ocrx_word' id='word_1_483' title='bbox 598 2194 828 2237; x_wconf 87' lang='lat' dir='ltr'><strong>clauduntur,</strong></span> <span class='ocrx_word' id='word_1_484' title='bbox 861 2195 940 2228; x_wconf 89' lang='lat' dir='ltr'><strong>Plo</strong></span> <span class='ocrx_word' id='word_1_485' title='bbox 952 2194 1052 2228; x_wconf 88' lang='lat' dir='ltr'><strong>dite</strong></span> <span class='ocrx_word' id='word_1_486' title='bbox 1085 2195 1158 2237; x_wconf 86' lang='lat' dir='ltr'><strong>(sic</strong></span> <span class='ocrx_word' id='word_1_487' title='bbox 1180 2201 1262 2237; x_wconf 69' lang='lat' dir='ltr'><strong>opit.</strong></span> <span class='ocrx_word' id='word_1_488' title='bbox 1290 2195 1420 2236; x_wconf 62' lang='lat' dir='ltr'><strong>Codd„</strong></span> <span class='ocrx_word' id='word_1_489' title='bbox 1451 2198 1541 2236; x_wconf 80' lang='lat' dir='ltr'><strong>vulg.</strong></span> 
     </span>
    </p>

    <p class='ocr_par' dir='ltr' id='par_1_18' title="bbox 15 2239 690 2288">
     <span class='ocr_line' id='line_1_42' title="bbox 15 2239 690 2288; baseline -0.007 -11"><span class='ocrx_word' id='word_1_490' title='bbox 15 2282 18 2286; x_wconf 27' lang='lat'><strong>⁴</strong></span> <span class='ocrx_word' id='word_1_491' title='bbox 59 2242 241 2288; x_wconf 80' lang='lat' dir='ltr'><strong>plaudite)</strong></span> <span class='ocrx_word' id='word_1_492' title='bbox 264 2240 299 2282; x_wconf 89' lang='grc'><strong>6,</strong></span> <span class='ocrx_word' id='word_1_493' title='bbox 324 2242 357 2281; x_wconf 93' lang='grc'><strong>1,</strong></span> <span class='ocrx_word' id='word_1_494' title='bbox 380 2241 426 2274; x_wconf 86' lang='grc'>52</span> <span class='ocrx_word' id='word_1_495' title='bbox 448 2239 494 2272; x_wconf 88' lang='grc' dir='ltr'><strong>Ν.</strong></span> <span class='ocrx_word' id='word_1_496' title='bbox 519 2251 566 2271; x_wconf 80' lang='lat' dir='ltr'><strong>er.</strong></span> <span class='ocrx_word' id='word_1_497' title='bbox 591 2246 624 2272; x_wconf 76' lang='lat' dir='ltr'><strong>et</strong></span> <span class='ocrx_word' id='word_1_498' title='bbox 653 2240 690 2272; x_wconf 83' lang='lat' dir='ltr'><strong>S.</strong></span> 
     </span>
    </p>

    <p class='ocr_par' dir='ltr' id='par_1_19' title="bbox 6 2285 1544 2433">
     <span class='ocr_line' id='line_1_43' title="bbox 6 2285 1544 2340; baseline 0.001 -11"><span class='ocrx_word' id='word_1_499' title='bbox 6 2285 276 2332; x_wconf 53' lang='lat' dir='ltr'><strong>*Plausibiliffi</strong></span> <span class='ocrx_word' id='word_1_500' title='bbox 300 2295 338 2328; x_wconf 88' lang='lat' dir='ltr'><strong>in</strong></span> <span class='ocrx_word' id='word_1_501' title='bbox 363 2294 516 2339; x_wconf 82' lang='lat' dir='ltr'><strong>aliquem</strong></span> <span class='ocrx_word' id='word_1_502' title='bbox 539 2295 713 2329; x_wconf 88' lang='lat' dir='ltr'><strong>laetum</strong></span> <span class='ocrx_word' id='word_1_503' title='bbox 737 2307 779 2330; x_wconf 85' lang='lat' dir='ltr'><strong>ac</strong></span> <span class='ocrx_word' id='word_1_504' title='bbox 801 2296 946 2340; x_wconf 75' lang='lat' dir='ltr'><strong>plana.</strong></span> <span class='ocrx_word' id='word_1_505' title='bbox 970 2297 1088 2330; x_wconf 88' lang='lat' dir='ltr'><strong>locum</strong></span> <span class='ocrx_word' id='word_1_506' title='bbox 1110 2307 1215 2340; x_wconf 82' lang='lat' dir='ltr'><strong>quam</strong></span> <span class='ocrx_word' id='word_1_507' title='bbox 1231 2294 1384 2329; x_wconf 86' lang='lat' dir='ltr'><strong>maxime</strong></span> <span class='ocrx_word' id='word_1_508' title='bbox 1406 2296 1544 2340; x_wconf 87' lang='lat' dir='ltr'><strong>possint</strong></span> 
     </span>
     <span class='ocr_line' id='line_1_44' title="bbox 61 2340 1542 2388; baseline -0.002 -9"><span class='ocrx_word' id='word_1_509' title='bbox 61 2340 410 2380; x_wconf 67' lang='lat' dir='ltr'><strong>favorabiliter</strong></span> <span class='ocrx_word' id='word_1_510' title='bbox 430 2351 624 2375; x_wconf 81' lang='lat' dir='ltr'><strong>excurrere</strong></span> <span class='ocrx_word' id='word_1_511' title='bbox 648 2340 682 2383; x_wconf 84' lang='lat'><strong>4,</strong></span> <span class='ocrx_word' id='word_1_512' title='bbox 706 2343 741 2384; x_wconf 89' lang='lat'><strong>3,</strong></span> <span class='ocrx_word' id='word_1_513' title='bbox 761 2344 779 2375; x_wconf 85' lang='lat'>1</span> <span class='ocrx_word' id='word_1_514' title='bbox 807 2343 853 2376; x_wconf 87' lang='lat' dir='ltr'><strong>N.</strong></span> <span class='ocrx_word' id='word_1_515' title='bbox 879 2341 1020 2376; x_wconf 86' lang='lat' dir='ltr'><strong>dicendi</strong></span> <span class='ocrx_word' id='word_1_516' title='bbox 1043 2353 1155 2388; x_wconf 85' lang='lat' dir='ltr'><strong>genus</strong></span> <span class='ocrx_word' id='word_1_517' title='bbox 1179 2341 1291 2388; x_wconf 85' lang='lat' dir='ltr'><strong>magis</strong></span> <span class='ocrx_word' id='word_1_518' title='bbox 1318 2343 1542 2386; x_wconf 86' lang='lat' dir='ltr'><strong>populare</strong></span> 
     </span>
     <span class='ocr_line' id='line_1_45' title="bbox 62 2386 958 2433; baseline -0.006 -10"><span class='ocrx_word' id='word_1_519' title='bbox 62 2395 170 2433; x_wconf 86' lang='lat' dir='ltr'><strong>atque</strong></span> <span class='ocrx_word' id='word_1_520' title='bbox 196 2386 464 2432; x_wconf 85' lang='lat' dir='ltr'><strong>plausibile</strong></span> <span class='ocrx_word' id='word_1_521' title='bbox 492 2389 548 2428; x_wconf 88' lang='grc'><strong>12,</strong></span> <span class='ocrx_word' id='word_1_522' title='bbox 578 2389 633 2428; x_wconf 93' lang='grc'><strong>10,</strong></span> <span class='ocrx_word' id='word_1_523' title='bbox 659 2389 717 2424; x_wconf 84' lang='lat'><strong>73,</strong></span> <span class='ocrx_word' id='word_1_524' title='bbox 949 2387 958 2391; x_wconf 65' lang='lat'><em>&#39;</em></span> 
     </span>
    </p>

    <p class='ocr_par' dir='ltr' id='par_1_20' title="bbox 14 2432 1543 2488">
     <span class='ocr_line' id='line_1_46' title="bbox 14 2432 1543 2488; baseline 0.001 -12"><span class='ocrx_word' id='word_1_525' title='bbox 14 2432 207 2482; x_wconf 73' lang='lat' dir='ltr'><strong>Plausor.</strong></span> <span class='ocrx_word' id='word_1_526' title='bbox 237 2455 318 2478; x_wconf 82' lang='lat' dir='ltr'><strong>cum</strong></span> <span class='ocrx_word' id='word_1_527' title='bbox 342 2444 404 2477; x_wconf 76' lang='lat' dir='ltr'><strong>illa</strong></span> <span class='ocrx_word' id='word_1_528' title='bbox 431 2442 572 2477; x_wconf 86' lang='lat' dir='ltr'><strong>dicendi</strong></span> <span class='ocrx_word' id='word_1_529' title='bbox 595 2442 727 2478; x_wconf 81' lang='lat' dir='ltr'><strong>vitiosa</strong></span> <span class='ocrx_word' id='word_1_530' title='bbox 749 2443 891 2487; x_wconf 76' lang='lat' dir='ltr'><strong>jactatio</strong></span> <span class='ocrx_word' id='word_1_531' title='bbox 917 2443 1012 2479; x_wconf 84' lang='lat' dir='ltr'><strong>inter</strong></span> <span class='ocrx_word' id='word_1_532' title='bbox 1033 2445 1217 2488; x_wconf 85' lang='lat' dir='ltr'><strong>plausores</strong></span> <span class='ocrx_word' id='word_1_533' title='bbox 1241 2443 1290 2488; x_wconf 84' lang='grc' dir='ltr'><strong>(α.</strong></span> <span class='ocrx_word' id='word_1_534' title='bbox 1313 2447 1338 2480; x_wconf 83' lang='lat'><strong>1.</strong></span> <span class='ocrx_word' id='word_1_535' title='bbox 1362 2443 1543 2488; x_wconf 85' lang='lat' dir='ltr'><strong>plosores)</strong></span> 
     </span>
    </p>

    <p class='ocr_par' dir='ltr' id='par_1_21' title="bbox 23 2487 1465 2535">
     <span class='ocr_line' id='line_1_47' title="bbox 23 2487 1465 2535; baseline -0.008 -10"><span class='ocrx_word' id='word_1_536' title='bbox 23 2532 27 2535; x_wconf 28' lang='grc' dir='ltr'><strong><em>Ι</em></strong></span> <span class='ocrx_word' id='word_1_537' title='bbox 59 2501 144 2525; x_wconf 83' lang='lat' dir='ltr'><strong>suos</strong></span> <span class='ocrx_word' id='word_1_538' title='bbox 168 2489 329 2524; x_wconf 89' lang='lat' dir='ltr'><strong>detonuit</strong></span> <span class='ocrx_word' id='word_1_539' title='bbox 358 2492 414 2528; x_wconf 77' lang='lat'>12,</span> <span class='ocrx_word' id='word_1_540' title='bbox 445 2489 480 2530; x_wconf 88' lang='grc'><strong>9,</strong></span> <span class='ocrx_word' id='word_1_541' title='bbox 511 2487 546 2522; x_wconf 89' lang='grc'><strong>4.</strong></span> <span class='ocrx_word' id='word_1_542' title='bbox 1455 2492 1465 2501; x_wconf 82' lang='lat'><strong>·</strong></span> 
     </span>
    </p>
   </div>
   <div class='ocr_carea' id='block_1_8' title="bbox 47 2534 1071 2589">
    <p class='ocr_par' dir='ltr' id='par_1_22' title="bbox 47 2534 1071 2589">
     <span class='ocr_line' id='line_1_48' title="bbox 47 2534 1071 2589; baseline 0.002 -11"><span class='ocrx_word' id='word_1_543' title='bbox 47 2534 270 2578; x_wconf 80' lang='lat' dir='ltr'><strong>laustrum.</strong></span> <span class='ocrx_word' id='word_1_544' title='bbox 324 2547 507 2580; x_wconf 82' lang='lat' dir='ltr'><strong>columnas</strong></span> <span class='ocrx_word' id='word_1_545' title='bbox 535 2544 701 2589; x_wconf 81' lang='lat' dir='ltr'><strong>plaustris</strong></span> <span class='ocrx_word' id='word_1_546' title='bbox 722 2551 844 2580; x_wconf 82' lang='lat' dir='ltr'><strong>vectas</strong></span> <span class='ocrx_word' id='word_1_547' title='bbox 874 2548 908 2589; x_wconf 86' lang='lat'><strong>5,</strong></span> <span class='ocrx_word' id='word_1_548' title='bbox 934 2548 989 2588; x_wconf 89' lang='grc'><strong>13,</strong></span> <span class='ocrx_word' id='word_1_549' title='bbox 1013 2545 1071 2580; x_wconf 82' lang='grc'><strong>40.</strong></span> 
     </span>
    </p>
   </div>
   <div class='ocr_carea' id='block_1_9' title="bbox 22 2591 1542 2794">
    <p class='ocr_par' dir='ltr' id='par_1_23' title="bbox 51 2591 1542 2649">
     <span class='ocr_line' id='line_1_49' title="bbox 51 2591 1542 2649; baseline 0.003 -15"><span class='ocrx_word' id='word_1_550' title='bbox 51 2591 214 2649; x_wconf 66' lang='lat' dir='ltr'><strong>husus·</strong></span> <span class='ocrx_word' id='word_1_551' title='bbox 241 2604 401 2647; x_wconf 79' lang='lat' dir='ltr'><strong>plausum</strong></span> <span class='ocrx_word' id='word_1_552' title='bbox 426 2600 670 2637; x_wconf 76' lang='lat' dir='ltr'><strong>affectantibus</strong></span> <span class='ocrx_word' id='word_1_553' title='bbox 692 2604 728 2645; x_wconf 88' lang='grc'><strong>3,</strong></span> <span class='ocrx_word' id='word_1_554' title='bbox 753 2605 810 2647; x_wconf 87' lang='grc'><strong>11,</strong></span> <span class='ocrx_word' id='word_1_555' title='bbox 828 2604 886 2639; x_wconf 89' lang='grc'><strong>26.</strong></span> <span class='ocrx_word' id='word_1_556' title='bbox 911 2603 1015 2647; x_wconf 83' lang='lat' dir='ltr'><strong>hujus</strong></span> <span class='ocrx_word' id='word_1_557' title='bbox 1034 2603 1138 2646; x_wconf 69' lang='lat' dir='ltr'><strong>⁴velut</strong></span> <span class='ocrx_word' id='word_1_558' title='bbox 1154 2601 1363 2649; x_wconf 80' lang='lat' dir='ltr'><strong>praestigiae</strong></span> <span class='ocrx_word' id='word_1_559' title='bbox 1383 2603 1542 2647; x_wconf 86' lang='lat' dir='ltr'><strong>plausum</strong></span> 
     </span>
    </p>

    <p class='ocr_par' dir='ltr' id='par_1_24' title="bbox 33 2647 1103 2696">
     <span class='ocr_line' id='line_1_50' title="bbox 33 2647 1103 2696; baseline 0 -14"><span class='ocrx_word' id='word_1_560' title='bbox 33 2655 38 2659; x_wconf 81' lang='grc'><strong>”</strong></span> <span class='ocrx_word' id='word_1_561' title='bbox 64 2654 163 2696; x_wconf 82' lang='lat' dir='ltr'><strong>petat</strong></span> <span class='ocrx_word' id='word_1_562' title='bbox 183 2647 219 2692; x_wconf 85' lang='grc'><strong>4,</strong></span> <span class='ocrx_word' id='word_1_563' title='bbox 245 2651 279 2691; x_wconf 80' lang='grc'><strong>1,</strong></span> <span class='ocrx_word' id='word_1_564' title='bbox 300 2652 357 2683; x_wconf 87' lang='grc'><strong>77.</strong></span> <span class='ocrx_word' id='word_1_565' title='bbox 383 2661 414 2682; x_wconf 77' lang='lat' dir='ltr'><strong>v.</strong></span> <span class='ocrx_word' id='word_1_566' title='bbox 437 2647 752 2684; x_wconf 86' lang='lat' dir='ltr'><strong>Acclamatio.</strong></span> <span class='ocrx_word' id='word_1_567' title='bbox 1096 2682 1103 2690; x_wconf 62' lang='grc'>,</span> 
     </span>
    </p>

    <p class='ocr_par' dir='ltr' id='par_1_25' title="bbox 22 2692 1541 2794">
     <span class='ocr_line' id='line_1_51' title="bbox 22 2692 1541 2794; baseline -0.001 -61"><span class='ocrx_word' id='word_1_568' title='bbox 22 2692 308 2794; x_wconf 15' lang='grc' dir='ltr'><strong>ἲγιξξὲἷοίἳωὶιέ.</strong></span> <span class='ocrx_word' id='word_1_569' title='bbox 330 2752 354 2786; x_wconf 75' lang='grc'><strong>6</strong></span> <span class='ocrx_word' id='word_1_570' title='bbox 374 2704 706 2784; x_wconf 36' lang='lat' dir='ltr'><strong>regminibus</strong></span> <span class='ocrx_word' id='word_1_571' title='bbox 729 2703 880 2748; x_wconf 72' lang='lat' dir='ltr'><strong>pleBis</strong></span> <span class='ocrx_word' id='word_1_572' title='bbox 893 2715 941 2739; x_wconf 87' lang='lat' dir='ltr'><strong>ve</strong></span> <span class='ocrx_word' id='word_1_573' title='bbox 967 2704 1104 2739; x_wconf 77' lang='lat' dir='ltr'><strong>scitis</strong></span> <span class='ocrx_word' id='word_1_574' title='bbox 1124 2709 1245 2745; x_wconf 74' lang='lat' dir='ltr'><strong>sancta</strong></span> <span class='ocrx_word' id='word_1_575' title='bbox 1263 2710 1343 2738; x_wconf 84' lang='lat' dir='ltr'><strong>sunt</strong></span> <span class='ocrx_word' id='word_1_576' title='bbox 1359 2705 1426 2739; x_wconf 79' lang='lat' dir='ltr'><strong>ista</strong></span> <span class='ocrx_word' id='word_1_577' title='bbox 1438 2716 1541 2749; x_wconf 85' lang='lat' dir='ltr'><strong>prae-</strong></span> 
     </span>
     <span class='ocr_line' id='line_1_52' title="bbox 56 2775 429 2794; baseline 0.005 -12"><span class='ocrx_word' id='word_1_578' title='bbox 56 2778 60 2782; x_wconf 91' lang='lat'><strong>.</strong></span> <span class='ocrx_word' id='word_1_579' title='bbox 216 2777 226 2794; x_wconf 90' lang='lat'><strong>,</strong></span> <span class='ocrx_word' id='word_1_580' title='bbox 298 2776 309 2792; x_wconf 88' lang='lat'><strong>,</strong></span> <span class='ocrx_word' id='word_1_581' title='bbox 418 2775 429 2784; x_wconf 88' lang='lat'><strong>.</strong></span> 
     </span>
    </p>
   </div>
   <div class='ocr_carea' id='block_1_10' title="bbox 0 2258 70 3002">
    <p class='ocr_par' dir='ltr' id='par_1_26' title="bbox 0 2258 70 3002">
     <span class='ocr_line' id='line_1_53' title="bbox 0 2258 6 2312; baseline 0 -53"><span class='ocrx_word' id='word_1_582' title='bbox 0 2258 6 2312; x_wconf 95' lang='lat' dir='ltr'><strong>  </strong></span> 
     </span>
     <span class='ocr_line' id='line_1_54' title="bbox 0 2312 47 2551; baseline 0 -16"><span class='ocrx_word' id='word_1_583' title='bbox 0 2312 47 2551; x_wconf 95' lang='lat' dir='ltr'><strong>     </strong></span> 
     </span>
     <span class='ocr_line' id='line_1_55' title="bbox 0 2551 64 2720; baseline 0 -42"><span class='ocrx_word' id='word_1_584' title='bbox 0 2551 64 2720; x_wconf 95' lang='lat' dir='ltr'><strong>   </strong></span> 
     </span>
     <span class='ocr_line' id='line_1_56' title="bbox 0 2720 70 3002; baseline 0 -220"><span class='ocrx_word' id='word_1_585' title='bbox 0 2720 70 3002; x_wconf 95' lang='lat' dir='ltr'><strong>   </strong></span> 
     </span>
    </p>
   </div>
   <div class='ocr_carea' id='block_1_11' title="bbox 91 1520 1611 1571">
    <p class='ocr_par' dir='ltr' id='par_1_27' title="bbox 91 1520 1611 1571">
     <span class='ocr_line' id='line_1_57' title="bbox 91 1520 1611 1571; baseline -0.004 -11"><span class='ocrx_word' id='word_1_586' title='bbox 91 1526 272 1571; x_wconf 74' lang='lat' dir='ltr'><strong>)transl..·</strong></span> <span class='ocrx_word' id='word_1_587' title='bbox 302 1526 497 1570; x_wconf 87' lang='lat' dir='ltr'><strong>planum</strong></span> <span class='ocrx_word' id='word_1_588' title='bbox 522 1530 558 1559; x_wconf 83' lang='lat' dir='ltr'><strong>et</strong></span> <span class='ocrx_word' id='word_1_589' title='bbox 584 1524 762 1558; x_wconf 87' lang='lat' dir='ltr'><strong>humile</strong></span> <span class='ocrx_word' id='word_1_590' title='bbox 793 1525 844 1566; x_wconf 80' lang='lat' dir='ltr'><strong>(in</strong></span> <span class='ocrx_word' id='word_1_591' title='bbox 870 1523 1022 1567; x_wconf 74' lang='lat' dir='ltr'><strong>dicendo)</strong></span> <span class='ocrx_word' id='word_1_592' title='bbox 1046 1525 1082 1565; x_wconf 90' lang='grc'><strong>8,</strong></span> <span class='ocrx_word' id='word_1_593' title='bbox 1106 1526 1140 1566; x_wconf 88' lang='grc'><strong>5,</strong></span> <span class='ocrx_word' id='word_1_594' title='bbox 1165 1525 1220 1557; x_wconf 87' lang='grc'><strong>32.</strong></span> <span class='ocrx_word' id='word_1_595' title='bbox 1244 1520 1289 1556; x_wconf 74' lang='lat' dir='ltr'><strong>¹v.</strong></span> <span class='ocrx_word' id='word_1_596' title='bbox 1326 1522 1543 1557; x_wconf 86' lang='lat' dir='ltr'><strong>Conatus.</strong></span> <span class='ocrx_word' id='word_1_597' title='bbox 1607 1564 1611 1568; x_wconf 90' lang='lat'><strong>.</strong></span> 
     </span>
    </p>
   </div>
  </div>
 </body>
</html>
