1742 2964
398 114 536 181 Iudex
575 103 816 158 Nominum*
848 114 1139 172 Propriomm.

56 231 239 270 sumini
272 229 402 271 Cicero
433 229 543 266 multa
579 228 739 279 graviter
808 248 812 251 ,

61 291 154 327 dixit
170 282 263 335 im,
279 290 338 327 49.
371 289 551 326 Saturnini
575 293 610 331 2,
630 290 686 341 16,
701 290 736 324 5.

15 351 262 387 Saturnus.
294 349 406 386 Coelo
430 348 596 397 genitalia
621 347 739 382 absci-

61 409 114 443 dit
136 412 170 453 1,
193 409 230 452 6,
253 409 312 444 36.

17 467 277 510 Scaevola,
303 468 348 513 Q.
367 465 510 501 Mucius
536 473 567 499 et
587 469 689 501 ICms
709 472 739 500 et

68 529 193 563 Orator
207 529 263 569 12,
281 528 316 569 3,
335 526 370 562 9.
394 525 480 569 Ejus
501 529 536 559 et
556 525 598 559 L.
619 524 740 559 Crassi

62 585 101 620 in
112 585 243 629 judicio
255 583 410 619 Curiano
423 583 604 618 contentio
611 587 647 627 7,
653 584 694 627 6,
705 585 741 620 9.

17 660 66 670 -
102 647 188 678 alius
233 645 368 688 quidam
400 650 556 688 quantum
584 645 742 676 memoria

62 703 207 738 volumi
229 701 268 736 in
286 703 366 736 lusu
386 701 572 736 duodecim
589 700 736 746 scripto-

64 771 143 796 rum
170 763 228 804 11,
254 763 291 804 2,
315 761 374 795 38.

20 816 317 854 Scamander.
346 822 403 860 11,
431 820 465 861 1,
492 817 552 853 74.

21 876 235 911 Scaurus.
268 879 315 921 5,
340 878 403 921 13,
426 876 488 914 40.
521 878 575 911 Μ.
597 876 744 913 Aemilii

67 936 191 971 Scauri
216 936 379 971 defensio
403 937 437 980 5,
463 938 522 981 12,
548 939 602 971 10.
626 938 660 982 5,
686 940 744 983 13,

6 999 10 1002 ”
54 996 124 1031 ’55-
150 994 278 1031 Scauri
302 998 335 1038 1,
360 994 395 1036 4,
417 995 476 1031 25.

21 1051 185 1099 Scipio
217 1053 413 1089 Africanus
448 1053 570 1098 major,
622 1054 745 1100 Scipio

67 1112 167 1158 prior
195 1115 236 1156 3,
269 1114 312 1155 8,
342 1114 399 1147 37.
446 1111 492 1154 cf.
519 1115 581 1156 11,
618 1117 662 1157 1,
689 1117 746 1150 12.

67 1176 236 1216 §emente
259 1171 399 1218 genitus
421 1174 457 1215 2,
479 1170 600 1215 4,π19.
620 1173 748 1207 melior

67 1230 146 1265 dux
177 1242 281 1275 quam
313 1229 492 1263 Hannibal
526 1231 568 1273 5,
597 1234 660 1275 10,
687 1231 746 1267 48.

67 1287 99 1322 si
123 1289 322 1323 exercitum
343 1289 382 1322 in
406 1288 571 1323 Africum
593 1295 747 1323 transtu-

26 1380 48 1391 Ν
63 1346 170 1390 ierit,
196 1357 242 1381 au
263 1347 421 1381 futurum
446 1346 515 1391 sit,
542 1353 582 1380 ut
605 1347 748 1382 Hanni-

67 1403 128 1439 bal
149 1405 298 1440 redeat?
319 1407 363 1449 3,
381 1407 424 1449 8,
451 1409 506 1441 17.
537 1406 747 1441 Hannibalis

70 1462 215 1497 bellicis
230 1464 394 1498 laudibus
420 1464 606 1508 ampliatur
633 1465 748 1500 virtus

72 1521 146 1565 ejus
170 1523 207 1564 8,
230 1522 267 1564 4,
289 1524 346 1556 20.
382 1522 555 1555 Africano
578 1522 749 1557 virtutem

71 1578 266 1623 indum-ia,
294 1580 410 1615 virtus
433 1579 603 1626 gloriam,
637 1580 750 1628 gloria

73 1639 232 1673 aemulos
255 1638 477 1683 comparavit
498 1639 532 1682 9,
556 1641 591 1683 3,
621 1641 679 1674 56.

29 1714 74 1721 -
98 1699 212 1731 minor.
235 1697 264 1730 E
287 1698 371 1732 loco
398 1697 429 1732 Ο
452 1697 639 1743 usurpavit
662 1701 694 1740 1,
717 1702 751 1741 7,

77 1756 136 1790 25.
182 1754 324 1790 Atticus
359 1757 599 1790 Romanorum
631 1759 752 1790 ‹licitur-

78 1817 142 1856 12,
169 1816 234 1858 10,
259 1815 319 1850 39.
368 1815 402 1849 Τ
404 1814 531 1849 ereutii
553 1814 682 1860 scripta
709 1817 754 1850 ad

79 1883 161 1907 eum
183 1873 388 1907 referuntur
411 1875 474 1916 10,
500 1879 542 1916 1,
566 1875 623 1910 99,
667 1877 755 1910 alla-

78 1937 191 1966 tratus
220 1942 246 1974 a>
264 1931 400 1966 Catone
425 1933 460 1975 8,
485 1933 519 1975 6,
547 1934 580 1969 9.
605 1945 756 1969 eversor

73 1989 304 2037 Carthaginis
324 1996 359 2025 et
376 1991 584 2026 Numantiae
600 1994 635 2037 8,
647 1994 682 2038 6,
697 1996 755 2030 30.

81 2047 139 2085 43.
167 2059 296 2093 censor
326 2051 365 2092 5,
392 2052 454 2093 11,
481 2052 524 2084 13
547 2052 595 2089 Ν.

35 2124 81 2135 ·—
103 2107 233 2143 Nasica
259 2109 299 2142 P.
317 2109 352 2152 5,
372 2110 409 2152 3,
435 2107 482 2143 24
501 2110 547 2144 Ν.
577 2111 611 2151 8,
635 2109 671 2154 4,
699 2112 756 2146 13.

83 2167 235 2202 eundem
250 2167 480 2213 Serapionem
497 2179 576 2203 esse
591 2168 758 2207 dixerunt

83 2218 120 2267 6,
141 2227 176 2268 3,
195 2225 252 2260 57.

0 2328 2 2331 ‚
39 2305 87 2311 -
110 2285 156 2330 Q.
174 2283 350 2319 Caecilius
371 2283 540 2320 Metellus
565 2285 597 2331 5,
621 2288 676 2330 11,
700 2288 758 2321 10.

86 2343 272 2387 Scipiones
297 2345 331 2386 1,
354 2341 388 2385 4,
417 2343 474 2378 25.

42 2403 291 2447 Secundus.
321 2413 356 2435 v.
380 2400 506 2436 Julius.

43 2461 245 2503 Seneca,
270 2460 313 2494 L.
340 2458 452 2503 Anu„
475 2460 696 2505 philosophus,
723 2459 762 2495 in

89 2518 187 2554 omni
214 2527 346 2564 genere
379 2518 604 2564 eloquentiae
637 2521 704 2563 10,
729 2522 763 2563 1,

1412 115 1529 155 11019

847 230 981 271 stolae,
1002 234 1040 264 et
1061 227 1205 275 Dialogi
1223 227 1391 264 feruntur
1412 228 1471 269 10,
1497 228 1530 268 1,

850 289 931 325 129.
978 289 1021 322 111
1045 287 1275 333 Philosophia
1298 297 1423 332 parum
1447 285 1531 320 dili-

849 358 938 396 gens
970 349 1015 382 ib.
1082 347 1124 380 In
1154 357 1200 381 eo
1234 346 1389 390 scripto,
1433 345 1530 390 quod

853 407 950 442 Nero
988 406 1032 440 ad
1068 404 1236 438 Senatum
1272 404 1368 439 misit
1409 404 1530 439 occisa

851 471 964 500 matre
988 466 1029 508 8,
1055 466 1096 504 5,
1122 465 1177 498 18.
1225 462 1371 497 Dictum
1403 463 1449 496 ab
1483 473 1530 497 eo

851 526 1033 570 eleganter
1055 527 1099 566 9,
1129 526 1174 566 2,
1199 522 1257 558 98.
1298 524 1468 556 Iudicium
1488 523 1531 555 de

853 595 891 618 eo
920 586 985 627 10,
1011 586 1052 626 1,
1080 583 1146 616 125
1177 593 1243 626 seq.
1298 583 1471 615 Tn'tmitur
1500 583 1532 614 ei

853 640 958 685 copia
983 644 1038 684 12,
1071 644 1127 684 10,
1156 643 1213 674 11.
1258 639 1466 684 Aliquando
1489 640 1534 674 ab

852 699 918 743 iis,
953 700 1079 744 quibus
1110 698 1324 743 inquirenda
1359 699 1534 743 quaedam

852 760 1051 802 mandabat,
1071 760 1240 803 deceptus
1256 763 1311 792 est
1325 760 1383 801 10,
1403 761 1437 801 1,
1454 759 1534 792 128.

810 818 1011 861 Seneca,
1040 819 1082 851 L.
1100 817 1215 859 Anu„
1239 817 1351 849 rhetor
1366 817 1402 859 9,
1420 819 1455 857 2,
1473 817 1532 852 98.

853 876 893 913 in
919 876 1175 913 Controversia
1198 877 1347 921 quadam
1375 877 1417 908 ib.
1441 873 1499 910 42.

810 953 857 969 —-„
881 939 1038 979 tragicus,
1064 936 1156 981 apud
1180 946 1261 970 eum
1283 935 1414 970 Medea
1438 936 1474 979 9,
1494 938 1536 979 2,
1584 932 1586 940 ’

855 996 890 1031 8.
924 992 1028 1038 cfi'S,
1055 997 1088 1038 3,
1113 996 1155 1029 31
1182 995 1230 1028 Ν.

812 1053 1079 1099 Septimius.
1118 1052 1201 1088 libri
1233 1050 1536 1087 Observationum

859 1113 902 1146 ab
928 1122 974 1147 eo
1002 1112 1086 1146 editi
1109 1111 1144 1152 4,
1169 1114 1203 1154 1,
1228 1111 1286 1146 19.
1410 1102 1414 1113 ²

814 1171 1027 1216 Serapio.
1067 1183 1100 1204 v.
1125 1169 1260 1214 Scipio.

814 1230 1013 1277 Sergius
1040 1228 1200 1264 Flavius.
1227 1232 1383 1262 novator
1402 1217 1553 1263 verbo-¹

858 1299 939 1324 rum
956 1290 992 1332 8,
1001 1290 1037 1330 3,
1050 1289 1105 1322 33.
1121 1288 1281 1331 (nactur
1291 1286 1538 1330 euePtautus.)

815 1346 1080 1393 [Serranus.
1113 1345 1181 1388 (de
1200 1343 1287 1388 conj.
1318 1346 1475 1389 Sar-pii
1497 1359 1539 1380 ex

862 1407 1017 1440 Codicum
1051 1404 1210 1445 indiciis)
1238 1406 1306 1447 10,
1342 1406 1378 1448 1,
1409 1405 1456 1439 89
1481 1404 1536 1450 8.]

861 1462 986 1497 Serani
1015 1465 1054 1505 1,
1078 1461 1123 1504 4,
1147 1463 1205 1495 25.

816 1518 1024 1555 Servilia
1048 1521 1110 1554 lex
1135 1520 1171 1562 6,
1193 1521 1228 1563 3,
1252 1518 1312 1554 44.

817 1579 871 1613 Se
881 1590 932 1614 rv
945 1579 959 1612 i
970 1578 1037 1612 liu
1047 1590 1065 1612 s
1107 1578 1306 1613 Nonianus.
1354 1581 1539 1627 historicus,

862 1639 905 1671 de
926 1650 990 1682 quo
1014 1638 1122 1681 judic.
1148 1640 1211 1681 10,
1236 1640 1276 1682 1,
1302 1641 1383 1673 102.

818 1686 1022 1731 Servius.
1058 1697 1100 1739 9,
1124 1697 1169 1740 3,
1194 1699 1251 1730 21.
1276 1697 1313 1741 9,
1337 1696 1374 1743 4,
1394 1700 1452 1734 38.

817 1770 864 1778 -
887 1766 921 1788 v.
948 1754 1137 1798 Sulpicius.

820 1813 988 1848 Sextii.
1018 1821 1119 1857 pater
1148 1820 1180 1847 ei
1204 1814 1323 1858 filius,
1357 1816 1544 1861 philosophi

866 1875 923 1916 10,
951 1875 985 1915 1,
1014 1871 1081 1906 124
1105 1873 1150 1906 Ν.

822 1931 1026 1966 Severus
1040 1957 1051 1974 ,
1075 1930 1232 1966 Cassius.
1264 1932 1321 1964 ubi
1343 1932 1431 1967 vide.

820 2010 868 2017 --
916 1989 1115 2025 Cornelius.
1170 1989 1396 2025 versificator
1440 2004 1546 2038 quam

866 2055 974 2094 poeta
999 2049 1129 2083 melior
1157 2052 1213 2093 10,
1239 2053 1273 2093 1,
1296 2050 1352 2085 89.
1377 2052 1422 2084 ib.
1446 2054 1546 2086 ,Iudi-

869 2111 954 2141 cium
978 2110 1021 2142 de
1044 2121 1082 2141 eo
1107 2111 1151 2142 ib.
1248 2129 1250 2133 ·

824 2166 1051 2212 Sibyllini
1075 2167 1167 2201 libri.
1200 2168 1246 2211 5,
1273 2170 1329 2212 10,
1353 2171 1410 2204 30.

823 2226 1009 2261 Sicilia.
1038 2227 1265 2271 Triquetram
1291 2228 1360 2262 dici
1389 2229 1547 2265 Siciliam

869 2296 915 2319 an
932 2285 1168 2330 Triquedram
1191 2293 1355 2330 oporteat
1383 2291 1415 2331 1,
1432 2290 1467 2332 6,
1489 2291 1547 2325 30.

870 2345 942 2388 ejus
974 2343 1164 2388 descriptio
1202 2347 1267 2388 11,
1286 2348 1342 2390 -‚3
1384 2347 1464 2382 164.
1509 2348 1549 2383 in

847 2402 992 2437 ·Sicilia
1015 2404 1058 2446 6,
1083 2405 1123 2446 3,
1148 2405 1206 2438 80.
1246 2438 1249 2445 ,
1307 2402 1309 2404 ’

829 2460 999 2497 Siculi.
1029 2467 1068 2495 ut
1089 2467 1171 2495 sunt
1196 2462 1322 2498 lascivi
1344 2469 1383 2498 et
1407 2464 1549 2501 dicaces

878 2522 966 2558 Coei.
994 2520 1030 2563 6,
1055 2522 1088 2562 3,
1114 2519 1171 2555 41.

90 2577 171 2613 125.
209 2576 395 2612 Tractavit
420 2587 562 2612 omnem
587 2578 666 2612 fere
689 2583 766 2612 stn-
832 2577 1063 2622 Sicinius,
1090 2578 1131 2613 C.
1158 2582 1223 2623 11,
1249 2581 1295 2624 3,
1322 2582 1459 2618 129.Ν.

90 2636 229 2671 diorum
250 2634 456 2670 materiam:
494 2646 578 2670 nam
608 2641 643 2671 et
676 2636 768 2670 Ora·
833 2636 1114 2672 Simonides.
1154 2645 1254 2682 poeta
1287 2641 1332 2673 de
1357 2653 1422 2685 quo
1450 2645 1550 2676 Iudi-

89 2694 207 2730 tiones
233 2694 329 2739 ejus,
352 2699 388 2729 et
408 2695 573 2729 Poemata
585 2720 597 2740 ,
621 2700 657 2730 et
684 2695 767 2740 Epi-

453 2765 479 2786 Β

879 2699 964 2730 cium
981 2698 1119 2730 habetur
1137 2700 1193 2741 10,
1218 2700 1251 2742 1,
1277 2697 1325 2734 64
1345 2701 1392 2734 Ν.
1426 2701 1550 2735 Artem
