1728 3002
111 119 156 157 81
167 119 190 155 8
765 111 986 153 Sententia

158 239 196 262 se
223 226 355 271 juncti,
389 231 459 269 atq.
483 225 532 259 ita
565 226 821 267 cohaerentes,
838 255 839 258 ,
856 237 902 260 ne
937 225 1171 260 commissura
1199 220 1406 270 mutiunt}
1434 235 1566 272 corpus
1592 225 1650 269 sit,

158 285 231 309 non
263 274 454 307 membra
486 275 521 314 7,
547 273 612 314 10,
646 271 701 306 16.
735 271 780 313 cs.
815 275 882 315 11,
913 275 955 315 2,
989 274 1046 306 20.
1088 270 1177 318 Quis
1211 269 1503 316 enim‘dnbffly
1538 283 1650 306 unuin

157 331 344 355 sensum
376 318 412 352 in
435 319 506 352 hoc
531 328 610 352 esse
645 323 681 352 et
708 329 819 353 unum
856 317 1101 363 spiritum,
1130 318 1478 362 Animadverti,
1507 318 1650 362 judices,

161 375 223 401 etc.
253 368 294 408 9,
320 365 362 407 4,
388 365 445 399 68.
481 375 560 398 cum
584 376 613 398 s.
638 376 730 398 unus
762 364 925 411 longiore
953 364 1087 398 ambitu
1120 363 1396 399 circumducitur
1416 365 1460 399 ib.
1484 362 1570 400 124.
1590 364 1652 398 ubi

159 414 343 448 claudatur
371 422 422 453 s.‚
447 411 542 444 unde
566 410 712 455 incipiat
736 414 769 454 1,
784 412 832 454 ,8,
861 414 891 446 1.
919 410 963 453 cs:
988 414 1023 454 9,
1046 409 1082 454 4,
1105 411 1167 445 67.
1190 422 1218 446 s.
1244 409 1331 453 toti,
1356 410 1654 456 quemadmodum

159 463 379 503 coeperunt,
404 457 570 491 desinunt
594 458 629 500 9,
653 460 687 500 3,
712 455 771 492 43.
798 468 978 492 sensus
1002 468 1075 491 non
1103 457 1208 492 eand.
1235 456 1559 508 imaginem-qim
1579 467 1654 492 res

159 507 291 540 habent
317 507 374 546 11,
401 507 433 542 2,
460 502 516 538 24.
554 502 598 545 cs.
623 505 682 539 29.
709 515 776 538 nec
803 505 950 539 verba
971 505 1079 538 modo
1104 504 1167 538 sed
1191 513 1366 552 sensus
1393 513 1537 549 qnoque
1561 501 1657 537 idem

157 551 333 585 facientes
356 555 571 585 acervantur
594 551 629 592 9,
650 552 684 592 3,
707 549 764 585 47.
789 552 905 585 verbo
929 562 1072 585 sensum
1095 551 1242 585 cludere
1266 550 1386 584 multo.
1403 549 1575 594 optimum
1602 553 1658 583 est

159 601 194 641 9,
219 596 254 640 4,
279 598 336 631 26.
361 596 521 639 ridendi,
548 595 609 641 qui
632 598 732 631 velut
756 598 856 644 leges
879 596 1072 642 prooemiis
1099 595 1266 631 omnihus
1285 597 1481 639 dederunt,
1502 600 1549 630 nt
1564 595 1658 629 intra

161 650 328 688 quattuor
351 654 380 677 S.
405 643 681 677 terminarentur
703 642 740 686 4,
766 646 800 686 1,
823 645 882 678 62.
917 649 955 678 ut
981 654 1107 678 manus
1131 653 1214 687 cum
1235 653 1344 678 sensu
1365 647 1402 678 et
1423 641 1602 687 inciperet
1623 645 1660 676 et

161 693 402 735 deponeretur
427 693 484 733 11,
509 691 543 732 3,
576 690 653 725 106.
687 702 720 724 v.
740 690 1009 728 Membrum.
1034 689 1260 724 Incisum.

118 746 352 788 Sententia·
379 756 412 801 1)
436 757 714 792 sententiam
738 763 949 802 veteres,
973 758 1091 802 qnod
1116 757 1264 792 animo
1287 755 1565 799 sensissent,
1585 765 1660 796 yo-

162 817 182 839 c
196 817 215 838 a
230 809 397 840 verunt
419 806 462 848 8,
487 805 531 847 5,
557 808 589 838 1.
638 802 675 847 α)
694 803 731 838 in
762 805 888 850 quibus
910 811 1037 849 postea
1062 803 1202 851 scriptis
1224 802 1357 839 certior
1379 803 1457 848 eius
1483 806 1575 848 sent.
1606 806 1662 834 est

161 854 197 894 3,
221 853 255 894 3,
280 854 315 885 7.
343 850 464 895 potior
483 851 611 884 fuisset
634 862 690 895 ap.
709 863 767 885 me
791 850 977 885 Ciceronis
1000 861 1042 895 s.‚
1067 849 1128 896 qui
1148 870 1187 878 -
1210 855 1353 897 putat
1376 851 1411 890 3,
1437 849 1473 892 8,
1497 850 1532 882 1.
1563 847 1660 892 quod

163 897 192 932 si
218 897 297 942 quis
324 908 343 931 a
372 909 430 931 me
463 897 679 942 proponi
717 897 906 931 mirabitur
929 897 1158 942 (quanquam
1177 899 1255 932 non
1277 901 1332 931 est
1352 897 1444 930 haec
1467 905 1546 929 mea
1574 903 1661 938 pro-

161 943 238 988 pria
262 956 289 978 s.
305 969 315 987 ,
343 944 406 978 sed
430 954 554 978 eornm
579 951 640 977 etc.
666 945 731 986 12,
758 946 798 985 1,
827 945 882 979 36.
916 955 963 977 ex
989 942 1106 978 dubiis
1128 941 1256 988 purtim
1281 941 1388 978 nobis
1409 940 1498 1022 ipsis
1520 939 1565 974 ad
1585 939 1662 988 ele-

162 991 317 1025 ctionem
342 996 424 1024 sunt
447 990 571 1033 libera,
597 989 724 1034 partim
750 990 903 1024 aliorum
928 989 1128 1024 sententiae
1150 987 1340 1026 commissa
1362 990 1398 1032 3,
1447 1014 1457 1031 ,
1479 987 1515 1022 8.
1542 987 1662 1031 neque

161 1039 233 1071 hoc
257 1038 339 1071 loco
365 1048 481 1070 meam
508 1036 700 1080 interpono
726 1047 755 1070 s.
781 1037 815 1078 5,
840 1037 896 1071 Pr.
920 1038 953 1070 3.
978 1042 1145 1082 tanquam
1166 1036 1275 1078 haec,
1292 1046 1402 1086 qutun
1422 1039 1521 1068 nunc
1545 1035 1663 1077 tueor,

163 1089 254 1117 sent.
280 1082 391 1128 priori
416 1083 558 1118 diversa
589 1083 634 1116 sit
656 1085 698 1124 2,
724 1085 770 1126 3,
796 1085 852 1117 10.
910 1081 964 1128 β)
996 1085 1112 1116 Ablat.
1130 1090 1156 1116 .··
1178 1087 1260 1122 mea
1278 1079 1298 1092 '⁴
1331 1081 1426 1116 idem
1450 1093 1480 1116 s.
1506 1075 1661 1123 1:2⁴3.

161 1133 204 1171 2,
229 1132 271 1163 21
287 1155 296 1172 ,
327 1128 382 1163 14.
417 1140 496 1163 mea
523 1134 642 1163 tamen
667 1141 695 1163 s.
726 1131 767 1172 3,
794 1130 837 1172 6,
863 1130 920 1163 15.
960 1127 1046 1164 licet
1070 1129 1189 1164 Varro
1214 1128 1250 1164 A
1337 1124 1486 1163 Stilonis
1511 1131 1541 1163 't-
1567 1122 1662 1159 dicat

166 1179 228 1219 10,
259 1178 301 1218 1,
325 1177 391 1218 993
431 1187 475 1209 an
501 1175 638 1209 etiamsi
664 1176 760 1209 nuua
783 1174 976 1209 ratione
1002 1177 1130 1212 ductus
1148 1179 1229 1222 est,
1252 1173 1356 1219 ‘imp
1366 1178 1447 1208 e-tu
1468 1176 1590 1218 raptus
1612 1170 1663 1204 'sit

165 1227 201 1256 et
225 1222 359 1266 absque
384 1228 506 1255 sent.
531 1225 574 1265 7,
599 1225 646 1264 2,
670 1221 727 1255 44.
754 1227 790 1256 et
814 1222 963 1264 iuraturi
990 1232 1048 1256 ex
1076 1220 1184 1256 animi
1205 1219 1321 1266 nostri
1342 1225 1487 1265 sent,
1519 1222 1555 1251 et
1581 1228 1662 1264 gra-

163 1269 317 1302 tulantes
343 1267 397 1301 ex*
421 1273 536 1301 sent.
562 1266 713 1301 dicimus
737 1269 772 1311 8,
797 1269 830 1310 5,
857 1270 890 1301 1.
923 1268 980 1302 Ex
1003 1267 1054 1303 tui
1078 1266 1187 1302 animi
1211 1266 1388 1301 sententia
1410 1265 1571 1308 (jurandi
1586 1262 1664 1305 sor-

164 1313 272 1356 mula)
296 1315 331 1356 6,
357 1314 391 1356 3,
417 1315 462 1346 32
484 1314 529 1346 Ν.
557 1314 596 1346 in
622 1325 692 1356 qua
719 1323 748 1346 s·
774 1313 973 1347 Hesiodum
997 1318 1077 1347 esse
1101 1315 1134 1357 1,
1159 1315 1194 1356 1,
1218 1309 1274 1354 15.
1304 1310 1392 1356 quin
1413 1310 1471 1354 hi,
1497 1311 1557 1354 qui
1580 1314 1664 1343 sunt

163 1362 199 1394 in
223 1360 284 1393 illa
307 1359 426 1404 priore
450 1364 581 1402 sent„
607 1358 939 1393 existimarint
965 1360 999 1401 3,
1023 1360 1059 1402 8,
1087 1361 1120 1393 1.
1143 1357 1182 1391 in
1204 1352 1274 1392 titio
1295 1358 1399 1392 fuere
1424 1368 1466 1399 s.‚
1497 1362 1537 1390 ut
1564 1354 1663 1390 exi-

166 1405 411 1486 stiga-rent
436 1408 468 1448 1,
495 1407 549 1448 10,
575 1407 631 1440 15.
661 1415 730 1450 qua
755 1403 844 1439 in‘s.
868 1403 1016 1449 ponitur·
1038 1415 1095 1449 ap.
1122 1403 1308 1452 Platonem
1326 1402 1475 1451 Gorgias
1495 1405 1532 1446 2,
1551 1403 1611 1446 21,
1629 1403 1662 1435 1.

165 1465 197 1487 υ.
267 1455 421 1496 pinio.
800 1458 802 1463 ·
1255 1455 1272 1459 ’·
1375 1470 1387 1477 «

211 1508 271 1552 II)
302 1521 388 1553 quae
412 1509 665 1552 pronuntiatur.-
704 1506 773 1542 His
803 1507 952 1542 confinis
975 1507 1033 1543 est
1055 1506 1252 1550 destructio
1276 1513 1312 1542 et
1335 1503 1559 1549 confirmatio
1582 1514 1664 1539 sen-

166 1555 369 1593 tentiarum,
416 1555 504 1587 Nam
543 1565 625 1588 cum
657 1552 703 1587 sit
737 1558 856 1589 sent.
890 1554 1135 1589 decretum
1168 1552 1300 1600 quodd.
1327 1559 1438 1597 ‚atque
1469 1561 1665 1596 praece-

165 1607 314 1646 ptum,
340 1601 435 1646 quod
456 1601 500 1635 de
520 1611 572 1640 re,
599 1600 694 1633 idem
717 1599 762 1633 de
782 1598 916 1644 judicio
938 1599 994 1634 rei
1016 1596 1151 1646 quaer-is
1160 1605 1299 1646 p019823
1326 1605 1403 1642 tum
1423 1597 1525 1633 loci
1550 1607 1664 1631 com-

165 1659 348 1690 munes,
387 1658 477 1692 quos
504 1646 611 1680 etiam
635 1645 786 1690 scriptos
814 1646 857 1680 ab
880 1645 1094 1682 oratoribus*
1111 1645 1242 1682 scimus
1266 1648 1324 1689 10,
1347 1647 1382 1686 5,
1409 1647 1465 1679 12.
1511 1642 1554 1687 a)
1582 1645 1666 1678 scri-

164 1702 311 1738 ptorum.-
339 1704 490 1738 quorum
518 1703 585 1727 nos
609 1691 808 1726 sententiae
833 1693 1036 1727 accedimus
1058 1692 1095 1736 2,
1126 1692 1180 1736 15,
1206 1690 1238 1728 1'.
1268 1691 1329 1738 qui
1353 1691 1455 1728 eund.
1478 1695 1568 1725 sent.
1590 1698 1666 1724 non

166 1741 245 1774 iisd.
272 1746 390 1774 tamen
421 1739 542 1775 verbis
577 1738 759 1782 explicant
781 1742 823 1782 2,
851 1741 918 1782 15,
947 1738 1002 1773 14.
1036 1751 1120 1774 cum
1149 1738 1336 1783 sententiis
1370 1749 1494 1772 eorum
1516 1734 1664 1780 (poeta.-

165 1785 259 1826 rum)
284 1787 385 1821 velut
409 1786 572 1830 quibusd.
598 1784 831 1828 testimoniis,
861 1796 952 1829 quae
975 1783 1224 1830 proposuere,
1245 1786 1455 1820 confirment
1481 1786 1516 1826 1,
1543 1783 1587 1823 8,
1609 1783 1677 1829 12.

168 1832 210 1877 β)
236 1834 485 1866 deliberantium
509 1835 541 1864 in
570 1834 734 1865 consiliis:
766 1830 804 1864 in
829 1837 956 1865 senatu
981 1831 1178 1867 sententiae
1200 1833 1284 1866 1000
1310 1833 1353 1875 3,
1383 1833 1418 1872 7,
1445 1833 1480 1864 2.
1499 1825 1664 1872 'ap-‚im-

169 1878 303 1923 peritos
317 1906 328 1922 ‚
366 1879 433 1922 aph
450 1888 539 1922 quos
562 1878 772 1921 frequenter
800 1877 951 1912 dicenda
974 1884 1065 1914 sent.
1093 1883 1150 1916 est
1171 1879 1214 1922 3,
1237 1879 1279 1920 8,
1302 1880 1341 1914 2.
1372 1876 1417 1918 qs.
1444 1878 1510 1918 12,
1530 1876 1581 1916 2,
1603 1871 1664 1909 24.

168 1925 283 1959 (lictae
308 1925 347 1958 in
369 1926 528 1959 secundo
553 1923 711 1967 (Homeri
739 1926 837 1966 libro)
862 1929 952 1959 sent.
978 1927 1035 1968 10,
1058 1927 1092 1967 1,
1114 1921 1182 1967 473
1215 1925 1380 1957 orationes
1404 1925 1437 1955 in
1461 1926 1578 1958 senatu
1599 1919 1664 1952 ha-

169 1974 276 2005 bitae.-
314 1970 500 2005 breviores
529 1970 722 2014 aliquando
751 1981 1000 2004 causarum
1027 1969 1226 2012 orationes,
1261 1980 1367 2013 quam
1391 1964 1663 2002 sententia-

168 2029 262 2051 rum
285 2019 320 2061 3,
345 2019 379 2060 8,
403 2018 459 2051 68.
494 2029 528 2050 v.
557 2015 744 2050 Contio.
781 2022 928 2061 propter
953 2016 1067 2062 ipsam
1089 2027 1183 2059 rem,
1211 2015 1256 2049 de
1281 2026 1350 2059 qua
1376 2012 1574 2048 sententiae
1601 2021 1664 2045 ro-

167 2069 318 2109 gantur,
345 2061 602 2098 consultabitur
626 2064 669 2095 ib.
703 2063 757 2095 18.
782 2063 817 2105 6,
847 2065 880 2105 3,
904 2063 961 2098 97.
1008 2064 1043 2107 γ)
1065 2063 1234 2106 iudicum.-
1265 2062 1345 2095 vult
1372 2067 1665 2106 cognoscen-

168 2110 274 2143 tium
299 2109 467 2154 quisque,
505 2109 642 2142 firmam
666 2119 746 2142 esse
769 2108 914 2143 alterius
945 2115 1035 2143 sent.
1065 2109 1100 2150 5,
1124 2111 1158 2150 2,
1182 2111 1217 2142 2.
1244 2108 1356 2151 judex
1383 2118 1488 2152 quam
1511 2104 1664 2150 primum

168 2162 286 2190 certus
313 2167 391 2190 esse
417 2155 613 2189 sententiae
637 2155 732 2198 cupit
757 2153 800 2197 4,
826 2157 870 2198 3,
897 2156 931 2189 8.
960 2156 1154 2193 secundum
1186 2155 1303 2200 legem
1339 2153 1496 2188 dicturos
1519 2156 1666 2185 senten-

169 2202 251 2235 tiam
277 2202 311 2246 5,
342 2204 396 2242 13,
419 2205 454 2236 7.
485 2202 537 2235 de
567 2200 694 2245 quibus
722 2211 769 2234 ex
799 2201 914 2235 causis
937 2207 1027 2235 sent.
1053 2200 1146 2234 dicta
1169 2206 1224 2234 est
1247 2202 1288 2243 5,
1319 2203 1380 2239 11,
1406 2201 1464 2234 36.
1487 2196 1545 2239 .⁰s·
1569 2198 1604 2240 3,
1626 2198 1664 2240 8,

168 2251 223 2282 10.
253 2259 318 2291 an,
354 2259 434 2282 cum
458 2247 518 2281 ille
544 2246 648 2280 fletus
674 2247 844 2291 erumpit,
874 2257 946 2280 non
968 2249 1083 2292 palam
1110 2246 1203 2280 dicta
1227 2257 1255 2280 s.
1281 2245 1364 2280 est?
1387 2245 1429 2288 6,
1451 2246 1497 2287 2,
1519 2246 1664 2296 7:1³oe-

160 2295 292 2336 suadet
315 2311 361 2318 ·——
385 2299 548 2338 aspectus
572 2293 676 2327 etiam
698 2292 775 2336 ipse
803 2292 880 2326 sine
903 2303 1016 2337 voce,
1047 2303 1118 2337 quo
1143 2294 1203 2326 vel
1226 2290 1428 2326 recordatio
1455 2293 1665 2324 meritorum

170 2341 362 2384 cujusque,
392 2342 454 2375 vel
484 2338 595 2373 facies
622 2339 740 2383 aliqua
763 2338 974 2373 miserabilis
1002 2347 1062 2372 etc.
1090 2339 1301 2372 sententiam
1325 2337 1435 2371 dictat
1461 2338 1508 2379 2,
1538 2334 1664 2378 15,.6.

170 2386 378 2419 sententiam
405 2387 480 2430 ejus
508 2385 624 2427 (jud.)
651 2386 781 2418 ducere
808 2384 846 2418 in
870 2385 927 2428 id,
964 2385 1060 2430 quod
1083 2385 1174 2420 velit
1196 2387 1239 2419 ib.
1271 2387 1327 2419 12.
1356 2384 1402 2417 de
1421 2391 1499 2426 quo
1529 2382 1665 2420 laturus

170 2436 223 2464 est
247 2431 432 2475 sent.=jud.
459 2436 493 2474 7,
521 2434 554 2474 1,
581 2433 635 2464 12.
669 2443 702 2465 v.
730 2431 848 2465 Fero
866 2431 914 2465 V.
944 2443 1002 2476 ap.
1026 2430 1132 2465 alium
1155 2441 1223 2467 vos
1247 2429 1400 2475 judicem
1425 2427 1664 2472 disputaturos

171 2478 215 2509 de
240 2477 334 2510 illius
363 2483 453 2512 sent.
486 2488 559 2511 non
583 2476 695 2510 fuisse
721 2479 776 2520 11,
804 2481 836 2520 1,
862 2480 919 2512 77.

218 2532 292 2574 111)
330 2537 496 2575 cogitata,
530 2546 616 2578 quae
637 2535 744 2567 verbis
770 2536 1099 2577 comprehenduntur.
1148 2532 1201 2576 α)
1227 2527 1664 2576 comprehensabreviter

172 2590 200 2610 s.
226 2579 260 2615 9,
286 2580 320 2620 3,
347 2580 402 2614 91.
428 2579 459 2613 si
482 2579 599 2623 aliqua
625 2591 654 2613 s.
675 2579 877 2614 blandiatur
895 2579 931 2623 4,
959 2584 992 2622 1,
1018 2581 1082 2622 53;
1108 2581 1242 2614 Genit..·
1269 2576 1496 2624 ambiguitate
1516 2579 1663 2608 senten-

170 2623 239 2656 tiae
263 2626 297 2663 9,
320 2627 354 2665 2,
377 2626 435 2658 68.
469 2630 565 2658 certa
591 2626 717 2668 quaed.
748 2638 777 2659 s.
806 2626 1078 2670 comprehensio
1106 2628 1154 2668 (a.
1179 2629 1201 2659 1.
1226 2621 1462 2667 compressio)
1484 2620 1520 2663 5,
1545 2622 1601 2663 10,
1625 2621 1662 2655 5.

172 2670 247 2711 ejus
282 2670 414 2713 figurae
450 2671 722 2714 sententiarum,
765 2683 856 2715 (piae
885 2668 1099 2715 α’ποστροφῆ
1132 2671 1280 2711 dicitur,
1315 2668 1430 2702 simile
1453 2667 1495 2708 9,
1523 2667 1568 2709 3,
1603 2664 1660 2699 24.

170 2727 199 2747 v.
228 2714 408 2760 Figura.
439 2717 575 2748 duobus
600 2716 714 2750 modis
738 2718 866 2751 dicitur
888 2718 1019 2762 figura:
1045 2727 1130 2758 uno,
1155 2715 1408 2760 qualiscunque
1436 2714 1551 2745 forma
1577 2723 1662 2746 sen-
