1702 3054
439 224 493 266 do
521 220 809 264 Grammatica
839 217 1147 273 Quintilianea.
1438 216 1572 252 xxm

27 339 224 408 positio
246 337 344 390 cles
362 340 512 404 apud
527 327 786 386 Nostrum
799 332 855 380 in
867 331 1256 382 Accusativum
1273 329 1380 378 clea
1397 342 1573 403 trans-

28 421 105 469 ire
128 421 322 482 soleat,
348 417 425 473 ita
445 431 507 465 ut
529 419 579 464 h.
598 418 632 463 1.
653 413 879 462 forsitan
897 426 1133 478 praestet
1155 413 1223 460 ab
1246 409 1573 459 auctoritate

28 498 367 551 Ambrosiani
386 500 425 547 Ι.
452 500 522 545 ad
546 494 856 544 Tui-icensis
880 511 911 542 a
932 511 1011 559 pr.
1032 510 1099 542 m.
1122 506 1175 540 et
1197 488 1575 558 Lassbergiani

29 579 359 648 Empedoclea
390 576 675 626 discedere.
747 579 803 638 d)
837 573 1199 624 Ablativus
1230 572 1436 638 primae
1470 587 1572 637 po-

29 661 230 712 sitionis
248 678 274 709 e
292 673 345 708 et
366 675 416 708 es
436 660 758 724 plerumque
780 654 976 704 desinit
997 652 1054 701 in
1074 671 1125 715 e,
1156 669 1219 702 ut
1236 651 1575 718 grammatice

34 760 78 805 1,
107 759 183 804 10,
211 760 227 790 ι
252 742 299 790 S.
317 780 330 802 ,
361 739 548 789 musice
576 756 618 800 1,
646 753 722 799 10,
744 736 822 784 23.
848 751 927 799 29.
957 753 997 797 1,
1027 750 1102 796 12,
1126 736 1198 797 8.,
1229 752 1357 782 nam
1380 732 1575 780 musica

16 838 245 872 >tantum
278 838 364 882 ιι,
396 820 455 881 5,
487 824 567 874 41.
598 817 893 884 reperitur,
934 815 1187 865 rhetorice
1215 814 1272 875 3,
1305 810 1363 876 5,
1392 812 1424 861 3
1456 826 1573 874 etc.,

28 921 194 970 porro
215 901 541 969 atet-isophiste
565 918 586 947 1
600 918 641 954 1,
663 898 711 960 ὅ,
739 901 830 946 126
847 898 909 946 N.
925 915 1020 957 cr.‚
1058 897 1282 947 Thersite
1310 914 1386 957 11,
1403 911 1446 956 1,
1460 893 1543 956 37.

346 1052 387 1090 2.
446 1043 768 1089 SECUNDA
802 1040 1255 1090 DECLINATIO.

167 1146 233 1192 In
261 1146 365 1191 hac
396 1128 620 1208 Quoque
638 1139 1026 1190 Declinatione
1049 1137 1371 1205 Quintiliani
1395 1150 1575 1186 aetate

17 1223 364 1291 'Graecarum
388 1223 447 1271 in
470 1220 688 1270 Graecis
710 1220 990 1271 vocabulis
1016 1222 1310 1269 formarum
1341 1235 1464 1266 usus
1493 1217 1577 1264 in-

18 1304 232 1366 valuit,
265 1319 330 1352 ut
349 1321 466 1352 non
486 1305 658 1351 solum
677 1301 942 1351 Demoleos
962 1302 1009 1362 8,
1031 1306 1079 1363 4,
1104 1313 1184 1359 24.
1224 1300 1442 1350 Isthmos
1459 1297 1506 1360 3,
1528 1298 1578 1358 8,

40 1387 117 1434 16.
154 1399 209 1434 et
240 1385 449 1446 similia,
498 1387 589 1432 sed
620 1381 780 1431 etiam
814 1390 1140 1448 anapaestos,
1186 1383 1434 1432 molosson
1475 1385 1580 1440 (ex

0 1449 1 1484 ἕ
32 1466 189 1516 Amb.
223 1465 451 1539 uetiam
483 1469 607 1529 9,4,
633 1465 698 1512 88
732 1467 1161 1529 reponendum),
1198 1472 1394 1529 tropos,
1429 1461 1580 1526 syllo-

0 1539 1 1596 Ξ
30 1548 220 1611 gismos
258 1561 312 1595 et
350 1546 700 1611 syllogismon,
753 1546 1015 1596 trimetros
1057 1560 1111 1593 et
1151 1546 1423 1594 trimetron
1458 1555 1579 1602 etc„

34 1645 178 1694 quae
197 1625 447 1676 Lexicon
466 1625 770 1675 accuratius
794 1641 846 1674 et
858 1626 1068 1692 plenius
1089 1629 1357 1687 ostendet,
1388 1626 1580 1690 legan-

32 1722 139 1756 tur.
204 1710 400 1774 Itaque
421 1703 730 1772 Zumptius,
767 1707 882 1755 sine
911 1706 1055 1755 libris
1084 1694 1291 1772 scripsit
1319 1704 1582 1770 rhythmos

36 1803 94 1852 9,
126 1794 183 1851 4,
218 1803 354 1852 109.,
398 1803 566 1853 atque
597 1805 698 1855 ego
726 1791 831 1836 hac
864 1804 1091 1854 quoque
1122 1790 1190 1835 de
1221 1803 1389 1834 causa
1416 1782 1583 1850 magis

37 1872 307 1930 adducor,
341 1882 406 1916 ut
432 1870 716 1915 molestum
746 1867 900 1916 illum
929 1885 1029 1934 pet·
1057 1885 1111 1916 se
1139 1870 1322 1915 locum
1352 1883 1399 1930 9,
1461 1902 1476 1927 ,
1503 1862 1583 1926 75.

49 1949 355 1998 {ll-imetrum
379 1957 435 1997 et
452 1936 745 2015 promiscue
774 1948 944 1997 dicere
973 1949 1119 1998 licet:
1153 1965 1242 1997 sex
1265 1949 1399 1997 enim
1412 1947 1584 2014 pedes,

43 2036 147 2075 tres
159 2028 505 2091 percussiones
524 2028 685 2091 habet,
715 2044 942 2095 propter
963 2030 1224 2079 Latinam
1246 2026 1586 2077 terminatio-

42 2123 167 2156 nem
189 2105 463 2152 insititium
484 2109 726 2154 habeam.
765 2111 974 2158 Rarum
994 2128 1126 2160 vero
1157 2124 1211 2157 et
1240 2109 1477 2156 insolens
1509 2118 1587 2153 est

16 2255 21 2258 v
43 2186 101 2234 in
113 2185 404 2253 Adjectivo
424 2185 798 2234 Anacreontion
821 2189 965 2236 colon
986 2205 1032 2252 9,
1048 2195 1095 2249 4,
1111 2190 1201 2250 783
1223 2205 1341 2236 non
1359 2185 1588 2234 inusita-

31 2262 162 2314 ‘tum
191 2267 248 2313 in
268 2267 471 2314 Plurali
491 2283 556 2314 ex
574 2267 905 2317 tetrastichon
928 2270 1155 2318 carmine
1179 2268 1226 2331 6,
1249 2267 1296 2323 3,
1321 2270 1386 2332 96
1410 2267 1473 2316 Ν.
1496 2283 1586 2326 cr„

43 2347 99 2394 in
119 2347 291 2412 primo
329 2348 613 2410 Georgicon
647 2348 702 2408 8,
742 2347 800 2410 3,
832 2350 924 2411 78,
963 2364 1017 2399 et
1049 2352 1240 2400 Locroe
1277 2365 1363 2410 10,
1402 2365 1426 2396 1
1444 2385 1458 2409 ,
1493 2365 1586 2409 7o.‚

7 2477 11 2482 ,
44 2443 360 2492 quanquam
378 2431 556 2476 adhuc
569 2428 727 2494 hujus
738 2429 1076 2481 Nominativi
1096 2433 1345 2497 exempla
1363 2428 1586 2478 omnino

44 2523 324 2572 perpauca
353 2509 519 2556 allata
546 2522 685 2559 sunt.
753 2509 1040 2561 Ablativus
1070 2512 1126 2560 in
1153 2512 1324 2560 insula
1356 2513 1431 2559 Co
1463 2510 1510 2569 8,
1538 2505 1587 2569 6,

48 2605 125 2648 71·
172 2588 400 2636 debetur
438 2588 642 2658 Regio,
690 2590 785 2654 qui
827 2592 997 2653 bene,
1042 2596 1196 2657 quod
1240 2588 1584 2657 Spaldingius

47 2681 252 2729 censet,
286 2668 702 2736 orthographiae
724 2671 1051 2720 consuluisse
1079 2672 1208 2720 mihi
1230 2671 1451 2738 quidem
1480 2672 1529 2715 h.
1550 2670 1586 2715 1.

43 2763 161 2795 non
195 2748 435 2815 videtur,
482 2766 651 2814 quum
689 2751 1017 2816 optimorum
1047 2752 1310 2803 Codicum
1347 2754 1444 2801 Coo
1471 2766 1584 2798 non
