1728 3002
159 155 240 193 744
829 151 1010 202 Quidam

205 269 261 301 73.
286 259 366 300 suut
391 268 516 312 quaed.
539 267 671 313 figurae
695 271 859 310 receptae
882 266 924 309 9,
948 268 990 308 3,
1015 265 1048 299 4.
1077 264 1121 307 cs.
1139 265 1197 301 91.
1225 266 1406 310 proposita
1426 268 1552 311 quaed.
1575 268 1692 302 forma

155 311 160 315 ’
205 323 325 347 rerum
347 312 396 346 ita
419 324 609 357 expressa,
634 318 673 346 ut
699 319 759 346 etc.
784 314 827 355 9,
855 315 899 355 2,
923 310 979 347 40.
1008 310 1170 356 quibusd.
1193 310 1284 346 notis
1311 313 1347 355 9,
1373 311 1410 355 4,
1436 312 1494 349 51.
1525 313 1563 351 in
1588 315 1694 358 quad.

205 357 310 403 primi
336 359 415 405 libri
444 364 543 403 parte
583 362 639 401 11,
665 361 698 400 3,
723 361 779 392 31.
816 357 860 400 cf.
889 361 944 400 12,
970 360 1026 401 10,
1048 356 1104 393 45.
1141 357 1303 402 quibusd.
1333 358 1550 402 temporibus
1575 362 1631 403 10,
1657 362 1691 403 5,

207 407 263 442 15.
295 407 406 439 verba
433 406 559 449 quaed.
583 408 619 448 7,
643 406 678 448 9,
707 408 739 438 2.
779 407 836 448 10,
865 407 898 448 1,
924 406 981 438 10.
1006 405 1064 440 29.
1111 401 1156 447 ὃ)
1183 407 1342 448 repetitur
1367 412 1426 438 aut
1452 407 1607 439 similibus
1635 419 1693 440 ex-

209 453 351 494 cipitur.-
383 454 449 484 Ae
485 452 656 496 syllabam
685 450 787 485 varie
822 462 886 495 per
918 450 951 484 A
984 455 1020 484 et
1042 451 1062 483 J
1092 450 1308 493 efferebant,
1339 463 1394 495 qu
1405 450 1464 485 isl.
1493 462 1634 495 semper
1654 457 1693 485 ut

209 496 347 536 Graeci,
375 498 497 541 quid.
527 497 754 544 singulariter
777 503 910 532 tantum
936 499 969 539 1,
994 500 1028 539 7,
1055 497 1108 531 18.
1133 509 1155 540 q
1167 498 1371 530 uorund.
1398 508 1479 531 cura
1508 497 1693 542 tarditatis,

208 554 293 587 quo
306 554 391 576 run
405 544 439 576 d.
475 544 625 578 facilitas
659 543 864 580 temeritatis
902 542 1048 576 crimine
1077 542 1252 577 laboravit
1281 545 1346 585 12,
1371 544 1415 581 9,
1443 541 1496 578 14.
1530 543 1570 577 in
1600 543 1695 588 qui-

207 589 336 623 busd.
364 589 515 624 virtutes
540 601 612 623 non
636 591 768 623 habent
792 589 962 636 gratiam,
994 588 1032 622 in
1057 588 1158 633 quib
1170 589 1267 622 usd-
1293 588 1382 624 vitia
1412 589 1488 633 ipsa
1517 590 1694 624 delectant

209 638 249 668 11
266 660 275 678 ,
305 637 342 674 3.
370 637 448 671 178.
475 637 636 680 quaed.
663 642 701 669 ut
729 635 957 678 miserantes,
983 636 1133 679 quaed.
1162 641 1202 668 ut
1226 640 1389 679 optantes
1419 635 1568 670 dicimus
1590 636 1635 679 6,
1659 638 1697 680 ὃς

207 682 264 715 70.
297 679 341 721 cs.
377 683 424 724 8,
459 684 505 725 3,
537 686 595 716 27.
627 684 670 724 9,
709 685 749 724 1,
782 684 815 716 3.
855 682 981 726 quid.
1022 680 1228 715 rhetoricen
1271 681 1347 716 vim
1386 686 1541 724 tantum,
1575 681 1694 726 quid.

208 725 392 760 scientiam
423 729 487 762 sed
513 738 586 762 non
620 729 810 771 virtutem,
846 728 967 773 quid.
999 739 1122 766 usum,
1150 727 1278 772 quid.
1315 732 1427 760 artem
1459 727 1601 772 quidem
1632 729 1696 762 sed

209 784 230 806 a
253 772 402 807 scientia
425 780 461 808 et
483 774 616 808 virtute
641 774 851 819 dijunctam,
876 773 998 819 quid.
1024 773 1165 808 etiam
1187 772 1400 818 pravitatem
1418 773 1696 808 ¹nominaverunt

207 821 251 860 2,
290 819 354 859 15,
385 822 417 853 2.
482 821 544 854 Est
579 821 675 855 enim
715 821 875 865 quaed.
911 819 1149 864 praemunitio
1178 835 1220 842 —
1249 820 1400 863 quaed.
1438 819 1619 854 confessio
1650 837 1696 845 —

208 866 366 909 quaed.
386 866 583 909 praedictio
600 885 645 892 —
663 880 686 912 q
698 868 821 901 uaed.
849 865 1084 910 (praesumtio)
1100 865 1319 908 emendatio,
1339 885 1384 890 —
1400 866 1474 899 fre
1487 864 1699 910 quentis-

209 910 324 944 sima
354 913 576 956 praeparatio
609 914 653 954 9,
680 916 718 953 2,
746 914 798 946 17.
828 912 871 954 cs.
901 915 946 956 1,
972 913 1014 955 6,
1041 913 1098 946 25.
1133 911 1248 956 quid.
1280 916 1485 957 argumenta
1518 911 1698 956 persuasi-

209 956 295 990 bilia
319 977 365 983 —-
389 958 507 1002 quid.
533 958 658 994 civiles
685 959 913 1004 quaestiones
937 979 983 984 —-
1011 958 1126 1002 quid.
1152 957 1335 991 materiam
1368 953 1444 1001 ejus
1473 956 1696 1001 (rhetorices)

211 1008 323 1036 totam
347 1002 458 1038 vitam
483 1010 628 1039 vocant.
676 1005 771 1039 Alii
799 1007 918 1038 locum
951 1010 986 1038 et
1010 1004 1047 1038 in
1071 1002 1188 1038 ethice
1216 1003 1430 1050 negotialem
1455 1003 1638 1051 assignant
1659 1006 1696 1047 2,

207 1048 274 1091 21”,
300 1052 335 1083 2.
361 1052 392 1084 3.
444 1051 534 1084 Sunt
570 1051 690 1095 quid.
722 1051 880 1085 remissi:
916 1050 1034 1095 quid.
1073 1049 1221 1094 imperia
1254 1050 1696 1097 indignanturz'quosd.

206 1095 368 1129 continet
390 1102 517 1138 metus,
544 1098 704 1141 quosd.
729 1097 910 1131 debilitat:
936 1096 1049 1130 alios
1078 1095 1296 1130 continuatio
1321 1095 1496 1139 extundit,
1520 1095 1559 1129 in
1583 1095 1697 1130 aliis

206 1141 285 1183 plus
309 1141 460 1186 impetus
484 1143 570 1177 facit
596 1146 613 1176 1
629 1170 639 1186 ‚
665 1145 710 1186 3,
734 1144 768 1178 6.
806 1143 880 1178 Cic.
908 1144 1042 1187 quod.
1065 1144 1148 1176 loco
1175 1142 1297 1176 scribit
1324 1161 1367 1168 —
1394 1141 1492 1176 alio
1522 1151 1614 1179 vero
1639 1145 1696 1186 11,

207 1189 241 1228 1,
265 1187 322 1221 92.
350 1187 463 1230 quid.
487 1189 570 1223 illos
596 1189 754 1224 minores
779 1190 1044 1234 probaverunt,
1079 1187 1163 1222 alii
1186 1188 1346 1223 floridius
1370 1199 1482 1235 genus
1503 1190 1544 1232 2,
1571 1188 1613 1231 5,
1631 1186 1696 1223 χ18.

207 1231 259 1279 cf„
279 1234 314 1274 2,
339 1232 376 1274 6,
401 1236 431 1267 1.
466 1235 501 1277 6,
532 1238 564 1276 1,
595 1238 627 1268 1.
661 1236 695 1279 5,
721 1238 786 1278 13,
810 1237 867 1271 36.
892 1239 928 1277 7,
959 1237 1021 1278 10,
1046 1237 1079 1268 2.
1109 1236 1151 1276 9,
1177 1237 1223 1277 2,
1247 1233 1304 1269 44.
1336 1237 1391 1276 10,
1423 1237 1462 1277 1,
1484 1233 1542 1269 43.
1591 1235 1698 1280 Quod

205 1287 293 1311 nos
315 1283 465 1320 statum,
500 1280 535 1313 id
563 1281 682 1324 quid.
708 1281 998 1316 constitutionem
1025 1286 1176 1321 vocant,
1210 1280 1295 1314 alii
1318 1279 1697 1326 quaestionemsralii

204 1324 303 1367 quod
321 1328 375 1356 tex
399 1325 607 1368 quaestione
638 1333 806 1370 appareat
829 1330 868 1370 3,
895 1328 939 1368 6,
964 1330 998 1359 2.
1036 1339 1068 1360 v.
1095 1325 1242 1360 Alius.
1273 1337 1439 1369 separare
1466 1328 1635 1370 quaed.
1660 1332 1696 1360 et

206 1369 378 1413 excipere
402 1370 568 1415 aliqua
591 1373 635 1414 9,
663 1375 706 1414 2,
735 1372 780 1405 63
809 1384 842 1405 v.
869 1371 1074 1416 Aliquis.
1100 1373 1254 1415 quosd.
1286 1371 1464 1414 eruditos,
1494 1372 1697 1405 nonnul-

203 1415 279 1448 los
308 1421 344 1448 et
368 1417 614 1461 grammaticos
639 1417 690 1451 sic
716 1418 847 1451 docere
874 1420 912 1460 1,
938 1419 977 1459 5,
1004 1419 1057 1452 15.
1087 1417 1278 1460 probabilis
1303 1417 1340 1451 in
1364 1416 1603 1461 omnibus,
1632 1417 1697 1452 sed

203 1459 243 1494 in
268 1461 436 1505 quibus
449 1464 484 1496 d.
512 1463 585 1497 suis
617 1463 694 1507 ipse
718 1463 856 1498 viribus
880 1463 997 1497 minor
1022 1465 1077 1505 10,
1105 1466 1138 1507 1,
1163 1465 1242 1497 103.

249 1506 306 1547 11)
332 1515 455 1541 cerium
481 1511 615 1554 aliquod
637 1522 740 1552 genus
764 1511 944 1552 significat.
997 1507 1047 1552 α)
1076 1521 1104 1542 c.
1134 1511 1244 1542 Subst.
1285 1506 1332 1551 a)
1363 1507 1557 1544 conveniet
1590 1507 1695 1543 etiam

205 1553 396 1587 ambulatio
421 1557 546 1599 quaed.
573 1558 630 1597 11,
658 1558 692 1598 3,
719 1556 796 1590 126.
830 1556 958 1600 quaed.
986 1555 1080 1588 inter
1105 1556 1171 1589 hos
1198 1559 1308 1588 status
1331 1554 1496 1608 cognatio
1518 1557 1554 1596 7,
1579 1556 1636 1597 10,
1663 1558 1696 1590 1.

203 1597 292 1632 fiunt
316 1598 454 1646 singula
483 1612 651 1635 connexa
674 1602 782 1647 quod.
799 1601 900 1635 corio
918 1603 973 1643 11,
998 1604 1032 1643 2,
1056 1603 1102 1635 20
1120 1605 1161 1634 Ζ.
1186 1598 1352 1643 μέτροις,
1375 1601 1414 1637 nd
1432 1605 1486 1634 est
1503 1599 1697 1636 dimensio-

203 1654 251 1677 ne
277 1647 381 1689 quad·
417 1647 463 1689 9,
487 1647 530 1690 4,
556 1646 613 1682 45.
649 1649 773 1692 quaed.
802 1646 1007 1691 eloquentia
1029 1649 1074 1689 2,
1100 1649 1145 1689 3,
1174 1649 1207 1680 7.
1244 1646 1378 1680 habent
1406 1646 1534 1692 quand.
1562 1657 1609 1680 ex
1635 1645 1696 1687 illa

203 1689 282 1724 vitii
304 1691 533 1727 similitudine
556 1693 704 1739 gratiam
726 1695 761 1736 9,
787 1695 821 1736 3,
847 1696 906 1728 27.
928 1692 1071 1740 ingenia
1091 1713 1133 1718 —
1154 1691 1374 1738 indulgentia
1397 1693 1501 1737 quad.
1515 1691 1696 1728 enutrien-

204 1737 248 1769 da
273 1743 355 1771 sunt
379 1740 418 1780 8,
449 1740 507 1775 Pr.
533 1743 567 1773 2.
603 1740 798 1773 secundum
832 1740 963 1784 quend.
997 1739 1216 1772 intellectum
1241 1739 1288 1781 6,
1311 1741 1356 1781 2,
1380 1741 1435 1774 10.
1468 1743 1573 1782 turpe
1606 1737 1697 1772 illud

202 1781 393 1818 intervallo
418 1787 525 1829 quod.
553 1785 783 1829 producimus
803 1786 838 1828 9,
859 1784 894 1827 4,
916 1786 995 1820 108.
1020 1796 1066 1819 ne
1095 1786 1211 1832 legem
1236 1784 1366 1828 quand.
1390 1783 1464 1819 suis
1486 1783 1608 1818 liberis
1631 1785 1697 1818 da·
1719 1819 1725 1823 .

203 1833 260 1862 ret
288 1832 343 1872 11,
371 1833 403 1872 1,
429 1832 486 1865 83.
510 1833 638 1865 modus
663 1832 759 1876 quid.
783 1832 960 1865 tenendus
985 1833 1050 1874 12,
1076 1831 1118 1874 6,
1146 1834 1180 1864 2.
1206 1830 1375 1864 audacius
1397 1841 1466 1865 nec
1486 1831 1695 1875 mehercule

204 1874 282 1908 sine
305 1882 407 1909 motu
431 1879 540 1921 quod.
563 1880 607 1919 9,
633 1880 674 1920 1,
697 1877 753 1911 42.
786 1877 950 1922 quibusd.
976 1876 1098 1911 nervis
1126 1876 1264 1910 intenta
1289 1882 1372 1910 sunt
1401 1879 1464 1919 10,
1492 1878 1532 1919 1,
1560 1877 1617 1911 76.
1640 1876 1697 1911 hi-

204 1921 314 1955 storia
338 1923 462 1957 orbem
490 1925 619 1968 quend.
649 1929 928 1968 contextumque
953 1922 1131 1957 desiderat
1154 1924 1195 1965 9,
1221 1922 1263 1966 4,
1293 1924 1372 1958 129.
1399 1923 1530 1967 quand.
1551 1921 1697 1957 Patavi-

202 1966 349 2001 nitatem
373 1970 420 2011 8,
449 1972 466 2002 1
482 1995 492 2012 ,
518 1971 548 2004 3.
591 1981 670 2004 cum
697 1970 818 2016 rigore
845 1970 955 2014 quod.
982 1972 1046 2011 12,
1074 1971 1140 2012 10,
1165 1971 1220 2003 33.
1259 1963 1496 2013 ἀναστροφή,
1531 1967 1695 2003 reversio

202 2015 328 2058 quaed.
355 2016 393 2054 8,
419 2016 461 2057 6,
485 2016 542 2050 65.
576 2027 641 2059 per
666 2017 795 2060 quand.
819 2015 1058 2060 suspicionem
1082 2016 1125 2057 9,
1151 2018 1194 2057 2,
1218 2014 1275 2050 65.
1299 2013 1578 2057 verecundiam,
1603 2025 1695 2059 quae

203 2064 257 2092 est
280 2060 388 2094 timor
411 2060 508 2105 quid.
536 2065 599 2104 12,
624 2063 663 2104 5,
689 2064 723 2096 3.
750 2063 876 2106 quaed.
906 2073 987 2095 cum
1010 2061 1240 2105 synecdoche
1269 2060 1403 2095 vicinia
1425 2061 1468 2103 8,
1492 2061 1534 2102 6,
1558 2060 1616 2095 28.
1646 2059 1694 2101 cs.

202 2106 244 2147 9,
269 2107 312 2148 3,
339 2107 396 2142 66.
423 2107 498 2142 vim
522 2109 653 2152 quand.
681 2119 765 2151 prae
789 2119 828 2142 se
852 2107 1005 2142 ferentia
1030 2109 1065 2148 9,
1092 2109 1126 2149 3,
1156 2106 1211 2141 54.
1237 2111 1402 2140 nutantes
1429 2111 1465 2140 et
1495 2106 1696 2150 quadcvo-

199 2151 333 2195 luptate
357 2152 481 2187 suffusi
505 2153 622 2195 (oculi)
648 2156 689 2187 11
706 2179 715 2197 ‚
743 2155 784 2195 3,
809 2154 866 2188 76.
925 2152 969 2196 b)
1001 2153 1101 2196 adjic.
1129 2154 1258 2188 Geniis
1292 2162 1412 2186 amore
1439 2153 1553 2196 quod.
1573 2151 1694 2196 operis

201 2199 265 2239 12,
291 2201 355 2239 11,
381 2201 413 2233 5.
452 2200 547 2233 dono
584 2201 691 2244 quod.
726 2199 975 2242 providentiae
1014 2201 1079 2240 10,
1106 2200 1147 2240 1,
1183 2199 1259 2234 109.
1296 2198 1423 2243 quand.
1456 2197 1693 2242 persuadendi

200 2243 301 2276 deam
338 2246 381 2277 ib.
410 2245 469 2281 82.
504 2246 607 2289 quad.
645 2245 871 2289 eloquentiae
903 2244 1102 2291 frugalitate
1129 2247 1195 2286 12,
1222 2246 1289 2286 10,
1313 2247 1370 2278 21.
1406 2244 1548 2290 fulgore
1584 2244 1692 2289 quod.

201 2299 287 2322 suae
313 2289 480 2324 claritatis
508 2294 569 2334 10,
598 2294 638 2332 1,
664 2295 720 2326 72.
754 2292 835 2336 lege
860 2292 965 2335 quad.
991 2290 1151 2324 ciborum
1178 2292 1243 2333 12,
1270 2291 1336 2332 10,
1360 2289 1423 2323 41.
1444 2289 1567 2333 quasd.
1594 2289 1692 2324 vitae

199 2334 298 2380 leges
323 2337 356 2378 5,
383 2339 438 2378 11,
465 2338 520 2372 39.
553 2338 682 2381 quodd.
711 2337 968 2383 intelligentiae
995 2348 1079 2370 suae
1102 2337 1224 2369 lumen
1249 2336 1284 2377 8,
1309 2338 1344 2378 2,
1366 2337 1423 2370 23.
1448 2336 1578 2382 figuras
1601 2336 1694 2369 mul-

200 2385 253 2412 tas
289 2382 522 2427 excogitandi
555 2384 886 2418 etiamssnecessitas
919 2384 1046 2427 quaed.
1083 2387 1138 2416 est
1166 2383 1232 2424 10,
1258 2383 1310 2424 5,ἃ
1323 2383 1357 2415 3.
1390 2392 1529 2416 morum
1562 2382 1690 2426 quaed.

199 2426 397 2469 proprietas
421 2429 464 2471 6,
489 2431 532 2471 2,
557 2430 590 2464 9.
617 2440 690 2463 11011
715 2430 831 2463 solum
853 2430 950 2463 facto
975 2428 1134 2471 aliquo
1158 2428 1222 2461 sed
1244 2427 1422 2462 interdum
1447 2428 1556 2472 quod.
1585 2426 1690 2463 etiam

200 2472 362 2515 corporis
390 2478 505 2507 tractu
527 2475 568 2517 6,
594 2477 627 2518 3,
652 2478 674 2509 7
694 2479 738 2509 Ζ.
771 2477 901 2519 quand.
932 2474 1074 2509 dicendi
1098 2474 1296 2507 tarditatem
1322 2474 1357 2515 9,
1380 2472 1416 2515 4,
1439 2473 1496 2508 42.
1520 2473 1559 2508 vi
1582 2472 1688 2516 quad.

198 2517 359 2551 veritatis
382 2520 425 2561 9,
449 2523 495 2562 2,
523 2521 591 2563 76;
624 2521 719 2564 quod
744 2520 877 2564 Attici,
902 2520 1010 2554 limati
1041 2520 1161 2564 quid.
1201 2525 1236 2553 et
1263 2519 1440 2564 emuncti,
1474 2518 1563 2553 nihil
1583 2517 1689 2551 inane

199 2567 260 2596 aut
295 2565 497 2599 redundans
530 2567 694 2600 ferebant
720 2570 781 2606 12,
808 2570 873 2610 10,
899 2570 943 2602 17
967 2568 1014 2601 Ν.
1046 2566 1134 2600 lenti
1166 2565 1291 2609 quid.
1319 2565 1377 2608 (a.
1403 2569 1425 2599 2.
1452 2563 1620 2608 quidem)
1645 2573 1688 2596 ac

147 2638 151 2642 ,
200 2606 357 2651 remissi,
390 2621 465 2644 non
498 2611 574 2646 sine
608 2613 768 2656 pondere
793 2618 944 2647 tamen
975 2615 1018 2647 ib.
1045 2613 1099 2648 19.
1149 2611 1194 2653 c)
1231 2612 1344 2645 addito
1367 2611 1526 2654 Adject·.·
1557 2610 1685 2652 quaed·

198 2652 242 2685 ad
267 2653 422 2687 auditum
451 2659 720 2692 accommodata
743 2658 858 2701 (vox)
883 2661 947 2700 11,
976 2660 1019 2701 3,
1042 2657 1100 2693 40.
1137 2656 1275 2701 aequali
1307 2657 1410 2700 quad.
1442 2653 1686 2706 mediocritate
1708 2680 1728 2718 ᾖ

197 2699 259 2740 10,
290 2700 328 2740 1,
353 2699 409 2733 54·
444 2701 546 2734 aliam
573 2705 711 2746 quand.
732 2710 893 2738 naturam
918 2707 982 2746 12,
1014 2706 1079 2746 10,
1104 2701 1161 2738 43.
1200 2707 1374 2737 certam
1432 2701 1566 2734 nand.
1589 2710 1687 2734 viam
1709 2717 1728 2748 ,ᾗ

204 2744 240 2786 8,
268 2744 329 2778 Pr.
354 2746 409 2778 12.
453 2757 485 2779 v.
513 2747 695 2786 Certus.
730 2749 920 2784 continuus
944 2749 1041 2794 quid.
1069 2748 1220 2796 gemitus
1246 2747 1303 2790 11,
1329 2749 1361 2790 1,
1432 2769 1441 2779 .
1465 2756 1530 2790 per
1555 2745 1685 2790 quand.
1706 2750 1728 2790 ἴ,
