1728 3002
428 163 884 224 Incompreheusibilis
908 187 967 197 —
994 161 1166 212 Inculco
1480 166 1564 207 415

77 289 209 326 dibus
234 293 271 323 et
293 282 625 330 incompositis
647 281 776 316 similia
798 283 843 316 ib.
870 282 927 316 17.
958 278 1043 316 licet
1067 284 1105 314 et
1127 277 1285 315 vincta
1309 275 1377 322 sit,
1407 282 1444 313 et
1466 284 1567 323 apte

75 338 252 373 cadens
279 332 408 376 oratio,
432 338 551 366 tamen
566 329 694 364 merito
719 325 1044 372 incomposita,
1058 325 1197 360 dicatur
1219 327 1263 360 fb.
1281 326 1340 361 32.
1366 324 1408 371 β)
1427 327 1470 359 de
1482 327 1566 359 sen·-

56 380 57 385 ’
75 384 240 428 pton'bus:
264 377 520 422 incompositus
542 375 701 410 moribus
715 373 752 418 4,
769 374 803 418 5,
819 375 874 409 10.
899 372 1031 407 rudis
1056 371 1096 406 iu
1118 371 1300 418 plerisque
1321 376 1359 407 et
1381 370 1566 406 incom-

74 428 266 474 positus
289 422 507 469 (Aeschylus)
533 425 588 466 10,
615 425 654 464 1,
677 421 736 455 66.

29 467 496 528 Incomprehensibilis.
535 497 580 505 —
603 481 794 522 praecepta
828 475 866 519 9,
892 478 926 519 1,
954 477 1012 510 12.

29 530 259 573 Incomtus.
294 544 470 573 rectum
492 541 588 578 erat,
627 534 691 568 sed
717 534 874 566 durum
897 537 935 567 et
954 532 1210 567 incomtum
1230 532 1269 575 8,
1291 531 1329 575 6,
1349 529 1410 566 65.
1446 530 1567 565 nuda

75 588 122 622 sit
150 593 186 621 et
208 586 310 621 velut
331 584 535 620 incomta
558 581 676 616 oratio
698 581 733 623 8,
758 580 791 619 6,
815 579 874 612 41.

31 632 326 674 Inconcessus.
362 651 445 674 cum
467 649 582 684 paene
604 637 651 672 sit
674 635 810 671 homini
832 635 1082 669 inconcessum
1108 636 1167 678 10,
1183 636 1219 677 2,
1234 634 1291 669 26.

29 688 293 779 11100111111378.
339 695 541 739 urbanitas,
575 694 614 728 in
642 705 712 738 qua
741 691 832 726 nihil
864 691 1087 726 inconditum
1117 707 1165 718 —-
1200 689 1315 736 possit
1347 684 1569 735 deprehendi

77 747 101 782 6
140 747 178 788 3,
205 748 222 778 1
274 769 285 778 .

31 772 400 845 Inc’onsequentia.
445 814 493 822 —
516 808 637 832 rerum
660 794 869 831 foedissima
894 794 938 837 8,
962 792 1007 836 6,
1034 792 1092 828 50.

29 846 387 890 Inconsideratus.
423 847 533 889 Polus
556 852 707 898 juvenili
729 853 851 887 calore
879 848 1177 885 inconsideratior
1201 851 1246 894 2,
1269 850 1339 893 15,
1361 849 1423 886 28.

31 903 298 946 Inconstans.
332 924 379 948 ne
402 911 475 946 inc.
500 911 599 945 testis
624 910 669 944 sit
694 910 736 952 5,
761 912 798 952 7,
823 911 880 942 10.

30 959 335 1001 Inconstantia.
382 967 512 1001 frontis
537 978 579 1000 ac
601 966 773 999 luminum
795 962 1035 999 inconstantia
1057 960 1239 1007 trepidare
1258 963 1305 1004 9,
1327 963 1371 1006 3,
1395 964 1476 997 101.

32 1015 358 1057 InconvenienS·
391 1022 618 1067 sequentium
641 1033 683 1056 ac
706 1022 867 1066 priorum
893 1021 987 1055 inter
1010 1030 1051 1054 se
1072 1019 1145 1053 inc·
1169 1018 1299 1063 positio
1325 1022 1360 1063 1,
1384 1020 1419 1063 5,
1443 1021 1504 1054 51.

33 1068 350 1164 Ῑυξοῖὂῦοἷῗὲθὶγ
367 1078 463 1160 ius,3
488 1081 586 1126 quod
615 1079 664 1114 sit
689 1079 915 1124 incorporale
927 1089 947 1124 ,⁸
983 1076 1202 1122 apprehendi
1228 1087 1337 1110 manu
1361 1072 1437 1111 'non
1463 1086 1573 1121 posse

106 1154 117 1171 ,
182 1154 192 1171 ,
346 1150 357 1160 .
380 1134 413 1160 et
462 1151 472 1161 .

33 1173 324 1228 Incorruptus,
348 1202 396 1210 -
420 1188 547 1217 natura
570 1185 608 1226 2,
629 1181 664 1226 5,
693 1183 755 1225 ¹23
787 1179 983 1215 masculi
1005 1185 1042 1215 et
1064 1178 1233 1215 incorr,
1256 1176 1329 1213 viri
1351 1177 1386 1221 5,
1402 1180 1528 1221 12,20.

33 1237 317 1282 Incredibilis.
362 1248 405 1294 α)
427 1251 636 1293 empnam.-
672 1247 798 1292 quibus
825 1247 1037 1282 incredibile
1063 1246 1121 1289 id,
1151 1246 1246 1290 quod
1273 1244 1482 1290 objiciatur,
1511 1245 1573 1280 flat

78 1297 169 1341 4‚2,
194 1299 250 1330 12.
280 1294 466 1330 incred.
494 1300 548 1329 est
570 1295 634 1328 sed
656 1305 820 1328 verum
843 1294 878 1337 9,
898 1295 935 1336 3,
952 1294 1010 1328 87.
1035 1291 1348 1326 incredibilia
1372 1303 1419 1325 an
1441 1291 1573 1326 inter

79 1354 132 1378 se
163 1340 437 1376 constantia
471 1342 512 1384 5,
534 1339 580 1383 4,
603 1343 639 1374 2.
678 1339 800 1373 falsa
823 1345 860 1373 et
886 1337 1200 1373 incredibilia
1226 1343 1352 1371 natura
1374 1339 1415 1380 9,
1439 1340 1484 1379 2,
1510 1340 1572 1375 23.

80 1401 116 1423 v.
143 1387 337 1430 Falsus3
387 1385 598 1421 incredibile
627 1391 700 1428 est,
738 1391 909 1430 quantum
939 1395 1063 1419 morae
1085 1403 1132 1410 —
1155 1383 1342 1427 adjiciatur
1375 1386 1418 1426 1,
1444 1386 1487 1428 1,
1511 1385 1572 1418 32.

79 1433 218 1469 incred-
241 1443 343 1476 esse,
376 1433 420 1466 ab
447 1431 661 1476 imperatore
684 1431 860 1474 proditam
886 1431 1050 1465 hostibus
1074 1429 1222 1474 patriam
1244 1432 1280 1472 7,
1304 1432 1340 1472 2,
1364 1430 1423 1463 31.
1469 1428 1515 1475 β)
1540 1443 1572 1463 c.

80 1481 248 1515 Nomina.
270 1479 445 1522 junctum.-
483 1477 668 1511 incred.
690 1476 744 1511 rei
768 1478 858 1511 ordo
882 1482 919 1511 et
941 1476 1018 1521 ipsa
1041 1475 1269 1520 expositione
1290 1475 1436 1508 fidem
1461 1486 1575 1520 per-

82 1525 266 1560 diturus
294 1524 328 1566 5,
355 1525 411 1567 13,
435 1524 493 1558 28.
530 1521 666 1557 incred.
690 1523 886 1566 verborum
908 1521 1053 1556 fastidio
1077 1523 1113 1564 8,
1137 1523 1172 1564 3,
1197 1523 1256 1556 23.
1296 1521 1424 1555 modus
1448 1527 1483 1555 et
1506 1521 1576 1555 in-

82 1570 272 1606 auditus
295 1575 332 1604 et
354 1569 533 1603 incred.
555 1571 591 1611 7,
613 1569 649 1612 6,
677 1570 732 1603 11.
778 1568 954 1603 incred.
991 1568 1216 1613 quaedam
1238 1565 1396 1603 varietas
1417 1569 1454 1611 2,
1476 1570 1515 1611 7,
1538 1570 1574 1602 1.

82 1617 158 1652 vim
183 1615 344 1660 quand.
369 1615 542 1649 incred.
569 1617 636 1657 12,
661 1617 707 1658 2,
728 1617 787 1649 22.
1228 1618 1233 1622 ’

36 1659 297 1704 Incredulus.
332 1692 380 1698 —
401 1677 572 1716 patronus
595 1673 654 1715 12,
673 1672 711 1716 8,
735 1673 793 1707 11.
826 1670 1003 1706 increduli
1026 1670 1169 1716 quidam
1192 1675 1229 1706 et
1251 1669 1297 1705 de
1317 1668 1466 1716 ingenio
1489 1679 1575 1714 pes-

15 1754 20 1758 ,
82 1719 171 1753 sime
192 1717 311 1751 meriti
335 1720 391 1760 10,
415 1719 450 1760 3,
475 1720 533 1751 11.

36 1766 361 1808 lucrementum·
395 1773 529 1807 habent
551 1772 671 1807 omnia
698 1771 914 1816 initium,
936 1772 1143 1813 increm.,
1166 1782 1372 1806 summam
1394 1771 1430 1815 5,
1446 1773 1575 1814 10,71.

84 1821 260 1853 bonorum
283 1818 403 1852 incr.
428 1831 505 1862 9pp.
531 1820 706 1852 malorum
728 1818 1002 1853 imminutio
1028 1820 1073 1852 ib.
1097 1819 1158 1854 33.
1192 1818 1311 1863 vquod,
1339 1817 1370 1851 si
1397 1818 1443 1850 ad
1467 1817 1577 1851 intel-

77 1865 218 1898 ·lectum
239 1863 401 1905 referas,
436 1863 636 1898 minutio
667 1869 743 1907 est,
786 1864 818 1898 si
841 1866 885 1898 ad
908 1863 1180 1906 obscuritatem,
1222 1863 1577 1897 incrementum

85 1910 122 1951 8,
144 1907 180 1951 4,
203 1908 263 1942 28.
290 1913 454 1941 constare
476 1908 917 1952 amplificationem
942 1910 1242 1944 incremento
1270 1916 1332 1945 etc.
1367 1909 1577 1941 Incremen-

85 1960 163 1989 tum
185 1957 238 1987 est
266 1951 569 1995 potentissimum,
598 1964 679 1986 cum
700 1964 828 2007 magna
849 1955 1032 1997 videntur,
1058 1954 1164 1988 etiam
1182 1965 1273 1998 quae
1296 1953 1470 1987 inferiora
1493 1959 1577 1987 sunt

85 2003 132 2034 ib.
156 2001 197 2042 ὃς
228 2007 379 2042 quorum
403 1997 628 2031 accessio
650 1998 767 2033 laben
790 2010 934 2033 sensum
959 1999 1245 2034 incrementi
1271 2009 1347 2033 non
1370 1998 1494 2032 afferat
1518 2002 1577 2042 11,

9 2046 21 2051 ”
85 2048 123 2090 2,
149 2044 208 2079 41.
249 2043 334 2076 huic
357 2041 522 2084 (sermoni)
546 2042 699 2076 studium
722 2049 758 2077 et
779 2043 977 2081 increm.
1009 2044 1148 2078 dederit
1170 2044 1324 2086 utilitas,
1358 2054 1578 2078 summam

86 2091 180 2127 ratio
206 2095 242 2123 et
269 2087 479 2122 exercitatio
503 2089 539 2130 3,
562 2091 598 2130 2,
623 2091 656 2121 1.
692 2087 737 2128 ‘ts-
762 2089 798 2131 5,
825 2091 859 2123 3.
884 2102 917 2123 v.
943 2089 1147 2123 Initium.
1181 2089 1319 2134 singula
1341 2088 1491 2124 increm.
1513 2090 1579 2123 ha-

88 2138 176 2171 bent
198 2136 235 2178 8,
253 2133 290 2177 4,
313 2134 349 2168 8.
383 2133 530 2167 increm.
555 2144 605 2167 ex
627 2132 823 2168 minoribus
845 2134 934 2178 petit
956 2136 992 2178 8,
1014 2133 1051 2175 4,
1073 2134 1118 2176 9;
1151 2145 1234 2178 per
1255 2134 1476 2169 incrementa
1502 2140 1579 2170 tam

91 2180 233 2218 modica
256 2180 417 2226 augenda
441 2178 499 2213 vis
529 2180 593 2222 10,
615 2179 662 2221 6,
687 2180 724 2213 3.

0 2256 2 2290 5
42 2238 254 2282 hotescu-
300 2247 372 2280 hoc
398 2255 511 2292 genus
535 2244 768 2280 increscit
802 2257 846 2280 ac
873 2245 936 2280 fit
967 2245 1290 2281 manifestius
1315 2246 1359 2290 8,
1380 2246 1423 2289 4.
1444 2250 1480 2283 2.
1517 2259 1579 2284 se-

89 2295 208 2373 cunga
232 2291 420 2372 rgspiratio
444 2291 621 2326 increscat
646 2293 712 2336 11,
736 2293 772 2336 3,
795 2290 854 2328 49.
884 2302 959 2326 uno
980 2293 1094 2340 gradu
1114 2290 1396 2328 increverat
1418 2295 1454 2338 8,
1477 2292 1514 2339 4,
1535 2293 1576 2330 4.

89 2353 126 2375 υ.
190 2350 237 2373 ra
275 2349 335 2372 us.

13 2416 15 2418 -
44 2384 221 2427 Incubo·
264 2400 484 2430 transversas
509 2393 681 2428 incubare
717 2396 831 2429 Geel.
859 2392 905 2438 4,
934 2396 982 2438 2,
1013 2396 1081 2430 123
1111 2394 1188 2439 N.;
1234 2393 1365 2430 clausis
1397 2396 1577 2432 thesauris

94 2441 147 2486 (a.
164 2446 188 2476 1.
214 2441 355 2474 clausos
376 2441 582 2482 thesauros)
604 2439 787 2474 incubabit
813 2442 870 2484 10,
895 2442 929 2482 1,
950 2443 987 2475 2.

43 2495 232 2540 Inculco.
266 2509 426 2542 dicendo.-
448 2507 514 2542 illa
534 2507 915 2550 transcurrimus,
940 2507 1255 2556 congerimus,
1283 2509 1576 2553 abundamus,

89 2554 398 2595 festinamus,
418 2554 487 2587 hac
512 2552 648 2597 (pressa
669 2552 952 2597 pronuntiatione)
975 2554 1226 2597 instamus,
1251 2554 1577 2600 inculcamus,

90 2600 343 2647 infigimus
371 2602 427 2642 11,
456 2601 491 2642 3,
521 2601 597 2633 101.
635 2598 776 2646 singula
797 2599 1021 2633 inculcantur
1041 2601 1087 2642 9,
1109 2601 1153 2642 3,
1178 2601 1237 2634 50.
1266 2606 1430 2644 repetere
1455 2608 1491 2636 et
1514 2602 1577 2635 din

71 2646 272 2682 ‚inamata
302 2649 337 2688 1,
362 2647 395 2688 1,
419 2647 475 2679 31.
512 2644 614 2689 quasi
644 2645 792 2692 singulis
823 2645 1051 2688 peculiasiter
1071 2645 1275 2688 inculcare,
1307 2648 1403 2691 quod
1426 2647 1578 2681 dicimus

43 2690 48 2698 '
73 2695 151 2739 ,11,
166 2694 202 2735 3,
218 2694 298 2726 130.
319 2690 519 2725 firmissima
542 2701 703 2735 quaeque
725 2691 919 2727 memoriae
940 2691 1070 2737 judicis
1092 2691 1303 2727 inculcanda
1325 2698 1409 2728 sunt
1432 2694 1469 2737 6,
1481 2692 1519 2738 4,
1533 2694 1577 2737 53

87 2736 282 2772 incidcatas
302 2736 423 2782 pueris
444 2735 692 2782 persuasiones
714 2739 750 2781 3,
775 2739 810 2773 1.
833 2738 867 2772 6.
