1728 3002
138 140 220 179 16⁶
596 135 867 180 Consortium
894 162 950 170 —
979 134 1204 180 constituo

140 238 424 331 Consortilssma.
466 251 508 288 in
532 252 614 290 eod.
640 257 787 297 pectore
812 252 951 289 nullum
976 257 1030 289 est
1055 253 1287 287 honestorum
1315 251 1540 298 turpiumque
1568 256 1668 290 cons‘.

190 299 253 339 12,
282 300 323 340 1,
377 321 402 334 .,
1345 339 1348 345 ‚
1450 336 1453 343 Β
1557 329 1561 331 ,

145 341 417 397 conspectus·
462 361 692 399 conspectum
716 355 792 398 ejus
815 354 854 389 in
877 355 960 390 foro
986 354 1113 390 vitanti
1140 355 1175 398 6,
1196 357 1235 398 3,
1257 355 1315 391 93.
1349 355 1432 388 lana
1455 353 1564 391 tincta
1585 356 1672 391 fuco

189 419 236 426 -—
259 405 454 443 conspectu
476 401 635 435 melioris
659 402 830 435 obruatur
855 404 910 443 12,
936 404 992 445 10,
1016 403 1072 436 75.
1103 401 1255 436 haectin
1278 406 1474 444 conspectu
1498 403 1674 446 quodam·-

190 446 297 479 modo
326 447 586 482 collocaveram
610 451 644 490 7,
671 450 703 490 1,
729 446 763 481 4.
800 447 929 481 debent
955 459 1034 482 esse
1060 458 1135 482 non
1161 447 1277 480 solum
1299 453 1407 481 nota
1433 447 1575 491 omnia,
1609 449 1673 483 sed

191 491 239 524 in
259 498 447 534 promtu
469 499 596 538 atque,
626 499 667 527 ut
692 493 740 526 ita
768 492 896 536 dicam,
918 493 964 528 in
987 504 1144 538 consp.
1173 494 1229 536 10,
1254 494 1288 535 1,
1311 493 1355 536 63
1383 493 1551 538 Phrynen
1572 503 1678 534 con-

193 542 359 581 spectu
386 538 437 579 (α.
462 543 483 572 1.
513 546 658 583 aspectu
683 538 738 582 S.)
767 538 929 583 corporis
951 539 1111 584 periculo
1137 539 1320 583 liberatam
1342 541 1378 581 2,
1401 539 1459 582 15,
1481 539 1518 575 9.

151 580 416 675 (ἶέηδὲθΐξὲ-
462 597 563 630 color
589 595 731 631 dicendi
758 596 878 631 multis
911 608 954 632 ac
980 596 1091 632 variis
1118 597 1222 637 velut
1252 594 1399 630 maculis
1432 595 1680 644 conspergitur

229 665 240 682 ,
304 665 314 680 ,
392 664 403 674 .

154 683 394 739 Conspicio.
440 698 555 732 cultus
581 697 693 746 magis
717 697 754 733 in
779 703 920 734 oratore
944 697 1160 744 conspicitur
1183 699 1241 742 11,
1263 699 1299 741 3,
1325 698 1404 733 136.

153 738 401 796 conspicor.
449 757 628 800 quomodo
652 756 827 800 jacentem
850 756 1052 791 exanimem
1079 756 1124 791 sit
1151 755 1374 800 conspicatus
1395 752 1432 798 4,
1457 756 1493 798 2,
1517 752 1590 790 13.

154 795 441 852 conspiratio·
489 812 696 860 indignitate
723 813 919 848 calumniae
947 812 1221 857 conspirationis
1243 806 1280 855 6,
1306 814 1339 856 1,
1361 813 1398 848 9.
1436 817 1620 856 erupturas
1642 811 1681 846 in

198 865 322 908 remp..
340 867 461 909 colnsp.
493 861 556 900 12,
589 862 631 901 7,
661 862 704 902 2;
753 860 856 912 *Nunc
883 861 928 894 de
954 859 999 912 iis
1023 860 1217 913 dicendum
1243 863 1316 902 est,
1349 869 1444 938 ‘quae
1465 857 1552 892 mihi
1579 857 1681 903 quasi

201 909 463 944 consplratlone
488 905 638 948 quadam
663 906 766 952 vulgi
787 907 972 939 reclamari
995 907 1163 940 videntur
1187 907 1244 948 12,
1270 907 1305 948 1,
1327 906 1346 938 1
1374 928 1384 938 .

155 942 382 1001 COBSPil'O·
420 960 459 994 in
482 961 609 1006 quibus
634 961 822 1006 (operibus)
844 962 998 1006 plurium
1022 968 1170 997 conatus
1194 959 1372 1006 conspirat
1395 962 1429 1003 1,
1452 961 1511 1003 10,
1535 960 1591 995 16.
1650 990 1658 994 „
1704 998 1708 1001 Δ

155 999 420 1046 constantia·
468 1020 566 1063 quod
588 1030 662 1053 non
687 1024 740 1053 est
767 1019 919 1063 justitia,
953 1025 1071 1064 potest
1098 1030 1176 1054 esse
1199 1017 1375 1061 virtus,
1416 1016 1447 1052 si
1473 1022 1527 1052 est
1549 1018 1570 1051 f
1575 1016 1683 1052 orti-

201 1061 327 1103 tudo,
360 1070 532 1107 const.,
566 1064 857 1098 continentia
887 1066 929 1108 5,
961 1068 1025 1108 10,
1055 1066 1110 1100 57.
1149 1064 1255 1100 etiam
1280 1063 1343 1098 illa
1368 1061 1515 1097 fortuita
1538 1065 1686 1099 aderant

202 1106 341 1149 omnia,
369 1108 470 1143 vocis
498 1110 698 1152 jucunditas
723 1117 782 1144 etc.
819 1128 858 1135 —
884 1111 946 1144 illa
969 1112 1124 1155 majora,
1154 1115 1318 1153 const.‚
1342 1109 1568 1157 gravitas,
1593 1120 1684 1144 con-

201 1155 256 1184 tra
288 1153 430 1188 dolores
467 1155 573 1189 etiam
606 1167 647 1189 ac
679 1161 794 1190 metus
827 1157 968 1190 robur
994 1158 1036 1200 6,
1068 1158 1125 1190 Pr.
1153 1159 1209 1190 11.
1257 1161 1339 1190 sunt
1370 1161 1406 1189 et
1435 1154 1504 1189 alia
1530 1154 1687 1203 ingenita

203 1199 329 1241 quaed.
356 1201 640 1244 adjumenta,
667 1212 762 1244 VOX,
786 1202 878 1235 latus
905 1202 1043 1245 patiens
1070 1201 1226 1243 doloris,
1254 1202 1443 1243 valetudo,
1469 1207 1597 1244 const.‚
1621 1203 1686 1235 de-

203 1252 269 1276 cor
290 1245 347 1277 Pr.
375 1248 419 1280 27
442 1249 489 1280 Ν.
517 1260 563 1280 cr.
592 1255 623 1280 et
647 1249 684 1280 S.
713 1252 752 1280 ut
775 1247 1008 1281 abominanda
1031 1253 1112 1281 sunt
1136 1246 1314 1280 contraria
1338 1246 1395 1280 his
1416 1245 1506 1280 vitia
1530 1247 1687 1280 confi-

205 1289 409 1334 dentiae,
443 1292 732 1327 temeritatis
757 1300 840 1335 eta,
878 1292 928 1327 ita
954 1294 1048 1327 circa
1071 1297 1236 1335 const.‚
1267 1291 1514 1335 fiduciam,
1548 1292 1688 1327 forti-

205 1335 410 1370 tudinem
433 1338 522 1372 nihil
547 1350 627 1380 ars,
656 1338 745 1371 nihil
771 1338 925 1372 studium
951 1347 1012 1374 etc.
1042 1337 1217 1383 profuerit
1242 1335 1300 1382 (h.
1326 1341 1349 1372 1.
1375 1344 1507 1372 const.
1534 1346 1583 1372 est
1605 1341 1690 1373 inter

207 1383 289 1413 artis
316 1386 482 1417 oratoriae
507 1387 741 1425 instrumenta)
767 1387 822 1427 12,
846 1386 886 1427 5,
909 1387 945 1418 2.
977 1397 1009 1419 v.
1037 1383 1248 1419 Fiducia.

161 1421 399 1468 Consutuo.
453 1441 485 1479 Ι)
512 1444 669 1484 proprie.-
705 1441 744 1474 in
767 1441 903 1475 cithara
934 1441 1091 1486 quinque
1119 1440 1379 1476 constituerunt
1403 1450 1512 1474 sonos
1537 1442 1604 1484 12,
1632 1443 1688 1485 10,

205 1483 262 1516 68.
297 1495 405 1518 unum
429 1486 582 1530 aliquem
609 1487 822 1521 constituere
847 1489 1018 1522 lectorem
1041 1491 1076 1530 2,
1103 1489 1137 1530 5,
1160 1488 1194 1522 6.
1225 1485 1368 1531 publice
1394 1491 1530 1520 statuae
1553 1487 1691 1521 consti-

205 1533 301 1562 tutae
325 1531 359 1572 3,
383 1533 418 1573 7,
444 1535 498 1566 17.
535 1539 780 1579 argumentum
804 1533 917 1567 serius
942 1533 1171 1568 constitutum
1194 1534 1228 1576 5,
1255 1534 1311 1575 13,
1335 1531 1382 1566 34
1402 1533 1450 1579 Ν.
1497 1531 1548 1575 11)
1571 1537 1688 1569 transl.

208 1573 258 1616 α)
293 1576 334 1608 de
371 1580 474 1610 novis.
534 1580 571 1620 a)
610 1582 818 1612 instituo:
866 1580 910 1613 de
948 1585 1154 1613 accusatore
1189 1577 1439 1613 constituendo
1473 1578 1517 1620 3,
1552 1580 1615 1621 10,
1650 1581 1712 1614 3..

207 1630 239 1652 v.
266 1619 540 1657 Accusator.
587 1624 848 1658 constituuntur
877 1626 1006 1670 judicia
1031 1625 1070 1659 in
1093 1626 1176 1659 foro
1200 1627 1239 1668 3,
1268 1626 1333 1667 10,
1356 1625 1391 1658 3.
1410 1621 1468 1664 —cfi
1493 1625 1539 1667 3,
1564 1626 1630 1667 11,
1653 1625 1685 1660 5.

207 1666 388 1710 quaestio,
417 1680 506 1712 quae
529 1676 604 1704 erat
630 1670 819 1705 constituta
847 1673 887 1714 3,
913 1675 975 1715 11,
1002 1674 1056 1706 17.
1078 1669 1128 1714 4,
1153 1673 1196 1714 2,
1223 1672 1280 1704 10·
1309 1669 1426 1714 Potuit
1447 1668 1498 1703 8ἰο
1522 1670 1689 1705 commui

206 1711 430 1747 ratiocinatio
455 1716 497 1758 5,
523 1715 589 1759 14,
615 1719 670 1750 12.
708 1716 928 1761 (Homerus)
956 1719 1073 1763 legem
1099 1716 1364 1760 prooemiorum
1389 1725 1463 1750 non
1486 1714 1567 1763 dico
1594 1727 1690 1750 ser-

167 1760 171 1762 '
207 1758 362 1802 vavit,
399 1761 460 1793 sed
497 1762 761 1796 constituit
799 1765 862 1806 10,
898 1766 938 1806 1,
971 1762 1029 1798 43.
1080 1763 1171 1796 ordo
1201 1760 1409 1806 praesertim
1442 1765 1538 1794 totus
1564 1767 1689 1797 nostro

208 1803 355 1838 arbitrio
379 1806 591 1840 constitutus
618 1807 669 1851 (a.
695 1813 717 1842 l.
747 1814 939 1843 construet.
972 1821 1004 1843 α.
1030 1807 1226 1847 constrict.)
1251 1809 1315 1849 11,
1339 1809 1380 1848 2,
1403 1807 1460 1840 38.
1497 1805 1604 1840 animi
1623 1809 1692 1842 ha-

205 1849 318 1883 bitum
341 1853 451 1886 semel
476 1853 704 1887 constitutum
726 1853 770 1897 4,
795 1858 840 1898 2,
868 1855 947 1890 115.
985 1854 1159 1899 quantitas
1185 1863 1233 1887 ex
1257 1851 1423 1896 qualitate
1446 1851 1532 1886 facti
1557 1853 1692 1888 consti-

208 1895 319 1929 tuitur
351 1900 394 1940 7,
427 1897 474 1941 4,
510 1901 564 1934 16.
651 1900 698 1942 b)
741 1907 906 1933 statuo
925 1914 935 1934 .·
998 1899 1080 1944 quia
1125 1897 1233 1942 (ars)
1285 1896 1453 1932 constitui
1491 1897 1569 1932 sine
1606 1911 1693 1944 per-

209 1941 373 1985 ceptione
408 1954 482 1977 non
515 1944 627 1988 possit
655 1949 697 1988 2,
734 1949 796 1989 17,
835 1947 889 1980 18.
938 1944 1171 1979 oeconomica
1199 1943 1308 1978 totius
1337 1954 1466 1978 causae
1493 1943 1690 1989 dispositio,

209 1998 301 2031 quae
334 1990 434 2023 nullo
461 1993 568 2025 modo
599 1991 790 2035 constitui,
829 1991 898 2025 nisi
929 1993 1030 2026 velut
1055 1991 1094 2024 in
1119 2002 1159 2024 re
1181 1995 1398 2038 praesente,
1428 1994 1547 2033 potest
1569 1993 1605 2034 7,
1633 1992 1692 2036 10,

209 2035 249 2067 11
277 2037 319 2068 Ζ.
355 2034 567 2071 Aristoteles
592 2037 774 2071 constituit
801 2038 924 2071 decem
951 2039 1126 2071 elementa
1150 2038 1192 2079 3,
1215 2036 1259 2079 6,
1286 2037 1342 2070 23.
1383 2046 1605 2080 nequaquam
1627 2047 1689 2072 eas

210 2078 380 2122 (figuras)
415 2093 494 2116 esse
524 2088 596 2117 tam
629 2085 778 2126 multas,
810 2094 913 2127 quam
937 2083 1006 2117 sint
1030 2094 1051 2116 a
1076 2081 1237 2127 quibusd.
1264 2080 1473 2115 constitutae
1499 2084 1540 2124 9,
1565 2084 1714 2131 1,.22..1

208 2136 294 2168 quas
321 2127 486 2162 constitui
514 2134 631 2172 partes
655 2131 689 2172 3,
712 2130 748 2172 9,
771 2129 804 2164 6.
836 2128 878 2170 cs:
905 2131 946 2172 3,
971 2131 1007 2172 3,
1030 2132 1062 2163 7.
1096 2127 1127 2162 si
1153 2137 1323 2172 personas
1353 2126 1609 2163 convenientes
1632 2128 1689 2172 iis,

209 2181 300 2214 quae
324 2172 418 2206 facta
442 2175 539 2208 credi
562 2177 738 2217 volemus,
765 2174 1050 2209 constituerimus
1072 2173 1109 2216 4,
1132 2176 1167 2216 2,
1192 2174 1246 2208 52.
1285 2172 1339 2207 rei
1357 2172 1465 2206 totius
1482 2172 1541 2206 hio
1556 2183 1692 2218 summa

209 2216 398 2251 constituta
425 2217 496 2262 (sic
519 2225 561 2254 Ζ.
591 2234 632 2254 ex
655 2223 753 2254 Amb.
782 2223 825 2263 13
865 2222 930 2265 Sp.
956 2220 1016 2254 hic
1038 2219 1147 2254 totius
1170 2230 1341 2253 summam
1365 2216 1568 2261 constituit)
1595 2221 1631 2262 7,
1651 2217 1690 2263 4,

209 2263 253 2294 20
278 2264 313 2294 S.
348 2263 441 2297 inter
464 2266 596 2311 gracile
619 2266 847 2311 validumque
871 2266 1015 2301 tertium
1047 2265 1179 2309 aliquid
1206 2264 1432 2298 constitutum
1459 2269 1513 2297 est
1540 2267 1604 2307 12,
1632 2267 1688 2309 10,

208 2308 265 2339 66.
304 2314 385 2341 sunt
410 2312 547 2345 numeri
572 2312 749 2356 rhythmi,
779 2318 819 2345 ut
843 2311 920 2356 ipse
949 2310 1080 2354 (Cic.)
1108 2309 1290 2344 constituit
1311 2311 1347 2351 9,
1370 2307 1406 2351 4,
1432 2306 1501 2351 543
1541 2309 1691 2353 primum

210 2352 486 2398 constituebam,
518 2357 601 2400 quid
625 2364 775 2402 utraque
796 2369 878 2402 pars
905 2358 1016 2392 vellet
1039 2356 1182 2390 efficere
1205 2358 1240 2396 7,
1265 2358 1307 2397 1,
1335 2355 1366 2388 5.
1405 2354 1691 2390 constituendum

209 2402 275 2439 est,
301 2409 371 2440 quo
396 2399 556 2445 (nornine)
583 2414 757 2447 quemque
781 2404 996 2447 appellemus
1019 2403 1054 2444 9,
1078 2400 1113 2444 4,
1137 2403 1193 2436 79.
1223 2399 1268 2441 cf.
1295 2400 1386 2442 1,.6‚
1411 2398 1476 2444 433
1511 2400 1565 2436 Sit
1584 2402 1690 2436 nobis

209 2448 342 2484 orator,
372 2455 476 2486 quem
502 2448 841 2482 constituimus
867 2448 912 2492 (a.
938 2452 961 2481 l.
985 2445 1085 2490 inst.)
1108 2446 1151 2488 is,
1180 2445 1240 2500 qui
1259 2457 1279 2479 a
1296 2446 1348 2479 M.
1367 2444 1503 2480 Catone
1524 2446 1691 2481 finitur

211 2491 273 2530 12,
300 2490 339 2530 1,
367 2491 383 2521 1
411 2491 457 2523 N.
481 2503 526 2523 cr.
558 2495 690 2537 grande
715 2501 784 2538 atq.
810 2495 1012 2535 robustum,
1047 2492 1142 2536 quod
1167 2488 1280 2536 αδρδν
1301 2490 1521 2525 constituunt
1546 2494 1605 2535 12,
1631 2495 1688 2535 10,

209 2534 266 2568 58.
324 2532 361 2576 c)
387 2546 415 2566 c.
439 2538 522 2568 Dat.
549 2539 721 2573 destino
735 2554 745 2573 .-
771 2541 887 2586 leges,
911 2549 1002 2583 quae
1019 2536 1182 2581 propriae
1205 2537 1345 2581 populis
1369 2542 1404 2570 et
1426 2536 1589 2584 gentibus
1608 2544 1691 2572 sunt

210 2578 420 2613 constitutae
447 2583 511 2623 12,
535 2585 577 2624 2,
602 2586 634 2617 3.
674 2584 740 2618 sibi
766 2584 994 2619 constitutum
1015 2589 1153 2626 tempus
1177 2587 1212 2616 et
1234 2584 1352 2616 locum
1379 2581 1422 2625 4,
1445 2585 1486 2625 2,
1510 2583 1566 2626 98,
1600 2594 1691 2627 quae

210 2634 327 2669 poena
353 2626 543 2669 stupratori
570 2629 758 2662 constituta
783 2637 836 2665 est
861 2633 903 2664 ib.
926 2631 982 2666 69.
1014 2628 1060 2670 cs.
1085 2631 1119 2670 7,
1146 2630 1184 2670 1,
1210 2628 1267 2662 57.
1301 2639 1332 2661 v.
1358 2628 1519 2662 Poena.
1557 2639 1603 2662 an
1626 2629 1690 2663 sti-

210 2669 379 2714 pendium
405 2670 507 2705 militi
530 2673 746 2707 constituant
771 2679 805 2717 3,
830 2677 866 2718 8,
891 2677 948 2710 18.
1008 2675 1045 2716 d)
1073 2675 1174 2707 mihi
1199 2685 1418 2717 propono.-
1446 2672 1596 2717 primum
1620 2675 1690 2708 hoc

212 2715 603 2761 constituendum,
642 2719 711 2753 hoc
735 2721 1045 2756 obtinendum
1072 2724 1148 2762 est,
1185 2723 1234 2752 ut
1264 2728 1368 2763 quam
1396 2719 1529 2763 optimo
1554 2719 1689 2755 scriba-
