1728 3002
142 181 223 220 698
706 177 899 220 Probitas
928 203 983 210 ——-
1015 179 1155 222 Probo

184 292 433 336 probationum
459 290 495 332 4,
520 294 554 332 2,
579 289 635 326 54.
683 303 765 336 pars
792 294 903 328 altera
935 294 1208 340 probationum,
1245 306 1338 377 guae
1362 303 1417 333 est
1438 304 1513 334 tota
1535 298 1573 334 in
1599 278 1683 336 arte

183 342 218 382 5,
240 341 274 379 S,
299 343 314 372 1
343 353 428 382 seqq.
454 343 597 379 propter
620 338 695 372 vim
718 340 969 380 probationum
993 344 1026 384 2,
1054 344 1108 384 17,
1133 343 1190 377 38.
1270 345 1288 386 )
1325 347 1429 378 Dat..·
1469 347 1675 388 'probationi

180 385 323 420 interim
346 385 428 418 satis
454 389 508 418 est
529 395 639 417 unum
664 385 798 420 habere
823 399 884 419 -ι
919 393 1109 431 utrumque
1132 389 1327 422 tollendum
1364 396 1418 424 est
1458 393 1492 434 5,
1529 394 1585 441 10,
1618 397 1675 428 65.

181 444 270 474 rem,
295 442 387 476 quae
413 430 614 472 probationi
642 431 725 474 (Tu
739 436 816 466 ric.
855 434 899 467 de
935 433 1213 479 reprobatione)
1248 435 1394 475 alterius
1425 432 1614 473 adhibetur
1639 439 1675 483 5,

184 479 241 519 14,
269 481 298 511 1.
327 483 367 510 ut
391 476 592 518 probationi
620 477 753 518 prosit,
790 479 1009 519 probandum
1033 485 1086 513 est
1114 482 1148 523 5,
1181 483 1239 524 12,
1273 484 1305 515 2.
1352 483 1490 517 faciunt
1520 485 1675 520 auctori-

112 521 115 532 *
182 531 292 559 tatem
316 533 368 565 pr.
398 523 530 557 nostris
568 525 782 564 postulando
816 526 850 567 6,
884 525 919 569 4,
956 529 1010 560 17.
1047 539 1079 559 υ.
1119 527 1371 562 Refutatio.
1421 530 1456 570 ε)
1489 533 1676 565 Ace-usam:

181 570 411 613 probationes
434 569 602 603 adhibere
626 581 754 604 causae
782 576 818 613 2,
844 574 899 613 10,
923 573 956 607 8.
1003 582 1054 614 pr.
1083 571 1382 621 inexpugnabiles
1408 575 1530 609 afferat
1557 576 1591 620 5,
1617 579 1675 620 10,

181 616 238 650 44.
265 616 504 657 promittendo
532 622 670 650 nostras
694 625 748 657 pr.
774 623 810 650 et
833 619 1000 651 adversas
1029 619 1206 653 eludendo
1229 619 1265 663 4,
1294 623 1328 662 1,
1355 619 1413 655 48.ι
1444 622 1677 662 probationes

183 663 243 706 (a.
270 668 291 697 l.
320 662 549 705 probatione)
580 662 747 709 colligere
773 666 827 706 12,
855 667 910 707 10,
946 666 1002 699 52.
1052 676 1143 709 quae
1173 675 1227 708 pr.
1259 666 1464 701 desiderent
1494 670 1530 711 3,
1565 669 1600 711 5,
1637 671 1672 703 3,

183 710 227 750 cj.
245 708 279 750 4,
301 710 334 750 5,
352 710 407 742 18.
433 709 639 752 conjectura
655 708 878 743 extrinsecus
902 711 1070 744 adductas
1090 712 1296 756 frequenter
1318 714 1545 754 probationes
1567 715 1674 749 habet

179 757 215 799 7,
240 756 275 798 4,
298 755 353 789 24.
383 753 429 796 cs.
456 756 489 797 5,
517 755 571 798 14,
598 758 628 788 1.
654 758 694 798 7,
714 759 749 798 2,
775 756 831 790 15.
880 757 964 801 quid
991 757 1102 804 magis
1129 758 1266 801 oratio,
1293 770 1400 803 quam
1427 760 1674 801 probationem

180 801 270 843 petit
296 804 327 844 1,
353 803 410 843 10,
435 803 489 835 38.
538 812 662 835 omnes
688 811 740 842 pr.
769 807 827 835 aut
851 813 871 836 a
895 804 1057 848 personis
1082 810 1140 837 aut
1170 816 1190 838 a
1212 805 1317 838 rebus
1346 804 1419 846 peti
1448 807 1481 848 5,
1510 809 1565 848 10,
1590 809 1670 841 102.

179 851 214 889 7,
240 850 274 890 2,
300 847 356 882 15.
383 857 454 893 quo
479 858 640 891 quaeque
665 848 790 882 ordine
815 857 868 890 pr.
894 849 939 882 sit
962 859 1018 891 ap.
1040 850 1192 893 judicem
1223 851 1438 892 proferenda
1472 853 1507 892 6,
1537 851 1572 896 4,
1604 855 1670 895 22;

179 905 247 928 nec
276 893 372 927 circa
394 894 738 935 probationem
761 905 820 928 res
844 895 993 937 haeret,
1029 897 1093 930 sed
1121 896 1215 930 circa
1240 897 1614 939 propositionem
1635 901 1671 942 5,

180 942 236 983 10,
265 938 343 974 114.
383 939 524 983 judiciis
553 940 702 981 privatis
731 939 819 974 alios
844 942 887 974 ad
920 953 966 975 ac
978 941 1011 974 ti
1020 952 1131 990 9nes
1155 942 1342 986 advocari,
1378 942 1467 977 alios
1497 945 1541 977 ad
1569 953 1671 985 pro-

177 987 200 1021 b
213 985 375 1029 ationje
388 997 423 1019 m
440 985 492 1029 (a.
511 990 532 1020 l.
551 991 599 1008 —'
617 986 697 1028 nes)
714 987 748 1030 6,
766 986 851 1030 4,*7.
870 997 943 1021 non
964 997 1103 1030 semper
1119 989 1163 1022 ad
1186 990 1307 1031 prob.
1334 989 1520 1036 adhibetur
1543 989 1671 1035 (enthy-

175 1031 301 1075 mema)
326 1033 390 1066 sed
414 1031 604 1076 aliquando
630 1034 672 1066 ad
703 1038 917 1066 ornatum
943 1035 977 1075 8,
1001 1035 1034 1076 5,
1059 1037 1113 1068 10.
1159 1034 1306 1069 minime
1328 1035 1508 1076 pertinere
1537 1037 1580 1069 ad
1605 1045 1670 1080 pr.,

177 1091 248 1124 qua
272 1079 385 1125 figura
410 1079 565 1123 quidque
590 1079 730 1113 dicatur
751 1080 786 1122 9,
813 1083 846 1122 1,
882 1081 937 1115 19.
982 1081 1027 1114 ad
1051 1081 1163 1125 ejusd.
1193 1081 1248 1115 rei
1277 1081 1524 1123 probationem
1549 1082 1668 1116 omnia

176 1125 430 1171 spectantia¹5‚
455 1127 512 1167 12,
538 1125 559 1159 5
583 1129 627 1159 Ζ.
675 1136 764 1169 quae
789 1124 829 1158 in
853 1125 998 1160 alterius
1020 1127 1072 1161 rei
1097 1136 1150 1169 pr.
1184 1126 1344 1167 ducimus
1381 1129 1423 1170 5,
1456 1131 1522 1171 12,
1555 1130 1591 1163 2.
1638 1128 1668 1172 ζ)

175 1174 291 1206 Ablat.
308 1186 318 1204 :
343 1181 410 1204 nos
439 1172 507 1204 hac
531 1182 650 1205 sumus
673 1171 884 1213 probatione
909 1174 1088 1215 contenti,
1112 1174 1208 1217 quod
1233 1180 1293 1207 etc.
1320 1174 1356 1216 9,
1379 1171 1415 1216 4,
1444 1174 1499 1208 15.
1525 1185 1667 1218 causae,
1715 1214 1719 1218 .

175 1228 268 1262 quae
293 1218 355 1252 vel
383 1216 469 1250 solis
499 1223 601 1251 extra
628 1224 738 1252 artem
766 1227 832 1260 pr„
858 1219 919 1253 vel
942 1219 1064 1253 mixtis
1093 1219 1323 1254 continentur
1344 1220 1380 1263 6,
1402 1219 1437 1263 4,
1465 1218 1501 1255 4.
1528 1225 1568 1253 ut
1589 1220 1668 1262 ipsa

173 1273 229 1305 pr.
256 1262 367 1309 magis
389 1262 570 1296 emineant
596 1263 793 1307 (affectus)
823 1267 877 1306 11,
904 1267 937 1304 1,
960 1265 1015 1299 56.
1059 1276 1131 1305 „nec
1165 1266 1281 1300 solum
1306 1264 1667 1307 probationibus

173 1309 369 1350 implebunt
393 1309 615 1352 (materias),
642 1311 705 1343 sed
731 1311 836 1343 etiam
868 1309 1134 1345 affectibus
1165 1314 1202 1354 2,
1233 1312 1269 1353 6,
1301 1314 1333 1346 1.
1368 1323 1402 1345 v.
1433 1311 1666 1347 Affectus.

172 1361 322 1398 utraque
349 1363 401 1395 pr.
427 1353 582 1386 nitemur
606 1354 640 1397 4,
667 1355 701 1396 5,
727 1355 780 1398 14.
827 1366 944 1398 neque
970 1356 1063 1389 enim
1087 1365 1178 1397 opus
1213 1367 1292 1390 esse
1322 1357 1450 1398 prob:
1483 1362 1543 1391 aut
1577 1356 1666 1391 dis-

172 1400 417 1442 positione
449 1399 487 1432 in
514 1401 619 1434 rebus
644 1401 733 1433 fictis
759 1404 792 1439 2,
819 1404 873 1442 11,
899 1403 932 1434 3.
959 1402 1002 1434 lis
1028 1403 1124 1434 nulla
1149 1407 1222 1443 est,
1256 1401 1312 1436 cui
1335 1401 1547 1443 probatione
1573 1412 1664 1445 opus
1725 1405 1728 1408 ⁴

171 1458 245 1480 non
276 1446 320 1479 sit
348 1448 381 1488 5,
406 1446 463 1480 Pr.
490 1448 521 1480 5.
572 1447 750 1492 quomodo
777 1445 882 1480 etiam
904 1456 958 1487 pr.
989 1445 1146 1480 difficilia
1169 1453 1365 1481 tractantur
1395 1451 1450 1492 12,
1478 1451 1513 1491 1,
1543 1446 1589 1483 45
1613 1450 1663 1485 Ν.

174 1491 412 1534 persuadendi
431 1491 489 1526 vis
518 1492 851 1526 affirmatione
875 1498 1035 1535 constat,
1075 1504 1165 1537 quae
1182 1493 1324 1528 interim
1346 1494 1424 1534 plus
1447 1493 1534 1535 ipsis
1559 1503 1664 1536 pro-

171 1537 457 1572 bationibus
491 1539 589 1572 valet
619 1541 673 1581 11,
703 1540 737 1581 3,
763 1537 842 1574 154.
896 1538 936 1572 in
968 1539 1237 1581 probationibus
1269 1539 1470 1575 faciliorem
1507 1540 1664 1575 animum

172 1586 249 1629 ejus
283 1584 467 1619 habiturus
493 1583 528 1627 4,
557 1587 589 1626 2,
614 1587 683 1618 112
708 1588 751 1623 Ζ.
1179 1588 1181 1591 ’

126 1642 342 1687 Probitas.
389 1652 539 1687 virtutes
568 1652 853 1696 probitatis,
890 1651 1087 1694 pietatis
1112 1654 1173 1688 etc.
1203 1655 1237 1697 6,
1262 1654 1319 1688 Pr.
1343 1655 1398 1690 10.
1425 1653 1559 1696 prob.
1592 1665 1664 1691 vo-

175 1707 296 1742 catur,
328 1710 418 1743 quae
447 1704 501 1733 est
529 1698 839 1733 imbecillitas
863 1699 897 1742 6,
921 1698 955 1741 4,
985 1702 1040 1733 11.
1079 1699 1226 1734 nimium
1246 1700 1339 1734 risus
1363 1699 1516 1743 pretium
1539 1704 1607 1744 est,
1629 1700 1662 1735 si
1724 1715 1728 1718 ⁴

171 1745 357 1790 probitatis
384 1744 573 1786 impendio¹
593 1750 732 1778 constat
753 1745 787 1789 6,
817 1747 850 1787 3,
875 1745 933 1780 35.
957 1755 1032 1780 non
1055 1754 1135 1788 pro
1147 1746 1182 1780 b.
1221 1757 1242 1780 a
1273 1757 1333 1781 me
1360 1745 1576 1789 reprehendi
1596 1746 1661 1781 sed

171 1791 514 1829 verecundiam
541 1794 597 1835 12,
626 1793 659 1834 5,
688 1793 723 1826 3.
1406 1802 1411 1805 ’

123 1849 278 1892 Probo·
325 1861 593 1902 probavero
609 1866 656 1893 nt
682 1863 716 1903 1,
739 1859 775 1902 4,
802 1861 857 1895 16.
883 1860 913 1903 1)
936 1863 960 1894 i.
989 1862 1192 1906 q.1audo.
1225 1861 1266 1902 a)
1289 1864 1366 1897 Act.
1403 1859 1436 1904 a)
1462 1862 1505 1894 de
1540 1849 1659 1895 ubba.-

170 1909 252 1942 Non
275 1908 427 1948 probant
451 1905 638 1949 (manus)?
673 1909 728 1949 11,
753 1908 788 1949 3,
815 1908 872 1942 87.
922 1918 1011 1951 quae
1036 1908 1225 1948 probamus
1250 1906 1288 1940 in
1315 1906 1417 1948 aliis,
1446 1907 1568 1941 facere
1589 1906 1660 1949 ipsi
1703 1919 1728 1937 π

167 1954 321 1989 velimus
347 1955 403 1995 10,
426 1955 461 1995 2,
487 1955 522 1986 2.
550 1951 593 1992 cf.
618 1954 653 1994 3,
676 1956 711 1993 7,
736 1954 794 1986 23.
823 1952 1008 1996 quidboni
1033 1954 1240 1995 probent,
1263 1953 1350 1998 quid
1370 1952 1456 1986 mali
1482 1957 1658 1997 petant,

169 2002 204 2043 5,
230 2002 286 2040 10,
313 2002 368 2033 17.
394 2009 468 2039 non
493 1999 639 2039 probem
670 1998 756 2031 illud
785 2009 928 2043 quoque
962 1998 1098 2039 veteris
1127 1998 1280 2042 oratoris
1313 1999 1359 2042 8,
1393 1999 1428 2041 6,
1466 1999 1521 2034 15.
1566 1997 1657 2033 illud

167 2046 264 2090 quod
290 2045 425 2078 Ennius
449 2045 578 2085 probat
604 2047 659 2084 11,
681 2047 715 2086 3,
741 2045 797 2078 31.
826 2044 870 2086 cs.
901 2045 936 2087 9,
960 2046 996 2086 3,
1021 2046 1077 2079 17.
1121 2050 1160 2078 ut
1193 2045 1344 2088 meliors
1376 2044 1659 2089 probantes,

168 2093 333 2134 pejorum
354 2100 406 2133 po
417 2090 574 2126 eniter
586 2097 629 2124 et
654 2091 688 2132 6,
707 2090 740 2133 5,
756 2091 791 2125 8.
807 2103 837 2125 v.
858 2092 974 2132 Impr
987 2091 1041 2125 ob
1055 2101 1089 2124 ο.
1113 2091 1200 2124 nihil
1218 2092 1408 2140 prontes
1426 2089 1494 2124 nisi
1510 2090 1654 2132 planum

168 2143 204 2172 et
230 2137 364 2172 humile
387 2138 426 2180 8,-
447 2138 481 2179 5,
500 2139 556 2171 32.
582 2136 719 2170 stabilia
746 2136 956 2180 probant,
987 2137 1112 2170 clauda
1137 2136 1504 2179 deprehendunt
1531 2135 1656 2180 (aures)

165 2186 200 2226 9,
228 2183 263 2226 4,
293 2184 370 2218 116.
416 2182 579 2224 probabit
603 2183 755 2216 fortasse
779 2182 910 2217 vitiosa
932 2186 967 2226 2,
994 2184 1029 2226 3,
1053 2185 1115 2225 11;
1149 2183 1338 2228 Lycurgus
1370 2181 1523 2220 musices
1546 2181 1653 2216 disci-

166 2230 299 2272 plinam
328 2230 495 2271 probavit
520 2232 552 2271 1,
578 2231 634 2270 10,
666 2230 719 2262 15.
751 2229 835 2263 licet
873 2229 965 2262 banc
994 2228 1263 2272 (eloquentiam)
1296 2228 1478 2262 auditores
1500 2222 1654 2269 probent
1690 2244 1694 2246 -

165 2279 200 2319 5,
227 2279 283 2318 12,
306 2279 364 2310 20.
389 2275 464 2310 Cic.
489 2286 608 2308 rarum
631 2274 809 2308 incessum
833 2286 949 2318 neque
971 2274 1021 2308 ita
1043 2275 1188 2320 longum
1218 2274 1350 2315 probat
1383 2275 1452 2316 11,,
1490 2275 1534 2316 3,
1571 2272 1652 2308 126.

166 2329 205 2355 ut
229 2333 293 2356 eos
318 2321 468 2365 (mores)
494 2332 566 2354 non
594 2321 771 2355 immerito
796 2320 1002 2362 probaverit
1023 2340 1069 2346 -
1103 2319 1342 2355 sanctissimus
1372 2328 1503 2353 censor
1535 2317 1570 2362 4,
1592 2319 1654 2357 Pr.

165 2370 200 2401 3.
225 2379 299 2401 non
322 2369 449 2409 probat
474 2377 563 2409 opus
589 2370 622 2407 2,
651 2368 706 2408 15,
733 2368 774 2408 63
807 2378 883 2401 rem
909 2366 1020 2407 ipsam
1044 2365 1197 2407 probare
1226 2366 1271 2399 in
1304 2365 1543 2410 qualicunque
1570 2374 1654 2406 per-

167 2425 255 2447 sona
282 2418 337 2456 11,
367 2418 400 2456 1,
426 2416 483 2448 73.
510 2413 549 2455 b)
568 2415 610 2446 ‹le
634 2416 801 2456 personis.-
831 2424 936 2457 quem
961 2411 1209 2457 (Sophronem)
1233 2413 1333 2446 Plato
1360 2412 1450 2446 adeo
1474 2410 1653 2454 probavit,

166 2465 205 2491 ut
231 2459 435 2501 suppositos
458 2458 565 2500 capiti
594 2459 703 2492 libros
729 2459 830 2502 ejus,
863 2470 944 2492 cum
970 2465 1191 2501 moreretur,
1234 2457 1403 2492 habuisse·
1434 2457 1593 2509 tradatur
1618 2458 1654 2499 1,

169 2507 225 2546 10,
253 2509 310 2543 17.
356 2506 521 2550 quamvis
546 2506 686 2546 plurimi
712 2516 751 2539 se
782 2506 828 2538 ad
861 2515 1006 2549 eorum,
1041 2515 1132 2548 quos
1161 2505 1382 2547 probabant,
1419 2501 1653 2554 imitationem

167 2552 435 2591 composuerint
459 2555 493 2593 2,
518 2553 552 2593 8,
581 2554 614 2584 2.
636 2550 680 2592 cs.
705 2554 740 2593 2,
770 2551 802 2592 5,
829 2552 884 2585 18.
909 2551 944 2594 8,
969 2551 1002 2592 5,
1028 2551 1083 2584 33.
1107 2552 1141 2593 9,
1166 2549 1201 2592 4,
1231 2552 1308 2584 110.
1341 2560 1446 2594 quem
1473 2548 1541 2581 nisi
1569 2557 1655 2589 pro-

170 2596 289 2629 basset
314 2598 500 2644 Virgilius,
524 2598 619 2630 idem
645 2607 825 2641 nunquam
856 2603 952 2631 certe
975 2597 1121 2631 fecisset
1151 2598 1205 2639 10,
1227 2599 1259 2638 1,
1275 2596 1330 2630 56.
1361 2605 1450 2639 quos
1474 2603 1547 2627 non
1571 2595 1654 2628 ideo

168 2652 324 2683 excuso,
362 2655 442 2686 quia
471 2654 545 2676 non
574 2645 744 2687 probem,
776 2643 839 2677 sed
864 2649 903 2677 ut
931 2642 1001 2676 sint
1037 2643 1147 2690 magis
1182 2641 1407 2676 admirabiles
1438 2641 1494 2682 10,
1531 2642 1566 2683 7,
1593 2641 1650 2673 31.
1688 2663 1694 2668 -

169 2697 259 2730 qnos
281 2688 358 2729 ipse
382 2689 486 2722 valde
514 2690 639 2732 probet
662 2693 716 2731 10,
738 2692 771 2725 1.
790 2687 856 2730 45,
882 2701 998 2733 neque
1016 2689 1099 2722 ideo
1114 2695 1230 2723 tamen
1255 2698 1317 2722 eos
1340 2685 1655 2730 probaverim,

169 2734 230 2775 qui
257 2733 484 2766 scribendum
509 2747 653 2778 quoque
679 2736 900 2779 prooemium
924 2736 1122 2770 novissime
1145 2740 1268 2787 putant
1292 2734 1327 2775 3,
1350 2733 1386 2774 9,
1408 2733 1441 2766 8.
1477 2732 1523 2773 cs.
1554 2730 1591 2774 4,
1618 2732 1653 2773 5,
1679 2763 1688 2770 Δ,

168 2780 201 2812 3.
227 2779 262 2821 6,
291 2781 325 2821 1,
348 2778 406 2812 47.
454 2779 497 2822 β)
525 2785 620 2814 Pasa.
649 2781 686 2824 a)
715 2782 887 2816 clitarchi
910 2781 1144 2826 probatur
1176 2779 1381 2827 ingenium,
1417 2777 1505 2812 fides
1527 2777 1652 2812 infa-
