1728 3002
741 176 840 221 Nisi
1484 177 1564 217 565

48 298 244 336 *nunna
267 293 475 343 diligenda,
507 298 547 328 ut
569 291 733 339 quibusd.
757 293 865 328 ettam
886 290 1036 326 nimi-a
1058 290 1143 326 'vide
1181 298 1224 324 ur
1248 284 1312 333 10,
1338 292 1380 333 1,
1402 290 1486 333 113.
1524 299 1560 321 n.

73 345 311 386 nonin-⁵12,
338 344 404 386 10,
428 341 486 376 13.
516 340 646 375 humor
669 345 730 373 aut
756 338 865 372 nim.
890 342 950 372 aut
973 347 1117 372 consu
1174 342 1247 370 tus
1273 339 1338 378 11,
1361 336 1408 378 3,
1429 338 1487 370 21.
1524 345 1560 368 n.

29 403 51 424 ,·
71 389 279 428 observatio
303 390 348 432 9,
370 385 419 432 4,
439 385 496 422 24.
528 395 566 420 11.
588 385 741 431 pretium
762 386 807 425 6,
828 387 874 427 3,
899 384 956 419 35.
991 395 1029 417 n.
1056 382 1285 418 remissiones
1310 385 1343 424 1,
1367 382 1403 424 3,
1429 383 1485 414 11.
1521 392 1556 413 n.

71 434 334 484 superstitionis
357 435 393 477 9,
418 431 454 473 4,
477 432 535 468 25.
554 442 606 466 -11,
628 430 801 465 tarditatis
829 433 887 472 11,
909 432 945 473 3,
963 432 1020 467 52.
1058 440 1095 463 n.
1120 429 1327 463 tenuitatem
1351 430 1407 470 12,
1424 429 1480 469 10,
1498 427 1554 461 35.

4 519 6 523 ,
71 494 108 519 11.
132 494 218 517 usus
246 485 280 524 1,
294 482 326 523 5,
338 482 395 514 20.
426 476 647 514 volubilitate
671 488 709 515 11.
736 480 790 518 11,
804 478 837 517 3,
852 476 909 510 52.
955 477 998 520 β)
1016 476 1136 509 Νειιίν.
1162 477 1352 518 simpliciter
1387 472 1425 515 a)
1443 474 1554 511 Sin-e..-

70 529 238 566 vitium
260 532 315 561 est
336 525 491 569 ubique,
514 523 610 568 quod
632 522 826 557 nimium
852 526 907 556 est
927 522 963 563 8,
989 523 1023 564 3,
1046 521 1092 554 42
1119 519 1190 566 [cs.
1219 524 1273 561 11,
1301 523 1333 562 1,
1361 520 1403 554 51
1426 517 1494 562 Ν.]
1521 531 1552 550 v.

74 573 286 610 Grandis.
323 571 600 606 indecorum
622 574 676 603 est
703 579 809 603 omne
834 566 1023 601 nimium
1050 569 1108 609 11,
1132 570 1167 608 1,
1191 567 1251 602 91.
1294 576 1330 600 n.
1356 570 1434 607 est,
1458 565 1553 608 quod

71 619 281 667 intelligitur
299 621 332 658 1,
342 619 378 659 3,
406 620 461 651 17.
477 627 512 650 υ.
529 615 711 650 Plenus.
738 614 799 659 qui
823 625 858 646 n.
885 613 1118 656 affectaverit,
1146 613 1259 657 ipsam
1283 612 1380 646 illam
1407 609 1552 656 gratiam

69 665 254 705 varietatis
277 663 412 698 amittet
434 663 471 703 9,
497 662 532 703 3,
554 659 589 694 4.
625 660 694 695 Sibi
712 673 750 694 n.
775 659 905 694 tribuat
932 662 972 701 1,
996 660 1037 701 2,
1060 660 1124 699 18;
1163 661 1329 700 abrumpit
1353 669 1552 690 sermonem:

66 712 126 748 Ac
152 713 197 746 de
221 709 385 755 analogia
408 708 489 752 (vel
522 706 631 750 adico.
668 707 756 751 Sp.)
789 705 935 739 nimium
961 707 1002 747 1,
1025 705 1070 747 6,
1092 707 1138 739 27
1158 709 1222 747 Ζ.;
1257 703 1429 748 pecunia,
1464 713 1554 746 quaa

65 757 257 793 nimium
282 765 414 800 quam
436 754 495 797 (Z.
518 754 562 786 de
585 753 683 796 conj„
710 755 774 796 Sp.
800 749 991 796 quantum)
1020 749 1060 783 in
1082 749 1207 783 animis
1229 749 1415 784 hominum
1435 753 1552 793 potest

66 803 104 848 4,
126 806 164 847 2,
190 805 238 838 70
259 803 307 836 Ν.
331 808 362 837 et
386 800 432 834 N.
459 812 529 842 cr.,-
552 797 691 832 nimio
713 799 827 842 major
848 799 883 839 8,
907 797 942 839 6,
969 796 1023 830 16.
1071 795 1115 838 b)
1138 799 1256 830 Phar..-
1279 806 1455 842 magna,
1479 803 1553 826 non

66 848 210 884 nimia
236 850 300 890 12,
321 849 385 890 10,
407 845 465 881 79.
511 843 595 878 Alia
617 855 736 878 vana
757 861 803 868 -—
826 843 894 877 alia
917 841 1054 876 nimia
1077 843 1113 884 8,
1137 843 1173 884 5,
1198 839 1254 875 24.
1282 841 1328 882 cs.
1356 844 1411 883 12,
1433 842 1470 882 8,
1494 842 1549 873 12.

66 893 388 930 redundantia
422 902 464 925 ao
490 889 592 924 nim.
615 891 660 932 9,
683 888 727 932 4,
755 890 833 922 116.
868 899 937 922 1180
963 887 1085 922 verbis
1112 888 1286 931 vultuque
1315 885 1551 930 promittenda
1598 917 1605 921 ,

69 941 155 975 nim.
179 939 216 983 4,
240 942 274 982 1,
296 940 354 974 60.
414 937 452 982 y)
483 938 600 970 Masc.
629 937 671 968 de
694 937 875 968 dicentibus
899 941 958 967 aut
980 935 1215 968 scribentibus.-
1247 943 1314 966 nec
1337 933 1461 974 vultu,
1485 942 1554 964 nec

69 997 197 1028 manu,
226 996 295 1019 neo
318 981 591 1018 excursionibus
615 980 743 1015 nimius
768 983 802 1023 1,
827 983 883 1020 11,
907 982 952 1021 3;
980 978 1109 1014 nimios
1132 978 1178 1012 in
1201 979 1270 1012 hac
1296 990 1381 1011 cura
1397 979 1433 1020 9,
1444 978 1479 1019 4,
1493 978 1551 1011 35.

68 1035 127 1075 10,
151 1035 185 1074 1,
211 1031 293 1065 118.
321 1029 368 1062 111
390 1027 661 1072 repetitionibus
685 1037 719 1060 n.
746 1030 810 1070 12,
836 1028 892 1070 10,
920 1027 973 1061 12.
1020 1024 1226 1060 Demetrius
1253 1029 1420 1071 tanquam
1445 1035 1481 1056 n.
1506 1022 1551 1056 in

69 1089 112 1113 ea
139 1073 323 1122 (veritate)
349 1074 623 1119 reprehenditur
645 1074 688 1107 ib.
714 1073 748 1109 9.
978 1116 990 1144 ἱ

24 1144 134 1191 Nisi·
182 1153 218 1199 1)
252 1155 441 1188 eximtis:
474 1164 567 1198 quae
590 1150 683 1196 (ars)
712 1150 806 1185 nisi
839 1147 994 1185 oratoris
1014 1148 1127 1184 futuri
1149 1149 1380 1183 fundamenta
1402 1147 1555 1182 fideliter

68 1201 181 1247 jecit
203 1199 291 1244 (Sp.
314 1199 475 1243 iecerit),
499 1198 669 1244 quidquid
695 1196 995 1240 superstruxeris,
1020 1201 1215 1231 corruet
1242 1198 1275 1234 1,
1292 1196 1328 1238 4,
1346 1195 1369 1230 5
1388 1199 1435 1229 Z.
1461 1205 1553 1238 quae

68 1261 108 1283 11.
132 1247 273 1289 assit,
301 1244 395 1279 aliud
416 1255 518 1288 vox,
542 1245 637 1278 aliud
661 1243 799 1278 animus
821 1243 1045 1276 ostendat
1068 1245 1134 1285 11,
1160 1243 1196 1283 3,
1221 1243 1288 1277 175
1308 1242 1361 1274 N.
1390 1239 1460 1274 nisi
1486 1239 1554 1273 ali-

68 1292 154 1338 quid
177 1297 363 1326 accusator
386 1291 581 1335 respondet
605 1289 696 1334 (Sp.
724 1306 769 1314 —-
794 1287 927 1331 deat),
961 1289 1060 1321 nulla
1083 1287 1127 1320 lis
1152 1293 1206 1321 est
1231 1290 1274 1329 3,
1298 1288 1338 1329 6,
1364 1289 1409 1321 17
1428 1290 1473 1320 Z.
1513 1285 1553 1320 in

69 1339 222 1374 dicendo
245 1336 438 1382 quamlibet
460 1337 641 1369 abundans
663 1346 783 1369 rerum
808 1334 911 1378 copia
936 1335 1117 1367 cumulum
1140 1338 1274 1367 tantum
1303 1333 1471 1367 habeat
1497 1338 1552 1366 at-

68 1397 140 1430 que
170 1388 398 1429 congestum,
440 1381 512 1416 nisi
542 1380 771 1426 disponendis
804 1379 857 1414 eis
889 1379 1179 1424 collocandisque
1209 1378 1395 1417 artificium
1426 1389 1551 1412 manus

68 1429 349 1466 adhibentur
370 1431 407 1470 7,
433 1429 491 1462 Pr.
523 1430 555 1462 1.
586 1427 683 1462 nisi
706 1445 749 1451 —-
772 1432 909 1470 patrem
934 1424 1240 1467 exoraverit,
1266 1430 1432 1469 pereat
1458 1426 1495 1466 9,
1515 1427 1550 1465 2,

66 1480 134 1514 9oe
159 1483 278 1520 noque
299 1473 415 1508 solida
438 1479 510 1518 atq.
533 1474 679 1508 robusta
703 1473 753 1507 fu
763 1472 854 1507 erit
879 1483 1036 1516 unquam
1059 1471 1283 1515 eloquentia,
1318 1470 1413 1504 nisi
1439 1471 1550 1503 multo

68 1522 151 1558 stilo
170 1520 270 1557 vires
294 1518 549 1565 acceperit
574 1522 639 1563 10,
669 1522 710 1560 1,
732 1521 775 1561 2;
812 1529 848 1552 11.
874 1518 976 1552 firma
1005 1518 1134 1562 quaed.
1160 1516 1314 1550 facilitas
1338 1527 1549 1550 accesse-

65 1570 151 1611 rit,
180 1577 256 1602 non
281 1566 367 1600 satis
390 1566 546 1600 valent
570 1568 634 1608 10,
658 1567 700 1607 1,
726 1567 759 1602 1.
798 1565 943 1597 stultum
966 1569 1065 1598 erat
1087 1566 1259 1603 monere,
1289 1573 1329 1595 n-
1348 1561 1494 1596 fieret
1514 1562 1550 1604 4,

68 1619 112 1659 1,
143 1614 202 1648 11.
257 1613 356 1646 Non
378 1611 523 1646 videtur
543 1611 582 1645 in
601 1611 766 1657 negando
789 1609 1000 1644 mentiturus
1022 1609 1159 1652 fuisse,
1195 1608 1290 1642 nisi
1315 1609 1549 1652 desperasset,

61 1661 100 1696 111
117 1669 226 1705 posse
247 1657 418 1699 defendi,
446 1657 488 1691 si
510 1658 740 1693 confiteretur
765 1656 800 1695 5,
822 1658 879 1697 12,
903 1658 953 1698 ὃς
992 1669 1021 1689 ο.
1042 1658 1171 1688 ironia.-
1199 1654 1270 1688 nisi
1295 1654 1379 1698 (Sp.
1406 1654 1479 1697 adj.
1504 1651 1548 1695 si)

64 1704 268 1747 cui²divina
288 1703 350 1737 ina
372 1713 439 1747 pro
463 1701 606 1748 Ligario
627 1700 743 1736 ironia
770 1701 934 1744 displicet
957 1699 994 1744 4,
1018 1703 1052 1744 1,
1075 1703 1123 1735 70
1142 1704 1187 1735 Ζ.

154 1760 207 1804 11)
245 1761 455 1801 corrigentis.-
505 1759 548 1801 α)
582 1757 711 1793 cludet
734 1763 770 1791 et
793 1758 978 1799 dactylus,
1014 1767 1050 1790 n.
1073 1767 1155 1790 eum
1178 1754 1384 1791 observatio
1408 1753 1551 1788 ultimae

63 1805 236 1850 creticum
256 1804 344 1838 facit
366 1806 410 1837 ib.
436 1802 518 1838 104.
537 1802 585 1844 cs.
603 1807 641 1847 2,
663 1802 700 1847 4,
726 1806 783 1838 32.
809 1803 847 1842 4,
872 1805 906 1844 1,
929 1801 1036 1836 43·Ζ.
1057 1809 1118 1836 etc.
1151 1812 1189 1835 n.
1213 1802 1284 1835 hoc
1308 1810 1403 1834 non
1426 1800 1551 1833 fortis-

65 1852 155 1887 sime
178 1849 402 1884 defendentis
428 1854 503 1891 est,
526 1849 668 1890 dicere,
705 1850 800 1895 Quid
823 1847 919 1882 aliud
943 1848 1079 1895 egimus
1105 1853 1166 1881 etc.
1191 1848 1226 1889 5,
1254 1849 1311 1888 13,
1335 1847 1378 1888 53
1413 1857 1449 1879 n.
1475 1846 1550 1889 qui

64 1900 170 1943 plane
192 1895 239 1930 sit
259 1895 371 1928 hebes
393 1897 428 1935 7,
455 1897 487 1936 l,
512 1893 570 1928 48.
598 1894 645 1936 tf.
671 1896 703 1937 1,
727 1898 762 1935 7,
787 1897 833 1929 30
855 1895 902 1929 Ν.
928 1906 996 1936 οης
1031 1904 1067 1928 11.
1094 1892 1196 1937 quis
1219 1897 1342 1937 putet,
1373 1891 1478 1925 etiam
1502 1903 1550 1925 ex

65 1944 179 1978 tribus
201 1939 388 1976 vocatibus
401 1940 574 1983 syllabam
587 1938 685 1981 fieri,
715 1941 811 1984 quod
831 1939 968 1985 nequit,
991 1939 1032 1973 si
1053 1950 1142 1974 non
1166 1938 1304 1982 aliquae
1314 1936 1435 1971 officio
1461 1948 1549 1970 con-

67 1987 273 2024 sonantium
298 1986 492 2031 fungantur
514 1988 547 2026 1,
567 1985 605 2028 4,
628 1987 686 2018 10.
706 1995 744 2019 n.
768 1986 871 2030 quis
894 1985 989 2018 dicet
1011 1985 1099 2028 (Sp.
1116 1982 1237 2026 dicat),
1261 1983 1367 2020 etiam
1395 1983 1548 2028 gladium

66 2034 278 2070 fabricatum
302 2031 345 2065 ab
372 2041 418 2065 eo
438 2030 560 2074 prius,
594 2030 656 2075 qui
678 2031 814 2064 ferrum
835 2031 875 2064 in
897 2031 1041 2064 tutelam
1066 2030 1122 2063 sui
1143 2050 1189 2057 —
1212 2029 1424 2074 compararit
1445 2030 1488 2071 3,
1515 2032 1550 2072 2,

67 2085 91 2116 2
109 2084 152 2115 Ζ.
187 2090 243 2122 ap.
268 2081 444 2111 oratorem
459 2101 470 2119 ,
495 2087 535 2110 11.
562 2076 743 2120 aliquid
771 2076 945 2118 efficitur,
972 2077 1148 2109 redundat
1174 2075 1373 2120 (epitheton)
1395 2076 1431 2116 8,
1444 2074 1478 2116 6,
1490 2073 1546 2108 40.

66 2138 105 2162 11.
129 2123 316 2168 aliquid
340 2122 533 2166 reperitur,
565 2122 662 2166 quod
685 2121 822 2155 intersit
846 2125 911 2163 11,
936 2124 980 2162 1,
1003 2122 1061 2156 79.
1092 2120 1136 2162 ff.
1163 2124 1199 2163 2,
1224 2121 1260 2164 4,
1286 2125 1342 2157 30.
1369 2123 1404 2164 3,
1431 2121 1466 2162 6,
1494 2124 1547 2156 17.

65 2171 163 2206 nisi
197 2168 454 2212 aliquando
490 2167 548 2202 vis
585 2168 811 2200 ac-facultas
846 2166 987 2200 dicendi
1014 2172 1196 2211 expugnat
1226 2167 1339 2211 ipsam
1361 2165 1548 2202 veritatem

68 2221 126 2261 12,
151 2219 184 2259 1‚·
205 2217 264 2250 33.
318 2212 361 2258 β)
394 2225 463 2257 seq.
489 2215 640 2246 Par-tic..-
673 2223 755 2246 cum
786 2212 934 2252 virtutes
961 2211 1069 2246 etiam
1100 2212 1200 2256 ipsae
1223 2214 1379 2247 taedium
1399 2211 1550 2257 pariant,

66 2275 103 2298 n.
135 2261 248 2309 gratia
277 2258 461 2294 varietatis
489 2259 631 2301 adjutae
660 2259 705 2300 9,
731 2256 775 2300 4,
802 2257 863 2292 43.
907 2257 943 2291 si
969 2263 1089 2291 tamen
1114 2258 1249 2292 tardior
1272 2270 1417 2300 manus,
1454 2257 1550 2291 nisi

69 2310 127 2352 (11.
146 2312 174 2345 1.
199 2303 291 2348 11011)
315 2303 484 2348 inspectis
507 2303 755 2348 demensisque
776 2303 942 2349 singulis,
964 2322 1012 2331 --
1036 2303 1172 2338 dubitet
1195 2305 1230 2347 5,
1255 2306 1311 2347 10,
1337 2304 1414 2338 124.
1443 2302 1489 2345 cfi
1513 2307 1549 2347 7,

2 2361 9 2363 ‘
70 2359 104 2396 1,
125 2350 192 2395 6ος
228 2351 391 2386 manibus
415 2349 600 2391 sustineri,
630 2361 668 2383 11.
691 2351 797 2393 plane
818 2350 910 2393 justa
932 2348 1141 2395 fatigatione
1163 2347 1256 2393 (11.1.
1279 2349 1439 2397 fatigatio
1463 2351 1549 2392 est),

0 2444 2 2446 Ι
69 2399 259 2434 delicatum
286 2400 343 2438 11,
367 2398 402 2439 3,
427 2397 506 2430 132.
560 2394 600 2440 γ)
626 2407 655 2429 ο.
683 2397 828 2429 Adverb.
862 2394 898 2436 a)
930 2405 966 2428 11.
1002 2394 1162 2439 potius
1184 2397 1256 2430 hoc
1277 2407 1357 2431 esse
1384 2397 1549 2432 volumus

0 2463 24 2493 ,v
67 2445 135 2488 (a.
157 2449 181 2482 1,
205 2442 384 2479 voluimus
409 2445 455 2475 al.
474 2439 654 2484 velimus)
681 2441 862 2486 dactylum
894 2446 931 2475 et
963 2440 1149 2475 bacchium
1175 2442 1217 2482 9,
1240 2440 1290 2484 4,
1316 2445 1393 2476 101.
1447 2443 1548 2485 Quae

67 2489 203 2532 finitio,
240 2487 429 2523 etiamsi
459 2486 565 2520 distat
586 2487 729 2530 aliquo,
767 2486 866 2520 nisi
890 2491 1045 2520 tamen
1072 2486 1226 2531 propriis
1251 2494 1287 2521 81
1302 2487 1558 2523 differentibus.

0 2533 5 2550 ⁸
70 2537 259 2579 adjuvatur
280 2533 371 2577 (Sp.
394 2551 438 2558 --
461 2530 617 2575 vetur),
638 2531 754 2566 inanis
777 2538 832 2566 est
860 2533 902 2574 7,
928 2532 968 2574 3,
993 2532 1039 2567 26
1060 2536 1103 2567 Ζ.
1146 2544 1183 2566 n.
1211 2538 1361 2567 tamen
1387 2533 1550 2568 omuibus

69 2581 192 2617 verbis
225 2586 263 2615 et
290 2589 447 2614 amorem
477 2577 629 2621 patrium
652 2585 713 2612 etc.
750 2576 1025 2611 ostenderit
1051 2595 1098 2603 —-
1128 2578 1367 2622 suspicionem
1399 2579 1550 2622 subjecti

72 2625 233 2672 petitoris
253 2636 328 2660 non
354 2623 531 2658 carebit
550 2622 588 2667 4,
609 2625 646 2666 2,
669 2623 728 2659 96.
751 2622 796 2664 cs.
819 2625 856 2666 7,
879 2624 912 2663 3.
937 2623 995 2657 26.
1021 2622 1070 2667 (a.
1088 2627 1112 2657 2.
1129 2635 1166 2660 n.
1184 2624 1366 2668 tanquam)
1391 2628 1448 2668 10,
1463 2629 1497 2667 1,
1514 2629 1547 2659 2.

73 2673 285 2707 refelluntur
309 2666 555 2715 (praeiudicia)
582 2668 906 2714 rai-olconttuuelia
931 2669 1108 2712 judicum,
1138 2681 1175 2704 n.
1202 2671 1222 2704 f
1228 2677 1336 2705 orte
1361 2671 1548 2707 manifesta

74 2717 115 2752 in
136 2717 194 2752 his
215 2719 320 2762 culpa
345 2714 437 2750 erit
460 2714 504 2756 5,
527 2717 572 2756 2,
595 2717 630 2748 2.
653 2725 687 2748 v.
709 2715 867 2748 Forte.
925 2716 1030 2759 Quod
1057 2715 1199 2761 quidem
1226 2723 1348 2751 orator
1371 2718 1550 2760 nunquam

76 2762 208 2807 caniet,
236 2773 272 2797 n.
295 2763 418 2798 forte
443 2759 622 2795 communi
643 2759 795 2794 utilitate
817 2761 965 2794 ducatur
987 2763 1022 2805 3,
1043 2765 1081 2806 7,
1108 2762 1165 2797 25.
1218 2763 1258 2805 b)
1282 2765 1422 2797 ironice.-
1452 2762 1548 2796 Nisi

11 2805 39 2866 ἐξ

8 2631 26 2662 t,
