1728 3002
150 166 234 231 592
714 184 877 229 Oculus
906 211 962 220 -—
1000 185 1189 232 Odiosus

195 303 327 340 narii
353 308 459 385 atqge
482 300 722 337 octonarii
744 302 780 346 9,
803 302 839 347 4,
865 306 924 338 72.
973 304 1089 339 Esse
1126 304 1352 341 videatur
1384 307 1609 343 octonarium
1639 309 1694 344 ln-

193 353 301 386 choat
321 353 366 388 ib.
393 354 415 386 7
441 374 452 384 .
1215 363 1217 365 ·
1621 367 1630 382 ι

149 396 328 445 Oculus.
374 407 417 453 a)
442 422 470 442 c.
488 408 686 442 Auributis:
716 405 914 441 acrioribus
938 417 995 442 oc.
1016 410 1122 453 2,10,
1137 408 1173 444 6.
1199 408 1320 444 amissi
1346 419 1403 445 oc.
1427 410 1633 451 deformitas
1656 415 1692 457 2,

195 458 254 499 13,
285 458 340 490 12.
373 465 429 489 oc.
459 454 497 488 in
523 460 655 488 terram
681 453 810 498 dejecti
837 457 870 497 1,
896 456 952 498 11,
976 455 1011 490 9:
1060 461 1141 489 tuos
1165 449 1328 490 labentes
1347 466 1405 491 oc.
1429 457 1466 499 6,
1487 457 1546 492 Pr.
1572 461 1616 492 12
1642 460 1691 493 Ν.

194 502 299 536 siccis
324 511 381 535 oc.
408 502 443 545 6,
466 504 501 544 2,
526 503 584 535 27.
631 506 731 534 motu
755 500 904 544 intenti,
929 500 1088 545 remissi,
1113 502 1276 546 superbi,
1302 502 1411 546 torvi,
1434 502 1552 547 mites,
1576 506 1694 548 asperi

192 549 281 582 fiunt
305 559 361 581 oc.
390 551 444 591 11,
471 550 505 591 3,
531 546 590 582 75.
638 546 755 593 Rigidi
779 552 815 581 et
841 547 1000 590 extenti,
1038 553 1098 582 aut
1119 548 1278 596 languidi
1316 555 1352 583 et
1381 555 1578 594 torpentes,
1616 549 1695 595 [aut

192 600 376 638 stupentes
401 594 466 638 (a.
495 598 515 627 Ι.
543 591 673 637 orn.)]‚
699 599 759 627 aut
786 593 912 629 lascivi
951 599 987 628 et
1019 594 1191 638 mobiles,
1227 600 1288 629 ant
1321 600 1484 630 natantes
1517 602 1555 631 et
1586 598 1693 641 quad.

191 643 378 685 voluptate
403 639 546 683 suffusi,
579 644 638 673 aut
666 638 742 673 limi
764 645 824 684 et,
866 646 906 674 nt
940 639 992 674 sic
1027 640 1163 685 dicam,
1205 642 1376 684 venerei,
1410 648 1469 676 aut
1502 648 1693 688 poscentes

190 687 326 732 aliquid
352 687 613 732 pollicentesve
637 697 818 731 nunquam
850 697 934 722 esse
965 687 1158 721 debebunt.
1205 687 1296 721 Nam
1328 694 1474 733 opertos
1509 699 1696 734 compres-

190 745 300 770 sosve
329 744 394 768 eos
417 733 454 768 in
480 733 632 767 dicendo
658 731 761 776 quis,
797 732 865 767 nisi
890 735 997 777 plane
1024 734 1123 767 rudis
1147 739 1207 767 aut
1230 736 1369 776 stultus,
1402 735 1544 773 habeat.
1579 738 1621 770 ih.
1646 736 1694 771 76

189 782 238 815 Ν.
266 794 312 814 ον.
359 783 402 826 β)
429 782 621 814 Nominat„-
657 779 753 812 oculi
778 781 927 813 multum
951 781 995 813 ad
1032 786 1167 814 motum
1199 779 1397 814 animorum
1429 781 1554 816 valent
1586 782 1622 825 9,
1658 785 1692 825 1,

189 831 247 862 21.
293 838 339 860 ne
364 826 459 860 aliud
485 837 591 872 agere
614 831 771 860 mentem
794 833 965 873 cogerent
996 826 1090 861 oculi
1116 829 1173 870 10,
1198 828 1233 871 3,
1265 827 1324 862 25.
1371 826 1410 860 in
1442 826 1523 872 ipso
1555 829 1692 863 vultu

188 872 382 918 plurimum
405 874 528 909 valent
555 872 711 915 oculi,
745 884 811 916 per
834 883 925 917 quos
949 873 1106 907 maxime
1130 872 1262 907 eminet
1289 874 1346 916 (a,
1373 877 1395 906 1.
1421 875 1586 916 emanat)
1612 874 1692 908 ani-

188 931 268 953 mus
296 922 353 963 11,
380 921 415 963 3,
438 922 507 962 753
542 923 658 953 transl.
686 919 776 954 haec
799 920 969 953 lumina
993 919 1189 963 orationis,
1223 919 1326 954 velut
1361 920 1538 954 oculos
1561 922 1688 965 quosd.

189 978 269 1001 esse
299 956 527 1011 eloquentiae
551 967 670 1000 credo.
698 966 770 1000 Sed
790 976 909 1010 neque
930 967 1056 1000 oculos
1075 977 1155 1000 esse
1179 971 1258 999 toto
1273 975 1426 1009 corpore
1445 964 1556 1002 velim
1579 974 1643 1002 etc.
1653 969 1689 1011 8,

189 1015 224 1056 5,
248 1011 306 1047 34.
354 1014 390 1058 y)
417 1015 550 1047 Genu„-
587 1013 696 1045 ardor
720 1013 907 1046 oculorum
933 1015 989 1055 12,
1015 1013 1049 1055 5,
1079 1014 1113 1047 5.
1161 1022 1219 1046 oc.
1255 1012 1440 1055 conjectus
1473 1016 1509 1055 9,
1541 1014 1577 1056 3,
1609 1015 1689 1049 101.

187 1059 306 1094 acrior
342 1065 397 1093 est
431 1059 694 1100 oculorum,
724 1069 831 1103 quam
863 1059 1043 1093 aurium
1072 1067 1199 1094 sensus
1230 1060 1287 1098 11,
1309 1061 1344 1102 2,
1368 1057 1424 1094 34.
1451 1069 1594 1093 sensum
1629 1056 1687 1094 oc.

185 1106 361 1150 praecipit
385 1105 524 1139 animus
549 1104 648 1149 (Sp.
674 1104 882 1149 praecipitat
909 1107 952 1139 de
976 1105 1083 1149 conj.;
1113 1117 1147 1139 a.
1167 1109 1190 1138 1.
1210 1103 1340 1149 premit
1357 1103 1471 1153 arnor)
1493 1105 1529 1146 6,
1548 1107 1583 1147 2,
1598 1105 1622 1140 6
1639 1107 1687 1141 Ν.

187 1165 235 1186 cr.
264 1152 366 1187 visus
396 1162 453 1185 oc.
479 1155 512 1194 1,
538 1155 574 1194 2,
600 1155 641 1186 11
670 1163 702 1185 v.
733 1152 1034 1186 Intellectus.
1084 1147 1116 1194 δ)
1142 1150 1253 1185 Dat„-
1296 1151 1399 1185 affert
1430 1151 1544 1189 oculis
1569 1157 1690 1186 terro·-

185 1197 236 1232 ris
261 1197 396 1242 aliquid
423 1199 457 1239 8,
484 1200 519 1240 3,
546 1199 580 1232 5.
629 1197 743 1232 oculis
767 1198 892 1242 populi
915 1200 1017 1231 Rom.
1042 1197 1119 1232 vim
1143 1197 1262 1232 attulit
1294 1200 1330 1240 2,
1357 1199 1414 1240 15,
1447 1197 1482 1232 7.
1529 1197 1602 1232 suis
1625 1199 1689 1233 de-

185 1255 283 1277 mum
308 1255 364 1278 oc.
392 1243 545 1277 credidit
571 1246 628 1286 11,
656 1246 691 1286 3,
715 1244 772 1278 68.
819 1244 925 1278 siccis
949 1243 1086 1290 agentis
1115 1242 1212 1288 (Sp.
1249 1242 1390 1289 agenti)
1426 1244 1542 1278 oculis
1575 1244 1689 1279 iscri—

185 1302 260 1324 mas
289 1290 410 1323 dabit?
443 1290 478 1331 6,
502 1293 538 1332 2,
564 1292 609 1324 27
638 1291 686 1323 Ν.
713 1301 760 1322 cr.
787 1297 819 1322 et
850 1292 885 1324 S.
934 1302 1025 1333 quae
1052 1290 1212 1324 oculis
1239 1290 1302 1324 vel
1333 1289 1534 1324 auribus
1565 1289 1688 1327 incur-

185 1342 266 1370 sant
293 1338 351 1378 10,
375 1337 410 1378 3,
435 1336 491 1369 28.
541 1346 633 1379 quae
658 1335 771 1368 oculis
807 1335 858 1379 (S
864 1349 898 1379 p.
932 1335 1089 1378 morbis)
1122 1337 1312 1370 medentur
1349 1341 1386 1370 et
1417 1335 1629 1372 vuum-ibus
1654 1339 1687 1380 1,

186 1385 243 1425 10,
271 1383 294 1417 6
324 1384 360 1415 S.
391 1392 433 1415 ea
457 1379 526 1414 sibi
549 1381 731 1414 narrari
754 1391 828 1414 non
852 1381 1056 1424 exprimi
1081 1386 1117 1414 et
1140 1381 1299 1415 oculis
1325 1381 1506 1416 mentis
1531 1387 1688 1417 osten-

184 1429 227 1462 di
253 1430 288 1472 8,
316 1430 351 1471 3,
379 1428 438 1465 62.
463 1437 540 1461 rem
563 1432 750 1470 utramque
774 1427 875 1461 velut
907 1426 1105 1469 subjicit
1128 1426 1290 1460 oculis
1313 1432 1349 1460 et
1371 1426 1504 1470 pariter
1527 1434 1689 1463 osten-

185 1475 256 1509 dit
278 1475 313 1517 8,
340 1477 374 1516 3,
399 1475 456 1509 79.
482 1473 529 1514 cs.
554 1476 588 1513 2,
614 1474 670 1513 18,
698 1476 731 1506 2.
757 1473 791 1510 6.
817 1474 850 1514 3,
880 1473 937 1506 38.
964 1473 998 1513 ε)
1021 1476 1182 1512 Accusat.
1209 1471 1247 1516 a)
1271 1482 1340 1519 ego
1369 1478 1468 1507 certe
1494 1473 1582 1508 mibi
1605 1486 1688 1510 cer-

182 1533 271 1556 nere
291 1520 423 1556 videor
444 1521 614 1554 oculos
641 1524 678 1553 et
699 1520 879 1554 vultum
909 1526 969 1552 etc.
1008 1519 1042 1560 8,
1068 1520 1102 1560 3,
1131 1518 1189 1552 65.
1238 1517 1577 1557 cornicumoculos
1601 1531 1688 1555 con-

181 1568 261 1602 fixit
288 1568 323 1610 8,
348 1569 382 1609 3,
408 1569 465 1600 22.
512 1565 611 1599 oculi
635 1565 859 1600 diversarum
882 1569 1027 1608 aspectu
1050 1575 1171 1598 rerum
1203 1563 1317 1610 magis
1348 1565 1554 1599 detinentur
1587 1567 1622 1611 9,
1649 1570 1686 1613 2,

170 1611 240 1649 ‘'63.
288 1624 345 1648 oc.
370 1613 408 1646 in
434 1619 565 1646 terram
593 1611 722 1645 defixis
752 1614 807 1649 11,
833 1613 867 1653 3,
894 1612 972 1645 158.
1020 1609 1244 1644 coturnicum
1275 1611 1403 1644 oculos
1438 1617 1623 1647 eruentem
1649 1616 1686 1657 5,

181 1662 217 1703 9,
242 1662 297 1694 13.
347 1660 473 1693 oculos
499 1659 657 1692 formant
681 1657 903 1701 aliquatenus
932 1655 1162 1700 (supercilia)
1203 1659 1260 1698 11,
1289 1658 1324 1698 3,
1347 1658 1406 1691 78.
1454 1657 1487 1691 si
1518 1669 1584 1705 per
1618 1659 1687 1693 ali-

182 1719 251 1787 ‘11:2¹5'
253 1709 770 1794 m0330¹31¹¹t53³z¹23212522¹3⁸
786 1705 1003 1794 333⁰}ss
1026 1703 1090 1783 ¹0⁶5.
1123 1700 1523 1799 ssssmfflffirfffffl?
1542 1706 1619 1786 13¹²
1643 1707 1686 1795 „³5

180 1805 220 1833 ut
246 1810 388 1843 semper
411 1798 456 1831 in
483 1803 666 1842 promtu
691 1796 762 1830 sint
786 1801 823 1830 et
847 1801 958 1830 ante
983 1796 1149 1829 oculos
1172 1796 1208 1838 8,
1235 1795 1294 1829 Pr.
1325 1795 1383 1830 28.
1412 1794 1458 1844 qil
1489 1796 1594 1839 9,·'2,
1628 1799 1687 1832 33.

180 1852 273 1880 totas
299 1856 430 1880 causae
453 1844 552 1879 vires
580 1849 692 1877 ante
718 1853 781 1876 oc.
805 1847 916 1886 ponat
938 1842 973 1885 6,
999 1844 1033 1884 1,
1058 1844 1113 1875 11.
1154 1840 1199 1882 ‹ff-
1226 1843 1259 1884 1,
1286 1843 1343 1884 12,
1373 1842 1428 1876 18.
1462 1841 1498 1884 6,
1527 1845 1561 1885 1,
1587 1846 1620 1878 1.
1648 1845 1684 1886 8,
1719 1860 1721 1862 ·

180 1895 216 1936 3,
242 1893 299 1927 81.
325 1894 383 1934 10,
408 1893 443 1932 2,
469 1891 527 1927 26.
574 1888 769 1933 propositis
795 1894 904 1923 ante
931 1898 993 1922 oc.
1019 1886 1184 1922 omnibus
1210 1889 1270 1930 12,
1289 1889 1326 1930 8,
1352 1889 1418 1930 15;
1446 1895 1579 1923 certa
1603 1895 1687 1924 sunt

179 1940 373 1984 pleraque,
411 1943 466 1981 et,
499 1935 567 1970 nisi
596 1935 876 1979 conniveamus,
912 1933 963 1968 in
988 1935 1158 1968 oculos
1196 1933 1452 1967 incurrunt
1481 1936 1540 1978 10,
1569 1936 1605 1979 3,
1638 1935 1685 1970 16
1711 1960 1714 1963 -

179 1999 214 2020 v.
242 1987 459 2026 Incurr03
495 1984 583 2025 Illa,
621 1988 662 2016 ut
687 1981 765 2016 Cic.
793 1981 860 2025 ait,
903 1981 988 2015 sub
1015 1981 1181 2015 oculos
1208 1979 1383 2023 subjectio
1405 1981 1442 2022 9,
1465 1983 1502 2023 2,
1527 1979 1586 2017 40.
1634 1981 1685 2022 si-

180 2031 332 2079 gnandis
357 2031 466 2064 rebus
491 2040 534 2063 ac
560 2029 641 2062 sub
668 2039 735 2062 oc.
761 2026 821 2070 (α.
848 2031 871 2061 1.
908 2025 1051 2068 oculis)
1085 2025 1317 2070 subjiciendis
1352 2026 1406 2069 8„
1422 2026 1460 2070 6,
1497 2025 1561 2062 19.’
1600 2027 1683 2061 sub—
1727 2033 1728 2064 ζ

180 2077 309 2112 stantia
335 2078 412 2121 ejus
437 2076 520 2110 sub
545 2085 610 2109 oc.
634 2074 736 2110 venit
756 2077 795 2117 7,
819 2076 854 2117 2,
888 2073 921 2108 5.
958 2072 1003 2114 cs.
1041 2073 1076 2116 5,
1111 2074 1147 2116 9,
1185 2070 1240 2105 14.
1286 2071 1366 2106 tolli
1398 2082 1541 2106 manum
1576 2084 1684 2117 supra

180 2126 306 2158 oculos
332 2126 389 2166 11,
419 2125 455 2166 3,
479 2124 558 2155 112.
607 2119 643 2162 ζ)
667 2123 803 2158 Λῠῖατ..·
843 2125 884 2154 nt
910 2119 1006 2153 aliud
1029 2130 1141 2160 voce,
1178 2117 1273 2152 aliud
1300 2117 1416 2152 oculis
1440 2123 1632 2164 agatur-J,
1650 2122 1684 2163 1,
1726 2129 1728 2136 ⁴

178 2170 236 2206 34.
285 2180 435 2204 cernere
460 2167 574 2202 oculis
599 2179 641 2201 ac
663 2172 870 2211 praesentes
897 2166 1031 2200 habere
1052 2166 1087 2207 6,
1112 2167 1147 2208 2,
1170 2165 1228 2200 29.
1277 2164 1309 2199 si
1339 2174 1415 2198 uon
1445 2176 1684 2212 argumen-

178 2217 244 2251 tis
273 2217 336 2251 sed
362 2215 516 2250 oculis
545 2214 847 2258 deprehendenda
874 2218 957 2246 sunt
984 2216 1020 2256 7,
1046 2214 1081 2254 2,
1104 2209 1139 2244 4.
1196 2210 1400 2245 animalium
1429 2209 1503 2258 ira,
1536 2211 1682 2254 laetitia,

178 2263 335 2297 adulatio
359 2261 474 2296 oculis
498 2259 778 2304 deprehenditur
801 2262 858 2302 11,
883 2261 917 2302 3,
942 2259 999 2294 66.
1046 2259 1137 2291 haec
1175 2257 1284 2300 (vox)
1317 2256 1434 2291 minus
1468 2257 1680 2300 auribus,

179 2322 286 2354 quam
314 2308 479 2348 ocmlis
504 2307 566 2341 illa
589 2305 769 2349 (species)
794 2304 1016 2352 dignoscitur
1043 2306 1088 2336 il».
1115 2304 1171 2337 18.
1219 2301 1418 2337 acrioribus
1445 2313 1502 2337 oc.
1528 2303 1682 2347 intuenti

178 2359 200 2390 2
237 2359 281 2389 10
317 2356 351 2390 6.
376 2367 410 2388 v.
439 2356 604 2388 lntueo
615 2364 643 2386 r.
690 2357 731 2386 ut
756 2351 863 2385 facile
888 2357 960 2396 atq.
986 2349 1150 2384 distincte
1174 2349 1276 2393 pueri
1309 2347 1439 2393 scripta
1473 2349 1589 2383 oculis
1621 2359 1682 2384 se-

177 2382 451 2489 qjiiapgur7Q1}
475 2399 511 2435 4.
560 2409 702 2442 semper
724 2397 761 2432 id
784 2397 834 2432 in
860 2408 927 2432 oc.
955 2397 1102 2440 habere,
1127 2396 1171 2430 de
1195 2406 1268 2440 quo
1296 2394 1479 2448 quaeritur
1499 2395 1536 2439 6,
1557 2394 1595 2439 4,
1621 2397 1677 2430 13.

179 2461 197 2480 c
214 2470 224 2480 .
295 2474 305 2491 ‚
357 2473 367 2490 ,
440 2471 449 2480 .
1531 2455 1539 2466 ⁸
1646 2471 1652 2481 .

133 2504 236 2546 Odi·
282 2515 435 2559 quinon
461 2519 662 2557 metuat,
689 2511 863 2554 oderit,
898 2515 1062 2555 speret
1085 2513 1120 2553 7,
1141 2512 1177 2553 2,
1200 2511 1257 2547 37.
1284 2508 1336 2543 sic
1354 2504 1679 2556 objurgant,‘q·uasi

180 2561 322 2595 oderint
348 2564 382 2602 2,
406 2565 444 2604 2,
468 2565 503 2595 7.
547 2557 790 2602 hoc(vu11u)
825 2558 949 2602 quosd.
978 2567 1192 2599 amamus,
1233 2556 1305 2590 hoc
1339 2555 1522 2589 odimus
1555 2556 1612 2597 11,
1643 2555 1677 2594 3,

177 2610 223 2642 72
248 2608 295 2640 Ν.
343 2609 456 2641 malos
484 2606 604 2641 odisse
631 2609 687 2649 11,
714 2609 746 2648 1,
781 2603 841 2639 42.
889 2604 949 2637 od.
982 2601 1166 2646 improbos
1202 2603 1260 2644 12,
1292 2605 1328 2646 7,
1355 2603 1390 2636 3.
1439 2599 1556 2634 oderit
1584 2601 1679 2634 hanc

179 2652 287 2686 animi
311 2653 382 2686 mei
407 2652 650 2687 infirmitatem
677 2653 711 2695 6,
729 2653 788 2685 Pr.
817 2649 852 2684 4.
881 2660 927 2683 ne
942 2649 1072 2693 justum
1097 2647 1185 2692 (Sp.
1204 2648 1260 2692 jus
1281 2646 1459 2690 nostrum)
1482 2645 1624 2681 oderint
1639 2644 1674 2698 4,

178 2701 213 2742 3,
239 2700 284 2732 10
306 2702 349 2731 Ζ.
398 2709 443 2732 ne
469 2699 585 2732 studia
605 2718 653 2724 —
677 2696 838 2731 oderit
862 2698 919 2734 11.
951 2698 985 2738 1,
1010 2695 1068 2730 50.
1092 2707 1126 2728 v.
1150 2693 1270 2728 Amo.
1320 2695 1405 2728 Non
1424 2693 1533 2727 immo
1558 2692 1674 2725 oderit

178 2756 281 2779 reum
303 2744 414 2780 verba
442 2743 699 2788 aucupantem?
735 2746 792 2786 11,
825 2745 860 2785 1,
889 2742 945 2777 50.
973 2753 1006 2775 v.
1031 2740 1199 2777 Faveo.
1702 2780 1711 2794 v

134 2788 338 2832 Odiosus·
373 2800 405 2842 Ι)
425 2803 450 2834 ἰ.
471 2814 501 2845 q.
529 2804 568 2834 in
580 2804 650 2834 vis
662 2813 708 2834 us
720 2815 730 2834 .-
759 2805 815 2834 est
825 2798 951 2834 odiosa
963 2796 1259 2842 omnissupinitas
1271 2798 1331 2839 11,
1344 2796 1471 2838 3,122.
1496 2804 1579 2828 cum
1597 2795 1670 2828 lae-
