1728 3002
136 261 219 303 772
687 256 854 316 Regina
878 282 934 290 —-·
962 257 1131 302 Relatio

182 378 258 417 rat,
295 372 443 407 scholae
466 373 507 415 3,
534 372 578 416 6,
603 370 649 407 59
673 372 720 407 Ν.
755 385 790 408 υ.
818 373 1222 419 Commentarius;
1266 374 1440 413 invidiam
1475 385 1618 421 omnem
1640 374 1681 411 in

181 432 263 455 eum
285 423 468 467 regereret
493 421 550 462 11,
575 420 610 463 1,
637 421 696 454 22.

137 464 317 522 Regina.
357 476 482 524 regina
505 475 683 512 Berenice
705 475 743 521 4,
768 479 803 521 1,
827 477 895 522 19;
919 488 951 512 r.
975 476 1135 513 omnium
1157 489 1280 513 rerum
1306 478 1423 514 oratio
1447 481 1481 524 1,
1506 481 1564 523 12,
1587 479 1648 515 18-

135 532 287 588 Regio·
334 544 502 591 regiones
537 543 645 578 etiam
677 544 841 589 personis
867 546 1091 592 applicantur
1114 545 1159 590 4,
1187 549 1230 592 1,
1254 549 1311 583 30.
1333 546 1522 595 regionum
1543 558 1588 582 ac
1610 546 1682 580 flu‘-

177 592 312 624 minum
338 591 476 636 proprii
500 589 617 635 (venti)
643 593 701 634 12,
726 593 783 636 10,
807 592 865 628 67.
887 593 1096 640 regionibus
1122 593 1229 628 etiam
1254 594 1408 628 discreta
1434 598 1518 628 sunt
1541 594 1681 636 (genem

177 637 339 682 piscium)
364 638 408 681 5,
436 640 502 681 10,
534 640 592 671 21.
627 637 757 672 fallunt
790 639 904 673 verba
926 639 1131 687 regionibus
1155 639 1273 686 (oppt.
1302 641 1406 676 Godd.
1427 638 1682 688 religionibus)

179 682 344 728 quibusd.
368 683 482 731 magis
505 682 694 718 familiaria
720 685 762 728 8,
786 687 833 728 2,
861 687 903 720 13
929 687 977 720 Ν.
1005 699 1051 720 cr.
1080 693 1111 720 et
1137 687 1172 720 S.

133 725 301 785 Regno.
346 751 500 788 regnare
522 739 572 774 in
595 740 737 785 judiciis
765 744 829 785 10,
855 745 897 785 1,
933 746 1020 786 1123
1055 742 1294 789 (eloquentia)
1316 742 1376 777 hic
1402 753 1451 777 re
1495 746 1591 785 nat,
1617 740 1679 776 hic

178 786 401 868 irgnperat,
432 787 492 822 hic
519 788 596 822 sola
622 787 788 824 vincit
814 792 850 832 7,
873 788 908 833 4,
931 788 990 824 24.
1019 800 1172 837 regnare
1199 789 1360 824 maxime
1386 799 1446 823 mo
1472 800 1533 823 um
1559 790 1616 832 11,
1642 788 1679 832 3,

131 875 342 934 Regnum·
391 900 438 924 an
461 867 613 937 regnum
635 891 777 926 affectet
799 891 957 927 Manlius
981 895 1023 936 7,
1046 895 1088 932 2,
1111 894 1148 927 2.
1175 891 1223 936 5,
1243 891 1288 936 9,
1315 893 1370 927 13.
1403 890 1507 945 regni
1534 889 1680 925 affecta-

176 942 295 970 torem
325 937 368 979 5,
395 939 461 979 13,
484 938 542 971 24.
578 937 619 972 C.
650 937 795 973 Caesari
823 940 1014 973 suadentes
1043 949 1248 986 regnum
1269 938 1557 990 affirmebnnus„
1584 942 1680 971 stare

175 983 247 1035 jam
270 994 397 1036 remo„
421 983 493 1017 nisi
516 994 590 1018 uno
614 991 775 1038 regente,
798 996 874 1020 non
896 996 1016 1030 posse.
1063 986 1154 1019 Nam
1165 983 1240 1039 ’qui
1261 985 1308 1019 de
1330 995 1380 1020 re
1406 983 1679 1063 neiarjdzattig

174 1029 340 1118 {5327
358 1030 972 1124 ¹1‘ir.{⁰{{¹.1”3q3¹a¹35‘i1²50‘¹¹0¹3n{?323t
995 1043 1102 1112 {¹1:¹53
1121 1041 1679 1124 332³1¹R2¹2m2352⁰33⁶⁵f¹12„19.

131 1117 266 1176 Rego·
313 1138 415 1178 reget
439 1133 589 1168 consilia
613 1137 655 1177 1,
682 1137 750 1179 10,
778 1136 812 1170 3.
849 1135 895 1177 cs.
922 1139 985 1179 12,
1006 1139 1046 1179 1,
1070 1135 1127 1170 26.
1158 1136 1250 1170 haec
1283 1132 1527 1180 eloquentiam
1547 1136 1677 1180 regunt

176 1179 211 1220 6,
239 1181 276 1220 2,
304 1177 327 1212 4
351 1180 399 1213 Ν.
423 1179 480 1215 vis
508 1182 751 1227 regendorum
774 1182 932 1215 omnium
955 1199 1000 1206 —
1023 1181 1110 1216 belli
1131 1202 1179 1208 —
1197 1180 1306 1216 maris
1329 1183 1364 1224 3,
1389 1184 1426 1223 7,
1448 1181 1483 1215 8.
1510 1177 1580 1214 1ιίιί
1600 1187 1676 1211 uno

174 1229 322 1270 regente
348 1227 383 1267 3,
411 1226 445 1267 8,
474 1224 542 1269 47;
571 1239 663 1271 quae
691 1228 844 1262 consilio
871 1233 1045 1274 reguntur
1071 1227 1159 1271 (edd.
1187 1230 1270 1262 Cic.
1300 1225 1486 1272 geruntur)
1511 1224 1546 1266 5,
1571 1222 1628 1266 14,
1652 1226 1676 1258 7

174 1270 222 1303 N.
250 1283 297 1302 cr.
330 1280 458 1315 regere
493 1273 653 1306 consiliis
687 1274 796 1307 urbes
827 1275 886 1307 Pr.
918 1277 973 1308 10.
1007 1286 1037 1308 r.
1073 1273 1232 1307 consiliis
1267 1279 1430 1307 senatum
1459 1274 1503 1315 2,
1527 1270 1591 1312 16,
1617 1269 1674 1304 19.

136 1324 139 1325 ’
175 1326 320 1348 manum
354 1327 452 1349 suam
483 1328 591 1350 manu
629 1318 902 1362 superimposita
937 1319 1095 1366 regentis
1130 1322 1172 1361 1,
1197 1321 1239 1361 1,
1263 1322 1320 1353 27.
1366 1330 1413 1352 an
1448 1315 1676 1362 providentia

175 1366 319 1407 regatur
342 1363 495 1396 mundus
519 1366 561 1405 7,
587 1366 608 1396 2
625 1389 636 1404 ,
661 1368 696 1397 2.
733 1376 766 1398 υ.
794 1364 1120 1399 Providentia.
1158 1363 1302 1408 (resp.),
1334 1375 1424 1407 quae
1453 1361 1579 1407 populi
1609 1368 1673 1395 eic-

175 1412 352 1450 potestate
379 1414 590 1454 regerentur
614 1410 655 1451 5,
685 1411 747 1452 10,
775 1410 832 1445 65.
861 1411 983 1454 plures
1007 1411 1234 1454 eloquentiae
1257 1408 1392 1452 facies,
1421 1409 1486 1444 sed
1509 1406 1676 1442 stultissi-

174 1464 273 1486 mum
300 1465 497 1497 quaerere,
523 1456 578 1488 ad
602 1466 708 1499 quam
736 1467 775 1490 se
800 1462 964 1490 recturus
989 1456 1035 1490 sit
1059 1462 1182 1490 orator
1208 1458 1265 1499 12,
1291 1457 1347 1498 10,
1372 1456 1431 1490 69.

130 1495 382 1554 Regredior-
418 1512 463 1544 ad
486 1511 696 1547 formandos
721 1513 860 1547 animos
882 1512 1040 1560 regressi
1061 1515 1121 1548 Pr.
1146 1511 1203 1548 14.
1225 1512 1369 1560 regredi
1390 1510 1458 1557 (a.
1479 1515 1505 1547 1.
1528 1509 1677 1555 redire)

175 1555 286 1590 inid
312 1559 367 1599 10,
395 1557 438 1600 6,
463 1559 486 1592 5
511 1570 542 1592 υ.
569 1558 839 1605 Digredior.

128 1598 374 1695 Regrestsig·
392 1613 530 1695 ἐξὲξ.)
564 1610 800 1651 ἐπάνοδος
830 1615 962 1650 dicitur
986 1615 1147 1660 Graece,
1179 1613 1298 1649 nostri
1322 1611 1677 1661 regressionem

172 1670 292 1694 vocan
356 1686 366 1703 ,
416 1687 426 1703 ‚
498 1685 508 1694 .

129 1702 308 1761 Regula·
352 1728 422 1750 nec
447 1717 633 1751 abnuerim
667 1722 858 1762 tegulae
890 1718 1110 1766 regulaeque
1141 1723 1179 1752 et
1212 1717 1380 1752 similium
1412 1715 1469 1750 his
1498 1714 1675 1750 rationem

177 1765 210 1804 1,
235 1763 271 1806 6,
295 1763 340 1797 33
361 1764 409 1797 Ν.
435 1764 607 1808 loquendi
629 1775 659 1798 r.
687 1769 720 1808 1,
744 1769 779 1808 7,
807 1767 839 1800 1.
866 1766 1052 1799 emendate
1079 1764 1253 1809 loquendi
1266 1775 1298 1798 r.
1323 1766 1357 1807 1,
1378 1763 1413 1806 5,
1431 1765 1466 1796 1.
1485 1772 1516 1796 r.
1534 1771 1675 1796 sermo-
1705 1775 1707 1779 ·

172 1808 230 1841 nis
254 1812 297 1851 1,
325 1809 368 1853 6,
393 1808 451 1854 44,
477 1816 516 1844 ut
544 1821 695 1854 quorum
723 1811 924 1855 (verborum)
949 1810 1146 1845 certissima
1169 1810 1215 1845 sit
1241 1819 1333 1855 reg.
1355 1809 1396 1843 in
1419 1818 1597 1842 consue
1608 1812 1675 1840 tu-

175 1854 281 1889 dine
307 1857 363 1899 10,
388 1859 423 1899 2,
453 1858 515 1898 13;
543 1858 796 1891 secundum
819 1869 1045 1892 communem
1068 1856 1186 1902 potius
1213 1855 1387 1901 loquendi
1414 1857 1672 1889 consuetu-

174 1900 350 1944 dinem,
375 1913 481 1946 quam
506 1902 620 1946 ipsam
647 1903 808 1938 veritatis
835 1915 931 1951 reg.
961 1906 1023 1946 11,
1053 1906 1091 1946 1,
1121 1905 1175 1937 12.
1211 1903 1265 1936 ad
1295 1903 1442 1949 legem
1472 1911 1515 1935 ac
1538 1908 1672 1952 regu-

170 1947 259 1980 lam
286 1948 523 1992 compositum
552 1960 630 1983 esse
658 1952 723 1992 12,
749 1952 816 1993 10,
842 1951 899 1985 50.
928 1949 1041 1983 locuti
1064 1953 1147 1983 sunt
1174 1949 1230 1982 ad
1254 1948 1350 1982 hanc
1380 1956 1476 1993 reg.
1504 1951 1541 1980 et
1563 1945 1673 1979 ‹1111-

173 1993 389 2039 gentiam
414 1995 460 2038 9,
484 1995 526 2038 4,
548 1994 594 2038 4;
621 1995 768 2030 dubium
793 1995 888 2040 (jus)
913 1997 1039 2043 reguis?⁴
1063 1994 1341 2030 examinandum
1368 1999 1423 2028 est
1447 1994 1504 2035 12,
1526 1993 1562 2035 3,
1585 1991 1622 2026 6.

126 2034 338 2092 Rejectio.
385 2051 451 2095 rej.
474 2050 512 2085 in
538 2053 646 2086 alium
673 2052 753 2096 (fig.
785 2066 840 2097 ap.
871 2052 975 2097 Cic.)
999 2054 1042 2096 9,
1068 2055 1110 2095 1,
1135 2053 1194 2086 30.
1209 2053 1332 2088 §.velut
1355 2048 1552 2094 rejectione
1574 2047 1670 2082 facta

171 2096 221 2151 afl-
240 2096 412 2151 optimum
435 2099 628 2143 pervenire
654 2102 689 2142 7,
715 2102 750 2143 1,
773 2099 821 2134 34
843 2100 893 2133 N.

126 2138 307 2194 ROJICIO·
347 2152 381 2196 Ι)
407 2158 562 2199 proprie.-
596 2161 672 2190 tum
698 2156 797 2190 sinus
823 2155 1127 2201 injiciendus
1155 2154 1328 2197 humere,
1353 2153 1454 2196 cujus
1470 2155 1684 2204 extr-emam-

169 2208 270 2231 oram
297 2210 371 2234 non
395 2201 643 2245 rejecisse
668 2214 744 2236 non
776 2204 926 2237 dedecet
951 2205 1019 2245 11,
1047 2203 1088 2244 3,
1114 2200 1193 2235 140.
1222 2200 1452 2245 rejicere>
1474 2209 1495 2232 a
1522 2202 1668 2231 smlstro

169 2249 314 2290 togam,
350 2252 385 2281 et
409 2246 440 2280 si
467 2249 634 2291 haereat,
666 2249 871 2291 dejicere
903 2248 1019 2283 sinum
1051 2250 1096 2281 ilv-
1129 2245 1208 2281 144.
1242 2247 1378 2291 rejecta
1409 2244 1462 2278 in·
1479 2245 1670 2278 humerum

168 2296 254 2336 toga
285 2294 330 2325 ib.
368 2295 447 2327 131.
496 2293 540 2334 cf.
581 2294 668 2337 164;
716 2295 859 2329 interim
903 2296 1005 2330 velut
1039 2292 1142 2337 rejici
1185 2294 1279 2327 solet
1315 2289 1550 2342 (gestusQib.
1584 2287 1666 2342 305.

170 2336 364 2415 glkiransl.
378 2353 389 2372 .-
414 2339 567 2384 facilius,
592 2341 689 2385 quod
713 2341 874 2385 rejici,
899 2351 1005 2385 quam
1031 2340 1128 2384 quod
1152 2339 1227 2382 adj
1242 2337 1312 2372 ici
1336 2336 1462 2382 possit,
1480 2337 1669 2371 invement

194 2406 203 2421 ‚
229 2405 237 2414 -
255 2408 262 2417 .
288 2384 323 2417 5.

124 2422 307 2468 Relatio·
362 2438 406 2483 I)
430 2444 566 2485 proprie
589 2445 613 2476 i.
640 2457 671 2488 q.
701 2445 940 2477 reductio:
966 2440 1075 2486 [quae
1104 2438 1344 2486 (membranae)
1369 2439 1496 2474 crebra
1518 2433 1666 2471 relatio—

167 2494 234 2525 ne,
269 2487 386 2528 quoad
411 2486 633 2533 intinguntur
655 2489 805 2532 calami,
837 2494 1021 2522 morantur
1044 2499 1187 2522 manum
1210 2486 1288 2531 (sic
1318 2487 1371 2520 ed.
1402 2487 1496 2528 Sp.,-
1522 2493 1556 2515 v.
1581 2481 1667 2516 lle-⁶

167 2528 325 2573 fictio)
352 2534 416 2575 10,
442 2535 485 2575 3,
510 2536 552 2567 31
580 2537 626 2568 N.
653 2549 700 2568 cr.
728 2543 758 2568 et
784 2533 837 2578 s.]
886 2532 943 2578 11)
965 2536 1031 2577 fig.
1057 2547 1114 2578 ap.
1143 2536 1228 2568 cic.
1254 2532 1305 2576 (a.
1330 2536 1352 2566 1.
1379 2528 1463 2584 qm.)
1486 2527 1522 2568 9.
1547 2528 1581 2567 1.
1605 2525 1663 2562 35.

166 2574 376 2628 relation'em
404 2579 490 2622 quid
520 2580 633 2624 accipi
661 2581 751 2616 velit
775 2579 904 2624 (Cic.)
935 2591 1009 2614 non
1039 2579 1215 2626 intelligo.
1261 2579 1352 2612 Nam
1374 2587 1404 2628 ε]
1429 2569 1663 2616 vacuarunt,

167 2625 228 2651 aut
252 2620 445 2665 ἐπανοὸον,
477 2631 537 2658 aut
561 2621 857 2671 α’ντιμεταβολὴν
881 2626 991 2670 dicit,
1029 2627 1073 2660 de
1097 2625 1263 2660 omnibus
1287 2625 1398 2656 locuti
1422 2628 1542 2652 sumus
1565 2619 1600 2661 9,
1625 2619 1663 2663 3,

164 2664 234 2706 973
266 2668 549 2709 amplificationis
576 2683 690 2718 genus
713 2684 762 2706 ex
785 2672 961 2706 relatione
989 2673 1045 2706 ad
1074 2671 1210 2716 aliquid
1233 2671 1276 2711 8,
1299 2667 1345 2710 4,
1373 2668 1432 2699 21·
1477 2663 1551 2707 ῙῙῘ)
1574 2667 1599 2698 ἱ·
1628 2678 1660 2709 11·

165 2715 393 2762 narratio:
422 2715 514 2749 bene
540 2728 560 2750 a
591 2729 733 2762 quoque
759 2718 937 2752 dictorum
959 2719 1026 2752 rel.
1051 2720 1086 2759 2,
1112 2721 1148 2759 7,
1170 2714 1206 2750 4.
1231 2721 1417 2764 causaan
1443 2721 1474 2763 1:-
1496 2710 1531 2764 63
1549 2711 1584 2753 3,
1600 2713 1658 2745 77·

164 2765 195 2788 r.
220 2762 428 2807 mentorum
452 2759 496 2801 4,
525 2764 544 2794 1
559 2787 570 2803 ‚
597 2765 654 2796 13.
688 2768 894 2797 nostrorum
924 2763 1103 2797 dictorum
1123 2763 1371 2802 factorumque
1395 2761 1548 2809 mutatio
1576 2767 1661 2809 per

164 2801 458 2854 relatlopem
477 2807 519 2848 9,
543 2809 590 2848 2,
614 2809 678 2849 59;
716 2809 875 2844 novitate
902 2819 945 2842 ac
974 2808 1150 2842 varietate
1175 2803 1307 2852 magis,
1347 2813 1452 2848 quam
1476 2814 1508 2837 81
1532 2803 1659 2838 relano

89 2863 98 2868 -
164 2846 217 2890 (a.
237 2850 261 2881 1.
287 2846 407 2891 elano)
432 2850 477 2884 sit
499 2857 617 2895 recta,
643 2854 796 2888 delectat
817 2857 860 2887 ih.
886 2854 932 2888 66
956 2855 1005 2894 Ν.
1032 2866 1080 2886 cr.
