1728 3002
534 148 774 206 Coopertus
804 172 859 180 -—
891 146 1056 206 Copula
1411 199 1417 207 f
1488 148 1567 186 183

175 262 281 299 ms,
319 264 448 302 numu·
469 264 581 311 φω.
604 268 773 309 wopau.
796 262 947 309 punctum
967 264 1003 307 a,
1027 264 1062 307 s,
1085 262 1143 301 66.

28 305 178 372 copla-
224 323 260 369 Ι)
283 325 329 359 de*
348 325 516 366 ubertate,
540 323 698 366 imprimis
723 322 876 355 diemdi:
918 318 959 362 a)
982 320 1044 355 ubi
1074 319 1215 365 copi·
1241 316 1461 363 probabilis,
1497 317 1558 353 ubi

71 370 236 411 modus
259 372 294 414 1,
314 369 352 412 8,
376 372 432 404 17.
460 367 671 405 brevitas
695 372 756 403 aut
779 366 913 412 copia
939 377 1012 401 non
1037 367 1206 400 materiae
1225 376 1357 412 genere
1382 364 1555 398 seduno-

72 418 133 453 do
154 421 294 452 constat
319 417 355 459 3,
383 414 420 459 8,
445 414 551 451 672.
586 425 619 448 v.
643 412 880 449 Brevitas.
925 418 963 447 et
989 412 1134 457 copia
1161 411 1268 447 habet
1295 411 1468 446 modum
1499 412 1555 453 12,

71 465 134 507 10,
159 463 219 499 79.
260 460 403 506 copis
435 461 611 496 modum
645 469 788 507 egressa
815 459 948 494 vitiosa
971 464 1027 494 est
1047 460 1088 502 8,
1111 459 1152 501 6,
1183 460 1228 494 16
1253 459 1302 493 Ν.
1341 461 1381 491 ut
1403 454 1449 491 sit
1472 466 1551 500 cop.

70 509 149 548 ina.
177 519 225 543 ex
250 518 320 552 qua
341 517 451 540 uuum
474 511 535 540 aut
556 506 706 540 alterum
728 504 886 541 efficiant
910 507 966 549 12,
989 507 1025 548 2,
1055 507 1110 539 12.
1150 505 1245 539 unde
1268 502 1401 547 copia
1426 513 1468 536 ac
1494 502 1552 535 fa-

71 554 235 589 cilitas
257 553 309 597 (a.
336 557 360 587 1.
383 551 554 597 saunitas)
579 551 735 586 maxime
758 551 879 587 veniat
905 553 968 596 10,
992 552 1032 594 5,
1058 553 1098 595 13
1136 550 1262 595 copiae
1285 549 1411 586 vitimn
1436 550 1492 592 10,
1520 550 1553 590 1,

6 632 11 637 .
65 601 114 637 62
145 601 219 645 Ν.,·
262 599 322 633 det
347 598 433 632 mihi
459 597 497 632 in
519 599 721 642 eloquendo
745 598 894 632 eandem
923 597 1301 638 iucunditatem,
1328 605 1451 640 parem
1476 605 1553 628 co-

65 646 183 691 piam
206 648 262 689 12,
287 647 344 688 10,
367 645 424 679 35.
455 643 640 681 effinxisse
660 643 751 679 vim
775 643 1047 684 Demosthenis,
1074 643 1256 687 copiam
1279 640 1460 684 Platonis,
1485 641 1550 683 ju-

67 691 351 727 cunditatem
378 690 543 724 isocratis
569 692 624 732 10,
648 693 683 734 1,
709 691 787 725 108.
816 689 983 725 electuris
1002 701 1096 734 «puae
1111 690 1236 723 volent
1258 688 1425 722 facienda
1448 687 1550 731 copia

17 772 21 778 ,
67 739 137 776 cuit
160 740 195 780 3,
221 742 255 780 1,
279 738 335 774 22.
374 737 575 779 modum,
603 735 774 780 copiam
791 762 802 779 ,
837 747 1070 769 numerum
1094 743 1154 770 ete.
1180 733 1366 778 (manibus)
1390 733 1550 767 ostendi-

67 795 146 819 mus
170 786 233 826 11,
255 785 298 826 3,
320 783 385 824 86;
416 782 519 816 nobis
542 782 644 826 copia
665 793 748 817 cum
770 781 902 823 iudicio
923 782 1079 825 pur-uda
1099 787 1153 815 est
1184 783 1244 823 10,
1270 779 1313 823 1,
1340 781 1381 822 8;
1410 784 1450 813 ut
1473 789 1551 813 no-

65 827 213 866 vitate
239 828 414 871 excitant,
447 829 498 862 ita
522 828 654 872 copia
678 828 804 862 satiant
826 829 862 870 9,
886 830 920 870 3,
946 830 979 862 5.
1015 828 1098 861 dum
1122 828 1225 870 copia
1250 838 1322 861 non
1349 826 1549 860 redundent

64 873 292 919 (sententiae)
321 877 387 917 12,
414 877 477 916 10,
504 873 560 908 48.
601 875 778 907 modum
803 874 962 908 adhibuit
988 884 1060 907 non
1087 873 1268 920 ingratae,
1304 872 1373 906 nisi
1404 882 1458 905 co
1471 871 1549 916 pia

65 922 262 962 redundet,
300 921 476 964 voluptati
503 921 540 963 9,
564 922 586 953 3
626 919 682 955 74.
730 919 993 964 proprietas
1019 931 1130 964 penes
1160 919 1241 953 iuos
1270 916 1463 963 (Graecos)
1494 923 1547 951 est

63 967 215 1010 certior,
246 965 375 1010 copia
400 965 584 1000 vincamus
612 969 672 1009 12,
697 967 763 1009 10,
790 966 836 1000 36
859 967 905 1000 N.
930 965 1089 1008 vithun,
1123 966 1219 1010 quod
1242 975 1291 999 ex
1318 963 1422 1008 copia
1445 963 1546 998 venit

61 1015 97 1055 2,
120 1011 157 1055 4,
173 1011 209 1046 4.
236 1022 287 1046 ex
308 1011 443 1055 copia
465 1011 732 1046 satietatem
755 1012 851 1045 ferre
869 1013 904 1054 5,
930 1010 986 1055 14,
1010 1013 1066 1046 30.
1124 1011 1168 1058 β)
1193 1024 1221 1045 ο.
1247 1013 1371 1044 Aurib.
1404 1009 1443 1052 a)
1466 1011 1546 1043 Aa·

59 1060 173 1103 icem:
207 1056 474 1091 innumerabilis
497 1057 603 1102 copia
621 1059 662 1100 5,
688 1060 753 1101 10,
780 1060 856 1092 100.
898 1057 966 1091 alia
989 1067 1068 1101 cop.
1094 1058 1276 1101 locuples,
1308 1056 1377 1090 alia
1398 1055 1545 1089 floribus

60 1106 154 1138 laeta
171 1105 220 1146 8,
244 1105 285 1146 3,
307 1104 366 1138 87.
397 1102 598 1138 beatissima
623 1113 743 1138 rerum
764 1104 1029 1148 verborumque
1053 1114 1134 1148 cop.
1161 1106 1226 1147 10,
1254 1106 1296 1144 1,
1322 1103 1382 1137 61.
1417 1112 1546 1146 super-

61 1151 176 1183 fusam
198 1148 358 1183 humoris
380 1159 461 1193 cop.
488 1151 519 1192 1,
544 1151 579 1195 2,
604 1150 662 1184 28.
714 1149 749 1191 b)
778 1163 806 1183 c.
833 1150 965 1184 Gemit..-
996 1149 1209 1193 scriptorum
1234 1159 1312 1192 cop.
1341 1150 1397 1190 10,
1421 1150 1456 1190 1,
1479 1149 1543 1189 83;

60 1207 142 1240 cop.
164 1195 322 1230 Senecae
346 1197 402 1237 12,
427 1197 483 1238 10,
510 1197 564 1228 11.
595 1214 642 1222 -—
666 1195 816 1229 Romani
839 1195 1014 1229 sermonis
1037 1198 1074 1237 2,·
1099 1193 1155 1238 14,
1181 1197 1214 1229 1.
1247 1212 1292 1220 -
1317 1194 1460 1228 dicendi
1485 1194 1542 1228 Pr.

52 1244 118 1276 12.
149 1257 197 1266 --
217 1240 464 1284 cimmjectae
485 1240 658 1274 orationis
680 1239 716 1284 4,
733 1243 768 1283 2,
795 1243 873 1276 117.
911 1241 1043 1286 copia
1065 1242 1262 1277 verborum
1285 1245 1354 1285 atq.
1376 1239 1543 1283 impetu

11 2107 48 2151 C

10 2302 47 2343 (J

62 1290 127 1330 12,
153 1289 214 1329 10,
237 1285 296 1321 64.
343 1287 401 1320 De
425 1285 528 1330 copia
550 1287 742 1321 verborum
771 1291 832 1330 10,
861 1287 947 1332 Cap.
973 1291 1012 1330 1;
1050 1286 1543 1331 copiamanitoremque

59 1332 286 1378 eloquentiae
313 1333 391 1366 fere
419 1332 577 1366 defuisse
603 1335 666 1375 12,
691 1336 736 1375 2,
761 1336 819 1368 25.
855 1339 954 1368 tanta
977 1333 1014 1367 in
1038 1344 1084 1368 eo
1110 1333 1318 1369 inveniendi
1347 1332 1481 1375 copia
1508 1338 1545 1366 et

57 1378 251 1423 eloquendi
274 1378 475 1412 facultas
500 1381 555 1421 10,
581 1382 614 1422 1,
638 1380 694 1414 69.
727 1378 773 1420 cs.
800 1380 834 1422 5,
859 1381 914 1422 10,
940 1380 995 1414 51.
1022 1380 1217 1414 accedente
1239 1379 1431 1417 verborum
1455 1380 1543 1425 figu-

58 1435 247 1468 rarumque
269 1424 368 1457 facili
394 1424 496 1468 copia
523 1427 588 1467 12,
615 1426 655 1466 5,
683 1428 715 1458 1.
750 1425 920 1459 illis-non
943 1426 1137 1460 verborum
1161 1426 1289 1467 modo,
1317 1426 1380 1459 sed
1403 1426 1542 1471 lingua-

56 1482 136 1506 rum
161 1471 267 1505 etiam
291 1470 384 1504 inter
407 1481 447 1504 se
473 1470 707 1516 differentium
732 1481 812 1515 cop.
838 1477 893 1505 est
918 1474 983 1514 12,
1009 1474 1076 1514 10,
1099 1471 1169 1515 343
1204 1471 1344 1516 copiam
1368 1471 1544 1505 sermonis

57 1521 163 1562 auget
184 1518 219 1558 8,
242 1516 278 1558 6,
303 1517 336 1550 5.
364 1517 472 1550 domo
490 1517 617 1550 afferre
639 1522 796 1560 paratam
819 1517 962 1551 dicendi
987 1518 1126 1562 copiam
1147 1524 1184 1552 et
1207 1523 1339 1562 certam
1366 1519 1421 1561 10,
1445 1518 1480 1560 6,
1504 1519 1539 1551 6.

56 1569 198 1598 veteres
224 1562 331 1595 etiam
356 1561 474 1596 Latini
498 1563 687 1597 conferunt
710 1583 755 1589 ——
780 1562 816 1596 in
841 1563 963 1607 primis
990 1563 1130 1608 copiam
1154 1564 1346 1598 verborum
1375 1567 1414 1605 1,
1440 1565 1480 1605 8,
1505 1565 1541 1598 8.

55 1608 193 1652 copiam
213 1607 388 1642 sermonis
410 1607 532 1652 optimi
555 1619 798 1652 comparemus
824 1611 879 1652 10,
903 1612 937 1653 7,
962 1613 995 1644 7.
1026 1609 1128 1654 copia
1150 1611 1346 1644 verboriuu
1370 1609 1423 1643 sic
1436 1621 1541 1653 para-

53 1661 114 1688 tur
135 1655 193 1698 10,
214 1656 247 1696 1,
271 1653 326 1688 15.
362 1665 442 1687 cum
465 1664 579 1697 paene
601 1654 713 1698 ipsam
728 1655 920 1690 verborum
946 1656 1084 1699 copiam
1107 1661 1367 1700 persequantur
1392 1654 1541 1699 (manus)

57 1703 114 1742 11,
136 1702 171 1742 3,
194 1701 253 1734 85.
288 1699 418 1733 exhi»
439 1700 632 1734 verborum
657 1703 829 1734 sumenda
847 1701 948 1745 copia
973 1707 1026 1735 est
1054 1704 1108 1744 10,
1136 1706 1170 1744 2,
1199 1705 1238 1742 1;
1269 1702 1453 1735 abundare
1477 1703 1541 1736 ‹le-

56 1746 116 1787 bet
141 1746 530 1789 orator'exemplonnm
557 1745 661 1790 copia
694 1750 757 1787 12,
789 1746 830 1789 4,
866 1751 897 1781 1.
939 1759 1058 1781 rerum
1087 1748 1192 1792 copia
1221 1747 1348 1781 Graeci
1377 1753 1541 1781 auctores

55 1790 235 1824 abundant
259 1793 321 1834 10,
346 1790 388 1834 5,
413 1793 444 1826 3.
474 1790 519 1832 cs.
546 1795 587 1834 7,
614 1793 673 1825 Pr.
701 1796 732 1826 1.
775 1798 943 1837 tanquam
971 1793 1191 1828 inventionis
1219 1793 1322 1838 copia
1348 1801 1543 1840 urgeantur

59 1837 98 1870 11
114 1861 125 1878 ,
148 1837 195 1878 3,
217 1836 274 1871 56.
341 1837 393 1879 11)
421 1839 515 1871 Plur.
539 1839 582 1870 de
606 1841 771 1872 exercitu:
802 1839 921 1882 copias
944 1840 1158 1881 contrahere
1179 1845 1249 1884 atq.
1277 1838 1455 1874 insu-uere
1484 1844 1539 1882 12,

55 1883 92 1924 3,
117 1881 151 1916 5.
168 1880 305 1932 ‚copias
329 1881 512 1934 partientis
536 1883 581 1916 ad
607 1895 708 1918 casus
733 1883 951 1927 proeliorum
974 1888 1010 1927 7,
1036 1888 1097 1928 10,
1122 1887 1185 1928 133
1220 1890 1336 1919 transl.
1352 1901 1362 1919 :
1387 1886 1539 1920 circinn-

55 1926 246 1978 fluentllms
280 1929 437 1978 undique
461 1929 687 1972 eloquentiae
716 1929 829 1973 copiis
858 1929 934 1974 12,
957 1933 1023 1975 10,
1056 1932 1114 1966 78.
1160 1931 1282 1975 copias
1314 1933 1540 1975 eloquentiae

56 1972 158 2019 ponit
178 1982 218 2005 m
239 1972 357 2006 medlo
376 1974 411 2014 7,
436 1975 491 2015 10,
518 1974 572 2007 15.
605 1975 872 2019 exemplorum,
896 1977 1036 2023 legum,
1063 1988 1339 2021 responsorum,
1365 1977 1541 2011 (lictorum

54 2018 211 2062 denique
236 2017 481 2061 factorumque
505 2019 606 2052 velut
631 2021 755 2063 quasd.
781 2021 903 2065 copias
929 2021 1055 2057 eadem
1078 2022 1141 2058 ina
1169 2022 1373 2067 (memoriae)
1403 2023 1459 2058 vis
1482 2036 1540 2057 re-

54 2064 257 2109 praesentat
279 2066 337 2106 11,
360 2065 395 2106 2,
423 2065 466 2096 1.-

51 2110 211 2165 opius&
261 2119 353 2153 dicat
375 2118 571 2163 proprie
594 2124 631 2153 et
653 2119 838 2163 copiosa
867 2124 901 2164 1,
926 2120 963 2164 4,
988 2123 1021 2158 5.
1050 2122 1097 2164 cs.
1123 2127 1180 2165 12,
1208 2126 1264 2166 10,
1286 2127 1345 2158 71.
1378 2126 1420 2158 ad
1445 2137 1540 2172 gra-

55 2166 184 2203 viter
214 2165 510 2209 copioseque
543 2164 732 2198 dicendum
760 2168 824 2207 12,
851 2169 891 2209 2,
919 2169 976 2202 28.
1023 2169 1085 2211 qui
1110 2169 1200 2203 haec
1226 2180 1305 2214 cop.
1333 2173 1540 2207 tractaverit

57 2214 120 2255 10,
145 2213 185 2254 5,
210 2214 273 2254 12;
315 2210 544 2244 subtilius
571 2216 605 2245 et
630 2211 882 2254 copiosius
906 2211 1071 2247 divisisse
1092 2212 1129 2256 4,
1152 2216 1187 2256 5,
1212 2216 1271 2249 25.
1308 2216 1399 2251 haee
1421 2219 1539 2253 omnia
1598 2244 1603 2246 .

55 2257 236 2301 copiosius
259 2262 341 2291 sunt
364 2256 506 2291 executi
530 2258 574 2299 9,
598 2258 640 2299 3,
662 2257 727 2299 89,
767 2257 1011 2300 copiosissime
1035 2260 1137 2293 locus
1162 2265 1331 2294 tractatur
1352 2265 1392 2306 2,
1415 2264 1456 2307 4,
1480 2264 1541 2299 24.

50 2304 238 2358 opimus.
276 2315 313 2347 in
335 2315 485 2348 dicendo.
525 2311 564 2356 α)
589 2314 631 2346 de
651 2316 818 2355 personis.-
843 2319 897 2348 est
916 2316 1091 2359 quaedam
1113 2315 1281 2351 virtutum
1298 2317 1540 2367 vitionunque
1584 2326 1587 2329 '

56 2358 204 2401 vicinia,
231 2369 300 2402 qua
323 2359 510 2392 effusus
540 2369 604 2401 pro
628 2359 825 2402 copioso
849 2360 1020 2404 accipitur
1042 2364 1077 2404 2,
1104 2364 1161 2405 12,
1184 2361 1219 2398 4.
1252 2364 1442 2400 densior
1464 2369 1525 2403 ine

57 2404 117 2439 hic
140 2403 381 2447 copiosior
406 2404 443 2438 in
470 2405 671 2447 eloquendo
691 2409 723 2447 1,
747 2407 781 2447 1,
804 2406 881 2439 106.
926 2405 1077 2452 Gorgias
1097 2407 1134 2440 in
1154 2409 1226 2445 hoc
1247 2397 1537 2448 immodicus?

58 2460 141 2492 cop
150 2449 191 2483 io
205 2459 279 2482 sus
296 2450 471 2484 Isocrates
484 2449 553 2483 fuit
566 2451 601 2492 9,
614 2451 649 2493 3,
660 2450 716 2486 74.
735 2457 899 2484 oratores
909 2452 1126 2496 copiosiores
1142 2457 1196 2498 12,
1209 2456 1243 2498 5,
1255 2458 1288 2490 5.
1313 2455 1351 2501 ρ’)
1366 2460 1409 2492 ‹te
1423 2441 1537 2494 rebus.t

58 2497 266 2543 jejunum
291 2494 486 2539 copioso
509 2496 690 2530 diversum
715 2503 768 2530 est
792 2500 826 2540 ὅ,
851 2499 885 2539 3,
912 2498 968 2533 49.
1003 2498 1184 2545 ingenium
1210 2501 1371 2537 facile
1399 2511 1435 2538 et
1465 2518 1538 2540 co-

54 2540 230 2594 piosum
255 2543 319 2583 10,
345 2544 386 2583 1,
411 2542 490 2575 128.
525 2541 672 2594 copiosa
698 2543 913 2586 loquacitate
936 2545 1043 2588 8,’2,
1071 2547 1126 2580 17.
1163 2546 1338 2581 rationem
1362 2557 1459 2584 recte
1483 2554 1541 2586 lo·-

58 2587 213 2632 que-«h,
231 2632 239 2638 .
257 2597 329 2620 non
345 2597 487 2630 ⁴parum
518 2587 649 2632 ahoqui
681 2588 864 2632 copiosam
899 2592 921 2622 2
934 2615 946 2633 ,
977 2593 1020 2634 1·,
1051 2589 1087 2625 4.
1133 2593 1314 2637 copiosam
1347 2598 1539 2634 verborum

58 2633 311 2675 supellectilem
333 2633 371 2675 8,
397 2633 453 2666 Pr.
477 2633 536 2668 28.
1137 2655 1149 2661 Δ»

15 2673 196 2731 Copula.
244 2699 302 2722 res
327 2688 492 2723 diversae
518 2689 636 2733 aliqua
666 2689 896 2725 societate
929 2703 1008 2726 oum
1037 2693 1215 2739 prioribus
1244 2707 1285 2730 ac
1314 2699 1542 2742 sequentibus

63 2744 102 2767 se
127 2733 370 2778 copulaque
392 2735 564 2770 tenebunt
585 2738 625 2778 7,
646 2736 708 2779 10,
733 2738 789 2770 17.
