1728 3002
571 128 750 184 Collooo
778 127 835 173 .‘..
862 135 998 183 Color
1041 134 1047 138 ’
1469 137 1570 179 137·

59 251 218 296 maxine
241 254 366 295 cosso
377 254 563 293 catione
590 252 654 299 (ᾳ.
674 256 696 288 1.
722 250 917 295 collocat.)
940 250 1156 298 exquisitum
1176 256 1233 287 est
1251 251 1288 296 9,
1313 252 1348 297 8,
1371 253 1407 287 2.
1441 250 1554 288 ambi-

62 306 178 355 guitas
200 305 240 341 fit
258 314 328 350 per
350 304 477 339 oolloc.
504 304 542 346 7,
567 299 605 345 9,
630 300 665 335 6.
703 297 950 335 collocationis
975 298 1172 333 modulatio
1200 301 1233 342 1,
1260 300 1316 342 10,
1342 299 1400 334 25.
1541 318 1549 321 -

9 344 211 394 -colloom
258 360 301 406 a)
330 361 423 395 haec
458 358 499 394 in
521 363 715 402 conspectu
739 357 1003 391 collocaveram
1025 359 1061 409 7,
1088 348 1180 409 1,;4.
1226 367 1308 390 cum
1330 356 1400 401 jam
1424 357 1556 410 famam

61 409 101 444 in
123 414 202 443 tuto
227 405 484 443 collocarit
506 407 563 449 12,
588 406 645 446 11,
671 406 728 438 17.
773 402 1081 446 disponendis
1107 414 1160 436 ens
1188 404 1556 448 collocandisque

32 474 36 481 ·
64 454 186 500 (saxis
207 455 254 487 ad
277 449 549 496 aedificandum)
570 453 606 493 7,
630 449 693 485 Pr.
719 452 750 484 1.
790 460 907 493 neque
934 447 1026 483 fusis
1054 449 1219 485 omnibus
1245 450 1416 484 membris
1442 456 1558 485 statua

0 501 42 548 ι
65 501 132 544 ait,
165 499 235 534 nisi
260 492 459 534 collocetur
488 499 532 530 ib.
559 499 582 530 2
607 499 650 530 Z.
711 494 756 540 β)
783 497 816 528 in
844 497 1006 528 dicendo.-
1038 495 1168 529 fortius
1203 495 1287 540 quid
1318 496 1410 539 (Sp.
1436 497 1559 541 quod)

32 569 36 573 ·
66 543 443 590 incompositum
467 546 695 588 potestesse,
719 550 824 594 quam
846 539 1052 576 vinctum
1076 547 1112 575 et
1129 542 1220 575 bene
1247 542 1558 577 collocatum?

5 622 13 628 .
66 594 92 629 9
130 591 166 636 4,
179 593 215 627 6.
252 592 348 625 male
372 591 588 624 collocatum
611 589 882 621 καωσυνθπον
907 592 1040 622 vocant
1066 588 1100 630 8,
1125 590 1159 630 3,
1178 589 1233 623 59.
1274 589 1560 633 propositionum

7 637 13 639 ’
58 619 198 674 ὀἶ-11100
221 638 398 672 collocata
423 636 513 679 (Sp.
539 634 694 676 collata)
721 633 943 667 enumeratio
965 634 1001 677 4,
1026 635 1060 676 5,
1090 636 1106 667 1
1132 638 1172 668 Ζ.
1206 645 1324 679 neque
1346 634 1473 669 Asiani
1501 647 1561 670 res

69 694 149 720 non
168 682 568 724 conueneruntsfflr.
586 683 640 715 17.
673 684 713 713 ut
737 680 996 722 emendata,
1022 685 1062 713 ut
1090 681 1351 723 collocata,
1378 687 1417 715 ut
1441 682 1561 729 figu-

41 744 45 747 “
68 735 175 769 rata
205 727 294 775 (dm
315 726 440 772 verba)
463 729 500 771 8,
519 730 554 770 1,
570 722 601 761 1'.
648 731 689 760 ut
726 731 807 769 apte
834 726 1058 760 collocentur
1082 725 1224 771 (verba)
1262 728 1306 770 8,
1335 728 1392 761 Pr.
1413 729 1476 771 26,
1504 731 1563 764 31.

0 788 20 819 'w
47 772 178 820 ‘ptuit
202 780 403 820 opportune
425 773 663 819 proprieque,
710 777 769 805 aut
795 782 900 806 secus
926 773 1101 806 collocata
1131 779 1213 807 sunt
1248 771 1404 817 (verba)
1436 777 1502 818 10,
1526 778 1563 819 2,

0 826 12 835 “
71 823 128 856 13.
164 826 203 856 et
224 820 436 866 propriis
459 819 581 853 verbis
605 823 641 852 et
661 817 826 871 ordine
850 819 1099 872 collocatis
1127 820 1171 861 9,
1198 822 1241 862 1,
1266 822 1300 853 7.
1340 830 1416 874 non
1439 821 1562 865 modo,

0 893 9 946 f
57 872 222 956 '}5{⁸¹¹1¹‹²;.
240 866 533 947 “immitit
540 862 995 955 ‘233228523313’21353
1013 870 1408 955 '22522‘251309137333
1439 871 1565 947 ’ἑῖῑᾶᾶ

0 969 11 989 s
72 958 274 994 collocandi
298 959 344 1002 8,
365 959 425 992 Pr.
451 957 510 993 28.
552 955 761 1008 eligendi
788 961 824 990 et
856 956 1132 991 collocandi
1160 957 1337 992 rationem
1368 961 1433 1003 10,
1459 962 1500 1004 1,
1525 961 1564 996 4.

74 1003 118 1047 cfi
144 1004 210 1047 10,
236 1002 282 1047 4,
306 1003 340 1038 5.
372 1002 410 1038 id
433 1002 633 1037 collocandi
656 1012 770 1048 genus
793 1004 836 1045 9,
858 1000 894 1043 4,
917 1004 935 1036 1
959 999 1009 1037 ff.
1058 1025 1062 1029 -

0 1053 17 1071 ι

0 1058 320 1116 τ’(’30110111111111Μ
361 1069 481 1115 (Cio.)
501 1069 694 1115 praecipit,
725 1075 765 1104 ut
787 1070 916 1104 habeat
936 1069 1096 1105 narratio
1121 1070 1302 1117 colloquia
1323 1070 1360 1117 4,
1386 1076 1423 1117 2,
1451 1076 1530 1110 107.

0 1161 3 1167 ,
29 1118 306 1163 Colluctatio.
327 1146 374 1156 -
397 1139 479 1163 cum
504 1127 627 1163 verbis
653 1126 726 1161 suis
753 1129 808 1170 11,
833 1129 869 1171 3,
897 1127 952 1162 56.

32 1174 218 1219 Collum-
244 1204 291 1212 -
312 1186 480 1230 amplexu
502 1185 646 1229 petebat
675 1187 789 1219 Coel.
821 1182 857 1226 4,
885 1186 920 1225 2,
945 1181 1026 1217 124.
1058 1200 1105 1209 -
1128 1188 1164 1218 et
1187 1185 1412 1221 contrahitur
1435 1193 1471 1222 et
1487 1193 1569 1223 ten-

75 1233 173 1268 ditur
194 1234 251 1276 11,
276 1233 313 1275 3,
338 1232 412 1275 82,
458 1242 528 1265 neo
552 1231 704 1266 collos
727 1229 815 1263 mihi
839 1229 973 1264 Calvus
996 1231 1212 1274 persuaserit
1237 1235 1269 1274 1,
1297 1234 1332 1275 6,
1359 1233 1418 1268 42.

7 1275 156 1322 ¹icole-
202 1290 246 1332 α)
268 1299 316 1324 ne
340 1299 427 1323 arva
451 1288 576 1331 simul,
612 1293 648 1323 et
673 1287 817 1331 vineta,
851 1293 887 1321 et
914 1289 1053 1331 oleum,
1088 1294 1123 1322 et
1147 1290 1290 1323 arbusta
1315 1292 1436 1326 colant
1458 1295 1493 1335 1,
1514 1296 1570 1336 12,

35 1335 47 1379 ’,
76 1339 123 1379 7;
167 1339 312 1372 francla,
329 1345 430 1368 sacra
454 1335 636 1369 literar-uun
658 1335 819 1371 colentes
844 1335 901 1376 10,
927 1337 960 1376 1,
988 1335 1045 1368 92.
1087 1334 1199 1378 Solis,
1229 1336 1290 1380 qui
1314 1337 1445 1371 colitur
1469 1340 1572 1382 juxta

16 1377 31 1405 ἐ
76 1383 202 1419 aedem
229 1379 371 1427 Quirini
399 1383 441 1423 1,
471 1384 514 1424 7,
547 1384 602 1416 12.
647 1392 752 1425 quem
782 1380 1070 1414 adolescentulus
1109 1392 1233 1416 senem
1265 1383 1362 1417 colui
1393 1386 1436 1427 5,
1470 1389 1511 1427 7,
1535 1389 1571 1422 7.

6 1423 38 1466 5⁷
77 1438 219 1472 semper
255 1428 397 1461 domum
429 1431 527 1461 tuam
554 1426 650 1461 colui
685 1428 730 1470 6,
758 1427 800 1468 3,
824 1424 883 1461 94.
938 1427 982 1471 β)
1015 1429 1164 1462 Partic..·
1201 1430 1331 1463 culta
1362 1435 1458 1465 terra
1491 1445 1570 1478 opp.

79 1475 295 1521 neglecta
320 1475 356 1516 5,
380 1475 437 1516 11,
464 1471 521 1508 24.
562 1473 713 1508 fundum
737 1472 925 1507 cultiorem
951 1473 987 1516 8,
1016 1475 1052 1516 3,
1075 1473 1110 1508 8.

19 1509 206 1564 .'colon.'
224 1547 272 1556 —
301 1529 573 1564 Anacreontion
598 1532 633 1574 9,
659 1531 696 1574 4,
719 1531 778 1566 78.

19 1568 183 1639 αφθκηκ
234 1586 273 1632 Ι)
295 1591 430 1632 proprie
444 1603 455 1623 .·
486 1599 555 1622 nec
586 1589 746 1621 lanarum
778 1587 922 1622 colores
953 1586 1027 1621 elui
1057 1593 1207 1632 possunt
1238 1589 1256 1622 1
1271 1615 1282 1632 ‚
1309 1591 1342 1632 1,
1368 1590 1400 1625 5.
1442 1592 1574 1627 coloris

13 1625 210 1681 .1,„·.m0d'03
232 1635 323 1679 (Sp,
351 1636 421 1669 col.
444 1629 669 1677 distantiam)
694 1637 730 1676 7,
757 1636 812 1675 10,
838 1636 883 1667 10
908 1635 945 1667 S.
976 1633 1053 1677 ipsa
1085 1634 1218 1669 coloris
1241 1635 1492 1680 inaequalitate
1518 1643 1575 1683 12,

10 1703 13 1706 -
81 1680 118 1722 9,
148 1682 203 1715 17.
250 1692 320 1715 nec
344 1692 403 1715 res
429 1682 503 1713 ulla
529 1681 587 1713 dat
619 1679 722 1714 alteri
756 1681 934 1722 colorem,
978 1690 1084 1723 quem
1111 1691 1186 1714 non
1214 1681 1291 1725 ipsa
1316 1683 1447 1717 habeat
1478 1685 1514 1727 6,
1538 1689 1574 1728 2,

47 1736 52 1745 ·
83 1726 130 1760 28
154 1726 204 1767 N.
239 1728 400 1762 colorem
425 1732 561 1760 mutare
595 1725 654 1769 (a.
680 1731 701 1760 l.
732 1727 857 1760 colore
883 1725 1030 1769 mutari)
1057 1729 1112 1769 12,
1141 1727 1175 1770 5,
1201 1726 1226 1760 4
1252 1729 1300 1762 N.
1325 1742 1371 1763 cr.
1417 1732 1578 1765 colorem

83 1771 228 1806 trahere
253 1774 412 1807 naturale
437 1779 491 1808 est
520 1776 576 1814 12,
607 1775 663 1815 10,
691 1771 739 1806 44
761 1773 808 1806 N.
858 1771 1007 1805 colorib.
1034 1772 1103 1806 alia
1127 1772 1380 1818 eminentiora,
1424 1777 1494 1810 alia
1516 1789 1598 1816 re-.

87 1815 250 1851 ductim-a
270 1819 436 1852 fecerunt
461 1821 515 1862 11,
541 1820 574 1860 3,
598 1818 645 1852 46
672 1819 721 1852 N.
751 1828 903 1862 quorum
926 1817 1140 1861 (pictorum)
1165 1819 1318 1863 simplex
1341 1823 1411 1856 001.
1439 1826 1494 1866 12,
1521 1827 1579 1868 10,

18 1854 23 1863 “
86 1864 122 1897 3.
161 1862 224 1906 qui
250 1865 407 1898 colorem
436 1865 523 1898 fuco
554 1863 769 1898 mentiantur
791 1866 835 1906 2,
865 1866 932 1906 15,
959 1864 1016 1897 25.
1105 1863 1153 1907 11)
1177 1870 1291 1901 transl.
1328 1869 1371 1910 α)
1397 1868 1435 1902 id
1463 1870 1517 1911 (h.
1546 1883 1577 1904 e.

14 1926 25 1953 «j
82 1907 212 1950 salsa
246 1910 492 1953 expositio)
525 1909 668 1944 interim
693 1911 745 1943 at}
762 1911 875 1944 solam
903 1911 1241 1945 verecundiam
1272 1913 1445 1958 pertinet,
1482 1918 1579 1950 unde

15 1957 44 1996 7
88 1953 196 1988 etiam
218 1954 304 1988 mihi
330 1955 473 1989 videtur
496 1956 565 1989 dici
593 1955 736 1989 Color
761 1955 798 1998 4,
825 1959 859 1998 2,
886 1956 932 1990 88
956 1957 1003 1990 Ν.
1036 1964 1067 1989 et
1092 1959 1127 1991 S.
1165 1963 1240 1990 tum
1265 1969 1391 1993 omnes
1415 1962 1578 1996 colores:

50 2022 54 2031 1
90 2011 238 2044 aspere,
276 2011 322 2034 an
349 2000 497 2044 leniter,
538 2013 584 2034 an
618 2001 726 2035 etiam
749 2001 934 2035 summisse
961 2002 1059 2045 loqui
1086 2004 1282 2046 expediat?
1314 2005 1357 2047 6,
1384 2008 1427 2049 5,
1454 2010 1486 2041 5.
1533 2007 1580 2049 cf.

90 2049 148 2089 12,
174 2048 207 2089 1,
235 2047 292 2080 33.
331 2047 524 2080 colores
549 2053 584 2080 et
610 2047 870 2080 sententias
902 2058 1064 2081 sensus
1090 2060 1169 2083 esse
1193 2050 1228 2091 9,
1258 2053 1291 2092 1,
1317 2053 1372 2085 18.
1407 2065 1440 2085 v.
1471 2054 1581 2087 Sen-

17 2118 19 2121 .
93 2091 246 2126 tentia.
283 2092 410 2136 aliquis
438 2092 693 2135 extemporalis
717 2093 785 2126 col.
813 2095 869 2134 10,
886 2093 922 2134 6,
939 2092 960 2126 5
981 2094 1028 2126 Ν.
1044 2107 1089 2127 cr.
1130 2100 1185 2128 est
1206 2101 1283 2128 tota
1316 2093 1581 2143 (ὄμοιολογία)

38 2140 42 2167 ἶ
92 2137 226 2172 coloris
251 2137 358 2171 unius
380 2139 416 2180 8,
443 2139 478 2181 3,
505 2139 573 2180 523
612 2138 748 2171 dandus
770 2137 840 2171 illis
864 2138 1084 2172 deformibus
1108 2141 1178 2174 col.
1203 2142 1238 2182 3,
1261 2141 1296 2182 8,
1322 2139 1369 2175 44
1391 2144 1440 2177 Ν.
1470 2146 1583 2180 multa

17 2146 63 2228 &f
91 2183 204 2231 magis
229 2195 335 2229 quam
362 2185 555 2217 multorum
583 2183 738 2217 lectione
769 2184 958 2216 formanda
985 2195 1087 2218 mens
1120 2191 1154 2219 et
1183 2186 1366 2220 ducendus
1395 2189 1498 2226 color
1524 2194 1580 2235 10,

22 2230 49 2273 S„
94 2231 210 2272 1„59.
251 2229 312 2264 ille
335 2229 508 2274 parasitus
534 2228 678 2262 habebit
702 2228 844 2273 quidem
867 2230 1049 2272 colorem,
1087 2241 1158 2274 quo
1181 2230 1276 2265 dicat
1299 2230 1336 2275 4,
1363 2237 1397 2276 2,
1419 2236 1478 2270 95.
1506 2240 1585 2272 sola

20 2275 255 2317 15³·.oolorem
281 2276 389 2309 habet
411 2275 630 2320 poenitentia
654 2278 715 2318 11,
746 2278 784 2317 1·‚
808 2275 851 2308 81
881 2275 927 2308 N.
966 2275 1053 2308 fuco
1081 2277 1288 2311 ementitum
1315 2281 1385 2318 col.
1413 2282 1452 2322 8,
1477 2284 1518 2326 3,
1546 2285 1580 2319 6.

50 2349 58 2362 ,
95 2333 128 2355 υ.
159 2321 407 2355 Ementior.
442 2321 542 2355 illum
565 2326 699 2356 exuant
721 2320 907 2354 mentitum
935 2321 1006 2354 001.
1033 2323 1089 2364 12,
1106 2325 1162 2365 10,
1177 2324 1235 2357 76.
1277 2335 1325 2358 ne
1353 2327 1456 2361 color
1481 2336 1583 2364 extra

35 2375 49 2394 -·
94 2367 249 2400 themata
273 2373 502 2410 quaereretur
523 2366 559 2410 4,
577 2370 612 2409 2,
633 2368 701 2408 913
733 2377 807 2400 non
831 2377 896 2400 suo
921 2367 1044 2401 colore
1067 2367 1169 2402 nitidi
1196 2372 1230 2412 2,
1248 2370 1282 2412 5,
1299 2373 1355 2405 12.
1389 2375 1585 2411 mollienda

22 2406 56 2468 ᾖ,
97 2418 153 2446 est
177 2411 248 2446 alio
271 2414 339 2446 001.
365 2413 533 2456 asperitas
556 2413 725 2448 orationis
751 2416 806 2455 11,
831 2416 863 2454 1,
888 2413 944 2447 85.
983 2413 1131 2455 accidit,
1162 2421 1202 2449 ut
1225 2417 1304 2450 eod.
1337 2421 1404 2453 col.
1431 2427 1583 2466 utraque

53 2475 55 2478 ·
95 2469 179 2502 pars
202 2464 321 2492 utatur
347 2457 383 2502 4,
401 2462 436 2501 2,
451 2460 509 2494 97.
554 2459 599 2503 β)
622 2465 699 2492 toto
724 2460 792 2492 col.
818 2457 968 2493 actionis
994 2461 1048 2502 11,
1066 2462 1100 2503 1,
1119 2462 1174 2495 58.
1204 2461 1244 2495 in
1257 2468 1333 2497 toto
1351 2467 1421 2499 col.
1440 2467 1584 2503 dicendi

60 2535 63 2538 Α
97 2505 148 2547 6,
177 2506 223 2546 3,
254 2507 331 2538 107.
380 2506 511 2539 color
535 2505 675 2538 dicendi
709 2504 905 2538 maculis
942 2507 1189 2553 conspergitur
1220 2509 1254 2551 8,
1286 2511 1320 2552 5,
1347 2512 1404 2545 28.
1454 2514 1584 2559 cuique

27 2573 36 2586 .
69 2575 73 2595 3
99 2560 240 2593 eorum,
281 2561 371 2594 quae
404 2550 517 2592 dicet,
550 2550 665 2585 colori
688 2551 959 2584 accommodare
984 2557 1100 2585 actum
1129 2556 1172 2596 2,
1197 2556 1259 2596 12,
1286 2557 1339 2590 10.
1380 2558 1463 2592 Non
1490 2571 1584 2595 unus

50 2628 53 2630 .
100 2596 168 2629 001.
192 2595 378 2639 prooemii,
402 2595 636 2639 narrationis,
665 2603 965 2643 argumentorum,
991 2599 1218 2643 egressionis,
1242 2603 1482 2643 perorationis
1507 2618 1587 2640 ser-

56 2646 69 2661 ¹·
100 2639 243 2675 vabitur
270 2644 326 2684 12,
353 2644 407 2685 10,
431 2645 488 2676 71.
529 2643 598 2676 001,
622 2642 834 2676 narrationis
859 2645 892 2685 3,
920 2643 955 2684 6,
979 2642 1036 2677 92.
1074 2647 1271 2680 colorem
1295 2645 1356 2690 (a.
1382 2653 1405 2682 1.
1433 2651 1526 2695 cal.)
1551 2660 1586 2686 et

59 2724 62 2731 ‚
102 2687 382 2731 gravitatem
406 2687 577 2722 orationis
604 2690 659 2730 10,
689 2692 720 2730 1,
746 2689 825 2722 116.
863 2694 903 2721 ut
926 2689 1136 2732 scriptorum
1161 2693 1338 2735 colorem,
1364 2694 1471 2730 etiam
1494 2710 1586 2742 quae

58 2735 62 2739 ”
105 2731 222 2767 subito
253 2733 365 2768 effu-w
395 2733 486 2777 sint,
517 2734 667 2768 reddant
690 2736 757 2778 10,
785 2738 826 2778 7,
850 2737 885 2770 7.
924 2738 1021 2770 totus
1055 2738 1126 2772 col.
1159 2738 1332 2773 orationis
1361 2740 1403 2784 6,
1429 2743 1452 2778 3
1462 2768 1474 2787 ,
1506 2747 1584 2780 110,
