1742 2964
143 165 226 206 954
708 164 913 210 vetustas
940 189 996 200 ·--
1025 165 1112 211 Via

164 293 168 295 ⁴
186 276 285 312 sinus
308 277 451 312 fuerunt
476 280 541 322 11,
563 279 606 322 3,
633 281 713 315 137.
738 280 975 315 consummati
997 282 1066 326 jam
1089 280 1230 326 patroni
1252 279 1437 319 veterib'us
1457 287 1672 322 aemulantur

185 327 255 367 10,
279 327 320 368 1,
349 327 415 358 122
443 325 491 358 N.
532 327 603 359 hoc
639 327 736 371 quod
763 329 875 374 vulgo
907 328 1100 362 sententias
1128 338 1338 373 vocamus,
1359 331 1455 375 quod
1479 332 1670 376 veteribus,

182 369 445 415 praecipueque
472 371 638 414 Graecis,
672 372 711 406 in
743 385 811 410 usu
840 383 914 407 non
937 374 1005 408 fuit
1032 378 1096 417 12,
1121 377 1188 417 10,
1213 373 1282 419 483
1323 376 1385 420 qui
1409 378 1518 412 solos·
1530 385 1670 416 veteres

183 418 356 462 legendos
379 422 505 468 putant
529 421 584 457 10,
612 421 646 460 1,
669 418 728 453 43.
766 432 821 463 ap.
850 426 993 455 veteres
1019 424 1050 462 1,
1077 422 1111 463 5,
1134 420 1190 455 42.
1505 424 1572 446 '⁷2²-

139 458 355 503 vetustas·
400 475 512 508 verba
530 474 666 509 suntin
685 475 742 510 his
761 476 908 520 similia,
934 480 1189 511 vetustatis
1212 483 1248 513 et
1270 481 1534 522 largitionis
1550 481 1594 531 ’5,
1613 482 1671 527 11,

181 520 248 562 26;
288 525 449 554 extrema
476 533 514 555 v.
543 523 586 564 8,
612 521 656 564 5,
681 524 738 556 33.
768 535 806 558 v.
845 524 1006 558 obsoleta
1034 524 1078 567 4,
1106 527 1147 567 1,
1172 525 1236 569 583
1270 524 1388 561 virum
1420 527 1539 561 datum
1565 527 1671 561 rebus

182 565 364 606 humanis,
402 568 541 612 qualem
571 569 669 601 nulla
693 574 796 603 antea
828 575 902 604 vet.
935 569 1148 618 cognoverit
1172 573 1238 615 12,
1262 573 1303 613 1,
1327 574 1384 610 25.
1413 572 1445 607 si
1469 584 1538 618 qua
1560 571 1672 607 ali-’iis

181 618 259 646 acta
283 618 442 647 vetustas
471 614 617 647 tradidit
639 617 679 654 3,
703 618 745 658 7,
769 617 803 650 8.
830 617 979 650 multum
1007 616 1224 651 auctoritatis
1253 617 1353 652 affert
1379 625 1452 654 vet.
1480 621 1520 662 3,
1544 622 1587 662 7,
1610 619 1671 654 26.

180 659 367 693 detrahere
391 659 522 704 aliquid
543 660 631 695 vino
657 666 873 696 vetustatem
895 664 939 707 2,
965 665 1030 706 12,
1053 665 1095 706 83
1129 665 1259 697 Genit..·
1284 670 1394 708 opera
1415 676 1490 699 non
1511 669 1673 700 vetusta-

181 704 226 738 tis
252 706 360 739 modo
388 706 500 752 gratia
527 707 679 740 visenda
708 710 770 750 12,
795 711 860 750 10,
884 710 924 742 3.
948 708 1133 745 vetustatis
1159 708 1402 745 inimitabilem
1426 711 1492 745 arti
1515 711 1673 745 auctori-

180 756 288 785 tatem
312 754 354 794 8,
378 754 420 794 3,
445 752 503 787 25.
528 753 787 788 commendatio
810 760 885 789 vet.
915 755 950 799 9,
974 757 1009 800 3,
1036 754 1092 789 14.
1123 761 1197 791 vet.
1217 755 1287 790 fide
1310 761 1384 790 tuta
1409 756 1586 801 (exempla)
1614 759 1673 801 12,

177 795 221 839 4,
245 800 279 830 2.
306 798 373 831 nisi
400 798 534 842 judicio
557 805 631 836 vet.
661 799 861 834 niterentur
885 803 903 835 1
918 827 929 844 ‚
957 802 999 845 5,
1023 805 1090 845 723
1132 801 1193 846 qui
1215 807 1427 837 vetustatem
1450 804 1674 847 pertulerunt

180 845 244 883 10,
273 846 312 887 1,
341 843 404 887 40;
432 847 546 880 Ablat.
563 860 573 879 .·
598 856 715 880 sermo
740 852 879 881 constat
906 848 1064 891 ratione,
1091 853 1266 884 vetustate
1291 851 1416 892 etc-(1,
1439 850 1474 893 6,
1501 852 1533 883 1.
1559 858 1674 887 excu-

177 895 301 923 santur
323 890 412 924 haec
439 891 526 926 vitia
554 898 614 925 aut
638 894 1021 938 consuetudine,
1060 899 1119 928 aut
1147 894 1461 938 auctoritate,
1494 901 1554 928 ant
1576 900 1695 930 νεῖ.

178 938 219 979 1,
247 937 286 979 5,
312 939 344 971 5.
382 950 413 971 υ.
439 937 739 973 Auctoritas.
768 939 882 984 prima
904 940 1058 984 positio,
1098 939 1236 975 etiamsi
1258 946 1435 976 vetustate
1458 942 1672 976 exoleverat

177 985 216 1024 1',
241 983 283 1025 6,
310 986 364 1016 11.
401 985 527 1027 quaed.
550 990 676 1020 vetera
709 991 886 1021 vetustate
918 987 995 1031 ipsa
1026 986 1159 1034 gratius
1188 985 1303 1021 nitent
1335 989 1377 1030 8,
1403 989 1447 1030 3,
1470 990 1528 1022 27.
1559 986 1612 1022 sic
1636 992 1673 1021 et

174 1039 287 1062 annos
312 1030 429 1063 ferent
459 1036 695 1069 ettvetustate
721 1032 908 1075 proficient
934 1036 968 1075 2,
993 1032 1029 1076 4,
1052 1034 1085 1068 9.
1116 1043 1235 1068 sacros
1259 1037 1333 1068 vet.
1358 1034 1458 1069 lucos
1477 1035 1535 1077 10,
1556 1035 1590 1075 1,
1612 1033 1675 1068 88.

173 1075 335 1118 repetitis
367 1087 414 1109 ex
437 1083 510 1111 vet.
533 1077 655 1111 verbis
681 1080 744 1121 11,
774 1081 789 1112 1
805 1104 815 1121 ,
840 1078 897 1113 49.
923 1079 967 1121 cf.
995 1083 1011 1113 1
1029 1102 1044 1121 r
1064 1080 1109 1122 6,
1135 1080 1194 1115 39.
1217 1079 1386 1124 pleraque
1413 1078 1596 1125 (exempla)
1623 1089 1674 1114 ex

172 1127 245 1156 vet.
273 1121 462 1169 diligenter
486 1123 553 1156 sibi
579 1123 722 1171 cognita
746 1131 859 1158 sumat
882 1127 942 1169 10,
968 1128 1001 1169 1,
1030 1124 1087 1159 34.

127 1161 348 1222 vetustus·
394 1180 513 1214 subito
537 1192 595 1215 res
618 1187 800 1225 vetustas,
825 1188 923 1216 tanto
950 1193 997 1216 ex
1025 1181 1214 1219 intervallo
1237 1183 1431 1228 repetitas,
1455 1181 1607 1217 reddere
1631 1192 1671 1216 se

171 1229 206 1258 et
222 1226 351 1259 offerre
365 1228 420 1269 11,
440 1229 475 1270 2,
499 1229 531 1261 5.
554 1228 703 1262 foedera
719 1228 961 1262 vetustissima
973 1230 1007 1272 8,
1020 1231 1055 1272 2,
1071 1231 1123 1263 12.
1142 1230 1324 1264 vetustiss.
1343 1235 1507 1273 tempora
1523 1229 1671 1273 1,7,1·1.

125 1263 270 1324 YCXO·
312 1293 479 1328 agrorum
502 1284 689 1318 sterilitate
718 1291 872 1319 vexatus
896 1287 939 1327 8,
965 1285 998 1324 5.
1026 1288 1085 1319 22.

125 1320 224 1367 via·
269 1339 310 1381 Ι)
334 1342 491 1383 proprie.-
531 1341 562 1373 si
594 1352 660 1384 per
688 1341 843 1385 aliquam
869 1346 1003 1375 rectam
1026 1353 1062 1377 v.
1090 1341 1268 1375 mittamus
1297 1341 1424 1375 oculos
1448 1343 1514 1384 10,
1537 1344 1561 1376 7
1570 1365 1596 1394 ,’
1611 1340 1670 1376 16.

167 1396 201 1418 υ.
227 1383 440 1420 Ambulo.
467 1388 663 1420 secundum
687 1388 784 1422 viam
811 1393 903 1421 stare
927 1389 971 1430 8,
996 1390 1043 1431 2,
1068 1390 1115 1422 20
1138 1389 1173 1421 S.
1230 1385 1289 1428 11)
1312 1391 1428 1420 transl.
1464 1385 1503 1431 α)
1527 1391 1670 1431 utrique

168 1430 247 1464 ead.
272 1430 334 1465 via
359 1437 413 1465 est
438 1435 454 1465 1
469 1458 479 1475 ‚
503 1431 550 1475 4,
576 1436 608 1466 1.
643 1444 689 1467 ne
725 1435 834 1479 longe
867 1433 1016 1467 nimium
1051 1443 1119 1467 nos
1149 1434 1269 1467 ducat*
1286 1433 1378 1467 haec
1401 1444 1440 1468 v.
1465 1434 1510 1475 5,
1532 1433 1591 1476 9„
1609 1431 1667 1466 14.

167 1476 342 1520 plurimae
369 1478 451 1511 eod.
473 1478 557 1513 viae
584 1480 719 1512 ducunt
744 1481 799 1522 10,
825 1480 859 1521 5,
885 1483 926 1520 73
952 1479 1014 1514 via
1039 1478 1276 1512 demonstrari
1299 1483 1418 1522 potest
1436 1481 1473 1521 7,
1490 1479 1548 1522 10,
1563 1477 1608 1514 15
1625 1482 1671 1513 Z.

167 1534 201 1556 v.
227 1523 351 1557 Velo
365 1526 499 1558 citas.
532 1523 576 1566 cs.
602 1527 636 1567 2,
662 1526 697 1567 6,
721 1527 756 1561 2.
782 1524 849 1559 sibi
871 1524 987 1567 viam,
1012 1524 1043 1558 si
1067 1525 1208 1569 quando
1236 1535 1310 1558 non
1335 1523 1536 1574 acceperit,
1560 1521 1681 1559 'faciat
1734 1535 1737 1537 ·

110 1580 112 1582 ·
169 1568 215 1611 5,
245 1569 310 1612 14,
335 1571 391 1604 31.
425 1571 519 1604 hanc
551 1571 659 1605 habet
681 1583 720 1606 v.
744 1568 1039 1613 (argumentatio)
1064 1571 1108 1613 5,
1134 1573 1199 1614 11,
1224 1571 1258 1605 3.
1291 1569 1412 1605 viam
1440 1570 1570 1623 quand.
1591 1575 1667 1622 atq.

167 1615 405 1649 rationem
441 1618 582 1651 tradere
607 1617 652 1660 5,
678 1619 695 1651 1
711 1643 721 1660 ,
746 1619 780 1652 3.
849 1618 900 1662 β)
933 1630 961 1651 ο.
993 1619 1144 1650 Aurib..·
1175 1615 1238 1651 via
1267 1621 1387 1650 tamen
1417 1615 1669 1660 incipientibus

167 1671 258 1705 opus
286 1667 358 1704 est,
390 1663 452 1696 sed
481 1674 523 1696 ea
554 1664 679 1707 plana,
709 1668 745 1697 et
769 1674 850 1696 cum
875 1664 919 1697 ad
943 1663 1214 1710 ingrediendum
1242 1668 1318 1696 tum
1349 1663 1395 1696 ad
1418 1663 1668 1698 demonstran-

167 1708 252 1740 dum
276 1708 444 1752 expedita
472 1710 507 1752 8,
527 1710 586 1743 Pr.
607 1712 640 1744 3.
667 1708 816 1744 brevior
842 1715 878 1743 et
899 1711 962 1744 vel
988 1710 1070 1744 ideo
1095 1709 1249 1746 lucidior
1270 1709 1383 1743 multo
1405 1719 1444 1743 v.
1467 1710 1504 1752 3,
1527 1710 1583 1752 11,
1607 1709 1668 1743 23.

168 1753 200 1787 si
222 1764 298 1788 non
326 1755 442 1789 statim
466 1755 690 1799 rectissima,
724 1755 820 1790 linea
846 1761 966 1799 tensa,
1000 1754 1143 1789 facilior
1171 1757 1289 1791 tamen
1315 1759 1352 1788 et
1366 1754 1536 1799 'apertior
1558 1764 1598 1790 τ.
1629 1755 1666 1798 3,

166 1800 210 1842 6,
236 1801 280 1835 83
302 1802 348 1834 Ν.
385 1807 520 1836 certam
555 1803 688 1846 quand.
715 1814 754 1838 v.
779 1813 883 1845 esse,
917 1802 957 1836 in
989 1813 1058 1846 qua
1094 1802 1241 1835 multum
1263 1819 1309 1829 -—
1334 1811 1400 1845 per
1423 1811 1464 1835 se
1486 1804 1667 1854 praestare

165 1846 295 1880 debeat
329 1853 456 1882 natura
487 1850 532 1891 8,
554 1849 612 1881 Pr.
639 1851 694 1882 12.
730 1854 809 1882 utra
842 1848 887 1882 sit
920 1859 958 1883 v.
980 1847 1104 1881 utilior
1126 1849 1167 1890 3,
1194 1849 1237 1891 7,
1262 1846 1325 1888 16;
1357 1846 1491 1891 optima
1522 1851 1578 1881 est
1604 1846 1668 1880 illa

165 1892 284 1926 media
309 1905 368 1937 v.,
405 1905 474 1939 qua
504 1894 616 1928 utitur
647 1894 724 1929 Cic.
751 1898 796 1938 7,
821 1896 862 1937 3,
890 1897 946 1929 17.
979 1899 1078 1939 patet
1097 1892 1220 1927 media
1251 1893 1377 1937 quaed.
1403 1902 1446 1927 v.
1468 1893 1513 1935 8,
1539 1891 1667 1940 5,.34.

163 1939 317 1972 mediam
350 1941 481 1984 quand.
518 1946 662 1974 secutus
685 1953 722 1976 v.
747 1942 791 1983 9,
817 1943 856 1983 1,
889 1939 948 1975 25.
981 1939 1125 1984 plurimi
1159 1944 1344 1991 auctores,
1379 1937 1544 1984 quamvis
1575 1939 1666 1991 deod:

163 1986 365 2029 tenderent,
389 1986 551 2022 diversas
575 1993 694 2021 tamen
716 1999 755 2022 v.
778 1985 985 2021 munierunt
1008 1988 1042 2029 3,
1069 1989 1103 2029 1,
1128 1986 1160 2022 5.
1185 1985 1285 2020 velut
1305 1985 1469 2020 diversae
1489 1996 1528 2020 v.
1550 1994 1668 2018 secari

164 2031 363 2076 coeperunt
386 2035 431 2066 ib.
449 2033 504 2066 14.
541 2045 634 2078 quae
657 2044 715 2067 res
742 2033 943 2069 faciliorem
970 2031 1141 2068 divisioni
1169 2031 1266 2067 viam
1288 2035 1444 2075 praestat
1467 2033 1580 2082 73‘1,
1607 2028 1668 2083 34.

164 2077 211 2119 cs.
236 2082 271 2120 7,
299 2081 354 2122 10,
384 2079 417 2113 5.
449 2079 535 2113 fecit
560 2081 663 2115 velut
686 2079 867 2124 propriam
888 2091 926 2114 v.
951 2081 986 2122 3,
1015 2082 1048 2122 1,
1073 2077 1129 2113 16.
1155 2083 1254 2112 recta
1278 2077 1445 2111 esthaec
1467 2087 1550 2114 via:
1585 2086 1666 2121 qus

163 2125 297 2171 negat?
330 2126 394 2159 sed
414 2126 551 2169 adjacet
569 2132 605 2160 et
621 2126 766 2160 mollior
785 2131 821 2160 et
835 2125 947 2172 magis
965 2124 1047 2159 trita
1064 2124 1115 2164 (a.
1133 2127 1155 2157 1.
1171 2120 1350 2171 magistra)
1371 2125 1405 2165 1,
1421 2122 1456 2164 6,
1475 2125 1520 2156 22
1540 2122 1588 2156 Ν.
1613 2135 1663 2171 ον.

164 2170 208 2211 cs.
232 2173 266 2214 2,
291 2171 327 2213 6,
351 2174 385 2205 2.
410 2173 598 2218 vulgarem
619 2185 656 2209 v.
675 2173 856 2218 ingressus
883 2173 940 2206 Pr.
961 2174 995 2206 3.
1021 2183 1055 2205 v.
1074 2169 1166 2211 infra
1189 2181 1225 2214 y,
1271 2168 1311 2215 y)
1335 2170 1452 2221 Abi-at..
1467 2181 1479 2201 .-
1506 2173 1664 2212 potestas

162 2216 241 2252 via
253 2243 264 2260 ,
289 2217 326 2250 id
352 2223 405 2251 est
430 2218 616 2262 ordine,
644 2219 805 2252 efficiens
823 2221 858 2261 2,
881 2219 937 2262 17,
954 2216 1012 2251 41.
1032 2217 1128 2262 quod
1146 2215 1298 2250 efficitur
1315 2215 1448 2267 duplici
1466 2217 1558 2268 v..1,
1572 2214 1610 2258 6,
1626 2213 1664 2248 4.

159 2262 323 2307 quisquis
349 2263 410 2299 via
434 2264 529 2298 dicet
549 2267 611 2308 10,
635 2268 672 2308 7,
697 2266 730 2300 6.
756 2276 832 2299 non
855 2275 925 2298 una
950 2275 1014 2307 per
1037 2265 1108 2297 hoc
1135 2272 1227 2306 opus
1248 2273 1287 2297 v.
1311 2261 1452 2295 ducum·
1474 2262 1517 2303 3,
1540 2260 1576 2302 ¹7,
1606 2261 1664 2312 15.

161 2321 196 2343 v.
219 2311 357 2344 Unus.
374 2310 562 2349 ,maximos
592 2311 771 2345 cruciatus
795 2309 981 2355 praecipiti
1004 2321 1041 2344 v.
1068 2307 1191 2355 effugit
1221 2309 1265 2350 6,
1290 2307 1347 2342 Pr.
1373 2307 1396 2341 6
1417 2307 1466 2340 N.
1502 2316 1572 2340 neo
1595 2306 1665 2359 αζιο

164 2367 198 2390 V.
222 2355 336 2402 magis
366 2356 404 2390 in
438 2355 664 2399 κακοζηλίαν
694 2357 767 2391 itur
789 2359 833 2401 8,
857 2356 900 2397 6,
923 2357 980 2390 73.
1019 2367 1087 2399 qua
1118 2366 1157 2390 v.
1190 2358 1382 2394 tractatur,
1413 2363 1460 2386 an
1492 2352 1664 2404 voluerit,

163 2403 259 2443 ead,
297 2413 368 2446 quo
399 2402 517 2436 animo
547 2403 675 2437 fecerit
701 2407 747 2447 7,
773 2407 819 2446 2,
850 2403 906 2438 56.
941 2401 1071 2436 divisio
1101 2406 1137 2435 et
1164 2401 1207 2434 ad
1238 2399 1459 2444 probandum
1480 2396 1595 2451 ‘simili
1623 2408 1663 2433 v.

162 2449 269 2491 valet,
296 2454 331 2482 et
359 2450 404 2482 ad
427 2449 664 2483 refellendum
691 2450 724 2490 5,
750 2452 806 2493 10,
834 2449 891 2484 65.
915 2448 1063 2495 gratiam
1088 2447 1212 2491 perdet
1236 2445 1434 2490 (clausula),
1460 2455 1491 2478 si
1514 2444 1560 2498 ad
1585 2453 1664 2492 eam

161 2500 265 2537 rupta
288 2506 327 2529 v.
352 2495 558 2529 venerimus
585 2497 620 2539 9,
645 2494 680 2539 4,
705 2498 768 2538 63;
797 2501 895 2530 recta
919 2506 958 2529 v.
983 2494 1150 2538 depulsus
1173 2495 1209 2535 2,
1234 2494 1290 2543 ¹⁷:
1312 2492 1371 2543 ‚²9·
1395 2489 1442 2532 cf·
1467 2492 1525 2543 10,
1549 2491 1584 2531 1,
1604 2489 1667 2525 29.
1715 2531 1720 2547 Ι

162 2535 202 2579 ὃ)
227 2554 256 2573 c.
285 2543 392 2575 Genii.
420 2549 478 2574 aut
501 2545 681 2585 Praeposs.
696 2556 706 2575 .·
740 2543 847 2585 hujus
869 2551 1025 2574 summae
1047 2538 1189 2575 virtutis
1212 2537 1379 2570 facilllma
1404 2541 1459 2570 est
1479 2535 1612 2588 na‘ss,
1626 2536 1663 2578 3,

89 2616 104 2632 ‚
161 2588 219 2618 71.
246 2587 477 2631 aggrediendi
496 2588 673 2622 suasorias
696 2588 952 2632 iudicialesque
974 2586 1160 2620 materias:
1185 2588 1544 2636 quarum-antequam
1565 2585 1664 2616 viam

162 2630 344 2676 ingredior
372 2637 417 2676 2,
445 2636 508 2676 10,
534 2637 566 2668 1.
594 2634 778 2678 proposita
809 2636 1043 2668 honestorum
1067 2642 1108 2665 ac
1132 2636 1287 2674 turpium
1311 2639 1393 2671 via,
1420 2636 1582 2680 pejorem
1604 2636 1663 2679 se:

162 2677 224 2721 qui
250 2680 307 2720 12,
330 2682 362 2721 1,
388 2681 421 2712 3.
446 2679 565 2714 media
589 2682 680 2714 haec
703 2682 858 2715 tenenda
882 2678 928 2714 sit
949 2690 986 2714 v.
1011 2676 1154 2712 dicendi
1172 2674 1208 2729 4,
1232 2678 1267 2718 2,
1291 2673 1349 2710 45.
1371 2684 1497 2709 veram
1519 2673 1663 2707 dlcendi

162 2734 200 2758 v.
223 2725 324 2759 velut
352 2735 401 2758 ex
425 2727 573 2760 oraculo
596 2732 719 2771 petent
749 2730 806 2770 12,
831 2728 887 2769 11,
916 2725 950 2760 5.
973 2723 1035 2759 via
1057 2722 1199 2774 dicendi
1222 2731 1296 2755 non
1320 2720 1495 2773 decedere
1516 2717 1553 2762 4,
1571 2720 1608 2760 5,
1625 2719 1661 2768 3.

165 2769 202 2803 in
226 2768 357 2815 dispari
382 2769 527 2805 dicendi
549 2784 587 2808 v.
607 2775 664 2816 10,
689 2776 723 2817 1,
747 2774 805 2808 67.
831 2776 913 2806 sunt
935 2771 1018 2813 alia,
1043 2780 1136 2814 quae
1158 2778 1257 2805 Vlam
1281 2766 1433 2802 docendi
1458 2775 1533 2823 non
1555 2773 1666 2808 prae-
