1728 3002
197 226 278 266 174
831 251 834 253 Δ
851 218 1061 279 contingo

241 334 444 372 continetur
467 336 523 379 12,
547 337 583 379 2,
608 335 663 370 19.
693 339 868 379 promtum
893 336 963 371 hoc
986 337 1243 375 exercitatione
1264 341 1448 378 sola'cont
1472 348 1567 380 ‘etur
1593 348 1640 382 10
1683 350 1706 382 7

238 383 299 419 24.
325 381 381 425 id,
406 381 500 426 quod
524 391 601 415 sum
626 380 801 425 dicturus,
826 382 1001 427 exemplis
1021 383 1146 431 magis,
1173 397 1279 430 quam
1301 396 1409 431 praec
1504 391 1605 426 ‘ullis
1631 373 1720 427 c’bn:

240 429 374 464 tinetur
395 426 431 469 4,
456 430 490 470 2,
516 427 591 461 116.
627 427 713 460 artis
733 438 860 473 magna
883 439 964 471 pars
988 430 1212 466 contineatur
1232 433 1428 470 imitatione
1441 438 1502 480 ’10,
1521 439 1558 480 2,
1582 440 1616 472 1.
1647 439 1720 473 hoo

241 476 340 520 (iure
367 475 463 516 beni)
499 483 629 519 regna,
667 474 832 519 popuIOS,
881 474 969 515 fines
995 476 1151 522 gentium
1178 484 1284 523 atque
1315 479 1456 515 urbium
1483 482 1656 518 contineri
1684 485 1728 529 5,-

240 524 307 564 10,
338 521 414 554 113.
456 520 574 553 nervis
598 518 685 558 illis,
725 519 852 563 quibus
879 531 983 554 causa
1006 522 1207 557 continetur
1229 525 1272 568 5,
1295 527 1338 568 8,
1363 529 1398 561 2.
1435 530 1717 572 controversiae,

240 578 331 613 quae
362 565 468 600 certis
499 565 678 612 agentiiun
703 565 905 600 nominibus
930 568 1157 603 continentur
1183 572 1226 612 3,
1253 572 1296 615 8,
1322 573 1377 607 52.
1412 572 1458 616 cs.
1481 576 1524 618 2,
1549 575 1595 619 1',
1611 577 1647 612 9.
1687 577 1719 611 si

238 624 312 647 uno
339 618 375 646 et
399 611 502 646 brevi
528 611 744 655 praescripto
770 611 1010 648 contineretur
1032 613 1225 659 (rhetorice)
1247 619 1283 661 2,
1309 620 1365 660 13,
1393 621 1429 653 2.
1459 630 1602 666 causae,
1627 623 1718 667 qnae

238 661 302 695 vel
334 658 419 692 solis
453 663 554 691 extra
588 663 698 691 artem
731 658 1014 702 probationibus,
1056 663 1119 696 vel
1149 661 1269 697 mixtis
1293 663 1519 700 continentur
1540 667 1582 703 6.
1608 666 1633 701 4
1667 666 1717 702 ¹4.

238 712 408 749 tanquam
437 715 542 738 causa
568 713 642 737 non
659 702 742 740 iisd.
766 704 947 748 omnibus,
985 706 1112 751 quibus
1137 712 1278 743 ceterae
1301 710 1417 763 leges,
1452 693 1718 756 quaestionibus

239 750 483 786 contineretur
503 753 538 793 7,
565 749 600 791 5,
625 753 659 783 2.
686 750 902 794 laudativum
924 762 1036 798 genus
1060 753 1227 797 qualitate
1250 764 1405 790 maxime
1427 757 1605 793 contineri
1619 761 1655 802 3,
1681 763 1718 803 7,

236 799 295 833 28.
339 802 532 840 tumorem,
565 794 626 839 qui
657 796 824 839 spondeis
851 802 920 842 atq.
947 796 1071 832 iambis
1095 799 1251 835 maxime
1278 801 1480 844 continetur
1501 805 1549 848 9,
1572 801 1720 848 4,·140.

237 849 378 878 ceterae
401 847 517 887 partes
540 842 611 875 hoc
632 843 733 877 velut
761 842 885 886 spiritu
912 845 1138 879 continentur
1162 849 1218 889 11,
1240 849 1276 888 2,
1303 850 1337 882 1.
1369 859 1450 883 cum
1472 849 1588 884 omnis
1611 844 1720 885 causa

238 889 460 924 contineatur
483 887 601 932 aliquo
628 893 720 924 statu
745 890 787 931 3,
810 889 852 932 6,
879 892 910 924 1.
949 902 1040 934 quae
1068 892 1232 935 (summa)
1258 899 1374 938 neque
1399 895 1574 939 perfici
1601 907 1719 941 neque

238 933 475 970 contineri
498 939 635 978 potest,
673 934 740 968 nisi
767 945 835 968 usu
860 938 924 978 10,
952 939 988 979 7,
1013 938 1070 972 18.
1133 937 1168 982 ε)
1190 941 1336 975 Par-tic„-
1373 939 1469 986 Quid
1497 941 1549 976 sit*
1570 942 1720 976 conti-

237 993 350 1016 nens
369 983 405 1024 3,
435 983 518 1023 Cap.
547 983 602 1013 11.
642 997 685 1005 —
710 986 764 1014 est
787 981 824 1014 in
849 981 945 1016 omni
972 993 1104 1029 genere
1130 987 1374 1029 causarum‘a,
1397 987 1432 1028 6,
1455 988 1536 1026 103.
1567 988 1720 1022 co'nti-

237 1027 431 1069 nentia,
470 1025 570 1070 quasi
589 1025 895 1107 8firmamenta
928 1028 1172 1074 defensionis,
1215 1030 1342 1076 quihus
1377 1032 1524 1068 sublatis
1556 1027 1720 1068 defensio

235 1075 333 1108 nulla
358 1074 403 1107 sit
424 1075 459 1116 3,
485 1075 542 1116 11,
567 1075 585 1106 1
615 1096 624 1106 .
1325 1077 1329 1081 ’
1679 1085 1682 1090 ’

193 1150 421 1207 contingo·
468 1161 503 1206 I)
526 1165 680 1206 proprie:
709 1160 874 1208 quotiens
897 1165 940 1198 M
963 1166 1128 1201 vocalem
1153 1164 1258 1203 verbi
1284 1167 1453 1214 sequenti,
1469 1168 1672 1217 scontingit‘
1682 1169 1720 1212 9,

235 1209 270 1253 4,
295 1209 361 1251 40;
397 1220 487 1254 qnae
511 1215 670 1242 neutram
693 1221 881 1253 personam
905 1212 1116 1258 contingunt
1139 1214 1174 1255 6,
1199 1215 1233 1255 3,
1258 1213 1316 1248 24.
1379 1214 1431 1259 ΙΙ)
1452 1218 1567 1249 transl.
1617 1217 1658 1258 a)
1679 1215 1719 1249 id

236 1254 434 1301 contingit,
467 1265 549 1288 cum
573 1263 633 1288 εἰσ.
662 1255 698 1296 6,
724 1259 759 1295 2,
784 1259 841 1289 22.
878 1258 974 1301 qnod
996 1257 1045 1290 ita
1070 1258 1270 1306 continget,
1296 1259 1327 1292 si
1353 1267 1414 1293 etc.
1444 1263 1480 1302 7,
1504 1262 1561 1304 10,
1587 1263 1643 1295 17.
1683 1267 1719 1295 et

234 1301 382 1348 contigit
404 1306 591 1344 utrumque
617 1302 659 1343 9,
684 1303 728 1344 2,
752 1300 809 1335 74.
848 1307 887 1335 ut
910 1308 991 1336 suut
1014 1303 1168 1338 maxime
1193 1306 1417 1349 optanda,
1450 1305 1500 1340 ita
1525 1316 1599 1340 non
1622 1317 1719 1340 sem-

233 1347 300 1393 per
324 1352 472 1392 possunt
498 1346 768 1393 contingere
791 1346 833 1388 4,
859 1350 898 1391 1,
926 1350 982 1382 13.
1016 1348 1046 1382 si
1069 1349 1257 1383 consilium
1281 1350 1463 1397 contingat
1484 1362 1627 1396 semper
1653 1353 1719 1386 bo-

232 1405 363 1428 norum
390 1398 494 1436 atque
518 1392 728 1436 sapientium
755 1394 790 1431 3.
816 1394 850 1431 8,
873 1396 907 1427 2.
952 1394 1044 1436 Nota
1070 1394 1115 1428 sit
1137 1388 1289 1440 primuin
1314 1396 1456 1431 dicendi
1476 1396 1549 1432 via.
1582 1397 1719 1444 Neque

234 1439 330 1474 enim
354 1439 450 1483 prius
478 1439 685 1484 contingere
710 1450 831 1472 cursus
856 1445 991 1483 potest,
1031 1452 1137 1484 quam
1169 1441 1372 1486 scierimus,
1409 1453 1480 1488 quo
1500 1443 1558 1478 “sit
1585 1449 1621 1478 et
1648 1456 1719 1489 qua

232 1485 516 1530 perveniendum
541 1486 607 1526 10,
632 1487 674 1526 7,
703 1486 736 1518 5.
781 1496 861 1518 cum
888 1485 1037 1519 facultas
1063 1486 1123 1520 illa
1149 1487 1338 1535 contigerit
1364 1487 1498 1532 10‚‘3,
1527 1490 1582 1523 10.
1619 1491 1717 1534 quod

234 1532 266 1566 si
292 1532 390 1564 nulla
417 1529 590 1575 contingit
613 1530 798 1564 excusatio
826 1534 889 1574 11,
924 1534 963 1574 1,
999 1533 1057 1566 81.
1101 1532 1131 1566 si
1156 1533 1337 1568 liberalior
1358 1533 1507 1569 materia
1529 1534 1717 1582 contigerit

233 1581 277 1620 2,
301 1578 344 1619 8,
371 1580 426 1610 12.
466 1577 607 1620 quando
633 1581 687 1609 tot
712 1582 896 1610 auctorum
922 1578 1048 1612 notitia
1074 1579 1296 1626 contingeret
1320 1582 1360 1624 1,
1385 1583 1428 1620 2,
1453 1583 1510 1615 12.
1545 1581 1577 1615 si
1597 1587 1718 1616 tamen

232 1630 293 1658 aut
316 1621 528 1656 valetudinis
552 1621 591 1656 vi
615 1629 675 1655 etc.
709 1633 845 1656 summa
866 1633 939 1657 non
961 1623 1155 1672 contingit,
1177 1624 1376 1661 medicinae
1393 1625 1463 1660 fine
1480 1625 1558 1661 non
1573 1624 1718 1662 excidet

232 1669 414 1713 (medicus)
439 1671 474 1710 2,
501 1671 556 1710 17,
581 1670 647 1711 25,
689 1667 719 1701 si
746 1668 782 1701 id
806 1679 880 1702 non
905 1670 1087 1717 continget
1110 1671 1151 1714 5,
1175 1674 1219 1711 2,
1246 1673 1280 1706 3.
1313 1671 1344 1705 si
1366 1671 1403 1705 id
1427 1682 1502 1707 non
1527 1673 1717 1720 contigerit

232 1719 278 1758 7,
304 1717 344 1757 1,
369 1717 424 1748 27.
465 1714 560 1758 quod
585 1713 614 1747 si
642 1724 716 1747 non
741 1715 861 1748 contin
889 1722 924 1749 at
953 1717 1010 1749 Pr.
1035 1718 1093 1750 20.
1133 1718 1229 1761 quod
1255 1717 1286 1750 si
1313 1717 1496 1764 continget
1517 1718 1560 1760 9,
1585 1720 1629 1761 3,
1656 1721 1714 1752 27.

234 1762 333 1805 quod
357 1772 437 1794 cum
464 1759 636 1806 contingit
660 1762 722 1803 12,
750 1763 813 1804 10,
838 1763 859 1794 2
886 1786 894 1794 .
931 1761 961 1795 si
983 1761 1131 1809 contigit
1154 1766 1209 1804 12,
1231 1764 1266 1805 9,
1289 1764 1323 1798 8.
1357 1762 1388 1797 si
1412 1763 1593 1810 continget
1618 1762 1654 1807 4,
1679 1767 1716 1807 2,

231 1809 291 1842 89.
320 1806 353 1849 5,
378 1809 412 1848 7,
436 1805 491 1839 26.
523 1808 578 1847 12,
603 1808 638 1848 9,
665 1806 719 1840 16.
751 1806 781 1840 si
805 1817 879 1840 non
902 1807 1073 1862 contingit
1097 1810 1131 1851 5,
1158 1811 1193 1850 7,
1219 1809 1273 1843 19.
1303 1818 1374 1852 quo
1402 1809 1510 1842 modo
1535 1809 1717 1855 contingat

231 1856 276 1887 ib.
292 1853 325 1888 8.
353 1852 515 1896 quotiens
533 1851 714 1898 continget
734 1855 789 1894 10,
809 1856 842 1896 1,
860 1855 916 1886 22.
945 1860 1108 1897 quotlens
1125 1853 1313 1900 contigerit
1333 1856 1388 1898 11,
1415 1857 1449 1898 1,
1471 1856 1529 1889 78.
1579 1853 1620 1898 β)
1643 1856 1714 1899 adj.

231 1903 393 1941 Praepos.
421 1905 478 1930 αιιί
499 1900 637 1931 Λῦῑαί..·
674 1898 763 1931 nihil
786 1899 935 1941 horum,
967 1898 1036 1932 nisi
1062 1898 1113 1932 in
1142 1901 1331 1943 complexu
1354 1899 1525 1945 loquendi
1551 1901 1716 1946 serieque

233 1944 408 1990 contingit
435 1947 468 1986 1,
494 1945 527 1986 5,
553 1946 585 1978 3.
625 1943 782 1991 conting.
808 1945 884 1978 ead.
909 1944 1048 1978 claritas
1074 1955 1128 1978 ex
1151 1945 1392 1980 accidentibus
1415 1948 1451 1989 8,
1476 1948 1517 1989 3,
1541 1948 1598 1981 70.
1634 1958 1715 1994 gra-

232 1992 316 2025 tiam
342 1990 440 2024 illam
467 1989 720 2033 expositionis,
751 2000 842 2033 quae
867 1989 1048 2037 continget
1073 2001 1131 2024 ex
1158 2002 1323 2026 sermone
1344 2001 1436 2036 puro
1462 1997 1534 2036 atq.
1559 1992 1716 2027 dilucido

233 2041 291 2080 11,
318 2040 349 2079 1,
375 2039 439 2077 53;
471 2035 552 2080 quia
574 2035 746 2069 memoria
774 2041 843 2079 atq.
869 2035 963 2069 actio
989 2042 1113 2070 natura
1135 2047 1210 2071 non
1232 2043 1307 2071 arte
1331 2037 1537 2085 contingant
1559 2040 1594 2081 3,
1620 2040 1654 2077 3.
1670 2038 1714 2073 4.

231 2083 315 2117 stilo
341 2083 490 2116 facultas
517 2082 720 2128 continget,
753 2081 933 2116 auditione
959 2081 1128 2126 judicium
1153 2086 1199 2126 2,
1224 2086 1267 2127 2,
1298 2086 1354 2117 11.
1395 2084 1512 2118 donec
1535 2083 1715 2122 exercita-

228 2129 328 2163 tione
352 2128 534 2174 contingat
561 2128 744 2161 emendata
770 2127 953 2162 velocitas*
972 2131 1014 2171 1,
1039 2131 1080 2171 1,
1104 2130 1161 2163 33.
1198 2128 1371 2176 contingit
1393 2130 1484 2164 haec
1506 2130 1621 2165 virtus
1645 2141 1714 2164 usu

231 2176 265 2218 5,
290 2179 324 2217 7,
350 2176 406 2209 28.
433 2174 525 2207 istud
549 2184 623 2207 non
645 2173 862 2219 negligentia
886 2173 1012 2217 judicis
1037 2173 1210 2221 contingit
1235 2174 1279 2218 4,
1309 2178 1351 2218 1,
1375 2177 1433 2210 37.
1489 2174 1525 2220 χ)
1551 2189 1581 2209 c.
1606 2178 1712 2210 Dat..-

230 2220 463 2264 (rhetoricen)
496 2231 619 2254 veram
646 2219 714 2253 nisi
737 2220 829 2263 justo
856 2231 898 2253 ac
924 2221 1021 2254 bono
1048 2230 1123 2254 non
1146 2220 1352 2268 contingere
1379 2223 1423 2263 2,
1451 2223 1516 2263 15,
1541 2221 1597 2255 28.
1639 2230 1714 2256 non

232 2267 419 2299 aliunde
443 2266 595 2310 majores
622 2276 730 2309 opes,
763 2267 920 2300 honores
944 2273 1005 2299 εἰσ.
1035 2265 1237 2300 hominibus
1265 2265 1456 2312 contigisse
1485 2269 1541 2309 12,
1570 2268 1627 2309 11,
1653 2268 1713 2302 29.

231 2323 345 2354 paene
368 2311 524 2345 ultimam
547 2311 749 2345 oratoribus
773 2318 883 2345 artem
907 2311 1174 2355 compositionis
1197 2311 1388 2357 contigisse
1411 2312 1455 2351 9,
1481 2310 1526 2354 4,
1554 2312 1608 2349 16.
1645 2323 1714 2346 nec

230 2357 301 2390 hoc
327 2357 456 2390 oratori
486 2357 695 2404 contingere
720 2357 814 2395 inter
838 2357 1082 2400 adversarios,
1119 2357 1216 2401 quod
1238 2358 1461 2403 Pythagorae
1486 2356 1580 2392 inter
1606 2357 1716 2392 disci-

230 2403 334 2445 pulos
363 2407 479 2444 potest
503 2405 559 2444 11,
586 2406 618 2444 1,
645 2406 702 2437 27.
732 2402 773 2444 cs
802 2405 857 2445 10,
880 2401 915 2439 4,
940 2405 976 2436 3.
1008 2403 1134 2449 dignus
1154 2401 1233 2445 vir,
1261 2404 1320 2436 cui
1344 2409 1379 2436 et
1401 2413 1500 2437 mens
1526 2402 1655 2438 melior
1677 2408 1715 2437 et

231 2447 307 2482 vita
331 2449 471 2493 longior
497 2448 704 2494 contigisset
729 2450 784 2486 10.
812 2451 844 2490 1,
871 2447 948 2482 115.
982 2447 1027 2489 cs.
1053 2449 1095 2480 ib.
1122 2449 1197 2481 120.
1236 2458 1311 2482 non
1336 2447 1636 2490 displicuisse
1660 2447 1713 2482 illi

231 2493 353 2537 jocos,
378 2493 441 2526 sed
465 2504 536 2525 non
563 2493 821 2540 contigisse
845 2493 880 2535 6,
904 2495 938 2535 3,
963 2495 997 2526 2.
1027 2493 1123 2537 quod
1146 2493 1249 2527 nobis
1270 2494 1472 2528 volentibus
1496 2493 1602 2528 facile
1624 2504 1712 2527 con-

230 2539 342 2584 tinget
366 2538 410 2578 6,
443 2540 484 2578 2,
513 2540 567 2571 30.
608 2550 688 2572 cum
714 2545 812 2572 tanto
844 2539 945 2582 plura
970 2539 1061 2572 bene
1091 2538 1232 2572 dicendi
1259 2540 1422 2583 exempla
1456 2538 1710 2583 supersint,

231 2595 338 2628 quam
363 2583 431 2615 illis
461 2583 761 2629 contigerunt
790 2587 850 2627 10,
879 2586 919 2626 2,
944 2586 1009 2626 28;
1048 2584 1086 2617 in
1109 2584 1190 2618 foro
1216 2595 1358 2629 quoque
1384 2584 1591 2631 contingere
1617 2585 1713 2619 istud

230 2629 486 2674 principiorum
512 2639 623 2674 genus
646 2630 811 2663 secundis
835 2629 1033 2663 actionibus
1057 2628 1093 2672 4,
1120 2632 1152 2672 1,
1175 2628 1208 2663 4.
1250 2636 1302 2664 est
1327 2629 1467 2664 interim
1490 2636 1525 2663 et
1547 2636 1711 2674 aspectus

233 2681 268 2709 et
292 2674 430 2708 habitus
455 2673 527 2707 oris
554 2681 615 2706 etc.
643 2685 715 2707 non
740 2675 953 2716 inurbanus,
991 2687 1071 2709 cum
1100 2675 1145 2708 iis
1177 2677 1303 2709 modus
1328 2675 1502 2721 contingit
1524 2676 1565 2719 6,
1593 2678 1637 2717 3,
1667 2676 1712 2711 26

231 2722 278 2756 N.
304 2734 350 2754 cr.
385 2730 562 2763 nunquam
587 2720 657 2752 hoc
681 2721 863 2766 continget
884 2720 986 2754 malis
1005 2720 1163 2755 moribus
1179 2732 1328 2768 regnum
1348 2721 1382 2763 5,
1408 2723 1464 2763 12,
1490 2722 1544 2756 19.
1575 2720 1711 2755 felicis-

234 2766 343 2800 simus
365 2776 503 2808 sermo,
531 2764 589 2798 cui
606 2770 641 2798 et
661 2771 779 2799 rectus
804 2767 893 2800 ordo
916 2772 952 2800 et
974 2772 1055 2810 apta
1074 2767 1236 2810 junctura
1255 2774 1316 2801 etc.
1342 2765 1515 2811 contingit
1537 2767 1572 2809 9,
1595 2766 1631 2809 4,
1654 2769 1711 2801 27.

237 2808 270 2856 δ)
295 2825 322 2846 c.
350 2810 441 2853 Ins.:
471 2821 723 2855 nonnunquam
750 2811 923 2857 contingit
945 2811 1071 2855 judicis
1095 2823 1237 2856 quoque
1255 2819 1315 2847 εἰσ.
1343 2812 1474 2846 dictum
1491 2811 1633 2857 aliquod
1651 2817 1711 2846 aut
