1728 3002
174 170 258 209 440
714 168 879 211 Intente
911 192 966 200 —
994 169 1177 214 Intentio

225 282 353 325 oratio,
378 282 515 318 etiamsi
541 283 586 317 in
615 293 692 316 eam
720 295 793 317 non
817 282 1106 329 intendatur,
1131 284 1351 322 incurrat
1375 288 1412 330 8,
1436 289 1471 330 2,
1498 287 1557 322 23.
1596 285 1714 322 inten-

227 330 365 363 dendus
389 329 526 363 animus
549 329 598 363 in
621 331 692 363 hoc
717 340 859 374 quoque
883 333 926 374 2,
950 334 993 374 2,
1020 333 1075 366 13.
1112 330 1160 373 cs.
1188 334 1251 375 10,
1275 335 1319 377 7,
1348 333 1404 368 16.
1441 343 1517 367 non
1540 339 1714 377 perpetuo

226 375 512 410 intendimus
546 375 592 409 in
627 377 716 410 haec
751 375 972 420 animum,
1019 383 1056 411 et
1089 378 1280 422 cupiditate
1321 377 1436 415 landis
1477 379 1715 423 acquirendae

229 432 485 468 evagamur
514 423 559 464 3,
586 425 643 463 11,
665 422 721 456 25.
769 421 814 456 in
841 434 963 456 causas
995 424 1157 458 laborem
1180 436 1283 458 suum
1305 425 1493 460 intendunt
1519 428 1564 468 2,
1590 429 1631 459 11
1646 451 1657 469 ‚
1681 426 1717 460 6.

229 479 347 512 neque
380 478 431 501 se
466 468 513 500 in
547 470 655 502 multa
690 467 794 502 simul
824 468 1011 504 intendere
1046 470 1184 504 animus
1214 476 1328 505 totum
1350 475 1469 515 potest
1492 473 1560 512 10,
1584 474 1633 514 3,
1658 473 1717 506 23.

231 513 276 555 of.
300 515 335 556 9,
360 516 394 554 2,
423 513 468 548 63
494 515 541 547 Ν.
565 520 604 547 ut
619 514 752 548 Caesar
775 514 891 548 minus
917 518 995 559 (Sp.
1024 518 1123 550 inser.
1149 515 1206 560 se)
1229 516 1276 550 in
1297 527 1375 551 rem
1396 516 1597 551 intenderet
1618 515 1654 559 4,
1682 519 1717 559 1,

227 561 284 595 39.
324 559 453 594 acriter
476 570 524 594 se
558 560 602 593 in
627 560 716 594 illud
741 566 849 595 tenue
873 561 1065 596 discrimen
1092 562 1339 608 grammaticus
1363 562 1523 597 intendat
1551 566 1566 596 1
1581 588 1592 605 ,
1617 563 1657 605 5,
1681 564 1728 628 5.⁴

229 605 276 646 cf.
301 604 336 648 4,
361 606 396 648 4,
415 607 448 642 9.
486 605 534 639 in
559 605 610 650 (α.
631 610 653 639 l.
681 605 739 649 ad)
765 608 856 642 haec
879 607 1036 642 intentus
1064 609 1204 642 auditor
1229 614 1283 643 est
1304 610 1340 652 9,
1364 607 1400 652 4,
1425 608 1493 650 62;
1529 607 1728 644 intenden—

229 651 324 685 tibus
354 651 509 685 animum
539 654 595 686 ad
623 652 721 696 ipsos
749 653 874 687 ductus
900 657 940 696 1,
969 657 1003 697 1,
1030 654 1088 689 25.
1134 654 1173 699 β)
1201 668 1230 689 ο.
1255 658 1361 689 Dan:
1406 653 1566 688 ordini
1599 646 1728 694 rerum}

229 697 384 731 animum
406 698 567 732 intendat
590 696 632 740 4,
658 701 699 742 1,
727 700 785 734 78.
819 699 876 734 vis
904 700 1020 734 omnis
1042 699 1328 735 intendenda
1349 701 1477 743 rebus,
1503 706 1540 734 et
1563 699 1728 734 remit-3

232 745 424 778 tendum
449 744 581 788 aliquid
609 756 656 778 ex
679 755 763 779 cura
787 746 983 781 verborum
1009 748 1067 790 10,
1093 750 1133 790 7,
1155 750 1213 781 22.
1247 753 1404 781 mentem
1429 751 1548 780 tantae
1571 745 1625 781 rei
1647 744 1728 780 in-‘'

228 795 405 824 tentam
437 802 608 825 vacare
640 792 805 826 omnibus
831 791 908 826 aliis
933 791 1027 826 curis
1058 795 1125 836 12,
1159 796 1202 836 1,
1238 793 1271 828 5.
1317 792 1441 836 optimi
1463 802 1728 835 nonnunquam

230 847 356 870 sensus
380 853 423 860 —
445 835 587 870 interim
609 837 804 872 memoriae
829 849 914 872 suae
948 838 1106 873 intentos
1141 839 1184 873 ab
1210 838 1279 872 alia
1302 838 1512 874 inventione
1541 838 1722 872 declinant

229 885 295 926 10,
321 884 364 925 3,
389 884 445 916 33.
494 882 534 927 γ)
558 896 586 917 c.
612 885 729 917 Adv..-
767 883 991 918 intendamus
1017 886 1154 919 ultra
1182 884 1337 918 animum
1359 888 1406 927 7,
1432 887 1476 926 1,
1501 881 1559 920 54.
1594 883 1728 928 illuc¹

228 927 446 963 intendenda
468 940 570 963 mens
593 932 648 972 10,
666 932 701 972 2,
715 932 772 964 27.
802 930 867 973 ire,
892 941 963 975 quo
984 930 1185 966 intenderat
1208 934 1244 974 7,
1270 934 1304 973 1,
1328 932 1386 965 30.
1433 929 1500 971 111)
1525 931 1557 962 in
1581 929 1728 963 dicendo*

228 977 252 1008 i.
282 988 313 1020 q.
338 987 545 1018 propono.
595 977 632 1010 αὶ
658 989 686 1008 c.
718 975 794 1019 obj.
824 984 933 1010 certo.-
975 983 1014 1011 ut
1045 988 1120 1011 non
1149 976 1314 1011 videatur
1347 976 1425 1020 jure
1455 975 1548 1009 actio
1582 974 1724 1009 intendi

226 1023 273 1063 3,
297 1021 342 1064 6,
367 1022 422 1055 83.
449 1021 506 1056 85.
549 1026 585 1055 et
606 1021 793 1065 versibus,
826 1028 862 1056 et
893 1023 976 1066 joco
1014 1030 1075 1058 etc.
1110 1022 1297 1057 intendere
1327 1022 1462 1056 crimen
1491 1022 1539 1065 9,
1565 1023 1612 1063 2,
1639 1020 1720 1059 104.

226 1066 271 1112 β)
297 1080 325 1100 c.
354 1069 500 1101 incerto:
539 1067 600 1112 qui
625 1067 777 1102 intendit
801 1069 848 1110 (in
873 1068 995 1110 causis)
1021 1071 1063 1111 3,
1084 1069 1119 1112 6,
1146 1070 1200 1103 15.
1249 1068 1516 1102 intendere
1551 1067 1636 1111 quid
1659 1067 1722 1102 vel

228 1114 475 1156 depellere
502 1115 535 1156 3,
553 1113 587 1152 4.
612 1115 664 1148 ¹5.
695 1115 739 1147 ad
761 1125 896 1158 eorum,
922 1126 1013 1159 quae
1036 1115 1264 1158 intendimus,
1286 1115 1394 1148 fidem
1418 1111 1591 1156 5,11‚43.
1619 1112 1664 1154 cf.
1675 1115 1722 1146 ib.

228 1159 286 1193 24.
313 1159 347 1200 5,
365 1159 485 1200 14,10.
515 1160 610 1202 quod
634 1159 829 1194 intenditur
851 1161 984 1195 factum
1012 1163 1046 1204 3,
1071 1163 1127 1202 10,
1153 1161 1187 1195 5.
1225 1172 1246 1194 a
1267 1172 1354 1194 cura
1379 1158 1597 1201 docendi,
1623 1159 1720 1203 quod

226 1204 553 1248 intenderint,
578 1207 752 1240 recedunt
775 1209 810 1249 2,
838 1209 894 1250 12,
918 1207 952 1242 6.
986 1206 1035 1249 id,
1065 1208 1162 1250 quod
1187 1205 1497 1247 intendimus,
1522 1204 1721 1239 efficere

226 1251 262 1292 8,
287 1253 322 1292 3,
344 1249 401 1284 41.
432 1250 476 1291 cs.
505 1254 537 1291 1,
563 1254 618 1293 10,
641 1251 699 1286 49.
730 1254 786 1295 12,
809 1255 865 1294 10,
890 1255 947 1287 72.
984 1254 1029 1286 ad
1053 1252 1376 1294 obtinendum,
1402 1252 1497 1296 quod
1524 1249 1722 1284 intendi-

225 1307 320 1329 mus
347 1299 402 1338 12,
425 1298 480 1338 10,
508 1297 562 1330 53.
602 1298 646 1329 ad
670 1298 959 1340 probandum
986 1297 1034 1340 id,
1061 1299 1158 1341 quod
1182 1297 1467 1332 intendimus
1493 1299 1527 1336 5,
1552 1299 1608 1339 10,
1640 1299 1718 1329 122.

226 1342 272 1375 ad
292 1341 676 1385 persuadendum,
712 1343 807 1385 quod
832 1342 1115 1376 intendimus
1138 1343 1172 1384 5,
1196 1346 1250 1384 11,
1267 1344 1310 1385 63
1336 1342 1564 1388 syllogismus
1589 1359 1632 1366 -
1656 1352 1723 1385 per

226 1396 350 1422 omnes
377 1393 495 1431 partes
520 1387 647 1427 efficit,
677 1388 798 1430 quod
824 1387 1099 1432 proposuit:
1126 1389 1353 1432 enthymema
1378 1393 1513 1422 tantum
1536 1386 1719 1422 intenta

239 1433 375 1480 ntelligi
401 1438 607 1466 contentum
631 1433 678 1466 sit
705 1435 738 1476 5,
766 1431 821 1476 14,
846 1431 905 1467 24.

180 1493 364 1535 [utente.
407 1517 453 1524 —-
477 1512 519 1535 ac
544 1501 706 1535 modeste
731 1500 845 1534 audiri
871 1504 907 1543 2,
931 1504 966 1544 2,
995 1503 1052 1536 13.

181 1556 382 1598 Intentio·
430 1567 464 1612 1)
490 1571 656 1612 corporis.-
684 1570 785 1603 velut
806 1567 992 1615 fatigatum
1013 1567 1212 1603 intentione
1237 1569 1456 1603 stomachum
1479 1566 1607 1613 judicis
1632 1565 1667 1611 4,
1684 1570 1721 1611 2,

229 1617 307 1648 121.
348 1615 426 1648 int.
458 1615 572 1658 vocis,
598 1615 834 1658 remissio,
862 1616 1024 1649 flexus
1052 1618 1084 1657 1,
1104 1617 1159 1657 10,
1178 1616 1236 1649 25.
1271 1615 1489 1657 μονοτονίι,
1514 1626 1586 1648 una
1612 1625 1722 1659 quae-

229 1661 309 1694 dam
334 1661 476 1705 spiritus
502 1672 543 1695 ac
570 1661 649 1694 soni
672 1661 735 1694 int.
761 1663 817 1702 11,
839 1662 874 1704 3,
899 1660 956 1695 45.
992 1671 1067 1694 non
1090 1660 1213 1694 firmae
1235 1660 1442 1694 intentionis
1467 1660 1623 1703 ideoque
1648 1666 1724 1694 tre-

227 1708 345 1740 mulus
370 1706 539 1751 (spiritus)
565 1709 606 1740 ib.
619 1708 676 1741 55.
703 1706 831 1750 (sonus)
856 1718 973 1751 neque
996 1706 1285 1750 pronuntiatione
1308 1705 1424 1749 flecti,
1450 1716 1569 1750 neque
1589 1705 1722 1739 diutius

227 1752 583 1787 serre-intentionem
607 1758 725 1796 potest
749 1755 791 1785 ib.
810 1751 869 1786 41.
905 1763 976 1797 quo
1002 1752 1206 1786 debilitatur
1229 1751 1343 1789 omnis
1367 1752 1432 1786 int.
1457 1754 1501 1785 ib.
1526 1750 1584 1786 45.
1611 1751 1722 1795 hique

228 1799 327 1838 (soni)
355 1810 436 1832 cum
461 1800 621 1846 augenda
647 1799 845 1833 intentione
871 1798 1076 1841 excitandi,
1102 1810 1182 1832 cum
1205 1798 1454 1832 summittenda
1481 1803 1565 1831 sunt
1576 1802 1723 1840 =tempe-

228 1844 331 1878 randi
356 1847 399 1878 ib.
412 1844 468 1879 42.
496 1846 526 1879 si
550 1845 750 1879 intentione
774 1844 872 1879 omni
893 1845 1042 1879 remissa
1067 1845 1236 1888 loquetur
1252 1848 1308 1885 11,
1327 1847 1360 1887 1,
1377 1845 1440 1886 53;
1466 1841 1726 1888 (pronuntiatio)

225 1891 360 1924 habens
374 1901 498 1925 omnes
512 1893 550 1925 in
564 1902 615 1934 se,
644 1891 704 1935 qui
717 1890 978 1934 desiderantur,
994 1901 1041 1924 so
1053 1901 1108 1925 no
1119 1902 1136 1924 s
1159 1890 1400 1924 intention
1411 1900 1527 1933 esque
1542 1891 1599 1931 11,
1613 1890 1647 1932 3,
1661 1887 1722 1922 40.

228 1937 276 1979 11)
307 1939 417 1970 animi.
469 1937 507 1979 α)
533 1938 647 1980 major
673 1937 738 1983 int.
768 1942 822 1970 est
846 1939 902 1979 11,
926 1940 962 1979 2,
985 1937 1041 1971 35.
1071 1947 1198 1971 recens
1223 1935 1440 1970 audientium
1463 1936 1528 1968 int.
1555 1933 1592 1977 4,
1612 1937 1645 1977 1,
1667 1934 1725 1969 59.

228 1994 347 2017 acrem
371 1982 498 2027 judicis
521 1983 584 2017 int.
614 1984 649 2023 8,
678 1985 714 2022 2,
739 1985 810 2025 233
844 1982 910 2016 int.
941 1982 1048 2016 animi
1073 1985 1106 2025 1,
1134 1986 1167 2024 1,
1195 1981 1251 2016 34.
1297 1981 1425 2016 mentis
1449 1980 1511 2014 int.
1538 1982 1595 2022 10,
1610 1981 1645 2022 3,
1662 1982 1720 2014 20.

232 2033 289 2071 11,
313 2032 348 2071 2,
375 2031 438 2072 103
473 2029 606 2071 omnia,
640 2039 730 2072 quae
754 2028 964 2072 impedient,
1000 2028 1122 2063 vincat
1146 2028 1211 2062 int.
1239 2030 1296 2070 10,
1320 2030 1354 2070 3,
1382 2027 1441 2061 28.
1475 2037 1544 2060 nec
1573 2025 1618 2060 sit
1649 2031 1722 2059 tam

229 2077 359 2121 longus
383 2073 544 2119 (sermo),
579 2080 619 2108 ut
645 2086 724 2108 eum
753 2074 922 2119 prosequi
946 2085 1021 2108 non
1043 2073 1157 2117 possit
1178 2073 1241 2108 int.
1265 2075 1300 2116 8,
1329 2076 1363 2116 2,
1391 2070 1446 2108 14.
1470 2073 1589 2124 ’longe
1615 2083 1723 2115 prae-

228 2123 331 2155 cedat
357 2120 434 2163 int„
459 2133 500 2154 ac
526 2132 611 2165 prae
641 2132 680 2154 se
703 2132 761 2154 res
786 2126 864 2167 agat
890 2123 946 2162 10,
970 2124 1006 2164 7·,
1032 2123 1099 2162 103
1134 2118 1340 2154 intentionis
1363 2118 1542 2152 silentium
1565 2116 1598 2160 4,
1614 2121 1649 2160 2,
1662 2119 1721 2152 37.

228 2166 266 2210 ρ’)
288 2170 413 2200 Aecus.
429 2181 439 2200 .-
466 2178 571 2210 quam
599 2166 690 2210 (int.)
719 2166 748 2200 si
773 2172 846 2200 tota
868 2172 987 2201 mente
1010 2166 1048 2199 in
1077 2177 1165 2209 opus
1192 2166 1306 2209 ipsum
1330 2163 1505 2198 direxeris
1531 2166 1586 2206 10,
1605 2165 1640 2205 3,
1660 2164 1721 2197 28.

231 2213 425 2246 dividenda
448 2212 511 2246 int.
544 2211 652 2246 animi
678 2215 717 2255 1,
744 2215 761 2246 1
777 2238 787 2255 ‚
817 2211 875 2246 34.
924 2218 1042 2256 potest
1065 2223 1144 2246 esse
1166 2213 1238 2244 ulla
1261 2215 1332 2243 tam
1356 2216 1525 2254 perpetua
1552 2208 1722 2242 discentis

229 2259 312 2301 int.,
345 2270 436 2303 quae
461 2269 534 2292 non
559 2259 685 2292 obtutu
712 2258 882 2292 continuo
905 2255 1098 2305 fatigetur?
1131 2260 1172 2299 1,
1197 2260 1241 2296 2,
1268 2259 1323 2289 11.
1372 2256 1501 2302 omnis,
1531 2266 1621 2298 quae
1647 2259 1722 2287 erat

230 2310 425 2348 conceptae
450 2304 516 2347 (sio
542 2306 666 2346 Codd,
701 2309 791 2345 vulg.
822 2307 865 2337 ‹le
890 2304 974 2345 conj.
1001 2306 1099 2343 Regii
1124 2299 1312 2344 concepta)
1347 2301 1475 2335 mentis
1506 2300 1590 2342 int.‚
1617 2311 1717 2333 mora

229 2357 263 2385 et
282 2350 459 2384 interdum
483 2350 667 2384 iracundia
690 2350 870 2383 excutitur
882 2353 935 2389 10,
944 2352 978 2391 3,
990 2351 1089 2382 2011.
1120 2349 1215 2392 quod
1238 2346 1408 2391 (uerbum)
1432 2346 1582 2381 transire
1605 2345 1722 2379 inten-

229 2395 363 2430 tionem
393 2402 429 2430 et
456 2396 640 2430 obscurari
664 2394 993 2438 circumjacentibus
1018 2395 1109 2427 solet
1131 2397 1166 2435 9,
1193 2392 1227 2434 4,
1251 2394 1306 2428 29.
1340 2404 1431 2437 quae
1450 2391 1619 2436 (partitio)
1647 2397 1723 2424 tur-

231 2443 328 2475 babit
356 2442 591 2476 intentionem
614 2439 778 2484 (judicis)
804 2441 840 2484 4,
866 2441 900 2482 5,
917 2442 960 2481 33
989 2440 1033 2473 ad
1055 2440 1302 2473 remittendam
1326 2438 1558 2473 intentionem
1581 2436 1722 2480 judicis,

233 2499 338 2530 quam
362 2488 569 2523 adversario
594 2492 748 2531 praestat
778 2485 821 2529 4,
860 2489 876 2519 1
891 2511 901 2528 ,
934 2487 1002 2527 38;
1052 2486 1095 2518 ad
1119 2485 1354 2519 intentionem
1381 2484 1644 2528 praeparandus
1668 2487 1724 2516 est

230 2533 341 2571 iudex
365 2533 400 2576 4,
428 2537 462 2576 2,
487 2532 544 2568 47.
591 2532 629 2578 y)
654 2535 769 2566 Ablat.
786 2547 795 2565 s
834 2532 877 2566 ab
902 2531 1102 2565 intentione
1127 2532 1340 2565 auferendus
1363 2529 1406 2572 4,
1431 2531 1473 2571 5,
1498 2531 1532 2564 6.
1565 2528 1723 2561 animum*

231 2578 275 2609 ab
311 2578 578 2613 intentione
613 2589 758 2612 rerum
793 2577 922 2612 avertit
957 2578 998 2620 6,
1030 2579 1071 2619 3,
1102 2580 1134 2611 1.
1184 2582 1338 2612 avocent
1372 2577 1415 2609 ab
1452 2573 1720 2609 intentione

232 2623 388 2665 operis
413 2624 648 2658 destinati
675 2626 730 2665 10,
755 2626 788 2665 3,
816 2626 874 2658 23.
922 2624 989 2664 ΙΙΙ)
1013 2625 1045 2655 ίη
1071 2625 1199 2656 litibus.-
1238 2623 1420 2666 (judiciale
1441 2619 1558 2663 genus)
1590 2618 1726 2657 officiis,

234 2673 370 2701 constat
398 2671 556 2712 duobus,
585 2670 878 2703 intentionis
901 2680 942 2702 ac
968 2669 1263 2712 depulsionis
1290 2670 1331 2708 3,
1353 2668 1394 2708 9,
1422 2669 1456 2700 1.
1504 2664 1722 2708 judicialium

235 2724 419 2746 causarum
444 2715 529 2747 alias
555 2715 590 2747 in
615 2715 782 2761 singulis,
818 2715 904 2748 alias
928 2715 966 2748 in
990 2713 1149 2758 pluribus
1175 2711 1427 2748 controversiis
1452 2710 1661 2753 consistere,
1686 2714 1723 2743 et

233 2758 271 2792 in
297 2759 505 2804 quibusdam
534 2760 768 2795 intentionem
794 2762 901 2795 modo
927 2762 978 2805 (S
983 2774 1016 2806 p.
1047 2760 1144 2806 quib.
1167 2761 1332 2795 sufficere
1361 2770 1408 2794 m.
1430 2758 1494 2793 int.
1520 2768 1568 2791 m.
1594 2756 1720 2801 depuh
