1728 3002
511 124 672 173 Eluce'o
709 125 792 193 -7'v
801 126 996 170 Eruenda
1436 127 1516 168 281

39 251 160 295 visst,
181 253 217 295 1,
242 251 277 286 5.
300 248 359 285 vis
382 248 479 291 eloq.
513 245 564 280 de
594 243 703 279 rebus
725 242 891 278 civilibus
923 244 969 285 2,
993 241 1057 284 15,
1079 243 1138 275 22.
1183 239 1399 274 Theodorus
1436 240 1542 274 the-¹

38 299 179 333 soricen
199 295 277 332 vim
296 299 399 340 putat
417 289 704 328 inveniendi
728 295 763 324 et
793 287 1052 334 eloquendi
1078 287 1317 321 camon-natu*
1338 285 1523 321 credibilia

40 345 82 379 in
106 343 206 379 omni
227 341 391 377 oratione
422 342 468 374 fb.
503 337 558 373 16.
625 335 673 381 b)
714 338 828 370 Ablat.
843 350 854 370 .-
894 345 975 369 cmn
1003 332 1049 367 sit
1073 333 1112 367 in
1141 333 1345 376 eloquendo
1368 331 1525 377 positum

44 389 197 426 oratoris
219 387 376 423 officium
402 387 463 428 ’10,
486 387 521 427 1,
544 385 578 418 3.
613 383 675 418 det
704 382 794 416 mihi
825 380 864 414 in
898 380 993 424 eloq-
1019 380 1171 414 eandem
1200 378 1455 423 jucunditatem
1489 384 1527 413 et

69 447 167 471 arem
201 433 340 478 copiam
376 434 435 475 12,
469 430 527 473 10,
562 429 618 464 35.
650 428 690 462 in
721 429 816 472 eloq.
850 432 907 461 est
939 425 1057 471 aliqua
1084 424 1272 460 diversitas
1298 427 1355 466 10,
1385 427 1420 468 1,
1448 425 1528 460 106.

71 482 101 516 's
123 481 292 526 judicium
312 479 352 513 in
375 479 494 523 cinq..
515 475 587 510 iuis
608 474 707 511 vires
730 474 921 508 defuerunt
943 473 979 515 8,
1002 473 1065 506 i'r.
1089 475 1145 506 17.
1168 476 1222 505 est
1245 477 1344 517 grata
1371 470 1411 504 in
1433 471 1531 515 eloq.

44 527 185 563 novitas
209 532 246 561 et
271 523 439 560 emutatio
472 524 508 566 8,
532 522 569 565 6,
590 523 658 564 513
699 520 738 554 in
766 521 859 563 eloq.
886 517 1006 553 brevis
1029 523 1066 553 et
1090 517 1299 564 magnificus
1323 522 1359 552 et
1378 516 1540 564 diligens-

47 576 106 618 10,
133 576 167 615 1,
191 572 248 607 63.
274 582 324 606 ne
347 570 434 616 quid
458 568 615 612 inseloq.
644 572 847 611 corruptum
868 565 1127 609 obscurumque
1150 563 1197 597 sit
1217 564 1253 605 6,
1278 563 1314 606 5,
1338 565 1371 597 2.
1400 562 1447 605 cs.
1475 565 1534 607 10,

47 622 83 661 1,
104 619 188 654 129.
222 628 299 652 non
325 615 447 661 Scipio
469 622 532 649 etc.
560 613 599 647 in
622 614 718 657 eloq.
741 613 843 647 velut
867 610 976 645 Attici
1003 611 1244 644 Romanorum
1271 609 1442 644 fuerunt?
1475 611 1534 653 12,

47 667 111 708 10,
133 665 190 700 39.
221 661 398 708 Panyasin
420 661 469 696 e'x
490 665 643 704 utroque
664 659 816 693 mixtum
839 657 878 691 in
900 658 994 701 eloq,
1021 658 1085 700 10,
1102 659 1136 700 1,
1162 654 1219 692 54.

4 707 180 751 Eluon·
249 719 290 754 in
311 718 431 764 pueris
461 719 579 752 elucet
602 727 683 761 spes
720 715 952 760 plurimorum
983 715 1022 756 1,
1058 715 1075 746 1
1090 738 1101 755 ,
1135 715 1168 746 2.
1213 717 1255 747 ut
1287 711 1325 746 in
1359 710 1535 755 oratione,

39 766 244 812 >quamlibet
265 766 380 808 clara,
406 763 552 808 proprio
575 768 695 797 tamen
715 761 851 795 lumine
875 761 1014 794 eluceat
1038 757 1239 803 (translatio)
1262 758 1299 801 8,
1324 757 1360 801 6,
1389 756 1424 793 4.
1451 769 1538 803 qua-

49 823 130 846 rum
150 812 285 846 utilitas
306 811 345 846 in
367 811 468 844 nullo
495 819 570 844 non
597 819 708 853 opere
730 809 792 843 vel
821 805 1016 841 clarissime
1049 805 1167 839 elucet
1194 806 1231 847 9,
1261 807 1296 847 1,
1322 806 1379 840 19.
1421 815 1539 839 sum·
1576 843 1581 847 ,

50 869 146 893 mus
167 858 230 893 ille
254 857 397 903 quidem
419 856 458 890 in
479 855 537 889 his
561 865 704 899 quoque
731 853 900 898 operibus
921 851 1042 894 fuerit,
1067 851 1132 885 sed
1152 850 1345 896 majoribus
1369 850 1539 885 clarius

53 904 270 939 elucebit
293 903 374 947 (vir
395 902 520 944 bonus)
548 904 604 944 12,
630 903 666 944 1,
688 900 746 935 26.

9 947 164 991 Eludo·
175 958 346 1006 (ἰηιίωιὶο)
368 957 591 1003 frequentius
615 960 875 991 asseverat
898 966 1005 999 quam
1035 944 1185 988 eludit
1214 953 1251 996 9,
1273 955 1309 996 2,
1336 953 1392 988 59.
1415 971 1462 978 —
1486 958 1542 988 est

55 1005 175 1050 posita
204 1006 283 1040 fere
317 1004 358 1039 in
390 1003 569 1038 eludendo
605 1002 667 1046 (a.
694 1001 840 1049 clud.)
875 1003 917 1035 ib.
946 1001 1148 1039 58.‚aliena
1172 1016 1215 1024 —
1241 998 1419 1034 eludimus
1445 998 1482 1041 6,
1506 1000 1542 1042 3,

56 1052 115 1090 23.
139 1051 427 1085 committendum
448 1059 629 1094 nunquam
654 1054 732 1091 est,
767 1053 806 1081 ut
830 1045 1116 1083 adversariorum
1142 1045 1236 1080 dicta
1263 1056 1343 1079 cum
1368 1055 1432 1078 sua
1454 1054 1545 1078 con-

58 1095 260 1132 firmatione
298 1096 514 1137 referamus,
558 1099 619 1128 aut
655 1094 763 1128 etiam
794 1092 871 1131 loci
897 1092 1046 1136 alicujus
1077 1091 1294 1127 executione
1321 1091 1544 1134 adjuvemus,

58 1141 131 1177 nisi
149 1153 231 1176 cum
252 1142 428 1176 eludenda
449 1145 553 1175 erunt
579 1142 613 1181 5,
639 1143 696 1184 13,
720 1142 776 1174 27.
801 1139 1010 1180 eluduntur,
1041 1149 1133 1182 quae
1160 1136 1321 1181 asperim
1343 1137 1438 1171 dicta
1462 1142 1546 1170 sunt

59 1191 105 1222 ib.
130 1186 190 1233 40.
217 1189 311 1222 hanc
345 1188 423 1231 ejus
445 1192 562 1221 terrae
586 1186 690 1219 fidem
714 1183 826 1219 eludit
846 1182 1051 1218 Menander
1082 1186 1138 1226 12,
1163 1186 1220 1225 10,
1247 1183 1293 1217 25
1317 1183 1366 1216 Ν.
1397 1182 1547 1226 promit·
1582 1199 1587 1209 ι

59 1233 172 1277 tendo
200 1239 340 1268 nostras
360 1231 592 1277 probationes
622 1236 658 1265 et
688 1232 857 1265 adversas
888 1230 1066 1264 eludendo
1105 1230 1160 1274 (a.
1185 1233 1207 1262 1.
1233 1228 1388 1263 eluendo
1413 1241 1447 1261 a.
1471 1229 1550 1263 ele-

59 1279 210 1320 vando‘)
241 1277 279 1322 4,
308 1280 343 1322 1,
366 1277 424 1313 48.
449 1277 696 1312 similitudines
719 1278 865 1311 eludere
892 1276 928 1318 5,
952 1278 1009 1318 13,
1032 1277 1096 1318 23,
1121 1275 1222 1319 cujus
1245 1273 1463 1309 divisionem
1494 1276 1550 1308 le-

0 1332 6 1336 '
60 1325 158 1370 viter
179 1323 291 1370 eludit
313 1324 349 1368 4,
378 1326 414 1367 5,
436 1322 495 1362 24.
520 1324 615 1368 quod
638 1323 773 1357 factum
793 1328 945 1357 venuste
974 1321 1080 1356 elusit
1102 1323 1146 1366 5,
1186 1323 1252 1363 13,
1287 1319 1356 1363 483
1397 1320 1494 1364 quod
1518 1320 1550 1355 si

144 1371 154 1378 .
204 1370 214 1378 .
458 1370 467 1376 .
621 1369 629 1376 .
757 1369 765 1376 .
850 1371 870 1390 o
1102 1366 1111 1374 .

61 1367 1553 1458 afflasset}Pausias&-m‘¹1²¹&aazias

61 1467 100 1496 et
120 1463 309 1497 ridiculum
320 1461 472 1496 ridiculo
496 1463 540 1496 ib.
561 1462 617 1497 79.
638 1460 743 1495 elusit
759 1460 902 1496 Cassius
920 1460 1089 1500 Severus,
1118 1459 1311 1503 objiciente
1327 1459 1492 1503 quodam,
1507 1476 1554 1484 -

3 1530 6 1531 ν
61 1509 314 1553 respondendo
335 1508 372 1552 6,
396 1506 432 1552 3,
458 1508 515 1544 79.
543 1505 657 1552 [quod
675 1513 712 1541 et
733 1508 813 1542 eod.
829 1506 985 1541 eluditur
1004 1506 1121 1541 verbo
1146 1505 1256 1549 (Sic-'e
1277 1507 1425 1547 vestigiis
1447 1506 1553 1539 Codd.

0 1557 2 1559 ’
59 1552 210 1596 for-tusae
231 1555 419 1597 legendum
446 1555 511 1597 Sp.
537 1553 710 1596 cluditur3
736 1557 780 1587 al.
808 1551 1051 1595 concluditur)
1076 1553 1112 1594 9,
1136 1553 1171 1594 3,
1195 1551 1242 1586 86
1265 1551 1312 1584 Ν.
1337 1558 1368 1584 et
1392 1551 1439 1584 N.
1468 1548 1558 1594 cr.]‚·

63 1603 203 1635 nasu:
215 1599 337 1634 litus
359 1610 450 1643 esse,
469 1610 540 1645 qua
553 1599 683 1633 fluctus
702 1598 862 1634 eludit
878 1602 929 1641 (α.
950 1602 973 1631 1.
996 1597 1114 1641 elidit)
1127 1599 1162 1641 5,
1184 1596 1242 1640 14,
1259 1596 1307 1631 34
1328 1597 1375 1630 N.
1391 1602 1427 1630 et
1445 1597 1495 1630 N.
1506 1609 1556 1630 cr.

20 1652 148 1696 Eho·
186 1670 190 1673 ’
216 1679 286 1703 nec
322 1668 483 1702 lanarum
518 1667 680 1710 colores,
722 1667 850 1712 quibus
885 1665 1038 1710 simplex
1062 1665 1124 1700 ille
1152 1665 1288 1700 candor
1314 1669 1467 1698 mutatus
1491 1668 1559 1707 est,

60 1711 143 1747 'elui
163 1718 315 1757 possunt
339 1717 374 1757 1,
397 1716 432 1756 1,
457 1713 498 1756 5;
526 1713 720 1759 eluendis,
758 1725 851 1758 quae
882 1713 995 1748 semel
1015 1711 1230 1755 insederint,
1259 1710 1360 1746 vitiis
1386 1713 1433 1754 2,
1460 1711 1501 1754 3,
1523 1712 1559 1744 2.

26 1755 349 1822 Εῐιιίιυοιψβῐίο·
406 1782 487 1805 cum
508 1769 763 1805 intervenisset
788 1781 923 1805 emanc.
949 1769 997 1813 (α.
1023 1773 1047 1804 1.
1071 1766 1263 1812 emancip.)
1288 1770 1345 1810 11,
1370 1770 1404 1809 1,
1428 1766 1488 1802 65.

28 1822 291 1880 Emancupo-
350 1843 427 1871 tum
447 1843 596 1882 paterna
623 1849 860 1883 emancupare
883 1838 937 1883 (α.
963 1843 986 1872 1.
1011 1838 1166 1883 mancip.
1192 1850 1225 1870 a·
1247 1834 1432 1880 manem»)
1456 1844 1563 1878 prae·

158 1881 516 1968 ..ω
967 1895 1049 1918 ...
1072 1897 1108 1929 p.
1485 1885 1564 1913 m-

31 1968 269 2011 Emblema·
314 1989 354 2017 ut
377 1978 637 2027 extemporales
662 1984 838 2020 dictiones
860 1985 917 2021 his
938 1987 1042 2022 velut
1063 1983 1286 2022 emblematis
1313 1982 1352 2024 (ἰ
1379 1995 1409 2016 e·
1437 1980 1566 2025 ῑθΰῐδ)

80 2034 341 2062 exornarentur
362 2031 398 2072 2,
421 2028 459 2071 4,
483 2031 538 2063 27.

37 2071 286 2135 Emendtlte.
341 2096 410 2120 em.
434 2096 477 2119 ac
499 2085 619 2119 lucide
641 2084 836 2119 dicentium
863 2088 900 2128 8,
928 2089 964 2130 3,
987 2090 1021 2121 1.
1046 2086 1174 2121 Latine
1203 2091 1311 2130 atque
1340 2084 1480 2118 emend.
1509 2083 1569 2117 lo-
1614 2124 1617 2126 μ

83 2130 216 2181 quendi
248 2131 283 2173 8,
313 2133 346 2174 1,
371 2134 406 2164 2.
437 2143 469 2165 v.
495 2131 699 2176 Loqu013
744 2131 965 2166 emendatius
997 2134 1179 2167 caldum
1208 2131 1329 2164 dicere
1357 2141 1464 2174 quam
1499 2139 1570 2164 ca-

45 2212 50 2215 ,
82 2176 115 2208 [ι
126 2176 226 2208 dum
251 2179 284 2219 1,
305 2177 342 2220 6,
367 2178 411 2212 19
431 2181 478 2211 -Ζ,
506 2179 540 2211 S.
1043 2196 1048 2198 ⁷
1590 2212 1594 2218 .

36 2218 306 2283 Emendatio.
337 2245 395 2252 —
431 2245 515 2278 pars
536 2232 733 2267 studiorum
747 2233 854 2279 longe
868 2233 1056 2268 utilissima
1072 2236 1128 2275 10,
1145 2232 1179 2270 4,
1195 2235 1227 2267 1.
1247 2252 1295 2258 --
1316 2232 1424 2266 finem
1442 2232 1572 2266 habeat
1618 2237 1621 2239 ’

83 2279 128 2328 ἰζι.
146 2279 180 2311 3.
200 2288 232 2310 si
248 2278 421 2313 maloi-mn
443 2290 579 2314 causa
597 2279 730 2313 bellum
748 2285 814 2322 est,
831 2279 900 2313 erit
928 2279 1192 2314 emendatio
1209 2289 1282 2323 pax
1297 2280 1331 2321 5,
1350 2281 1405 2321 10,
1424 2280 1482 2312 73.
1504 2288 1573 2322 op-

83 2326 170 2355 tima
179 2327 241 2373 ‘est
256 2324 455 2359 emendatio
468 2325 722 2367 verecundiae,
742 2324 871 2359 fiducia
882 2328 938 2369 12,
947 2328 980 2368 5,
987 2325 1022 2359 4.
1036 2325 1118 2370 quia
1125 2324 1231 2358 unius
1250 2335 1341 2358 eme
1350 2335 1374 2357 n
1385 2325 1435 2358 da
1445 2323 1574 2358 tione

86 2367 190 2399 verbi
208 2378 228 2400 c
238 2369 386 2416 ori-igi
404 2372 517 2414 possit
535 2370 770 2415 (soloecismus)
793 2374 825 2414 1,
839 2373 873 2413 5,
886 2371 942 2406 34.
954 2371 1061 2405 nimia
1076 2370 1332 2405 emendationis
1351 2369 1526 2405 severitas
1536 2373 1573 2412 2,

87 2409 124 2452 4,
138 2413 193 2444 10.
213 2415 493 2466 emendationem
505 2417 648 2451 auribus
664 2417 773 2451 modo
791 2417 967 2461 accipiunt
978 2418 1055 2460 2,6,
1066 2419 1100 2452 3.
1118 2422 1190 2451 tam
1205 2416 1390 2464 negligens
1405 2415 1520 2459 stilus,
1533 2421 1576 2449 ut

91 2458 373 2494 emendationem
395 2472 470 2496 non
486 2463 634 2507 recipiat
652 2466 688 2506 2,
699 2462 736 2505 4,
754 2465 807 2497 13.
833 2463 1075 2498 emendationi
1084 2473 1256 2497 numerus
1273 2464 1390 2497 obstat
1412 2466 1447 2505 1,
1465 2465 1499 2505 2,
1516 2461 1575 2497 15.

46 2513 253 2581 Eme-ndo·
298 2530 488 2572 simpliciter
546 2529 588 2574 α)
616 2529 940 2565 correctionis
964 2532 1090 2565 eadem
1114 2529 1206 2574 ratio
1232 2535 1287 2564 est
1329 2531 1454 2574 (quam
1480 2531 1576 2562 ‹lubi-

89 2571 263 2616 iaimm's);
290 2585 373 2627 nam
389 2577 485 2619 quod
506 2576 582 2615 illic
606 2576 755 2619 dubitat,
778 2576 838 2610 hic
865 2578 1077 2613 emendat
1100 2577 1136 2620 9,
1160 2578 1196 2620 3,
1218 2577 1275 2612 88.
1300 2577 1471 2620 optimum
1496 2585 1576 2609 esse

92 2619 304 2671 emendandi
335 2631 467 2667 genus,
496 2622 527 2656 si
558 2623 692 2666 scripta
717 2622 756 2655 in
784 2621 930 2666 aliquod
967 2628 1106 2667 tempus
1136 2627 1360 2667 reponuntur
1394 2624 1451 2664 10,
1475 2620 1512 2663 4,
1539 2623 1577 2654 2.

20 2705 23 2708 ,
91 2669 271 2710 Ρὶέηὓὶὶπι
293 2668 505 2701 emendandi
528 2668 710 2715 angustiae
735 2667 985 2712 (tabellarum)
1006 2669 1145 2703 faciunt
1171 2671 1230 2712 10,
1257 2671 1291 2711 3,
1316 2670 1373 2702 31.
1397 2667 1446 2701 ita
1470 2666 1581 2701 edidit

93 2709 282 2754 (Livius),
323 2717 448 2758 estque
469 2713 618 2756 melius,
646 2724 753 2758 quam
776 2723 848 2757 quo
870 2715 980 2750 modo
1004 2715 1212 2751 emendatur
1246 2715 1290 2756 9,
1313 2712 1358 2757 4,
1381 2712 1437 2748 74.
1477 2713 1581 2758 Quo-
