1728 3002
533 172 713 253 Gemma
754 233 805 240 —
845 203 1061 249 Genitalia
1478 205 1557 245 361

76 334 168 369 nus,
205 321 358 370 gemitus
379 326 423 367 7,
452 325 498 368 2,
529 321 588 359 46.
614 322 659 358 ab
688 320 845 358 exordio
871 329 990 372 usque
1017 317 1062 352 ad
1095 315 1255 352 ultimam
1284 327 1415 354 vocem
1445 318 1563 353 conti-

78 381 170 404 nuus
193 369 335 415 quidam
359 369 510 417 gemitus
536 372 601 413 11,
637 372 673 412 1,
708 367 766 403 34.
794 367 872 402 sine
898 369 1031 414 gemitu
1052 366 1097 408 2,
1130 365 1198 408 20,
1230 367 1287 399 10.

34 412 229 458 Gemma·
276 426 383 462 etiam
411 437 566 475 gemmas
596 427 775 470 sculptura
811 422 1059 468 complectitur
1091 424 1135 465 2,
1174 423 1240 464 21,
1285 421 1322 457 9.
1351 421 1564 458 necessitate

77 471 202 507 rustici
227 483 404 519 gemmam
423 473 616 511 imvitibus
645 469 799 517 (dicanti
821 472 857 512 8,
880 471 924 514 6,
946 470 971 505 6
993 469 1041 503 Ν.

35 527 172 571 Geni!-
226 540 266 575 in
287 541 390 595 genis
412 547 467 576 est
490 541 669 586 quoddam
695 538 906 592 deserviens
930 536 987 571 his
1014 536 1164 578 (oculis)
1189 534 1423 590 ministerium
1448 539 1505 579 11,
1528 539 1564 580 3,

78 589 146 626 77ς
178 597 451 634 graviorem
473 593 671 622 aetatem
698 587 829 620 dlctlur
860 584 1039 630 refugisse
1070 581 1315 627 (Polycletus)
1344 585 1435 618 mlul
1457 595 1565 618 ausus

80 633 175 667 ultra
197 633 335 669 leves
362 644 510 681 genas
535 635 600 676 12,
634 635 703 676 10,
732 633 768 667 8.

5 717 19 722 -
35 685 194 732 Gener.
239 705 278 736 te
304 702 485 737 avunculo
506 699 664 748 praetori
684 709 858 746 generum
880 697 1096 732 destinatum
1118 697 1164 741 6,
1193 698 1254 732 Pr.
1279 698 1335 732 13.

38 754 279 800 Generalisso
324 770 368 812 α)
388 768 535 813 nescio,
570 779 617 802 an
639 767 678 802 in
701 766 818 802 causis
841 775 1008 818 quoque,
1047 764 1220 809 quidquid
1248 764 1287 799 in
1322 764 1568 810 quaestionem

80 813 182 849 venit
212 815 411 862 qualitatis,
449 816 616 863 generale
655 813 701 848 sit
743 815 788 857 3,
835 814 877 855 5,
908 813 965 845 10.
997 812 1087 845 illud
1150 822 1264 845 ener
1277 812 1353 846 ale
1385 825 1463 856 opp.
1495 812 1568 847 hoc

82 860 294 904 speciale
317 863 363 905 5,
398 863 465 905 10,
500 860 559 895 44.
606 860 738 894 Ultima
774 857 968 903 species
1000 862 1077 900 est,
1142 868 1168 890 n
1196 862 1320 900 optare
1343 857 1456 902 possit
1478 858 1567 892 alie-

83 916 166 939 nam
189 908 371 942 uxorem?
404 907 465 942 Ge
477 914 559 940 n‘er
569 907 644 940 ale
667 911 742 947 est,
771 905 852 947 An,
889 903 1061 948 quidquid
1085 902 1282 947 optaverit,
1316 903 1479 948 accipere
1503 905 1569 939 de-

83 950 190 987 beat?
223 957 247 988 7
259 978 273 996 ,
302 955 345 995 1,
374 952 433 987 24.
457 954 529 987 hoc
551 951 664 998 magis
687 952 855 998 generale
880 955 934 983 est
956 948 1160 993 rectiorque
1184 948 1340 992 divisio,
1378 960 1426 983 an
1456 951 1569 984 ullum

85 996 223 1035 crimen
244 997 438 1042 credibile,
475 1009 522 1031 an
541 998 624 1031 hoc.
650 1000 692 1040 7,
723 999 765 1038 2,
798 998 845 1031 39
879 999 922 1030 Ζ.
957 995 1007 1031 Ν.
1039 995 1102 1028 illa
1133 994 1315 1042 generalia
1342 996 1387 1038 3,
1423 996 1465 1038 5,
1511 999 1570 1030 10.

46 1052 50 1065 ¹
83 1041 129 1085 β)
153 1055 181 1076 ο.
219 1044 408 1078 Nomium:
466 1044 635 1096 generale
678 1047 786 1086 caput
825 1043 869 1078 3.
910 1041 955 1081 6,
992 1043 1053 1075 21.
1087 1041 1143 1075 51.
1177 1041 1222 1074 de
1255 1041 1570 1088 generalibus

85 1086 247 1130 (causis)
271 1101 350 1133 opp.
373 1089 418 1123 ad
442 1089 657 1136 singulas
679 1088 760 1122 lites
784 1086 1117 1131 controversiasque
1139 1090 1184 1129 7,
1217 1088 1234 1120 1
1249 1112 1261 1129 ,
1287 1085 1343 1122 64.
1370 1086 1439 1121 erit
1463 1088 1571 1122 etiam

86 1132 264 1178 dictorum
284 1135 517 1170 honestorum
547 1136 795 1178 factorumque
825 1134 903 1167 laus
925 1143 1007 1180 gen.
1042 1134 1088 1176 3,
1129 1135 1152 1167 7
1165 1157 1177 1175 ,
1217 1134 1263 1168 27
1297 1134 1345 1166 Ν.
1383 1136 1570 1180 generales

83 1185 204 1222 partes
226 1182 271 1224 3,
290 1178 341 1224 4,
368 1182 404 1216 9.
425 1201 472 1206 -
495 1179 722 1225 quaestiones
746 1181 787 1222 3,
816 1179 860 1222 5,
882 1180 918 1214 9.
946 1180 1002 1213 13.
1026 1190 1061 1212 v.
1094 1178 1332 1224 Quaestio.
1362 1186 1402 1212 ut
1429 1181 1491 1214 vel
1523 1182 1570 1214 ab

83 1224 207 1260 ultima
237 1225 399 1271 specie
429 1231 626 1261 retrorsum
656 1235 864 1270 quaererem
896 1234 1011 1268 usque
1042 1224 1088 1257 ad
1121 1223 1271 1267 primam
1300 1227 1571 1271 generalem

84 1270 327 1349 {Quaestionem
346 1274 392 1315 7,
425 1275 459 1315 1,
482 1274 540 1306 23.
563 1272 607 1305 de
633 1282 674 1305 re
697 1276 734 1305 et
762 1271 1011 1317 generales
1046 1269 1274 1314 quaestiones
1310 1277 1393 1305 sunt
1427 1277 1463 1306 et
1497 1273 1572 1308 ‹le-

106 1315 258 1351 initae
279 1320 326 1361 7,
356 1319 399 1361 2,
431 1321 465 1351 1.
494 1328 576 1352 cum
598 1316 643 1351 sit
669 1316 785 1350 omnis
807 1315 1056 1363 generalis
1080 1316 1241 1360 quaestio
1270 1317 1480 1360 speciali
1503 1330 1573 1362 po-

84 1361 219 1397 tentior
241 1365 304 1406 12,
338 1365 382 1406 2,
413 1365 469 1398 18.
491 1369 660 1397 manente
688 1362 848 1410 generali
881 1362 940 1405 (a.
972 1365 996 1396 1.
1029 1361 1272 1408 generaliter)
1306 1361 1368 1396 illa
1398 1363 1571 1400 societate

83 1407 129 1450 9,
162 1411 205 1451 1,
236 1411 272 1444 3.
297 1411 483 1464 generales
506 1414 617 1443 status
640 1411 684 1451 3,
721 1409 766 1451 6,
796 1411 853 1442 22.
878 1408 922 1441 ab
957 1408 1176 1452 generali
1206 1414 1360 1443 tractatu
1395 1410 1440 1443 ad
1468 1422 1573 1455 quas-

84 1453 165 1487 dam
187 1455 317 1490 deduci
338 1454 535 1499 species
562 1458 609 1500 2,
639 1454 687 1499 4,
716 1457 774 1488 22.
800 1455 843 1498 5,
875 1457 920 1497 7,
957 1454 1014 1489 35.

41 1507 322 1553 Generaliter.
367 1522 407 1557 in
430 1522 508 1557 deis
530 1522 841 1571 generaliter
861 1521 1016 1566 primum
1050 1520 1270 1564 majestatem
1300 1521 1414 1566 ipsius
1447 1535 1574 1561 eorum

25 1572 234 1647 ‘'namrae
254 1568 528 1604 venerabimur:
572 1568 704 1603 deinde
737 1568 938 1612 proprie
965 1567 1042 1602 vim
1069 1569 1241 1611 cujusque
1266 1576 1327 1602 etc.
1355 1572 1390 1613 3,
1415 1574 1451 1613 7,
1475 1575 1498 1606 7
1523 1574 1575 1606 Ν.

87 1611 133 1653 dl
156 1616 203 1656 7,
235 1616 281 1658 2,
314 1615 373 1649 31.
402 1614 702 1661 generaliter
733 1619 769 1648 et
802 1613 1095 1659 specialiter
1126 1613 1302 1658 accipitur
1327 1617 1373 1659 5,
1417 1619 1480 1660 10,
1513 1617 1575 1652 42.

84 1670 120 1692 v.
138 1658 348 1704 Accipio.
381 1661 471 1695 haec
496 1660 616 1694 omnia
649 1671 731 1706 gen.
758 1660 896 1694 πίστεις
929 1660 1109 1704 appellant
1141 1660 1187 1702 5,
1222 1662 1288 1702 10,
1323 1662 1358 1696 8.
1391 1661 1461 1696 nisi
1490 1674 1575 1711 gen.

32 1724 35 1729 ι
85 1705 431 1748 comprehendantur
473 1704 520 1751 4,
557 1708 601 1749 1,
632 1705 690 1740 43.
722 1706 875 1750 primum
916 1704 1222 1752 generaliter
1264 1706 1336 1740 dici
1367 1710 1461 1743 solet
1494 1722 1574 1754 opp.

88 1750 373 1795 specialiter
398 1753 529 1786 multos
553 1751 727 1786 invadere
750 1753 785 1794 5,
814 1755 851 1795 7,
873 1748 909 1786 4.
935 1761 1008 1796 quo
1042 1750 1188 1785 nomine
1212 1757 1249 1786 et
1273 1755 1577 1800 generaliter

52 1838 54 1842 ,
87 1793 145 1827 usi
170 1799 254 1829 sunt
276 1796 635 1841 et'specialiter
662 1797 710 1841 5,
748 1800 812 1841 11,
846 1799 881 1833 1.

47 1847 309 1891 Generatim.
351 1873 482 1915 neque
507 1864 772 1910 generatim
799 1865 942 1900 tradere
984 1883 1036 1892 -
1072 1876 1193 1911 neque
1233 1876 1320 1911 per
1360 1865 1578 1915 singulas

90 1911 255 1949 partes
277 1917 408 1951 exequi
440 1909 485 1951 5,
519 1911 589 1953 10,
618 1912 705 1944 100.

50 1960 237 2004 Genera
284 1975 319 2017 Ι)
343 1979 440 2008 terra
460 1980 496 2008 et
516 1975 585 2008 hos
612 1973 760 2018 (rubos)
782 1981 930 2020 generat
951 1976 1000 2020 9,
1037 1976 1082 2020 4,
1115 1978 1151 2013 5.
1173 1978 1213 2012 in
1243 1984 1340 2014 terra
1371 1990 1447 2013 non
1478 1980 1579 2015 omni

92 2025 311 2066 generantur
335 2019 456 2054 omnia
477 2021 523 2061 5,
545 2021 611 2062 10,
640 2022 699 2053 21.
720 2026 817 2054 terra
848 2022 1129 2066 generandis
1152 2023 1212 2067 (a.
1248 2029 1272 2059 1.
1312 2025 1578 2071 germinandis)

91 2065 358 2110 alendisque
388 2064 581 2100 seminibus
613 2064 803 2098 fecundior
830 2068 887 2108 10,
918 2068 964 2110 3,
994 2070 1030 2102 2.
1073 2069 1285 2110 11)1r1m1..-
1308 2071 1506 2105 verecundi

93 2109 223 2145 vitium
243 2111 398 2156 quidem,
431 2111 653 2154 sed—quae
665 2109 815 2144 virtutes
825 2110 995 2145 facillime
1004 2119 1152 2158 generet
1176 2117 1233 2156 12,
1245 2117 1280 2157 5,
1288 2118 1322 2149 2.
1336 2121 1457 2150 cetera
1467 2117 1579 2151 forsi-

93 2161 158 2190 tan
182 2157 300 2191 tenuis
328 2166 472 2201 quoque
495 2161 531 2190 et
553 2161 703 2201 angusta
729 2155 865 2202 ingenii
886 2168 981 2190 vena
1014 2173 1058 2181 —
1097 2169 1347 2205 generare,
1387 2167 1494 2206 atque
1525 2164 1579 2197 ad

96 2202 283 2249 frugem
306 2202 459 2246 aliquam
482 2202 749 2246 perducere
775 2206 882 2245 queat
909 2202 991 2244 6,2,
1015 2204 1050 2237 3.
1075 2204 1262 2248 aetatibus,
1287 2217 1380 2249 quae
1400 2207 1578 2243 nihildum

93 2246 195 2292 ipsse
227 2260 288 2283 ex
323 2258 371 2281 se
411 2257 584 2293 generare
616 2251 747 2291 queant
780 2250 822 2289 1,
859 2249 894 2289 1,
930 2247 997 2289 363
1043 2250 1087 2282 de
1118 2253 1242 2284 literis.-
1274 2262 1356 2285 cum
1381 2263 1578 2299 genera-

36 2321 45 2325 -
95 2293 170 2327 bit
190 2293 268 2338 ipse
292 2292 425 2338 aliquid
452 2298 558 2337 atque
591 2298 844 2336 componet
880 2295 925 2335 1,
963 2295 1021 2336 12,
1050 2297 1107 2328 12.
1134 2295 1224 2330 nihil
1257 2307 1485 2343 generare
1512 2312 1580 2335 au-

98 2339 223 2373 demus
241 2339 331 2383 ipsi,
366 2349 448 2372 cum
473 2339 586 2372 multa
613 2339 658 2372 ab
682 2337 837 2382 antiquis
859 2338 986 2372 ficta
1018 2340 1150 2375 cotidie
1184 2342 1453 2379 moriantur.
1480 2347 1516 2390 8,
1538 2348 1577 2390 6,

95 2386 156 2419 32.
181 2383 226 2426 ‘f-
258 2387 315 2427 10,
338 2386 375 2426 2,
410 2384 456 2426 5;
496 2383 658 2419 similiter
691 2383 955 2418 decurrentium
989 2385 1186 2430 spatiorum
1216 2389 1468 2427 observatione
1498 2404 1579 2428 esse

99 2435 306 2476 generatum
330 2427 491 2473 (peina)
513 2430 558 2473 9,
584 2428 627 2474 4,
660 2428 741 2464 114.

54 2483 314 2527 GenerOSUS·
358 2497 523 2544 generosi
545 2503 694 2532 conatus
716 2500 758 2540 2,
794 2496 842 2540 4,
874 2496 916 2539 4;
948 2498 1188 2544 generosioris
1214 2501 1352 2536 arboris
1377 2504 1415 2547 8,
1450 2507 1485 2545 3,
1518 2507 1575 2541 76.

58 2582 63 2585 μ
99 2552 171 2586 quo
194 2542 493 2589 generosior
518 2543 777 2588 celsiorque
801 2549 854 2577 est
887 2542 1063 2588 (animus)
1099 2549 1131 2588 1,
1159 2548 1195 2589 2,
1229 2549 1287 2581 30.
1319 2549 1490 2594 quidquid
1523 2559 1579 2587 est

99 2588 138 2622 in
162 2588 325 2624 oratione
347 2589 555 2636 generosius
579 2590 637 2623 Pr.
658 2589 727 2632 243
760 2589 866 2633 Quod
889 2594 943 2622 est
964 2600 1110 2634 pomum
1135 2595 1576 2636 generosissimum?

100 2644 223 2668 nonne
258 2636 354 2680 quod
389 2634 641 2679 optimum?
666 2651 711 2659 —
740 2635 834 2679 Quid
870 2636 1011 2678 equus?
1045 2636 1106 2680 qui
1140 2641 1574 2683 generosissimus?

102 2690 222 2714 nonne
253 2681 315 2724 qui
334 2681 564 2724 optimus?
597 2700 645 2707 -·
671 2680 765 2726 Quid
788 2681 922 2715 homo?
952 2691 1074 2716 nonne
1107 2683 1139 2717 is
1160 2687 1579 2732 generosissimus,

64 2731 71 2745 -’
104 2725 166 2768 qui
191 2725 413 2768 optimus?
444 2727 488 2768 5,
522 2729 589 2769 11,
627 2725 663 2760 4-

62 2766 286 2813 Genitali&
327 2783 411 2829 quia
433 2783 547 2820 Coelo
573 2783 743 2819 Saturnus
770 2782 936 2831 genitalia
960 2784 1149 2820 absciderit
1173 2790 1205 2830 1,
1232 2788 1268 2832 6,
1292 2789 1359 2824 36.»
