1728 3002
96 214 152 252 60
653 205 881 264 Anrplifico
911 230 967 238 -
992 206 1062 248 An

138 324 205 357 dus
228 328 310 367 apta
331 321 370 356 ln
392 320 489 357 omni
511 320 642 366 amplif.
667 322 702 364 9,
717 321 753 365 4,
773 323 852 357 128.
888 326 926 355 ut
949 321 1040 354 haec
1065 317 1198 364 amplis.
1221 317 1264 354 in
1289 318 1476 362 supwionn
1492 319 1622 363 tendit,

139 369 200 412 ita,
225 379 316 414 (suae
339 369 377 401 fit
398 379 463 412 per
485 368 797 412 comparationem,
820 368 1078 402 incrementum
1095 377 1144 400 ex
1163 364 1360 399 minoribus
1378 361 1470 409 ροβε
1483 363 1572 410 βμίι,
1585 366 1620 400 9.

141 415 186 457 cs.
213 415 254 458 6,
278 418 318 456 2,
343 416 400 449 23.
439 426 525 459 quas
556 414 631 448 dixi
661 426 726 458 per
754 413 1059 448 ratiocinationem
1089 411 1169 446 fieri
1198 410 1333 456 amplif-
1362 413 1406 446 ib.
1425 410 1551 457 1555&
1576 421 1624 457 ex

138 460 406 505 insequentibus
435 461 566 504 amplis.
597 461 738 494 ducitur
763 463 807 493 ib.
826 463 880 494 17.
909 457 1203 504 ‘amplificationis
1230 463 1343 505 genus
1369 468 1419 492 ex
1447 453 1624 508 relssiohe

138 508 186 540 ad
215 506 349 552 aliquid
383 508 425 540 ib.
450 509 506 540 21.
547 512 663 550 potest
696 505 823 540 ascribi
853 504 1117 549 amplificationi
1145 503 1334 551 congeries
1366 513 1510 548 quoque
1537 511 1624 540 vor-

138 553 266 586 borum
288 555 329 586 ib.
347 552 404 586 26.
435 551 550 587 videri
578 553 740 597 quibusd.
766 551 920 595 speciem
945 550 1226 595 amplificationis
1249 550 1476 595 hyperbolen
1500 550 1622 592 ib.29;

138 599 200 632 ubi
223 597 356 642 amplif.
382 599 579 643 laudanda,
617 608 707 642 quae
730 598 843 633 virtus
867 597 901 631 ei
927 597 1107 631 contraria
1129 599 1171 640 2,
1195 596 1237 639 5,
1261 597 1298 633 9.
1336 606 1380 631 ea
1403 595 1503 643 fictio
1526 595 1625 642 valet

139 646 186 678 ad
211 644 518 688 amplificationem
542 645 581 686 5,
608 647 670 687 10,
694 645 751 680 99.
793 645 881 677 haec
907 643 1042 687 amplis.
1070 642 1155 677 alibi
1180 641 1296 687 posita
1319 647 1402 687 est,
1418 641 1506 677 alibi
1526 641 1623 678 valet

138 691 172 732 8,
195 689 230 732 4,
259 691 312 724 15.
350 690 644 734 amplificationib.
675 691 825 724 extollet
850 689 1050 724 orationem
1078 692 1135 733 12,
1161 692 1218 733 10,
1241 689 1301 724 62.

92 733 336 790 Amplificm
390 746 571 790 proprium
594 747 707 781 laudis
735 753 805 790 est,
834 757 894 780 res
920 746 1202 790 amplificare
1225 750 1262 780 et
1291 735 1451 779 o'rn'are
1474 745 1509 787 3,
1530 739 1623 796 7263

137 795 252 838 prima
283 798 337 827 est
371 793 678 836 amplificandi
707 795 769 829 vel
800 792 1028 827 minuendi
1057 792 1196 837 species
1227 791 1267 825 in
1293 791 1375 835 ipso
1398 790 1454 825 rei
1475 800 1624 825 nomme

137 841 178 882 8,
203 839 244 882 4,
272 841 302 873 1.
351 838 445 883 Quid
474 838 546 885 agit
574 841 722 873 omnino
751 839 974 883 eloquentia,
1009 838 1178 873 detractis
1208 836 1522 882 amplificandi
1539 835 1624 878 Jni-

137 883 382 928 nuendique
406 884 603 918 rationibus
629 886 670 928 9,
694 889 735 928 2,
761 888 795 920 3.
835 886 949 921 verba
975 885 1203 932 geminantur
1226 880 1624 928 vel'amplificandi

135 930 247 977 gratia
275 931 335 965 vel
368 929 683 975 miserandis,
704 934 746 975 3,
770 933 829 967 28.
877 942 1002 966 omnes
1032 932 1078 966 ad
1110 930 1394 975 amplificandam
1424 927 1626 965 ontionem

137 976 238 1020 quasi
260 975 444 1011 machinae
473 979 528 1019 11,
555 979 587 1020 1,
610 975 668 1011 44.
714 1011 717 1014 ,
1551 988 1554 989 ’

89 1019 274 1077 Amplio·
328 1044 418 1077 quae
446 1032 685 1078 (adiumenta)
715 1033 746 1068 si
770 1034 949 1070 modica
974 1033 1200 1082 obtigerunt,
1235 1030 1454 1078 ampliari!
1472 1034 1625 1083 mot

133 1079 274 1160 gatigne
303 1080 360 1113 Pr.
378 1082 435 1115 27.
490 1080 698 1114 Hannibalis
726 1080 863 1115 bellicis
891 1081 1057 1115 laudibus
1087 1080 1277 1125 ampliatur
1303 1078 1420 1116 virtus
1446 1075 1626 1122 Sc‘mbnls

166 1151 176 1167 ,
233 1151 242 1166 ‚
270 1127 327 1159 20.
1286 1158 1288 1163 ,

88 1167 352 1226 Amplitudo.
406 1181 577 1227 quidquid
613 1183 750 1218 formae
788 1183 951 1227 quadrati
980 1181 1182 1217 detraxeris
1213 1179 1447 1226 amplitudine
1481 1188 1626 1225 quoque

133 1226 264 1272 peribit
288 1229 321 1269 1,
346 1230 401 1270 10,
426 1227 482 1262 44.
522 1229 553 1263 si
575 1249 622 1255 —
646 1240 694 1263 ex
721 1230 952 1273 amplitudine
977 1229 1160 1264 fastidium
1184 1228 1309 1262 tulerit
1329 1222 1565 1275 (eloquentia)
1589 1225 1623 1276 5,

135 1272 193 1316 14,
216 1275 272 1308 30.
300 1273 363 1307 illa
387 1274 549 1309 sublimia
574 1292 619 1300 —
642 1281 760 1310 amant
784 1275 1054 1321 amplitudinem
1081 1274 1216 1321 dactyli
1242 1283 1386 1320 quoque
1408 1283 1451 1307 ac
1474 1280 1643 1318 paeonis.
1670 1286 1671 1289 ¹
1690 1313 1693 1319 Ἰ

132 1320 174 1363 9,
198 1316 239 1363 4,
268 1319 347 1354 136.

88 1372 298 1430 Amplius·
365 1385 409 1430 α)
443 1388 536 1436 Quid
569 1388 684 1423 dicam
718 1389 852 1434 ampL?
878 1391 920 1433 8,
945 1387 989 1433 4,
1011 1391 1048 1425 ’7.
1103 1399 1227 1423 auram
1259 1397 1489 1426 communem
1517 1385 1624 1429 ampl.

134 1432 279 1467 haurire
301 1435 427 1478 potui?
453 1437 487 1478 6,
512 1437 568 1470 Pr.
595 1438 649 1469 12.
691 1436 775 1480 quid
802 1437 907 1480 ampl.
934 1435 1167 1469 laboremus?
1196 1435 1232 1478 8,
1246 1435 1304 1469 Pr.
1320 1435 1379 1469 31.
1414 1443 1493 1468 non
1514 1431 1623 1476 ampl·

133 1488 191 1512 me
215 1479 418 1526 objurgabis
442 1481 475 1524 5,
503 1485 557 1525 10,
581 1480 637 1516 47.
679 1481 765 1526 quid
791 1484 896 1526 ampl.
927 1482 1077 1516 debeam
1103 1479 1256 1525 optare?
1282 1478 1318 1523 4,
1343 1481 1377 1523 1,
1402 1479 1460 1514 51.
1494 1477 1527 1512 si
1548 1482 1626 1518 §tu-

134 1525 221 1559 dere
245 1527 361 1577 ampl.
396 1538 540 1571 possum
573 1528 608 1570 6,
633 1527 694 1562 Pr.
720 1527 754 1562 4.
796 1528 888 1562 nihil
919 1527 1036 1580 habui.
1062 1528 1188 1580 ampl„
1217 1527 1315 1572 quod
1332 1525 1386 1579 ’in
1413 1524 1626 1579 univer-uum

132 1576 434 1661 ἷξῗὶθῗξῖῗᾪ
450 1572 1166 1665 kiiiiiri‘ssussrssg’c'sspisshffl,dieiissuffissn
1168 1574 1248 1663 ¹1⁶3?
1268 1570 1624 1662 ῗῖῗῖἓῗῐὲξῗέἔί

133 1663 216 1698 adv.
234 1664 532 1699 contradictiones
548 1685 591 1691 —
610 1672 799 1710 praecepta
819 1672 922 1701 sunt:
951 1667 1036 1700 hoc
1059 1671 1181 1700 tamen
1202 1663 1538 1716 ampliata-quod
1559 1668 1623 1697 etc.

132 1707 168 1751 5,
195 1711 251 1751 13,
275 1710 321 1744 36
343 1711 392 1745 Ν.
437 1709 476 1756 β)
503 1711 588 1745 hoc
616 1712 805 1755 amplius
833 1715 854 1745 i.
881 1726 912 1758 q.
941 1719 1199 1756 praeterea.-
1224 1713 1298 1746 hoc
1321 1709 1473 1755 amphus
1497 1713 1625 1742 latro

134 1759 172 1788 et
198 1754 336 1798 intus,
363 1756 435 1790 loci
460 1757 630 1793 adverbia
657 1761 689 1801 1,
707 1760 741 1802 5,
767 1760 813 1794 50
835 1759 884 1793 Ν.
919 1758 964 1802 cs.
995 1761 1038 1793 ib.
1056 1757 1112 1793 55.
1143 1760 1178 1801 1,
1195 1759 1230 1802 1,
1245 1757 1278 1792 8.
1325 1754 1405 1790 His
1434 1752 1624 1799 amplius

134 1801 228 1844 apud
258 1802 430 1836 eundem:
460 1804 494 1846 9,
520 1806 553 1846 3,
579 1805 633 1838 15.

86 1843 284 1900 Ampius·
333 1858 375 1900 α)
404 1862 590 1904 Comparat.
605 1875 615 1895 .·
644 1860 704 1905 qui
721 1861 931 1905 ampliorem
954 1859 1098 1895 dicendi
1115 1859 1324 1893 facultatem
1340 1861 1426 1891 sunt
1440 1854 1627 1908 consecuti

131 1905 167 1945 2,
192 1905 226 1944 3,
252 1901 287 1938 4.
333 1906 438 1949 ampl.
467 1912 521 1940 est
546 1918 686 1950 semper
708 1907 845 1942 infinita
882 1907 1044 1953 quaestio
1067 1909 1102 1949 3,
1128 1906 1162 1949 5,
1188 1906 1222 1939 8.
1269 1904 1404 1950 herous
1436 1901 1626 1947 Aristotel]

134 1959 196 1982 am
210 1947 283 1992 pL,
311 1949 448 1985 iambus
473 1952 707 1986 humanior
729 1954 961 1997 videatur,9,
985 1952 1027 1995 4,
1053 1954 1109 1987 88.
1149 1949 1307 1987 vicina
1331 1947 1538 1994 praedictae
1560 1947 1626 1982 Sed

134 1994 261 2038 ampl.
287 1996 402 2030 virtus
426 1999 466 2039 8,
492 2000 531 2040 3,
557 1999 601 2032 83
614 2011 631 2041 ς·
670 1999 818 2042 amplius
845 1998 1118 2044 compositionis
1149 2007 1263 2044 genus
1288 1996 1329 2039 9,
1353 1993 1395 2038 4,
1421 1995 1500 2030 129.
1538 2004 1627 2028 oon-

135 2040 274 2075 ceditur
301 2043 495 2086 amplius
521 2043 612 2086 dici,
642 2045 723 2088 quia
747 2045 832 2088 dici,
869 2050 1078 2091 quantum
1103 2049 1195 2087 est,
1222 2052 1300 2076 non
1322 2045 1444 2086 potest
1465 2040 1553 2084 8,6,·
1564 2039 1623 2076 76.

135 2087 298 2129 corporis
329 2089 497 2122 membris
531 2092 629 2134 plus
664 2090 780 2134 dedit,
822 2092 859 2125 id
893 2090 1084 2135 amplius
1117 2095 1224 2134 atque
1254 2086 1495 2134 augustius
1526 2091 1626 2134 ratus

137 2130 309 2182 (Zeuxis)
340 2137 395 2176 12,
419 2138 475 2178 10,
504 2137 535 2169 5.
574 2146 832 2180 nonnunquam
859 2137 979 2171 hiulca
1003 2136 1110 2171 etiam
1135 2136 1287 2177 decent,
1320 2131 1530 2177 faciuntque
1543 2137 1628 2166 *em-

138 2178 251 2221 phora
273 2182 397 2222 quaed.
424 2182 457 2223 9,
475 2181 509 2223 4,
526 2182 580 2215 36.
621 2181 651 2215 si
676 2183 778 2226 ampl.
804 2184 917 2218 verba
942 2195 1023 2217 cum
1047 2181 1135 2227 ipsis
1160 2180 1385 2222 nominibus,
1409 2186 1476 2223 pro
1500 2177 1629 2226 quibus

138 2233 181 2255 ea
205 2224 353 2266 posituri
381 2237 517 2268 sumus,
548 2229 780 2262 conferantur
804 2230 839 2272 8,
867 2228 902 2272 4,
927 2232 962 2264 2.
1009 2227 1053 2273 β)
1079 2229 1276 2273 superant..-
1306 2225 1410 2263 velut
1429 2222 1628 2269 praemium

138 2269 268 2312 quodd.
300 2272 620 2314 amplissimum
643 2274 744 2320 longi
767 2275 900 2309 laboris
925 2277 982 2318 10,
1006 2278 1042 2318 7,
1067 2277 1100 2308 1.

94 2311 295 2368 Ampmo·
346 2327 437 2361 sicut
459 2328 582 2363 rustici
604 2330 785 2373 proximas
808 2331 893 2367 vitis
915 2331 1058 2365 radices
1081 2333 1264 2374 amputant
1288 2329 1344 2370 10,
1361 2329 1398 2369 7,
1421 2326 1479 2360 28.
1506 2329 1628 2369 turpet

141 2380 183 2403 ac
207 2371 444 2416 perniciosos,
473 2375 611 2408 etiamsi
634 2377 737 2409 nobis
762 2377 932 2424 sanguine
953 2379 1189 2419 cohaereant,
1217 2373 1450 2419 amputandos
1471 2372 1506 2414 8,
1522 2372 1627 2414 3,75-

97 2412 179 2456 An·
208 2431 243 2459 et
270 2438 325 2460 an
350 2434 387 2462 et
415 2436 496 2463 aut
525 2432 793 2475 conjunctiones
822 2439 925 2466 sunt:
961 2435 1054 2468 male
1079 2438 1201 2467 tamen
1223 2429 1444 2477 interroges,
1471 2427 1534 2463 hio
1559 2434 1631 2463 aut

143 2471 204 2506 ille
237 2472 311 2506 sit?
364 2477 405 2516 1,
439 2476 478 2517 5,
509 2475 563 2509 49.
658 2477 696 2520 l)
732 2482 763 2510 in
803 2482 947 2523 sequenti
985 2487 1083 2524 parre
1118 2479 1386 2520 interrogationis
1422 2474 1628 2508 bimembh'St

142 2516 187 2561 α)
221 2520 421 2552 indirectae:
460 2520 663 2555 Videndum
698 2524 822 2566 etiam,
859 2524 963 2557 simul
995 2525 1099 2559 nobis
1129 2525 1232 2569 plura
1266 2521 1518 2570 aggredienda,
1539 2519 1645 2562 sint‚‘

142 2574 195 2598 an
221 2566 421 2599 amovenda
444 2565 580 2611 singula
604 2568 636 2610 5,
665 2570 720 2611 13,
747 2572 801 2602 11.
832 2569 1063 2613 deliberavit,
1090 2570 1259 2612 Parthos,
1289 2579 1342 2602 an
1365 2566 1549 2609 Africam,
1576 2576 1629 2598 an

143 2609 348 2654 Aegyptum
371 2613 534 2654 peteret?
563 2614 597 2654 3,
621 2615 655 2655 8,
680 2615 737 2647 83.
777 2614 813 2647 in
836 2616 919 2648 soro
943 2616 1227 2659 providendum,
1262 2625 1363 2648 num
1384 2614 1481 2660 forte
1505 2621 1631 2655 super-

144 2666 260 2688 vacua
284 2672 327 2679 —
357 2667 410 2689 an
435 2657 616 2703 ambigua,
652 2669 704 2691 an
729 2660 924 2702 contraria,
954 2672 1003 2693 an
1029 2661 1227 2695 communis
1251 2660 1297 2694 sit
1319 2658 1432 2693 finitio
1455 2660 1491 2700 7,
1513 2657 1548 2700 3,
1572 2658 1629 2690 20·

143 2699 365 2734 incredibilis
389 2701 511 2744 (Codd.
541 2714 586 2735 an
610 2704 696 2736 incr.
724 2708 769 2736 al.
797 2716 839 2737 an
866 2711 934 2747 er.)
968 2706 1118 2749 dixerit,
1147 2716 1202 2740 an
1226 2707 1321 2740 inter
1343 2716 1383 2738 se
1406 2702 1630 2738 censualia?

143 2747 431 2799 perseveraverit
464 2748 501 2780 in
536 2758 603 2790 eo,
645 2750 740 2793 quod
784 2756 973 2794 coeperat,
1022 2763 1075 2785 an
1113 2751 1246 2796 aliquid
1291 2752 1417 2785 dolore
1456 2747 1631 2784 mutarit?
1688 2751 1690 2754 ’

143 2803 258 2836 pruna
283 2798 384 2836 parte
407 2794 643 2838 quaestionis,
676 2806 728 2828 an
751 2798 967 2839 procedente
992 2797 1177 2831 cruciatu?
1206 2797 1240 2841 5,
1265 2795 1300 2840 4,
1323 2799 1348 2831 2
1371 2796 1489 2841 Mer.
1524 2793 1571 2837 cs.
1597 2797 1630 2838 7,
