1728 3002
697 185 839 229 Sedeo
1453 184 1537 224 813

52 303 201 338 undem
222 301 371 349 exigunt
390 301 435 346 6,
456 304 500 345 2,
525 302 583 336 10.
639 298 689 344 β)
711 300 884 333 transitum
898 297 991 340 facit
1013 299 1061 331 od
1083 297 1186 330 atim
1207 307 1289 330 rem.
1325 292 1369 334 n)
1393 293 1466 329 Sed
1491 294 1538 328 de

54 347 113 384 hin
144 349 359 393 disputatur,
385 354 461 382 non
482 347 638 394 litigatur
658 347 700 389 7,
724 347 768 390 3,
791 347 848 379 12.
904 345 977 379 Sed
1009 342 1173 379 elevandi
1202 351 1314 390 genus
1347 346 1402 374 est
1433 339 1540 374 etiam

56 406 242 429 musarum
268 393 395 428 relatio
421 393 468 436 6,
495 395 540 435 3,
562 394 607 428 77
628 392 674 426 Ν.
701 391 746 433 es.
774 394 814 434 3,
841 391 884 434 6,
907 391 965 426 83.
992 391 1029 434 9,
1051 388 1087 432 4,
1111 390 1168 424 79.
1195 392 1249 431 10,
1281 390 1317 429 1,
1336 387 1456 435 6515.
1483 390 1539 430 11,

57 441 95 483 3,
114 443 182 482 75;
209 441 294 474 Sed
320 441 409 474 haec
433 438 623 484 eloquendi
646 444 846 482 praecepta,
869 435 959 471 sicut
987 434 1192 482 cogitationi
1215 438 1298 469 mut
1324 433 1539 475 necessaria,

2 513 9 517 ,
55 486 106 520 itu
127 496 201 520 non
222 485 306 520 satis
328 486 372 518 ad
394 485 470 519 v‘vim
493 484 634 518 dicendi
657 485 777 518 valent
802 484 849 522 (ἰιι
868 485 957 515 initio
979 483 1070 524 libri)
1095 484 1150 524 10,
1176 483 1209 524 1,
1235 483 1267 514 1.
1295 478 1339 520 ej:
1364 481 1421 521 10,
1440 480 1474 521 5,
1496 482 1537 520 1;

57 533 123 566 sed
145 532 284 576 saepius
306 530 342 565 id
366 537 421 565 est
445 529 680 572 accusatoris,
705 535 868 564 avertere
890 529 1043 571 judicem
1068 535 1130 561 etc.
1153 527 1198 567 6,
1224 530 1257 569 1,
1282 527 1340 560 20.
1387 524 1458 559 Sed
1480 524 1540 559 vi-

56 577 194 620 vimus,
222 583 259 611 et
283 576 401 621 aliqua
426 575 574 612 vivendi
595 576 687 610 ratio
714 575 916 620 quaerenda
937 580 991 609 est
1011 574 1047 617 6,
1071 575 1129 607 Pr.
1156 572 1213 606 14.
1249 572 1321 606 Sed
1343 572 1439 604 huno
1461 569 1539 613 (pe-

57 625 155 667 dem)
177 621 291 666 initiis
312 623 487 657 dederunt
507 623 555 664 9,
575 621 622 664 4,
648 622 725 656 106.
767 622 839 655 Sed
862 620 947 654 licet
977 621 1122 654 modum
1145 617 1313 662 adhibere
1338 619 1385 659 9,
1411 619 1456 658 2,
1478 617 1540 651 69.

56 666 322 714 Saepe-aequi
345 668 505 715 singulos
527 667 654 702 infiniti
682 667 789 701 fuerit
811 666 930 711 operis
954 669 1009 709 10,
1035 669 1069 708 1,
1096 667 1154 699 37.
1202 665 1274 698 Sed
1297 665 1387 697 haec
1414 673 1542 696 exem-

54 714 107 759 pli
133 714 245 761 grati·
270 714 449 748 sufficient
470 716 516 757 9,
539 717 585 756 2,
613 715 671 749 56.
695 713 740 755 cs.
763 714 809 756 6,
834 716 876 754 2,
902 714 971 755 23;
1008 712 1092 746 Sed
1117 721 1207 745 non
1235 715 1288 744 est
1314 709 1542 753 expectanda

55 759 184 804 ultime
201 765 299 794 aetas
328 762 385 802 12,
412 758 449 803 4,
474 763 511 794 2.
558 761 646 794 Sed
669 770 723 794 ne
748 759 778 793 si
803 759 958 803 optimae
984 758 1164 802 quidem
1190 756 1281 799 sint,
1306 756 1437 789 debent
1460 765 1541 788 esse

56 806 265 851 frequentes
289 804 460 849 (figurae)
480 807 516 849 9,
534 809 569 849 2,
586 809 644 841 72.
669 805 715 846 cs.
742 809 775 847 1,
794 808 849 847 12,
869 808 924 839 12.
951 805 1042 838 Sed
1065 803 1257 855 etiamsi
1274 801 1382 855 jungi
1405 806 1541 853 utrum-

20 878 21 883 ’
57 848 1542 941 335322¹⁹32⁸32ffi¹353’1¹:⁸¹3‘3¹¹93¹¹¹f÷¹effatfssffzijzssffizfftsszzgegsss‘ss‘,35

57 948 182 976 nonus
207 945 270 984 12,
291 944 339 984 8,
364 942 400 976 4.
438 942 484 984 qs.
509 946 555 985 7,
582 946 647 985 10,
669 944 704 978 8.
749 943 842 976 Sed
871 941 1104 986 quidquid
1132 941 1168 974 id
1197 947 1272 983 est,
1307 950 1424 983 neque
1458 940 1542 980 hoc,

57 999 175 1032 neque
209 987 391 1032 superiora
414 986 452 1021 in
475 994 615 1022 oratore
638 988 765 1031 repetit
787 989 830 1028 9,
857 987 901 1028 4,
923 987 981 1022 9ἳ.
1028 988 1118 1020 Sed
1146 997 1269 1019 nunc
1300 995 1434 1030 genera
1464 985 1541 1027 ipsa

56 1034 250 1068 lectionum
272 1044 469 1078 persequor
490 1033 554 1078 (ιι.
579 1037 604 1068 1.
635 1032 853 1078 persequar)
888 1035 956 1075 10,
981 1036 1025 1075 1,
1047 1032 1107 1066 45.
1154 1033 1242 1065 Sed
1270 1037 1319 1064 ut
1343 1031 1388 1064 ad
1410 1040 1544 1074 propo-

57 1079 164 1114 situm
185 1080 329 1113 redeam
353 1082 393 1113 11
409 1103 421 1122 ,
444 1081 490 1121 3,
512 1080 571 1114 29.
604 1079 675 1113 Sed
698 1084 916 1112 transeamus
940 1078 986 1111 ad
1009 1087 1175 1111 numeros
1198 1079 1233 1118 9,
1257 1077 1293 1120 4,
1317 1075 1375 1111 45.
1412 1075 1456 1117 cs.
1484 1079 1541 1118 10,

58 1127 94 1167 3,
118 1129 154 1160 7.
177 1125 268 1159 Sed
290 1124 378 1168 (Sp.
404 1126 491 1168 conj.
513 1124 604 1167 sive)
628 1124 804 1169 fingamus
827 1125 900 1166 sio,
927 1126 1023 1158 Non
1050 1132 1188 1166 turpe
1209 1125 1417 1156 «luceres.
1451 1122 1543 1156 Sed

57 1170 117 1204 hic
139 1177 195 1205 est
217 1170 304 1204 illud
326 1170 454 1213 inane,
479 1172 575 1214 quod
596 1170 670 1204 dixi
689 1173 724 1213 9,
745 1171 780 1212 4,
804 1171 868 1204 108
885 1171 933 1204 N.
972 1169 1044 1203 Sed
1068 1169 1173 1203 nobis
1197 1169 1266 1212 jam
1289 1167 1458 1212 paulatim
1481 1178 1544 1201 ac-

60 1227 223 1251 crescere
249 1227 359 1261 puer,
384 1222 421 1250 et
442 1216 544 1251 exire
571 1217 616 1250 de
642 1215 779 1263 gremio
801 1223 863 1250 etc.
891 1215 1038 1259 incipiat
1062 1219 1094 1257 1,
1118 1218 1153 1258 2,
1179 1218 1210 1248 1.
1247 1214 1335 1249 Sed
1358 1214 1398 1247 si
1421 1219 1543 1247 tanto-

180 1262 435 1309 efflagitantur,
467 1273 569 1306 quam
599 1268 639 1295 tu
671 1263 849 1304 affirmas,
875 1260 1117 1304 permittamus
1147 1262 1230 1295 vela
1251 1260 1370 1296 ventis
1402 1259 1468 1304 Ep.
1497 1261 1544 1294 ad

58 1308 200 1352 Tryph.
227 1310 263 1342 3.
301 1308 372 1341 Sed
399 1313 495 1350 esto,
521 1319 637 1352 neque
661 1308 808 1350 melius,
833 1308 930 1352 quod
952 1306 1153 1341 invenimus
1179 1317 1280 1349 esse,
1309 1317 1427 1349 neque
1453 1317 1541 1350 par:

56 1359 114 1388 est
136 1359 234 1388 certe
255 1353 441 1398 proximus
465 1355 565 1387 iocus
590 1356 647 1397 10,
670 1356 705 1398 5,
728 1354 762 1388 6.
819 1353 868 1396 b)
901 1366 931 1386 e.
956 1355 1160 1396 aposiopesi:
1194 1352 1266 1388 Sed
1292 1353 1337 1386 de
1360 1353 1430 1386 hoc
1457 1351 1543 1384 satis

57 1400 95 1442 8,
120 1399 157 1442 6,
180 1400 236 1434 76.
258 1411 293 1432 υ.
313 1399 410 1433 Hic.
435 1400 507 1434 Sed
528 1400 590 1434 ine
614 1401 723 1434 durus
746 1405 850 1444 atque
873 1399 1082 1441 ineruditus,
1106 1409 1173 1432 nos
1196 1397 1323 1432 melius
1346 1399 1382 1441 8,
1403 1399 1462 1431 Pr.
1484 1398 1543 1432 26.

57 1445 131 1481 Sed
157 1443 203 1487 (S
213 1458 247 1489 p.
271 1443 334 1488 Et)
355 1446 427 1479 hoo
449 1445 565 1481 levius
587 1447 623 1488 3,
645 1447 681 1489 6,
704 1446 728 1482 6
745 1449 787 1480 Ζ.
823 1446 894 1479 Sed
918 1446 961 1478 de
989 1444 1110 1490 figuris
1136 1444 1207 1478 alio
1232 1446 1316 1478 loco
1339 1445 1374 1486 5,
1402 1443 1456 1486 14,
1483 1445 1544 1477 32.

59 1490 133 1524 Sed
157 1491 202 1524 de
226 1491 491 1536 propositorum
514 1491 721 1526 diversitate
742 1496 826 1537 post
845 1492 987 1536 paulum
1010 1493 1054 1535 9,
1077 1490 1118 1534 4,
1143 1492 1200 1526 19.
1241 1491 1312 1525 Sed
1338 1491 1383 1524 ad
1407 1499 1544 1534 propo-

60 1536 167 1569 situm
189 1538 226 1578 3,
249 1536 284 1578 6,
308 1537 367 1571 97.
398 1536 443 1578 cs.
468 1539 504 1580 8,
528 1540 563 1579 3,
588 1539 643 1572 15.
1221 1538 1226 1542 ’

105 1599 153 1643 n)
168 1614 198 1653 ‘:'·
211 1604 287 1654 aljis
302 1604 586 1645 Cor-junctionibus
594 1605 754 1648 junceum.
770 1602 810 1647 a)
822 1602 959 1637 Latinis
974 1602 1052 1647 qui
1062 1603 1083 1636 d
1093 1613 1158 1636 em
1174 1613 1325 1646 semper,
1344 1613 1374 1636 s.
1394 1614 1415 1636 e
1425 1608 1438 1636 t
1448 1601 1461 1636 i
1473 1614 1492 1635 a
1504 1602 1542 1636 in

60 1646 207 1681 Graecis
238 1647 380 1681 mterim
407 1651 453 1692 2,
479 1653 522 1691 1,
557 1652 590 1683 1.
636 1651 727 1682 Illud
751 1660 817 1693 pro
844 1651 946 1691 eod„
978 1650 1048 1692 jam
1080 1659 1195 1692 paene
1228 1649 1372 1692 poetico
1402 1648 1542 1692 spiritu,

58 1693 142 1727 :ed
168 1698 316 1726 tamen
346 1705 427 1727 cum
453 1706 517 1728 sua
539 1695 740 1729 redditione
762 1697 807 1738 8,
830 1697 875 1737 3,
897 1696 956 1730 80.
986 1695 1024 1728 in
1048 1700 1234 1737 utramque
1262 1700 1395 1737 partem
1419 1701 1543 1728 tenera

60 1739 210 1782 quaed„
244 1739 324 1771 sed
350 1739 441 1772 intra
466 1751 590 1774 manus
623 1746 772 1774 tamen
806 1747 842 1774 et
867 1740 944 1774 sine
973 1746 1073 1773 motu
1098 1741 1247 1773 laterum
1274 1740 1457 1773 translatio
1484 1745 1541 1783 11,

61 1785 108 1826 3,
139 1784 218 1817 165.
275 1784 352 1829 Ego
382 1785 534 1828 optimos
566 1786 776 1830 quidem,
808 1792 844 1820 et
866 1786 1004 1829 stetim,
1036 1791 1073 1820 et
1094 1796 1255 1829 semper,
1289 1787 1366 1819 sed
1393 1792 1541 1819 tamen

60 1839 185 1880 eorum
213 1829 497 1864 candidissimum
521 1842 697 1875 quemque
722 1831 833 1867 velim
859 1840 920 1865 etc.
943 1835 981 1874 2,
1003 1832 1039 1874 5,
1065 1832 1119 1868 19.
1146 1831 1191 1872 cs.
1217 1832 1252 1873 5,
1278 1832 1313 1873 7,
1337 1832 1370 1865 5.
1403 1831 1433 1865 si
1456 1833 1542 1875 quid

60 1874 368 1927 exierit-numeris
393 1876 525 1919 aptius3
550 1877 699 1911 fortasse
722 1888 796 1911 non
818 1877 948 1922 possit3
975 1878 1053 1911 sed
1077 1883 1219 1910 tamen
1243 1875 1273 1910 si
1294 1877 1377 1921 qnid
1400 1877 1543 1920 exierit,

61 1930 135 1954 non
166 1925 231 1953 ent
255 1919 441 1954 Attlcnm?
477 1925 540 1964 12,
566 1925 633 1966 10,
654 1925 714 1958 26.
745 1935 814 1958 neo
847 1923 885 1957 in
906 1923 1071 1968 personis
1106 1928 1148 1956 ta
1161 1929 1289 1956 ntum
1319 1923 1399 1956 sed
1429 1929 1471 1956 et
1501 1923 1541 1956 in

61 1966 168 1999 rebus
195 1971 358 1999 versatur
378 1967 468 2001 haee
491 1967 582 2002 ratio
604 1969 639 2011 9,
662 1972 696 2012 2,
720 1970 776 2003 50.
800 1969 895 2004 verti
920 1971 1054 2003 formas
1081 1979 1171 2002 non
1195 1969 1386 2002 verborum
1409 1970 1541 2003 modo

62 2012 148 2063 sed
172 2016 219 2043 et
242 2021 407 2045 sensuum
431 2019 473 2046 et
497 2013 763 2057 compositionis
784 2016 819 2057 8,
842 2017 878 2058 6,
902 2018 935 2050 2.
964 2014 1009 2056 es.
1034 2015 1070 2056 5,
1092 2017 1151 2057 11,
1175 2016 1221 2047 23
1240 2015 1288 2047 N·
1310 2027 1356 2047 crs
1386 2020 1425 2047 Ut
1452 2025 1542 2048 uon

61 2058 164 2090 rudia
188 2061 355 2108 tantum
378 2063 415 2091 et
437 2059 599 2101 fortuita,
634 2062 715 2094 sed
739 2060 931 2105 impropria
954 2059 1146 2094 interim
1172 2060 1319 2093 effluant
1343 2062 1399 2102 10,
1422 2062 1457 2103 3,
1481 2063 1541 2094 20.

62 2107 102 2135 ιιι
123 2112 214 2154 non
243 2112 272 2134 is
297 2103 468 2137 demum
493 2104 539 2137 sit
560 2106 754 2149 veneficus,
778 2106 840 2150 qui
864 2108 976 2140 vitam
998 2106 1154 2148 abstulit,
1178 2106 1258 2138 data
1279 2105 1438 2148 potione,
1465 2107 1543 2140 sed

63 2153 211 2200 etiam
242 2147 482 2199 qui-mentem
508 2151 555 2192 9,
583 2153 629 2193 2,
653 2153 730 2187 105.
768 2164 802 2185 v.
821 2152 967 2186 Modo.
1020 2153 1070 2196 β)
1094 2154 1128 2184 in
1151 2154 1312 2184 transitu.-
1356 2152 1442 2185 Sed
1470 2153 1542 2186 hoo

62 2194 258 2245 quide-m
290 2194 491 2229 discernere
526 2195 658 2230 modici
680 2196 801 2238 judicii
824 2203 878 2231 est
901 2199 943 2240 8,
971 2199 1012 2239 3,
1038 2199 1097 2230 11.
1133 2195 1179 2237 cs.
1203 2197 1248 2238 9,
1271 2199 1319 2239 2,
1341 2196 1399 2230 41.
1448 2197 1542 2231 Sed

63 2250 139 2290 en!
154 2250 186 2270 ιη
211 2249 247 2270 ιιι
271 2249 456 2273 commune
479 2242 524 2275 de
546 2242 625 2285 jure
650 2242 748 2276 omni
774 2242 1019 2287 disputandum
1044 2253 1183 2285 semper
1204 2245 1240 2284 7,
1259 2245 1294 2284 1,
1311 2240 1357 2276 49
1378 2244 1426 2276 N.
1458 2243 1542 2277 Sed

65 2295 187 2335 enlm
211 2284 255 2335 de
277 2295 318 2318 re
341 2287 417 2318 sola
440 2287 614 2330 quaestio,
638 2287 731 2330 justa
754 2288 800 2322 sit
822 2300 865 2322 ea
886 2288 1028 2323 necne?
1052 2291 1087 2330 7,
1106 2289 1141 2329 4,
1165 2287 1188 2321 5
1204 2288 1248 2320 N.
1272 2287 1356 2321 Sed
1380 2294 1423 2322 et
1445 2287 1497 2332 (a.
1515 2293 1543 2322 l.

64 2327 195 2384 etiam)
227 2330 288 2362 1ua
323 2341 370 2363 ex
403 2331 537 2366 Latinis
567 2333 758 2367 conversio
788 2335 937 2367 multum
963 2339 1007 2367 et
1035 2333 1112 2377 ipsa
1135 2333 1323 2367 contulerit
1351 2336 1412 2375 10,
1437 2336 1478 2376 5,
1502 2333 1541 2369 4.

64 2374 152 2426 Sed
175 2380 335 2408 veterum
360 2387 540 2421 quoque
562 2379 801 2413 Romanorum
825 2379 938 2423 epulis
955 2380 1042 2413 fides
1060 2390 1100 2411 ac
1116 2378 1219 2412 tibias
1240 2378 1408 2412 adhibere
1430 2379 1541 2413 moris

63 2420 131 2472 fuit
151 2422 261 2461 1,10,
280 2423 335 2472 20.
356 2421 400 2474 cf.
424 2422 460 2464 4,
477 2426 511 2465 2,
526 2424 583 2458 26.
597 2425 632 2465 6,
646 2427 681 2467 2,
699 2427 755 2460 36.
780 2426 871 2459 Sed
888 2425 947 2459 hic
972 2435 1152 2469 qnoque
1175 2430 1330 2458 tamen
1349 2425 1401 2468 (a.
1419 2429 1444 2458 1.
1457 2425 1541 2469 om.)

62 2465 253 2499 lnhumana
277 2467 392 2500 vnderi
417 2474 534 2511 potest
555 2470 719 2504 fortunae
750 2470 936 2504 insectatio
958 2471 1002 2511 6,
1027 2472 1069 2510 3,
1095 2471 1151 2503 28.
1199 2470 1285 2503 Sed
1316 2470 1461 2504 etiam
1490 2483 1541 2505 ex

0 2531 2 2535 ,
62 2510 232 2555 proximo
255 2512 405 2546 mutuari
431 2514 515 2548 licet
542 2517 606 2556 10,
631 2519 670 2557 1,
695 2519 752 2550 12.
776 2515 822 2557 cs.
849 2519 911 2558 10,
935 2519 978 2558 2,
1002 2517 1035 2550 9.
1070 2515 1156 2549 Sed
1178 2515 1268 2548 haec
1294 2521 1540 2552 tamennon

63 2557 196 2590 debent
218 2567 297 2591 esse
325 2558 465 2592 mimica
491 2560 526 2602 6,
553 2563 584 2601 1,
607 2559 663 2594 47.
695 2562 785 2595 Sed
811 2567 958 2595 tamen
982 2571 1098 2605 neque
1122 2560 1182 2594 hic
1208 2561 1313 2604 plane
1337 2563 1541 2596 eonceden-

63 2603 147 2654 dum
166 2608 226 2655 ⁸est
248 2611 308 2636 etc.
333 2605 380 2647 3,
404 2606 445 2647 8,
471 2607 527 2641 31.
575 2606 665 2640 Sed
699 2617 720 2640 e
750 2605 1003 2642 contrario
1035 2606 1197 2650 spiritum
1218 2606 1361 2641 interim
1378 2608 1540 2653 recipere

63 2658 142 2682 sine
164 2649 349 2683 intellectu
373 2661 494 2685 morae
515 2662 664 2686 necaese
689 2658 743 2686 est
767 2655 824 2696 11,
850 2655 886 2696 3,
907 2654 966 2688 39.
997 2665 1032 2686 v.
1058 2651 1357 2687 Contrarias.

19 2701 171 2744 sedeo·
207 2714 247 2759 1)
267 2729 377 2770 prqp
388 2720 425 2750 ri
433 2730 464 2752 e.
509 2720 562 2763 ι)
589 2730 720 2764 pueros
752 2719 1035 2756 adolescentibus
1060 2721 1188 2755 sedere
1212 2719 1408 2764 permixtos
1430 2723 1474 2762 2,
1500 2723 1537 2764 2,

63 2758 120 2794 14.
143 2761 315 2796 aederunt
336 2773 375 2798 m
397 2763 530 2799 scholis
552 2765 875 2813 philosophantium
899 2770 954 2809 12,
977 2768 1012 2811 3,
1037 2769 1094 2802 12.
1117 2765 1179 2812 qui
1200 2766 1300 2802 velut
1322 2767 1373 2801 ad
1397 2767 1536 2801 arculas
