1702 3054
157 285 207 319 Vl

161 396 267 444 Tuo
302 395 513 459 denique
543 395 650 457 jam
687 395 816 443 ultra
851 382 1142 443 decennium
1189 394 1391 444 consilio
1432 394 1484 443 et
1523 394 1680 444 fami-

159 499 369 544 liaritate
414 511 515 542 non
547 497 600 542 in
634 496 787 544 literis
822 505 1019 544 tantum
1063 496 1148 545 sed
1180 498 1235 545 in
1269 496 1501 546 omnibus
1545 496 1681 545 vitae

157 599 379 663 partibus
441 597 779 645 confirmabar.
882 597 1064 662 Accipe
1119 599 1298 661 igitur,
1365 595 1683 644 dilectissime

160 701 340 757 amice,
376 697 468 745 hoc
502 704 552 743 et
584 697 782 761 pietatis
817 706 868 747 et
901 701 1116 747 caritatis
1150 716 1291 748 meae
1326 686 1684 747 documentum

160 816 256 864 qua
288 800 414 848 soles
440 798 775 858 humanitate,
812 807 863 847 et
896 801 1022 848 sicut
1046 800 1122 848 Tu
1156 801 1221 849 ad
1249 801 1343 850 hoc
1370 815 1495 866 opus
1528 799 1683 848 susci-

162 901 397 965 piendum
417 899 539 946 mihi
565 907 734 948 auctor
758 901 919 959 fuisti,
955 903 1332 967 maximamque
1363 902 1470 965 ejus
1491 909 1688 966 partem

161 1002 352 1049 erudito
405 1008 491 1046 tuo
536 1001 737 1059 consilio
782 1003 1093 1051 continenter
1137 1011 1427 1068 prosecutus
1468 1017 1549 1061 es,
1600 1001 1687 1059 ita,

161 1104 202 1150 si
236 1117 333 1165 qua
365 1102 560 1149 minora
586 1084 857 1150 ”ceciderint
901 1106 1273 1167 exspectatione
1320 1112 1371 1152 et
1408 1111 1496 1152 tua
1532 1110 1583 1150 et
1612 1116 1687 1160 ea,

162 1219 311 1268 quam
345 1202 552 1250 fortasse
587 1202 845 1250 doctorum
879 1202 1140 1251 hominum
1173 1205 1228 1251 in
1249 1203 1532 1262 Prooemio,
1562 1201 1690 1266 Sup-

159 1304 422 1369 plementis
466 1301 583 1351 Tuis
629 1299 920 1359 Quintiliani
962 1304 1236 1368 Spaldingii
1274 1302 1571 1369 praemisso,
1625 1301 1690 1350 de

162 1421 309 1469 opere
345 1419 459 1452 meo
494 1404 749 1452 excitasti:
799 1404 876 1457 his
911 1404 1016 1466 Tu,
1053 1421 1210 1469 aeque
1244 1420 1467 1452 errorum
1502 1419 1690 1463 censor,

159 1505 373 1567 indulge.
464 1504 726 1553 Erroribus
769 1515 935 1554 autem
980 1514 1038 1554 ut
1081 1521 1487 1570 unumquemque
1530 1492 1691 1553 homi-

160 1621 278 1652 nem
325 1605 601 1653 obnoxium
646 1614 798 1670 puto,
850 1608 922 1655 ita
967 1623 1049 1656 me
1102 1610 1157 1656 in
1209 1608 1302 1656 hoc
1344 1605 1688 1672 componendo

161 1707 309 1764 libro,
362 1706 447 1769 qui
499 1714 740 1770 quotquot
785 1710 1060 1772 particulis,
1112 1709 1367 1773 discerptis
1410 1709 1573 1773 prius,
1632 1713 1690 1753 ut

161 1806 339 1854 deinde
385 1807 437 1852 in
474 1822 663 1855 novum
710 1809 935 1858 ordinem
981 1810 1346 1873 digererentur,
1390 1809 1531 1873 quasi
1573 1823 1689 1855 con-

161 1908 429 1969 glutinatus
465 1915 566 1966 est,
614 1909 822 1958 totidem
869 1911 1088 1974 lapsibus
1133 1911 1363 1976 praebuit
1402 1910 1689 1968 materiam;

160 2025 312 2071 quum
348 2009 522 2058 nativo
559 2018 609 2056 et
643 2026 762 2059 vero
810 2013 982 2060 ordine
1030 2015 1300 2062 verborum
1344 2011 1407 2059 de
1444 2009 1691 2058 industria

159 2110 457 2169 distu1·bat0‚
511 2126 673 2160 novus
726 2113 926 2176 quidam
978 2113 1337 2163 construendus
1393 2111 1516 2160 mihi
1561 2116 1690 2157 esset

162 2211 321 2256 laxior
356 2219 405 2257 et
439 2212 769 2272 artificiosior‚
817 2224 1027 2263 externo
1075 2224 1271 2263 tantum
1307 2210 1690 2274 comprehensus

161 2311 384 2367 vinculo,
429 2313 559 2373 quod
597 2315 783 2376 ipsum,
829 2317 922 2363 etsi
955 2316 1079 2362 illud
1109 2314 1334 2362 omnium
1364 2326 1531 2371 rerum
1565 2310 1689 2375 ligass

159 2425 297 2466 men,
355 2413 506 2469 ratio,
561 2414 729 2461 deesse
793 2417 998 2462 omnino
1064 2429 1168 2461 non
1222 2411 1459 2468 debebat,
1515 2400 1702 2470 tamen*

158 2509 407 2558 interdum
467 2512 558 2560 hac
613 2516 720 2577 ipsa
774 2514 915 2561 defici
979 2530 1044 2561 ne
1103 2514 1245 2561 forte·
1286 2511 1542 2569 videatur,
1575 2534 1579 2537 ·
1610 2517 1686 2557 est

164 2610 294 2671 quod
336 2627 523 2660 verear.
617 2614 818 2660 Etenim
867 2629 1020 2677 quum
1064 2614 1302 2660 materiae
1349 2619 1399 2659 et
1447 2612 1589 2674 copia
1632 2617 1683 2658 et

159 2710 328 2771 inopia
358 2713 491 2758 viam
524 2714 802 2761 institutam
832 2715 885 2759 in
915 2714 1117 2775 singulis
1147 2714 1363 2760 articulis
1390 2713 1460 2758 ita
1488 2719 1683 2759 mutare

160 2823 242 2855 me
278 2820 493 2871 cogeret,
535 2821 591 2859 ut
635 2814 738 2861 sere
781 2815 834 2860 in
874 2829 1172 2877 unoquoque
1219 2814 1374 2861 verbo
1422 2813 1519 2861 alia
1559 2811 1682 2860 mihi
