1794 2976
195 180 279 220 934
887 175 1028 220 Valeo

242 292 290 327 sis
313 293 411 328 valet
437 291 652 336 praesumtio
676 290 720 334 9,
742 294 786 337 2,
810 293 867 328 16.
896 294 948 326 ad
981 290 1270 328 exhortationem
1297 293 1578 338 praecipue
1605 296 1728 332 valent

241 339 390 383 imparia
413 340 455 381 5,
484 341 548 382 11,
575 341 629 373 10.
660 350 751 383 quae
777 341 853 374 ead.
881 340 986 374 etiam
1012 340 1322 381 contraffvalent
1343 341 1385 383 3,
1409 343 1450 384 7,
1473 340 1533 376 25.
1564 338 1671 384 delfi«
1691 344 1728 385 2,

240 385 297 421 49.
325 384 522 428 proinde
553 386 696 428 valeat,
733 397 785 419 ac
810 386 852 420 si
884 385 1054 428 judicium
1081 395 1156 419 non
1181 385 1307 420 fuisset
1328 388 1372 428 7,
1399 387 1439 429 1,
1467 383 1527 421 60.
1572 385 1727 429 vsiiffra,

240 431 443 518 91ῗὲἰῆ
469 432 948 521 Edtffnfflssssetewezttz'ss'
971 430 1213 512 Μεὶῖῖωξῗιὲῑ
1242 432 1514 513 ἓξὲοᾱὲἰξὲῖὲΜ
1532 433 1738 522 {iz-323.

240 524 347 556 rebus
371 523 606 566 perniciosius
631 524 835 568 eloquentia
860 527 915 567 12,
942 503 974 566 1,
994 490 1088 558 TN.
1113 531 1144 557 ct
1166 489 1367 558 Addsva
1380 535 1414 559 o.
1443 489 1603 570 plerlique
1624 521 1741 568 plus'

240 568 386 615 ingenio
411 581 515 614 quam
539 576 613 603 arte
636 571 826 604 valuerunt
851 573 892 613 1,
917 571 960 610 8,
986 571 1019 605 8.
1052 570 1083 604 si
1107 575 1182 604 toto
1211 580 1362 614 corpore
1385 571 1484 606 valet
1514 567 1747 615 (eloquentia)

241 616 276 657 8,
302 617 358 648 Pr.
386 618 441 649 22.
477 615 537 660 qui
564 627 669 650 cursu
692 628 847 660 parum
871 618 991 651 valent
1015 617 1050 658 9,
1075 619 1109 657 2,
1134 617 1190 661 78.
1228 622 1446 661 quantum
1472 616 1598 658 Graeci
1624 627 1732 670 prae-

242 661 353 705 ceptis
376 663 517 700 valent.
554 668 737 696 tantum
762 663 911 696 Romani
943 663 1115 707 exemplis
1147 665 1212 704 12,
1237 665 1284 706 2,
1309 662 1364 697 30.
1393 661 1541 710 ingenio
1574 673 1731 696 mlnus
1761 696 1764 703 ,

241 709 338 742 valet
363 710 404 750 2,
429 710 471 750 3,
496 709 528 742 8.
563 707 606 749 cs.
635 711 698 751 11,
723 712 767 751 3,
791 710 847 743 67.
879 714 1095 753 quantum
1121 707 1366 758 mediocritate
1387 708 1488 744 valui
1512 711 1577 751 12,
1609 702 1670 758 11,
1692 709 1730 742 8.

242 753 432 787 subtilitate
456 754 726 798 vincimur,
757 757 998 790 valeamus
1020 756 1179 799 pondere
1207 757 1270 795 12.
1296 757 1362 798 10,
1388 756 1445 791 36.
1471 755 1566 800 quod
1585 758 1667 788 cnm
1687 753 1731 787 fi-

241 810 327 845 gura
351 800 606 842 jucundum
632 807 721 844 est,
751 807 824 834 tum
852 801 955 834 etiam
981 812 1085 834 sensu
1110 802 1240 835 valet
1263 802 1298 843 9,
1326 801 1448 843 3‚-¹71.
1480 801 1604 846 quaed.
1628 811 1732 846 argu-

239 851 358 879 menta
382 847 484 879 turba
507 848 700 890 valent,
724 848 866 880 diducta
892 847 1082 881 leviora
1107 853 1211 881 sunt
1229 845 1265 890 4,
1292 850 1327 888 2,
1351 847 1455 883 82Ν.
1503 844 1537 889 δ)
1560 846 1632 888 adj.
1654 851 1733 888 per·

242 905 305 925 sc.-
331 892 401 925 hoc
431 903 505 926 non
531 892 755 927 extrinsecus
783 895 970 938 probatur,
996 894 1059 927 sed
1081 892 1196 937 ipsum
1219 903 1301 936 per
1326 903 1373 927 se
1395 893 1493 928 valet
1514 894 1547 931 5,
1569 893 1626 934 10,
1652 892 1733 926 118.

241 942 346 972 extra
368 938 536 982 petita—
554 939 679 972 nihil
706 951 790 983 per
818 951 867 974 se
893 941 1014 973 valent
1037 941 1071 982 5,
1098 942 1154 982 11,
1182 938 1239 973 44.
1265 950 1347 975 cum
1369 940 1514 974 valeant
1535 938 1732 973 multum

240 985 354 1019 verba
376 996 457 1028 per
480 996 527 1018 se
557 988 597 1018 11
614 1010 625 1028 ‚
649 987 694 1027 3,
721 988 755 1022 9.
789 987 980 1020 honestum
1014 986 1070 1018 ad
1104 985 1390 1020 conciliationem
1425 983 1546 1019 satis
1577 993 1732 1028 pense

239 1031 338 1064 valet
359 1029 403 1070 4,
430 1033 470 1072 1,
497 1029 555 1064 41.
611 1031 653 1074 ε)
679 1034 722 1065 in
752 1035 907 1076 aliqua
933 1045 997 1066 re.-
1029 1030 1078 1064 in
1113 1043 1178 1077 eo,
1212 1032 1308 1076 quod
1337 1030 1577 1080 inljiidicinm
1601 1022 1730 1074 deduci

240 1081 378 1119 potest,
402 1076 492 1110 nihil
514 1077 636 1111 valere
661 1077 716 1120 jus
740 1078 825 1112 belli
853 1080 894 1121 5,
920 1080 986 1120 10,
1014 1077 1090 1111 114.
1116 1078 1162 1111 in
1186 1078 1240 1111 his
1270 1076 1466 1112 maxime
1489 1076 1585 1117 valet
1607 1074 1732 1108 simili-

238 1123 325 1156 tudo
350 1122 392 1166 6,
416 1125 460 1164 3,
487 1125 542 1157 57.
576 1126 698 1157 vultus
729 1124 876 1158 mutatio
908 1125 1103 1157 multum
1129 1124 1176 1157 in
1199 1129 1281 1158 actu
1303 1124 1402 1159 valet
1427 1124 1472 1165 9,
1499 1123 1540 1164 3,
1566 1119 1645 1156 101.
1682 1120 1731 1154 in

239 1168 366 1212 quibus
390 1168 596 1212 (affectibus)
620 1171 725 1214 plus
750 1172 847 1205 calor
870 1177 974 1214 quam
998 1170 1180 1216 diligentia
1197 1171 1295 1204 valet
1310 1171 1366 1212 10,
1389 1171 1424 1212 3,
1451 1169 1504 1202 18.
1528 1168 1619 1200 haec
1637 1166 1732 1200 enim

238 1214 423 1256 (cupiditas
449 1215 547 1256 lucis)
575 1215 604 1249 si
631 1218 728 1250 valet
758 1217 805 1250 in
831 1217 948 1250 animo
974 1217 1049 1260 ejus
1075 1219 1109 1259 3,
1134 1218 1167 1256 8,
1190 1216 1248 1251 46.
1274 1213 1320 1256 cs.
1346 1217 1402 1257 11,
1427 1212 1542 1261 3,,67.
1570 1212 1660 1246 mire
1683 1212 1730 1247 in

238 1260 352 1293 causis
388 1262 484 1294 valet
516 1263 734 1304 praesumtio
767 1264 812 1304 9,
836 1266 880 1304 2,
912 1262 966 1296 16.
1003 1264 1042 1294 in
1071 1273 1139 1306 qna
1167 1260 1446 1304 (deprecatione)
1461 1258 1731 1303 ‘plurimum

238 1306 360 1340 valent
384 1317 431 1339 ex
457 1306 558 1350 ipso,
584 1307 643 1350 qui
668 1319 750 1341 reus
775 1313 848 1349 est,
874 1309 964 1340 haec
988 1307 1056 1340 tria
1081 1308 1293 1349 praecedere
1318 1307 1445 1344 etc.l7,
1469 1303 1511 1347 4,
1539 1306 1595 1339 18.
1623 1303 1670 1344 cs.
1695 1306 1730 1344 5,

239 1354 302 1393 11,
329 1352 362 1384 5.
390 1357 428 1384 ut
451 1363 521 1385 una
547 1363 606 1386 res
637 1353 684 1385 in
708 1364 750 1386 ea
774 1352 928 1395 (fronte)
955 1354 1060 1396 plus
1085 1354 1239 1393 valeret,
1263 1351 1324 1385 ille
1349 1350 1491 1396 sanguis
1517 1357 1580 1384 eto.
1606 1352 1668 1391 11,
1695 1352 1729 1392 3,

237 1397 293 1430 78.
320 1408 365 1430 ne
390 1396 498 1440 quid
527 1397 572 1431 in
595 1398 671 1441 ejus
695 1399 827 1439 judicio
853 1398 964 1442 gratia
987 1399 1257 1432 valeret*Poll.
1285 1398 1321 1439 9,
1345 1399 1379 1433 2.
1403 1396 1460 1430 24.
1495 1396 1526 1429 si
1550 1395 1661 1440 qnid
1683 1395 1730 1428 in

235 1441 348 1476 literis
371 1444 490 1478 valeat
517 1446 580 1486 11,
609 1447 653 1486 2,
682 1443 738 1478 49.
773 1444 928 1477 minus
958 1443 1048 1477 idem
1078 1444 1168 1477 ordo
1194 1443 1329 1478 valebit
1351 1442 1402 1476 in
1425 1441 1587 1476 oratione
1613 1444 1669 1484 11,
1693 1444 1729 1484 2,

237 1489 294 1522 38.
327 1489 364 1522 in
398 1489 562 1523 omnibus
591 1490 670 1523 sere
692 1490 846 1523 minus
873 1491 993 1524 valent
1017 1494 1207 1532 praecepta
1235 1499 1339 1533 quam
1363 1487 1606 1531 experimenta
1626 1489 1670 1529 2,
1694 1489 1728 1529 5,

238 1535 293 1568 15.
320 1535 580 1578 plurimum
611 1535 656 1569 in
687 1537 755 1569 hac
786 1542 885 1579 parte
915 1536 1034 1570 valeat
1065 1535 1192 1569 mentis
1225 1533 1376 1567 intentio
1402 1536 1445 1567 io.
1471 1535 1527 1567 10.
1560 1531 1606 1574 qs.
1626 1535 1671 1576 9,
1691 1530 1730 1575 4,

238 1581 317 1614 118.
349 1590 474 1614 omnes
507 1592 631 1615 causas
664 1581 711 1614 in
744 1581 908 1615 omnibus
943 1580 1106 1624 personis
1136 1581 1260 1615 valere
1283 1580 1326 1621 7,
1350 1582 1393 1622 2,
1419 1580 1475 1614 38.
1512 1578 1598 1612 licet
1629 1577 1727 1616 enim

235 1625 387 1666 (subtilis
417 1629 605 1668 conclusio)
638 1629 757 1662 valeat
792 1627 839 1660 in
869 1637 1034 1661 sermone
1063 1631 1258 1669 tantum,
1290 1630 1330 1659 ut
1358 1632 1422 1673 cic.
1455 1628 1501 1667 7,
1526 1626 1567 1667 3,
1591 1620 1730 1668 14.3in

234 1671 314 1714 ipso
338 1673 440 1707 vultu
467 1673 717 1716 plurimum
751 1674 872 1707 valent
896 1673 991 1707 ocuti
1018 1675 1057 1706 11
1073 1698 1083 1715 ‚
1108 1674 1151 1714 3,
1176 1673 1243 1714 753
1279 1671 1328 1705 in
1351 1670 1553 1717 colligendo
1574 1670 1734 1714 proben-

237 1719 354 1762 doque
378 1738 423 1744 —-
448 1719 702 1762 plurimum
730 1721 922 1754 valuerunt
947 1720 1085 1761 (Stoici)
1111 1720 1177 1761 10,
1207 1721 1244 1760 1,
1267 1717 1327 1752 84.
1351 1727 1443 1762 qnae
1467 1722 1503 1750 et
1525 1716 1571 1749 in
1594 1715 1734 1768 {¹2¹be-
1778 1711 1782 1722 ¹

236 1765 350 1797 rando
374 1765 619 1808 plurimum
643 1767 766 1800 valent
789 1768 823 1808 5,
846 1768 900 1807 10,
924 1767 980 1799 33.
1006 1776 1087 1798 eum
1110 1765 1299 1798 multum
1322 1763 1479 1798 valuisse
1506 1761 1551 1796 in
1568 1762 1730 1797 -dwendo
1791 1807 1792 1810 Ἴ

236 1813 283 1853 2,
312 1813 377 1853 17,
405 1813 461 1845 13.
498 1811 528 1844 is
560 1811 724 1854 (digitus)
755 1812 802 1845 in
835 1811 1090 1854 exprobrando
1116 1815 1152 1844 et
1178 1810 1370 1851 indicando
1392 1809 1490 1844 valet
1513 1811 1580 1848 11,
1603 1809 1649 1850 3,
1670 1806 1728 1843 94.

236 1867 272 1889 m
287 1856 366 1890 axi
381 1868 445 1890 me
471 1858 605 1892 valebit
628 1858 676 1891 in
702 1859 839 1891 orando
863 1867 1092 1891 numerorum
1115 1856 1175 1890 illa
1199 1856 1341 1890 libertas
1365 1856 1408 1898 8,
1432 1855 1476 1896 6,
1500 1856 1556 1887 20.
1583 1852 1733 1897 pluri·
1775 1868 1781 1869 ⁷

235 1913 348 1935 mum
372 1902 418 1935 iu
443 1903 694 1947 praecipiendo
719 1905 816 1938 valet
839 1904 929 1937 ratio
956 1906 1002 1945 2,
1028 1905 1070 1945 3,
1093 1903 1126 1937 6.
1177 1900 1219 1946 ζ)
1247 1905 1287 1935 in
1314 1901 1518 1946 aliquid:
1535 1900 1632 1943 quod
1657 1909 1732 1933 non

235 1947 281 1981 in
313 1949 399 1982 hoc
427 1954 563 1982 tantum
589 1952 685 1983 valet
707 1951 752 1992 9,
779 1953 820 1992 2,
850 1951 906 1983 62.
935 1950 1110 1993 quaedam
1136 1968 1182 1974 —
1206 1947 1338 1982 inid*
1356 1954 1474 1981 tamen
1503 1947 1644 1987 vatent,
1678 1950 1730 1978 ut

236 2004 278 2027 ea
301 1994 482 2037 molliant,
513 2007 603 2040 quae
633 2002 830 2039 sequuntur
852 1995 896 2038 4,
922 1997 962 2036 5,
993 1995 1047 2029 16.
1083 1993 1126 2035 cs.
1150 1995 1195 2037 6,
1219 1996 1260 2038 3,
1287 1996 1342 2027 12.
1379 2002 1530 2038 quorum
1554 1992 1731 2025 contraria

235 2039 283 2072 in
322 2040 567 2075 diversum
599 2043 723 2076 valent
750 2043 794 2079 5.
822 2044 887 2083 10,
919 2040 977 2077 49.
1020 2040 1158 2074 etiamsi
1190 2040 1238 2073 in
1267 2045 1515 2082 utramque
1547 2042 1730 2080 partem

235 2086 357 2121 valent
383 2098 481 2120 arma
505 2088 692 2121 facundiae
716 2091 750 2129 2,
772 2088 827 2129 16,
847 2089 892 2121 10
915 2100 948 2120 v.
967 2089 1091 2121 Pars.
1115 2087 1186 2120 hoc
1206 2086 1313 2120 etiam
1335 2085 1382 2118 in
1406 2082 1730 2128 praeteritum
1790 2108 1794 2111 .

235 2132 334 2166 valet
358 2133 402 2175 9,
431 2136 471 2174 2,
497 2136 560 2174 2ος
598 2144 673 2167 non
699 2139 818 2167 tamen
850 2135 920 2167 hoc
952 2144 1004 2167 eo
1038 2133 1152 2175 valet,
1184 2138 1233 2165 ut
1263 2131 1456 2178 fugiendae
1485 2129 1729 2174 siwmagnae

236 2178 382 2212 scholae
411 2181 441 2218 1,
466 2182 500 2221 2,
533 2181 588 2214 16.
635 2181 683 2222 η)
712 2181 763 2217 ad
787 2181 984 2224 aliquid:
1018 2179 1052 2212 si
1081 2189 1235 2222 usque
1260 2179 1315 2211 ad
1344 2188 1448 2211 aures
1470 2174 1604 2218 (oratio)
1629 2176 1729 2208 valet

235 2222 296 2266 (a.
323 2227 344 2257 l.
370 2225 497 2268 volet)
521 2227 556 2267 8,
583 2227 617 2267 3,
642 2227 700 2259 62.
734 2227 858 2259 valere
883 2237 960 2258 eam
988 2223 1300 2267 (compositionem)
1326 2233 1450 2268 qnam
1472 2219 1728 2265 plurimum

235 2279 309 2302 non
336 2271 386 2303 ad
411 2271 684 2304 delectationem
706 2269 819 2305 'modo
845 2272 907 2304 sed
940 2272 990 2304 ad
1017 2277 1152 2304 motum
1181 2271 1324 2315 quoque
1348 2269 1550 2302 animorum
1567 2267 1602 2308 9,
1630 2265 1665 2308 4,
1689 2267 1741 2306 9.,

235 2314 281 2355 cs.
309 2317 348 2357 9,
376 2318 416 2357 1,
444 2319 500 2349 21.
525 2317 641 2350 minus
666 2319 736 2350 hoc
768 2318 822 2350 ad
848 2317 954 2351 fidern
990 2318 1110 2363 yaleat
1136 2320 1176 2359 7,
1202 2320 1243 2356 2,
1266 2317 1335 2350 28.”
1360 2315 1412 2349 ad
1448 2313 1620 2348 suadendi
1646 2322 1728 2345 mo-

235 2366 354 2394 menta
378 2361 474 2395 idem
498 2364 593 2397 valet
618 2365 650 2405 5,
677 2366 734 2405 10,
757 2363 814 2396 42.
842 2365 920 2396 ead.
947 2363 1043 2396 fictio
1066 2364 1165 2398 valet
1188 2368 1224 2395 et
1247 2363 1302 2395 ad
1325 2359 1511 2405 qualitates
1527 2359 1560 2407 5,
1588 2359 1644 2400 10,
1668 2358 1727 2394 99.

236 2418 326 2450 quae
350 2406 493 2441 interim
519 2410 568 2442 ad
595 2409 738 2443 veniam
762 2410 895 2451 valent,
923 2408 1064 2442 interim
1090 2409 1144 2442 ad
1167 2403 1593 2451 probationem‘criminis
1615 2404 1650 2445 5,
1670 2405 1729 2445 10,

234 2451 291 2486 34.
318 2454 373 2486 ad
394 2453 583 2487 victoriam
606 2456 667 2489 vel
689 2455 939 2499 plurimum
962 2456 1059 2489 valet
1082 2455 1125 2496 6,
1156 2453 1202 2496 4,
1227 2455 1260 2487 3.
1293 2455 1384 2487 haec
1412 2449 1604 2494 eloquendi
1627 2455 1730 2493 prae—

237 2503 340 2541 cepta
370 2510 443 2532 non
471 2501 589 2534 satis
613 2502 665 2534 ad
690 2500 764 2534 vim
790 2501 931 2534 dicendi
958 2502 1081 2535 vatent
1110 2502 1165 2542 10,
1190 2502 1223 2541 1,
1251 2502 1291 2541 13
1322 2499 1372 2532 ad
1397 2495 1567 2541 quidquid
1591 2494 1729 2528 facien-
1770 2498 1794 2525 '⁴

235 2544 319 2577 dum
344 2556 470 2579 causae
495 2548 618 2580 valere
650 2547 839 2580 videantur
861 2550 904 2589 7,
932 2550 972 2588 2,
999 2547 1055 2580 35.
1083 2545 1181 2586 ipsae
1205 2545 1301 2579 vitae
1324 2546 1514 2589 praecepta
1540 2542 1649 2585 pluis
1674 2540 1726 2573 ad
1789 2547 1794 2550 ’

234 2589 441 2624 formandas
467 2598 604 2626 mentes
632 2594 755 2627 valent
781 2595 817 2634 2,
844 2594 899 2634 16,
930 2595 986 2627 10.
1011 2592 1129 2626 omnia
1153 2603 1243 2635 quae
1268 2592 1323 2624 ad
1345 2587 1571 2636 efficiendum
1593 2585 1730 2620 oratio·

235 2645 304 2676 ne,
334 2638 429 2678 quod
456 2638 702 2681 proposuerit,
736 2639 859 2673 valent
892 2641 954 2682 11,
979 2640 1020 2676 1,
1046 2640 1103 2675 35,
1127 2638 1300 2679 rationis,
1334 2645 1425 2680 quae
1451 2633 1505 2667 ad
1527 2632 1744 2667 movendosv

234 2680 492 2726 leniendosque
517 2685 663 2718 affectus
691 2684 933 2727 plurimum
956 2684 1054 2718 valet
1083 2686 1123 2726 1,
1154 2685 1214 2726 10,
1242 2685 1298 2716 31.
1333 2679 1378 2722 cs.
1407 2680 1449 2717 6,
1475 2681 1516 2721 1,
1540 2678 1596 2713 26·
1623 2679 1667 2720 9,
1694 2679 1726 2719 1,

233 2726 292 2760 25.
321 2736 432 2771 genus
457 2730 509 2761 ad
532 2731 750 2772 probandam
775 2730 930 2774 speciem
957 2729 1201 2762 minimum
1229 2729 1329 2763 valet
1355 2727 1396 2768 5,
1422 2726 1484 2768 10,
1513 2724 1729 2759 56.‘mu1tos

234 2770 448 2815 judiciorum
473 2785 575 2808 casus
599 2777 653 2809 ad
677 2776 800 2820 inique
824 2776 1124 2819 pronuntiandum
1147 2774 1275 2809 valere*
1294 2774 1335 2815 5,
1359 2773 1402 2813 2,
1425 2769 1460 2804 4.
1515 2770 1567 2813 θ)
1592 2783 1621 2804 c.
1652 2770 1728 2802 aliis
