1728 3002
168 149 224 189 90
729 139 858 195 Atqui
887 163 942 172 --
970 138 1136 181 Attinet

212 258 249 302 4,
272 260 308 300 2,
330 258 395 299 803
442 254 528 307 quq.
547 265 624 308 ego
647 254 727 289 illos
750 256 879 296 credo,
912 264 980 287 nec
1005 252 1178 297 sensisse,
1211 253 1297 302 quid
1318 255 1480 292 facerent
1506 265 1568 292 etc.
1601 260 1641 302 8,
1661 261 1696 304 3,

210 304 235 339 4
258 304 305 338 N.
341 303 426 345 Atq.
454 301 491 334 id
518 301 599 336 viro
626 302 720 335 bono
744 301 828 334 satis
855 304 908 334 est
935 299 1124 342 docuisse,
1159 301 1254 344 quod
1281 300 1392 336 sciret
1415 306 1484 347 12,,
1509 307 1572 347 11,
1595 306 1620 339 8
1627 284 1696 338 Ν.

209 349 267 394 (in
293 356 430 393 utroque
450 351 519 380 loco
552 349 618 389 Sp,
654 347 769 390 conjic.
808 344 969 389 atqui).
1005 343 1075 388 [cs.
1112 347 1147 388 8,
1171 347 1229 380 Pr.
1255 349 1312 381 27.
1350 349 1415 391 Sp
1428 374 1441 392 ‚
1467 354 1518 384 Ζ.
1546 350 1695 396 AtqniJ.

210 394 280 440 IV)
306 398 458 430 ,Iunctum
490 406 518 426 c.
543 396 617 425 aliis
648 393 925 436 6οη]αηι·1ἰοηι”ῠ..·
963 397 1103 435 atque
1143 403 1185 426 ea
1215 403 1420 438 quoque,
1463 406 1554 440 quae
1585 406 1695 434 sensu
1723 407 1725 409 ¹

163 451 170 452 ’
210 448 247 477 et
271 440 390 474 animo
415 444 535 473 carent
560 442 592 481 1,
607 441 642 481 3,
665 441 698 473 8.
735 439 794 482 qui
819 438 960 471 robur
985 437 1128 481 quidem
1156 443 1196 472 et
1225 439 1359 483 ebur,
1389 445 1527 485 atque
1554 441 1694 481 etiam

209 497 407 522 marmur
435 486 565 518 fatetur
589 496 666 518 esse
692 487 724 527 1,
749 485 783 526 6,
810 486 866 517 23
913 482 1067 527 Atque
1108 484 1250 518 etiam
1277 485 1309 519 si
1333 466 1469 521 f'uerint
1494 487 1695 533 crebriores

208 535 341 581 figurae
366 533 401 573 9,
424 533 459 573 2,
487 529 544 566 94.
581 542 627 564 ne
655 529 712 564 cui
735 536 912 571 vestrum,
950 534 1085 574 atque
1111 530 1246 563 etiam
1263 531 1448 575 omnium,
1487 533 1548 578 qui
1571 531 1721 587 assunt,

211 588 275 613 etc.
313 579 511 618 Coel.11‚
538 578 569 618 1,
595 577 636 611 51
672 577 863 610 verborum
901 580 1041 619 atque
1076 576 1188 620 ipsius
1224 577 1363 612 etiam
1388 579 1471 613 soni
1495 579 1701 622 rusticitate

211 629 268 667 11,
293 626 326 663 3,
352 625 405 660 10
451 622 603 665 Atque
630 621 840 655 Aristoteles
864 621 1061 673 quidem
1096 627 1194 666 putat
1227 623 1261 665 5,
1291 626 1347 667 12,
1373 625 1407 660 9.
1457 625 1607 670 Atque
1624 625 1719 670 1110,

206 671 393 721 quidem
426 668 587 703 omnibus
625 669 736 711 ejusd.
760 667 891 720 operis
919 668 1123 701 auctoribus
1151 669 1294 703 abstulit
1318 680 1451 704 nomen
1483 674 1548 715 10,
1575 674 1608 716 1,
1633 673 1692 719 72.

190 718 356 760 Atque
383 726 421 748 1n
444 715 510 747 hac
537 719 687 748 tamen
711 713 879 758 opinione
903 720 1177 758 perseverantes
1211 718 1434 759 12,10,27.

161 763 303 818 Atqui·
349 770 460 815 Atqui
483 771 556 813 (sic
578 775 666 804 solus
688 773 786 804 Amb.
807 773 838 804 1.
898 775 943 851 ἲ
963 768 1094 815 atque)
1117 772 1189 806 hoc
1214 777 1286 815 est,
1315 774 1411 827 quod
1434 774 1663 810 dominatur*
1651 786 1692 809 ln

205 818 344 871 judiciis
367 818 403 860 6,
424 820 458 858 2,
484 818 504 850 3
531 818 578 850 N.
608 831 653 850 cr.
691 816 734 857 (f.
762 819 816 859 12,
843 797 878 859 2,
969 818 1003 858 8,
1016 818 1074 851 Pr.
1096 821 1142 853 27
1169 823 1212 852 Ζ.
1253 816 1366 864 Atqui
1388 820 1498 854 debes
1524 822 1610 864 9,3,
1629 821 1687 857 98.

203 864 316 909 Atqui
337 863 527 916 praecipue
553 862 664 906 prima
686 868 844 905 tempora
869 842 939 896 imo
964 862 1055 898 vitio
1079 864 1288 898 laborabant
1325 855 1369 909 9,
1399 868 1443 906 2,
1468 869 1528 902 77.
1578 865 1689 910 Atqui
1714 895 1718 899 .

202 914 302 946 Plato
334 909 372 942 in
404 908 553 942 Timaeo
584 908 694 950 prima
730 908 847 942 statim
885 914 984 953 parte
1011 909 1126 944 vitare
1151 910 1219 944 ista
1242 921 1318 945 non
1343 911 1460 956 potuit
1486 913 1533 955 9,
1557 910 1603 955 4,
1627 915 1686 948 77.

201 955 334 1000 Atqui,
371 954 401 988 si
419 954 508 987 nihil
531 955 660 996 refert,
692 954 812 989 brevis
836 967 881 988 an
903 957 1011 1002 longa
1034 956 1079 989 sit
1101 956 1243 1000 ultima,
1272 958 1367 992 idem
1387 969 1453 1002 pes
1474 937 1542 992 eri’t
1566 960 1610 992 ὣ.
1626 956 1686 994 94.

200 1001 312 1046 Atqui
340 1000 498 1043 corporis
527 1011 668 1044 quoque
702 1001 814 1034 motui
838 1013 901 1034 sua
930 999 1055 1046 quaed.
1079 1007 1240 1046 tempora
1267 1003 1411 1038 adhibet
1437 1004 1574 1038 musica
1583 1002 1688 1038 satio

200 1058 429 1083 numerorum
451 1046 559 1088 9,4,
585 1048 662 1081 139.
706 1046 818 1091 Atqui
845 1058 951 1082 nemo
981 1048 1195 1083 dubitaverit
1219 1052 1276 1093 10,
1286 1052 1339 1130 3,
1364 1053 1421 1084 22.
1468 1048 1583 1095 Atqui
1605 1055 1689 1084 sunt
1720 1083 1723 1085 ,

201 1095 372 1139 quaedam
406 1091 563 1125 actiones
590 1092 627 1126 in
655 1093 897 1128 satisfactione
928 1102 989 1127 etc.
1026 1094 1164 1137 positae
1195 1096 1258 1135 11,
1315 1096 1407 1139 ,52.
1437 1095 1486 1146 ιφ
1515 1097 1556 1139 5,
1581 1096 1626 1140 8,
1631 1098 1686 1130 ’.2

203 1143 239 1183 5,
267 1142 322 1176 13.
350 1140 384 1173 9·
422 1138 532 1181 Atqui
557 1138 751 1173 simillimus
778 1140 862 1173 huic
892 1139 937 1174 sit
961 1141 1156 1174 advocatus
1181 1144 1245 1181 12
1269 1098 1312 1184 3,
1337 1142 1372 1176 6.
1414 1140 1475 1182 ιφ
1486 1144 1550 1180 12,
1575 1142 1620 1185 2,
1632 1144 1687 1184 7;

197 1192 319 1221 orator
343 1194 427 1230 ergo
450 1185 710 1219 Demosthenes
735 1196 810 1219 non
832 1185 927 1219 fuit?
974 1186 1072 1230 atqui
1095 1188 1226 1220 malum
1249 1187 1368 1222 Virmn
1394 1198 1503 1231 accep
1505 1166 1596 1221 in’ms
1619 1189 1686 1231 12,

200 1230 319 1271 1.14.
362 1241 429 1264 nec
452 1231 657 1276 gladiola
685 1231 880 1276 (quisquam
899 1231 1040 1276 serat),
1075 1233 1172 1276 atqui
1194 1233 1351 1268 Messala
1375 1230 1475 1266 dixit
1494 1236 1528 1276 1,
1547 1233 1583 1277 6,
1602 1222 1660 1268 42.

153 1277 336 1319 Atrium
383 1287 531 1331 primum
549 1299 690 1321 sensum
713 1289 952 1323 vestibulo
977 1288 1077 1333 quasi
1098 1289 1304 1337 assignant,
1337 1290 1535 1325 secundum
1558 1289 1685 1324 atrio

201 1338 257 1377 11,
283 1337 317 1376 2,
346 1336 402 1368 20.
439 1334 624 1377 plurimum
649 1336 685 1368 in
713 1335 803 1369 atrio
828 1341 965 1379 ponunt
986 1338 1036 1369 7²12.
1062 1337 1120 1370 23.
1263 1355 1265 1358 ·
1688 1337 1718 1353 ”

152 1380 378 1422 Attonitas.
425 1391 521 1442 cujus
546 1390 639 1435 (rei)
666 1393 849 1427 atrocitate
873 1393 985 1436 judex
1002 1398 1077 1426 erat
1099 1393 1301 1428 movendus
1324 1392 1359 1435 6,
1376 1395 1410 1436 1,
1424 1394 1481 1427 32.
1516 1391 1684 1428 atrocitas

199 1439 211 1481 (
216 1435 323 1478 sac-11)
352 1437 478 1470 crescit
502 1448 547 1470 ex
571 1437 625 1471 his
651 1440 691 1473 ib.
712 1439 755 1473 15
778 1440 826 1473 N.
859 1439 1050 1482 plurimum
1074 1439 1175 1473 affert
1199 1437 1394 1478 atrocitatis
1417 1439 1545 1473 modus
1568 1439 1682 1473 il».17.

198 1483 294 1527 quod
322 1481 357 1514 in
382 1483 462 1516 foro
488 1483 669 1517 atrocitate
692 1485 925 1519 formularum
949 1484 1162 1529 dijudicatur
1176 1488 1218 1528 7,
1238 1487 1272 1528 1,
1287 1486 1345 1519 37.
1383 1486 1482 1538 quod
1497 1478 1683 1538 indignum

196 1529 266 1571 sit,
296 1528 441 1561 crimina
462 1528 537 1572 ipsa
565 1530 746 1564 atrocitate
775 1531 919 1565 defendi
944 1534 984 1574 7,
1007 1534 1048 1574 2,
1076 1533 1133 1566 31.
1168 1511 1231 1566 ub'i
1254 1531 1534 1608 atrocitate,
1561 1529 1679 1566 invi-

197 1574 288 1617 dia,
312 1573 608 1609 miseratione
631 1579 860 1622 pugnandum
888 1582 941 1612 est
968 1580 1003 1620 9,
1031 1557 1066 1620 3,
1094 1579 1172 1613 102.

151 1618 303 1660 Atrox.
332 1649 372 1656 --
398 1631 526 1665 Medea
550 1632 604 1673 (in
629 1632 834 1677 tragoediis)
861 1637 916 1676 11,
935 1636 971 1676 3,
993 1636 1058 1676 73;
1101 1633 1279 1668 atrocia
1305 1631 1498 1675 invidiose,
1524 1630 1680 1666 tristia

196 1675 442 1710 miserabiliter
473 1677 590 1711 dicere
617 1678 651 1720 4,
676 1683 710 1720 2,
738 1682 814 1716 120,
866 1680 1013 1713 atroci
1046 1679 1083 1712 in
1109 1691 1216 1714 causa
1240 1692 1316 1722 opp.
1346 1679 1384 1712 in
1417 1676 1686 1712 miserabili«

193 1724 231 1764 6,
256 1724 289 1764 3,
314 1724 368 1756 31.
407 1723 434 1755 si
462 1724 637 1767 expositio
663 1725 757 1758 circa
781 1726 887 1759 finem
914 1732 1019 1759 atrox
1043 1726 1151 1759 suerit
1173 1724 1210 1767 4,
1235 1728 1270 1767 3,
1294 1726 1330 1759 5.
1362 1724 1401 1758 in
1422 1725 1543 1758 rebus
1557 1728 1679 1758 atro-

196 1749 278 1802 cib.
307 1781 382 1810 opp.
410 1769 590 1803 mitibus
618 1774 719 1812 11,.”
713 1788 733 1813 ,
763 1772 840 1805 116.
885 1783 943 1805 res
972 1777 1151 1805 atroces
1186 1776 1222 1804 et
1248 1769 1548 1804 miserabil-es
1583 1768 1618 1810 6,
1643 1771 1677 1811 1,

197 1816 254 1849 53.
290 1814 394 1847 rebus
419 1809 610 1849 atrocib.
636 1818 747 1850 verba
771 1818 878 1851 etiam
901 1818 981 1861 ipso
1003 1817 1124 1850 auditu
1149 1827 1305 1860 aspera
1329 1815 1443 1862 magis
1458 1814 1677 1850 convenient
1716 1860 1719 1861 ⁷

194 1863 237 1902 8,
263 1861 305 1901 3,
335 1863 388 1893 17.
421 1873 453 1893 v.
476 1862 574 1895 Res.
614 1868 695 1896 atr.
721 1863 760 1896 in
792 1863 846 1896 ira
879 1870 915 1897 et
949 1874 1110 1906 aspera
1140 1860 1254 1906 (vox)
1276 1864 1353 1903 11,
1377 1863 1418 1903 3,
1445 1861 1512 1904 63;
1559 1866 1598 1894 ut
1624 1859 1676 1904 id,

195 1884 305 1949 q1'10d
319 1905 467 1948 objecit,
503 1919 605 1950 quam
629 1909 887 1943 atrocissimum
912 1909 1076 1944 videatur
1102 1907 1280 1952 6,1,15.
1323 1918 1405 1941 011111
1430 1918 1490 1941 res
1513 1905 1676 1941 atrocius.
1694 1925 1707 1934 ἢ

196 1952 377 1985 elevamus
400 1955 560 1986 consulto
585 1955 678 1997 8,4,
708 1956 760 1990 19.

149 1994 347 2036 Attendo·
395 2007 436 2050 α)
466 2009 524 2052 qui
556 2010 706 2045 libenter
734 2010 925 2045 audiunt
960 2017 995 2045 et
1025 2010 1138 2057 magis
1152 2011 1427 2051 attendunt,
1461 2013 1498 2043 et
1533 2007 1676 2042 facilius

195 2055 378 2086 credunt
405 2055 439 2095 8,
469 2058 502 2096 3,
528 2057 560 2090 5.
593 2059 773 2091 attendere
799 2057 898 2103 signa
925 2058 971 2090 ad
997 2067 1078 2098 eos,
1104 2055 1166 2101 qui
1189 2057 1377 2098 excidunt,
1407 2065 1534 2090 sensus
1558 2055 1619 2097 11,
1641 2057 1676 2095 2,
1724 2082 1728 2083 ⁷

193 2099 355 2176 2911100
380 2080 564 2146 diligenter
591 2103 758 2137 attendite
786 2102 821 2145 4,
831 2086 880 2145 ξ’1,
903 2102 961 2137 74.
989 2104 1024 2146 9,
1051 2106 1085 2142 2,
1111 2103 1167 2137 56.
1214 2101 1424 2147 β)Ραν1ἰι·..·
1449 2105 1512 2135 att.
1536 2098 1677 2142 auditor

192 2144 228 2186 4,
278 2146 345 2187 ,.5
378 2151 545 2179 attentum
568 2148 720 2190 judicem
744 2149 831 2182 facit
858 2151 900 2182 ib.
918 2151 986 2191 333
1033 2160 1076 2182 ea
1101 2148 1339 2192 (partitione)
1349 2148 1419 2187 fiat
1433 2147 1546 2191 judex
1560 2150 1676 2181 atten-

193 2147 288 2222 tior1
291 2209 292 2212 =
316 2193 380 2233 S.p
406 2191 489 2235 int.)
514 2191 547 2233 4,
567 2195 599 2235 5,
619 2198 651 2228 1
684 2195 780 2228 circa
802 2195 857 2238 jus
886 2200 1046 2228 nostrum
1062 2193 1230 2228 attentior
1253 2197 1296 2228 ib.
1315 2196 1374 2228 21.
1404 2204 1439 2227 ν.
1465 2192 1673 2229 Intende.
1688 2200 1693 2208 '¹

146 2232 549 2283 Atten110.d00113m
571 2252 661 2284 haec
688 2251 764 2294 ipsa
789 2257 946 2295 praestat
971 2251 1119 2286 attentio
1146 2249 1182 2294 4,
1210 2253 1244 2294 1,
1268 2248 1326 2284 34.

147 2298 334 2340 Αἱῖθῐῐῐῡ·
382 2313 665 2356 (argumentorum
695 2318 805 2362 locos)
830 2319 1212 2362 circumspectare
1227 2317 1274 2351 -in
1298 2316 1438 2363 agendo
1464 2320 1500 2350 et
1526 2320 1671 2351 atten-

194 2362 289 2390 tare
317 2358 493 2403 singulos,
529 2363 671 2397 minime
698 2366 868 2399 convenit
896 2368 951 2407 12,
976 2366 1011 2407 8,
1039 2363 1094 2398 14.
1129 2396 1133 2398 ,

147 2412 317 2454 Astero-
366 2427 581 2468 asperiorum
605 2436 752 2464 tractatu
775 2444 893 2466 rerum
920 2437 1117 2466 atteruntur
1139 2427 1323 2472 (ingenia)
1349 2430 1384 2471 8,
1407 2429 1466 2464 Pr.
1493 2432 1528 2464 2.
1571 2429 1673 2464 velut

194 2469 355 2502 attrita
382 2473 585 2513 quotidimo
615 2482 695 2508 actu
718 2478 852 2511 forensi
876 2478 1019 2524 ingenia
1045 2497 1091 2502 —-
1113 2481 1392 2519 reparantur
1416 2477 1474 2519 10,
1497 2477 1532 2519 1,
1554 2477 1613 2510 27.

149 2525 323 2568 Attnnet.
359 2550 472 2582 neque
490 2540 580 2573 onim
600 2540 719 2576 attinet
746 2547 800 2587 10,
819 2548 850 2585 1,
868 2547 945 2580 105
979 2555 1103 2578 omnes
1117 2554 1283 2587 persequi
1299 2553 1414 2587 neque
1442 2546 1528 2585 att,
1551 2550 1685 2585 neque,

193 2594 372 2627 possum
400 2590 443 2627 2,
472 2589 534 2627 15,
563 2591 616 2620 37.
650 2589 735 2622 nihil
760 2597 838 2631 att,
869 2591 906 2624 id
930 2591 1124 2624 defendere
1150 2587 1240 2631 4,2
1220 2613 1262 2631 2,
1291 2591 1348 2622 70.
1385 2589 1428 2621 de
1451 2567 1566 2621 causis
1594 2586 1671 2619 fre-

191 2635 342 2673 quenter
366 2631 484 2673 quaeri
510 2631 596 2664 nihil
627 2638 685 2665 att.
711 2638 752 2676 7,
779 2639 817 2674 2,
840 2635 897 2670 41.
931 2635 975 2677 cs.
1003 2639 1037 2675 7
1063 2639 1104 2678 1,
1134 2635 1196 2676 38;
1245 2645 1358 2678 quoru
1416 2633 1565 2667 induere
1586 2642 1672 2675 per·
1713 2668 1716 2670 Α

192 2685 298 2708 sonas
326 2675 408 2719 quid
434 2675 488 2717 (a.
514 2681 536 2708 l
564 2676 658 2720 non)
683 2685 742 2711 att.
757 2705 767 2721 ,
804 2681 870 2714 nisi
904 2682 1049 2715 affectus
1083 2679 1292 2715 assumimus
1327 2680 1373 2722 6,
1435 2678 1526 2721 ,.36
1575 2677 1671 2723 Quid

192 2720 316 2754 attinet
338 2721 383 2755 de
406 2721 462 2755 lus
489 2723 611 2765 plura?
638 2724 672 2766 5,
694 2723 729 2766 4,
755 2727 785 2758 1.
818 2726 903 2770 quid
927 2728 1021 2761 enim
1043 2732 1103 2762 att.
1128 2725 1324 2771 quaerere?
1359 2725 1395 2768 9,
1419 2722 1455 2766 4.
1477 2725 1533 2759 15.
1577 2723 1670 2770 Quid
