1728 3002
187 125 271 166 832
931 118 979 165 Si

195 241 198 245 ’
235 237 333 273 dices
360 237 528 274 dentur
552 254 600 264 -
622 235 714 272 nihil
737 234 875 273 invidia
900 236 1063 273 valeat
1086 243 1150 273 etc.
1176 236 1262 274 Sin
1279 243 1316 274 et
1339 239 1557 277 audientium
1578 242 1728 278 mobiles

232 285 340 320 animi
365 293 446 326 etc„
477 289 552 318 arte
574 285 875 330 pugnandum
899 289 971 318 est
993 286 1028 329 2,
1055 287 1111 328 17,
1136 286 1195 321 29.
1219 285 1291 320 Sed
1315 288 1541 332 quaestiones
1564 289 1600 324 si
1623 296 1728 337 negat

233 333 278 365 ad
310 330 516 365 rhetoricen
549 330 752 374 pertinere,
787 330 965 366 dissentit
983 341 1004 364 a
1035 330 1160 365 nobis:
1197 331 1234 366 si
1265 339 1416 368 autem
1445 335 1490 368 ad
1521 335 1728 370 rhetoricen

230 378 422 423 pertinent,
447 377 490 410 ab
518 377 588 410 hoc
614 388 757 422 quoque
780 377 991 420 adjuvamur
1013 379 1049 421 2,
1074 379 1131 420 21,
1156 380 1215 411 22.
1255 378 1303 413 Si
1329 380 1512 424 profectus
1530 382 1648 428 gratia
1673 382 1728 416 di·-

233 424 356 467 cimus,
381 422 471 456 nihil
493 422 675 468 (intererit)
704 441 759 457 -.
785 423 831 458 Si
855 433 971 458 vero
997 421 1036 457 in
1060 424 1334 459 ostentationem
1357 433 1584 470 comparetur
1606 429 1728 462 decla-

232 470 362 512 matio,
403 481 490 504 sane
517 471 661 514 pauliuu
693 469 826 514 aliquid
853 469 1026 504 inclinare
1060 471 1105 503 ad
1127 472 1347 515 voluptatem
1376 473 1601 508 audientium
1618 475 1728 508 debe-

230 526 310 550 mus
339 520 380 559 2,
406 518 471 557 10,
495 517 530 551 9.
560 515 606 558 cs.
636 517 681 558 5,
710 519 778 559 10,
806 516 864 552 98.
889 517 935 557 9,
960 517 998 557 3,
1023 517 1081 551 92.
1131 517 1183 550 Ita
1205 516 1244 551 si
1267 518 1448 553 rhetorice
1470 519 1597 555 vocari
1620 521 1728 555 debet

229 572 350 596 sermo
374 562 590 607 quicunque,
616 562 726 596 fuisse
751 574 842 606 eam,
869 568 1058 607 antequam
1081 568 1178 597 esset
1202 575 1273 607 ars,
1297 565 1516 609 confitebor;
1541 565 1581 600 si
1608 577 1728 601 vero

228 619 341 650 non,
371 609 529 653 quisquis
555 609 711 654 loquitur
735 615 858 643 orator
882 613 936 643 est
959 613 995 651 2,
1022 612 1078 650 17,
1106 612 1161 642 11.
1207 611 1290 656 Quo
1314 611 1352 645 si
1377 611 1537 646 contenti
1559 623 1728 657 sumus,

228 666 303 689 non
326 655 503 689 immerito
523 654 788 699 Apollodorus,
816 655 854 689 si
876 655 1030 689 tradenti
1050 654 1207 690 Caecilio
1230 657 1425 700 credimus,
1449 657 1728 705 incomprehen-

229 701 347 736 sibilia
379 701 486 745 partis
514 703 619 745 hujus
654 708 845 746 praecepta
877 701 1186 736 existimarit.
1232 703 1304 736 Sed
1337 703 1377 738 si
1409 705 1551 738 habitus
1574 705 1727 749 'quidam

228 756 291 782 etc.
317 747 369 781 sic
394 748 596 792 appellandi
623 754 754 790 sunt,
792 748 827 782 id
854 748 994 782 demum
1020 748 1092 782 hoc
1114 749 1196 782 loco
1220 749 1333 794 accipi
1358 749 1503 784 schema
1533 757 1728 795 oporte-

226 794 300 828 bit
326 802 390 829 etc.
414 796 449 836 9,
471 797 580 837 1,12.
605 797 658 829 13.
694 795 738 828 Et
766 794 804 828 si
828 794 1026 829 Praxiteles
1053 794 1194 840 signum
1218 795 1360 840 aliquod
1385 806 1433 830 ex
1458 797 1582 830 molari
1608 797 1728 841 lapide

226 845 376 875 conatus
400 846 494 875 esset
514 842 719 885 exculpere,
744 840 885 874 Parium
914 850 1071 874 marmor
1093 841 1235 875 mallem
1261 842 1371 875 rude:
1396 847 1439 875 at
1461 841 1499 876 si
1522 842 1612 876 illud
1630 843 1728 878 idem

226 886 359 921 artifex
388 886 603 931 expulisset,
628 888 706 932 plus
731 887 768 920 in
787 887 949 921 manibus
973 886 1122 931 fuisset,
1145 898 1252 933 quam
1273 888 1312 923 in
1334 898 1512 924 marmore
1534 891 1581 934 2,
1610 890 1667 934 19,
1689 891 1723 937 β.

230 933 279 975 Cs·
301 932 335 975 4,
359 932 393 978 5,
419 935 453 969 50
478 935 512 969 ὃ·
540 936 595 970 13·
622 933 680 969 14·
708 934 743 978 5,
771 935 826 977 10,
850 935 909 968 62·
1443 944 1445 946 ,

270 1025 336 1068 VI)
356 1027 390 1058 in
410 1025 576 1059 sentenffis
594 1025 807 1069 hypotheticis
824 1038 852 1060 s.
872 1025 1164 1060 condicionalibus.
1189 1022 1232 1069 a)
1247 1025 1281 1059 ίη
1297 1027 1503 1071 aequalibus-
1525 1022 1564 1070 a)
1584 1039 1614 1060 c.
1626 1027 1724 1060 Incli-

226 1080 291 1106 ται.
304 1086 315 1105 .-
339 1071 398 1105 Ad
414 1083 519 1116 quam
536 1081 600 1106 uos
618 1072 798 1107 revocatis
808 1073 1049 1108 vetustatem?
1077 1073 1168 1106 Nam
1186 1072 1222 1106 si
1241 1073 1286 1106 ad
1299 1072 1396 1106 illam
1409 1073 1726 1116 extremam,mul-

226 1123 263 1152 ta
281 1119 483 1160 Demosth„
509 1128 598 1162 quae
620 1125 702 1153 ante
724 1130 804 1153 eum
827 1129 947 1154 nemo.
975 1121 1010 1162 8,
1033 1121 1068 1163 5,
1085 1121 1144 1153 33.
1169 1118 1248 1163 quis
1275 1118 1343 1153 erit
1365 1119 1504 1162 modus,
1528 1117 1559 1153 si
1583 1124 1620 1153 et
1641 1118 1724 1154 illos

225 1170 262 1198 et
282 1164 341 1209 qui
357 1170 482 1209 postea
498 1165 644 1198 fuerunt
658 1168 713 1208 10,
736 1168 768 1207 1,
786 1166 850 1209 383
880 1166 1007 1210 Neque
1023 1165 1118 1200 enim
1135 1164 1174 1198 si
1189 1162 1353 1199 tenuiora
1371 1165 1461 1199 haec
1481 1176 1523 1200 ac
1541 1165 1724 1210 pressiora

225 1211 355 1244 Graeci
379 1211 526 1253 melius,
552 1211 589 1245 in
617 1222 733 1256 eoque
756 1209 937 1246 vincimur
960 1213 1060 1255 solo,
1085 1217 1121 1245 et
1145 1211 1228 1246 ideo
1251 1211 1291 1245 in
1315 1209 1512 1246 comoediis
1536 1221 1611 1245 non
1635 1221 1725 1246 con-

221 1256 413 1299 tendimus,
437 1267 584 1301 prorsus
608 1264 727 1292 tamen
753 1258 949 1292 omittenda
972 1269 1053 1302 pars
1077 1259 1168 1292 haec
1191 1257 1364 1292 orationis
1385 1260 1441 1300 12,
1466 1260 1523 1300 10,
1548 1258 1606 1292 38.
1632 1257 1724 1293 nihil

222 1303 398 1344 refert,
424 1304 604 1346 quomodo
632 1304 829 1348 appelletur
852 1305 1058 1337 utrumlibet
1084 1313 1229 1347 eorum,
1255 1303 1316 1346 si,
1350 1303 1436 1348 quid
1458 1302 1614 1337 orationi
1634 1315 1725 1356 pro-

223 1347 280 1391 sit,
306 1354 502 1392 apparet
527 1350 562 1391 9,
587 1352 618 1390 1,
644 1352 679 1383 7.
706 1348 749 1390 cs:
774 1351 808 1392 3,
832 1352 867 1392 3,
897 1352 941 1382 12
956 1354 1000 1383 Ζ.
1033 1348 1067 1391 4,
1093 1351 1127 1389 2,
1153 1351 1217 1382 101
1241 1353 1284 1386 Ζ,
1319 1349 1359 1382 si
1384 1351 1474 1383 haec
1499 1350 1576 1383 sola
1599 1349 1728 1384 didi-

223 1400 392 1428 cerunt
416 1393 503 1438 (Sp.
519 1410 563 1419 -
581 1393 670 1435 rint)
696 1394 779 1428 satis
807 1406 846 1428 se
870 1396 914 1428 ad
937 1394 1176 1439 eloquentiam
1200 1394 1394 1428 instructos
1417 1394 1724 1432 arbitrantur

223 1442 265 1483 8,
292 1441 350 1474 Pr.
372 1442 396 1474 2
417 1444 459 1474 Ζ.
500 1440 550 1475 Si
574 1440 691 1474 omnia
717 1440 855 1475 amoliri
882 1450 975 1474 non
999 1445 1240 1484 poteram,
1266 1445 1387 1474 tamen
1409 1441 1512 1485 plura
1535 1442 1724 1482 amolie-

220 1487 310 1521 bar
331 1486 374 1529 7,
405 1489 443 1527 1,
471 1488 529 1521 33.
566 1486 604 1520 si
639 1487 722 1531 quid
747 1487 785 1520 in
807 1498 910 1521 reum
937 1486 1221 1529 conveniet,
1257 1485 1475 1521 accusatoris
1498 1492 1571 1521 est
1597 1495 1660 1522 etc.
1684 1492 1726 1533 7,

220 1536 257 1577 2,
284 1532 342 1567 35.
373 1532 417 1574 cfi
442 1535 500 1573 11,
524 1535 555 1575 1,
585 1533 642 1567 65.
672 1536 727 1576 12,
753 1534 787 1576 3,
813 1534 849 1568 8.
891 1532 985 1578 Quid
1010 1530 1145 1577 alioqui
1167 1530 1288 1576 fiet,
1310 1541 1411 1566 cum
1433 1532 1472 1565 in
1497 1533 1616 1568 medio
1639 1535 1727 1569 foro

223 1587 285 1613 etc.
314 1578 407 1613 erit
431 1579 549 1612 subito
573 1578 743 1612 continua
767 1577 930 1613 oratione
954 1578 1226 1622 dicendum,
1253 1577 1294 1612 si
1318 1577 1522 1623 particulas,
1545 1589 1633 1624 quas
1658 1590 1724 1615 ce-

219 1625 271 1660 ris
298 1626 531 1667 mandamus,
558 1625 656 1659 nisi
679 1624 718 1658 in
742 1623 933 1659 solitudine
957 1624 1117 1669 reperire
1143 1635 1219 1658 non
1240 1633 1489 1669 possumus
1515 1627 1578 1669 10,
1602 1628 1648 1671 3,,
1661 1627 1725 1663 30.

222 1671 268 1714 cs.
297 1672 332 1714 6,
357 1674 392 1715 2,
421 1670 480 1706 35.
506 1674 563 1715 12,
593 1674 626 1715 1,
649 1670 709 1705 41.
734 1671 795 1715 qui
818 1682 893 1706 non
913 1681 1131 1718 magnopere
1161 1670 1554 1714 commovebitur,
1577 1672 1617 1715 si
1638 1672 1720 1718 quis

219 1737 267 1746 ·—
292 1717 546 1752 dissentiet
571 1720 626 1761 12,
652 1720 686 1760 3,
713 1718 747 1753 8.
774 1715 820 1759 cs.
848 1719 883 1761 9,
909 1721 943 1762 2,
972 1721 1030 1753 91.
1067 1718 1172 1763 Quod
1196 1716 1238 1751 si
1264 1722 1481 1764 negatum
1507 1722 1598 1762 est,
1630 1729 1718 1752 sen-

219 1765 350 1799 tentias
386 1764 647 1809 aptabimus
672 1763 715 1798 iis
742 1763 916 1807 vocibus,
948 1775 1034 1808 quas
1060 1764 1229 1797 habemus
1254 1766 1317 1807 12,
1345 1766 1412 1804 10,
1436 1762 1494 1798 35.
1528 1762 1578 1798 Si
1599 1769 1720 1800 tamen

218 1813 340 1856 plures
364 1809 402 1844 in
425 1819 578 1856 persona
608 1809 839 1854 probationes
870 1809 1113 1853 habuerit,
1153 1809 1404 1844 convene-'t
1432 1810 1529 1844 hunc
1556 1810 1719 1847 ordinem

219 1859 255 1900 7,
272 1861 306 1900 2,
326 1858 382 1892 15.
409 1857 453 1898 cs.
484 1858 540 1892 16.
568 1856 613 1898 cs.
639 1859 695 1899 10,
722 1860 758 1899 7,
782 1858 816 1892 8.
842 1859 898 1901 12,
925 1859 958 1898 1,
986 1856 1043 1891 37.
1068 1855 1099 1889 si
1125 1855 1168 1889 de
1193 1855 1360 1899 qualitate
1385 1854 1501 1902 agitur
1523 1854 1606 1901 (Sp.
1631 1866 1718 1905 age..

218 1903 302 1948 tur)
330 1922 376 1929 ——
401 1904 487 1937 alias
519 1914 641 1938 causas
666 1903 757 1937 dabo
782 1902 825 1946 4,
850 1905 894 1945 2,
917 1903 963 1938 76
983 1906 1029 1937 Ζ.
1058 1900 1230 1946 optimum
1261 1906 1346 1943 est,
1379 1902 1410 1935 si
1438 1900 1516 1935 fieri
1539 1903 1719 1946 poterit

216 1948 265 1993 (S
275 1963 309 1993 p.
338 1948 530 1993 potuerit),
566 1956 605 1983 ut
629 1949 768 1996 singula
794 1948 985 1984 vincantur
1007 1960 1028 1982 a
1052 1947 1219 1992 singulis:
1253 1947 1318 1980 sed
1341 1946 1379 1980 si
1404 1947 1547 1991 quando
1570 1947 1608 1982 i'n
1635 1960 1718 1993 par-

218 1996 312 2029 tibus
337 1995 694 2039 laborabimus,
719 1995 954 2030 universitate
980 1993 1282 2039 pugnandum
1306 1998 1374 2027 est
1395 1996 1436 2036 7,
1460 1996 1503 2036 2,
1526 1995 1572 2028 23
1594 1998 1637 2030 Ζ.
1667 1994 1718 2037 cs.

217 2045 254 2085 7,
279 2045 346 2086 10,
376 2044 429 2076 13.
463 2041 499 2075 si
524 2042 602 2086 quis
628 2042 762 2076 liberos
788 2052 980 2087 procreare
1007 2041 1157 2082 volet,
1193 2049 1342 2073 necesse
1376 2039 1513 2073 habet
1536 2041 1625 2084 (Sp.
1649 2041 1728 2076 tna-³

218 2088 329 2130 beat),
356 2089 487 2122 ducere
511 2098 668 2122 uxorem
691 2090 725 2127 3.
752 2089 788 2131 8,
816 2087 863 2122 24
881 2091 923 2122 Z.
949 2089 993 2121 si
1018 2085 1218 2120 crebriores
1241 2085 1440 2119 sententiae
1467 2086 1650 2120 fuerint
1667 2103 1717 2111 —-

219 2133 632 2168 dissimulandum
668 2140 744 2169 est
773 2135 816 2176 9,
840 2136 881 2177 2,
905 2132 963 2169 94.
1001 2132 1047 2174 cs.
1079 2133 1143 2174 10,
1172 2132 1213 2173 5,
1239 2132 1295 2166 16.
1327 2132 1542 2166 onerabo
1583 2131 1726 2170 librum,

219 2179 408 2224 exemplis,
434 2181 475 2214 si
494 2180 662 2225 persequi
685 2181 890 2215 voluero
913 2178 1052 2224 singula
1074 2184 1238 2213 veterum
1260 2178 1295 2219 6,
1319 2180 1355 2220 3,
1378 2177 1435 2211 65.
1460 2178 1561 2221 cujus
1577 2181 1717 2215 nullum

219 2226 327 2269 erit,
354 2227 392 2260 si
416 2232 488 2260 tam
513 2228 654 2260 tardum
674 2226 840 2268 fuerit,
865 2225 1036 2260 auxilium
1059 2225 1115 2267 10,
1138 2218 1174 2266 4,
1198 2222 1233 2257 4.
1258 2222 1302 2264 cf.
1326 2221 1362 2266 4,
1387 2225 1423 2265 2,
1449 2224 1504 2258 56.
1525 2227 1562 2267 7,
1580 2227 1637 2267 10,
1655 2228 1718 2261 17.

217 2275 253 2315 8,
281 2273 342 2308 Pr.
360 2275 418 2307 30.
450 2275 505 2314 10,
531 2275 567 2314 2.
595 2275 649 2307 10.
676 2276 732 2315 10,
757 2273 792 2316 3,
817 2272 874 2307 29.
901 2274 956 2314 11,
984 2274 1017 2314 1,
1042 2271 1100 2304 53.
1127 2272 1191 2312 11,
1219 2271 1266 2311 3,
1289 2271 1347 2304 27.
1372 2271 1439 2310 12,
1462 2271 1510 2311 2,
1534 2272 1592 2304 13.
1617 2270 1724 2309 circa,-

218 2330 310 2363 quae
337 2318 377 2352 si
404 2318 456 2362 is,
493 2318 554 2363 qui
585 2318 809 2361 instituetur,
842 2327 918 2351 non
938 2316 1314 2362 repugnaverit,
1345 2324 1501 2359 pronum
1523 2317 1568 2349 ad
1591 2323 1725 2358 celem:

215 2364 478 2399 habiturus
510 2370 564 2399 est
592 2375 734 2399 cursum
765 2365 808 2407 8,
841 2363 903 2398 Pr.
924 2363 958 2398 5.
1007 2361 1041 2404 b)
1069 2375 1096 2396 c.
1125 2361 1319 2406 Conjunct..·
1356 2360 1414 2394 Ac
1444 2361 1483 2394 si
1506 2373 1715 2406 percen⁴

215 2422 321 2444 seas
346 2410 490 2453 omnia,
525 2411 623 2444 nulla
647 2410 714 2445 sit
740 2421 810 2445 ars.
836 2411 902 2451 10,
928 2412 972 2451 2,
1001 2409 1036 2442 8.
1064 2406 1108 2449 cs.
1133 2410 1177 2451 3,
1200 2408 1374 2449 6,17Ζ.
1402 2408 1446 2449 5,
1472 2410 1538 2449 10,
1565 2410 1643 2442 123.
1673 2412 1728 2453 7,”·,

214 2457 272 2490 Pr.
293 2460 328 2490 2.
357 2460 393 2500 7,
417 2461 452 2500 7,
480 2459 535 2491 10.
560 2458 595 2500 8,
621 2458 654 2499 5,
680 2456 738 2491 34.
762 2458 798 2500 9,
821 2458 856 2497 2,
881 2456 939 2490 91.
965 2456 1022 2497 10,
1052 2457 1082 2497 1,
1107 2455 1163 2488 25.
1194 2456 1249 2496 11,
1274 2455 1309 2495 3,
1333 2455 1391 2488 67.
1425 2456 1482 2496 12,
1505 2456 1540 2497 2,
1567 2455 1624 2488 18.
1652 2457 1711 2498 12,

215 2504 273 2543 10,
297 2503 355 2537 76.
379 2503 419 2536 Id
444 2513 519 2536 non
546 2513 591 2537 eo
615 2508 772 2546 tantum,
799 2501 914 2545 quod,
946 2499 988 2534 si
1014 2499 1071 2534 vis
1094 2499 1157 2533 illa
1176 2499 1318 2533 dicendi
1341 2498 1510 2541 malitiam
1535 2498 1711 2534 instru-

215 2547 379 2590 xerit,
413 2549 503 2582 nihil
528 2550 592 2584 sit
617 2549 770 2594 publicis
796 2546 1018 2592 privatisque
1047 2546 1155 2580 rebus
1178 2544 1413 2590 perniciosius
1438 2547 1501 2587 12,
1527 2548 1568 2588 r,
1592 2547 1627 2579 1.
1661 2545 1709 2590 ej}

218 2594 274 2633 10,
300 2596 332 2634 1,
356 2597 390 2627 2.
417 2607 504 2638 quas
527 2595 565 2629 si
589 2596 633 2629 ad
656 2595 757 2629 illum
779 2595 924 2628 modum
948 2593 1116 2636 turbes,
1142 2593 1243 2626 velut
1267 2593 1382 2624 fracta
1399 2609 1445 2616 —
1461 2592 1531 2624 teta
1552 2592 1709 2635 proje-

217 2637 345 2672 ceris
368 2641 414 2681 9,
437 2640 480 2684 4,
515 2639 571 2675 14.
607 2640 653 2683 cs.
681 2641 740 2676 49.
776 2651 859 2674 nam
893 2644 929 2672 et
961 2639 1077 2672 luctus
1104 2645 1165 2671 cic.
1198 2637 1387 2682 aliquando
1418 2635 1523 2669 etiam
1557 2637 1728 2673 ridicula:

215 2683 361 2716 fuerit
385 2685 554 2729 imitatio,
577 2686 610 2720 si
632 2688 744 2722 verba
769 2694 831 2721 etc.
859 2683 1318 2719 accommodas-imus
1339 2682 1383 2723 6,
1410 2683 1455 2724 2,
1479 2682 1536 2716 26.
1567 2682 1606 2716 si
1636 2691 1718 2718 vosss

216 2727 257 2762 in
273 2737 318 2763 eo
342 2732 541 2776 essetis,
569 2732 655 2778 quid
682 2732 778 2769 aliud
802 2729 1086 2767 fecissetis?
1124 2732 1243 2765 Cato.
1265 2729 1300 2770 9,
1317 2730 1353 2772 2,
1367 2729 1426 2761 21·
1453 2726 1498 2769 cs.
1518 2731 1573 2771 11,
1599 2731 1632 2773 1,
1647 2730 1714 2777 60.Ι
