1728 3002
473 141 481 146 ·
551 120 798 171 Conventus
826 151 884 158 -—
912 123 1128 169 converto
1533 125 1610 165 181

79 220 227 289 'fionv-
249 225 364 280 linitio
387 245 424 288 2,
447 244 504 288 15,
526 240 585 279 34.
623 252 714 288 quae
737 241 834 277 bono
859 240 942 277 viro
966 250 1076 276 conv.
1101 238 1283 292 rhetorice
1305 240 1427 294 2,‚2o,
1452 237 1488 273 4.
1520 249 1607 273 con-

114 289 284 329 veniatne
310 301 371 326 res
393 289 472 325 talis
494 289 592 324 bono
616 288 698 324 viro
722 290 785 332 10,
809 289 851 331 5,
875 289 932 323 13.
975 286 1236 324 convenire
1259 284 1606 328 1ἀ(επίθετον)

62 365 70 373 ,.
86 373 95 378 ,
112 337 247 378 verbo,
272 336 333 372 cui
356 334 545 381 apponitur
567 336 613 378 8,
633 335 681 378 6,
703 333 751 368 40
773 337 815 368 Ζ.
883 332 923 378 y)
947 346 976 368 σ.
1001 334 1127 376 Infinit.
1144 346 1155 367 .·
1186 330 1330 366 interim
1353 329 1526 366 convenit
1551 330 1604 364 sic

244 393 284 417 re
306 385 342 425 7,
365 384 401 424 3,
423 382 460 417 9.
498 386 671 415 attentare
694 380 853 427 singulos
880 377 1011 424 (locos)
1037 378 1182 412 minime
1205 376 1378 413 convenit
1402 379 1460 420 12,
1482 377 1517 419 8,
1544 375 1600 410 14.

87 468 90 473 Δ
111 439 187 463 non
202 428 299 462 idem
314 427 353 462 in
375 429 472 472 foro,
498 427 597 462 curia
619 434 678 461 etc.
706 426 831 460 facere
849 425 1042 462 conveniat
1067 428 1122 468 11,
1147 427 1182 468 1,
1206 423 1265 458 47.
1290 422 1443 468 rejicere
1470 434 1491 456 a
1514 422 1602 456 sini-

90 505 93 511 .
112 481 187 514 stro
210 480 331 521 togam
353 473 547 509 conveniet
570 475 636 515 11,
663 471 815 515 3,,144.
856 471 975 506 animo
998 482 1140 515 semper
1167 470 1300 517 agitare
1325 467 1519 504 conveniet
1543 471 1599 511 12,

87 559 90 562 Δ
111 524 147 563 2,
171 523 229 556 29.
267 519 306 554 in
328 520 519 563 scribendo
541 518 824 571 praepositiones
847 528 992 560 sonum,
1027 529 1134 562 quem
1157 517 1301 560 junctae
1329 515 1512 558 efficiunt,
1541 525 1598 557 an,

51 572 57 575 ’
100 577 219 611 ,quem
240 571 443 610 separatae,
474 565 669 600 observare
691 564 886 599 conveniat
911 566 952 606 1,
981 567 1024 606 7,
1055 566 1077 599 7
1089 576 1098 606 3
1143 567 1187 596 an
1211 562 1296 597 huic
1319 563 1441 596 facere
1465 560 1599 604 aliquid

109 611 304 654 conveniat
325 613 370 654 3,
404 612 448 654 6,
479 611 537 646 52.
582 610 650 646 vix
677 609 773 645 enim
803 611 920 644 bonae
945 609 1030 644 fidei
1059 610 1141 644 viro
1165 607 1337 643 convenit
1361 606 1532 643 manilium
1561 606 1599 640 in

107 657 288 703 publicum
313 656 476 702 polliceri
501 659 565 700 10,
588 659 631 699 7,
659 659 694 690 1.
734 655 985 700 incipientibus
1008 656 1154 690 brevius
1177 654 1270 688 tradi
1294 653 1406 702 magis
1430 664 1536 688 conv.
1562 653 1597 694 8,

106 704 167 743 l'r.
193 707 226 738 1.
263 709 300 738 et
325 702 560 750 indignationi
587 713 693 738 conv.
719 701 888 747 (rogare)
915 703 961 744 9,
988 704 1033 744 2,
1061 704 1116 736 10.
1157 711 1232 735 non
1258 710 1369 736 conv.
1394 699 1452 742 ei,
1491 709 1597 744 quem

108 754 289 784 oratorem
317 760 397 784 esse
426 750 612 791 volumus,
653 747 785 791 injusta
810 747 1098 790 tuerivscientem
1124 750 1190 791 12,
1225 750 1269 790 7,
1300 749 1334 781 7.
1378 745 1487 780 rebus
1511 745 1598 788 ipsis

106 795 204 829 affici
227 805 334 830 conv.
359 796 395 838 6,
418 799 453 839 2,
477 796 533 829 36.
566 794 603 828 in
628 799 743 828 totum
765 795 883 837 iurare
906 793 1008 840 gravi
1030 793 1113 828 viro
1138 805 1262 837 parum
1285 803 1395 828 conv.
1417 793 1453 835 9,
1477 793 1511 834 2,
1537 792 1595 825 98.

93 841 302 880 defendere
323 841 457 875 amicos
482 852 587 885 quam
602 840 648 874 sit
670 840 792 874 utile
816 839 1146 883 conveniatque
1170 841 1265 874 bono
1289 839 1371 872 viro
1389 839 1428 880 2,
1455 838 1511 880 16,
1531 837 1595 883 19.

93 885 155 929 tcs.
179 887 223 930 6,
256 890 298 930 1,
329 890 365 922 7.
439 885 477 929 δ)
504 887 609 928 loco,
642 896 714 930 quo
738 885 929 929 convenit,
963 886 1130 930 quodque
1155 885 1361 929 ponendum
1385 885 1430 926 8,
1464 883 1507 926 6,
1537 883 1596 919 63.

106 933 278 977 pleraque
304 932 502 969 convenire
528 937 655 966 neutro
689 934 772 966 loco
798 935 863 974 11,
894 935 913 965 1
928 957 939 973 ,
969 933 1034 974 153
1072 931 1158 975 qnid
1185 931 1237 964 in
1270 940 1413 975 quoque
1450 927 1570 974 (sensu
1582 944 1593 970 ‚-

94 985 187 1021 opn.
217 980 320 1013 Codd.
346 991 411 1012 om.
434 978 490 1021 in,
520 979 587 1022 Sp.
615 977 731 1022 conjic.
757 977 816 1011 cui
838 977 1020 1022 quidque)
1045 976 1241 1012 conveniat
1260 980 1296 1020 7,
1321 978 1378 1018 10,
1403 978 1467 1017 17·,
1497 975 1596 1019 quod

106 1023 154 1058 in
178 1024 299 1067 plures
325 1034 432 1059 conv.
457 1025 499 1067 6,
531 1026 574 1067 3,
605 1022 664 1057 34.
712 1023 743 1058 si
770 1023 854 1068 quid
880 1024 928 1058 in
954 1034 1058 1058 reum
1084 1022 1279 1058 conveniet
1302 1025 1346 1065 7,
1373 1024 1415 1064 2,
1440 1022 1499 1055 35.
1540 1026 1592 1062 ut,

106 1069 204 1114 qued
229 1069 399 1114 dicimus,
435 1069 478 1103 in
502 1069 658 1114 judicem
681 1069 873 1104 conveniat
893 1069 940 1112 6,
959 1070 1012 1112 ²3,
1038 1070 1108 1111 323
1144 1069 1240 1113 quod
1266 1078 1374 1102 conv.
1405 1078 1502 1101 cum
1527 1065 1591 1099 illo

104 1115 303 1149 Horatiano
323 1116 362 1159 6,
386 1118 421 1158 3,
450 1117 507 1149 20.
544 1114 702 1150 solebam
729 1121 766 1149 et
789 1123 1010 1160 excerpere,
1037 1114 1123 1159 quid
1147 1114 1237 1148 mihi
1264 1125 1361 1148 cum
1387 1111 1593 1148 adversario

105 1161 316 1196 conveniret
339 1165 385 1204 7,
419 1163 464 1204 1,
492 1162 551 1197 29.
611 1159 647 1204 ε)
676 1163 821 1195 Ραι-ιίσ..·
856 1166 1010 1205 aptum
1035 1166 1106 1205 atq.
1136 1159 1434 1195 conveniens
1465 1161 1504 1201 5,
1534 1160 1591 1200 10,

103 1208 192 1247 1233
236 1217 355 1251 neque
376 1207 472 1240 aliud
494 1217 618 1241 eorum
640 1206 770 1240 rationi
795 1207 1016 1242 conveniens
1041 1207 1169 1241 fuisset
1192 1209 1232 1249 3,
1266 1209 1332 1247 11,
1360 1207 1419 1239 20.
1462 1205 1588 1249 quaed.

104 1252 249 1286 cuilibet
273 1253 520 1288 severissimae
544 1252 698 1286 orationi
722 1253 975 1287 convenientia
999 1254 1035 1296 6,
1061 1256 1097 1297 3,
1125 1255 1202 1287 102.
1235 1258 1273 1286 ut
1297 1252 1341 1286 sit
1366 1262 1494 1284 causae
1524 1261 1593 1283 no-

80 1304 199 1337 >strue
221 1299 442 1334 conveniens
465 1298 579 1333 finitio
600 1302 637 1339 7,
661 1301 696 1341 3,
720 1300 777 1333 28.
814 1305 869 1333 est
894 1299 1121 1334 admirationi
1147 1310 1302 1334 conven.
1323 1298 1386 1331 ille
1399 1303 1518 1344 gestus
1536 1300 1591 1338 11,

31 1345 34 1348 ”
83 1346 140 1386 3,
163 1346 243 1378 100.
274 1355 399 1388 partun
421 1345 700 1381 convenientem
722 1345 790 1378 sibi
814 1344 1030 1389 (orationem)
1056 1348 1119 1388 11,
1145 1348 1181 1388 1,
1205 1348 1261 1380 11.
1294 1353 1472 1388 personae
1501 1353 1592 1376 con-

101 1388 290 1425 venientes
315 1390 380 1433 iis,
414 1402 507 1435 quae
529 1392 626 1424 facta
649 1391 749 1425 credi
770 1392 934 1427 volemus
960 1391 1004 1435 4,
1033 1395 1082 1436 2,
1114 1391 1172 1426 52.
1216 1402 1343 1436 pamm
1367 1389 1590 1424 conveniens

88 1445 276 1480 *personae
302 1436 395 1471 risus
422 1439 478 1480 11,
505 1438 540 1481 3,
566 1438 644 1471 180.
1250 1447 1255 1451 ⁴

87 1514 90 1515 γ
137 1506 142 1510 .
169 1481 236 1524 111)
269 1483 312 1515 de
336 1495 503 1517 consensu.
552 1483 596 1525 α)
618 1483 716 1516 nulla
746 1482 903 1517 narratio
929 1489 1004 1525 est3
1037 1482 1229 1519 convenit:
1262 1481 1307 1525 4,
1330 1485 1367 1525 2,
1395 1484 1450 1516 12.
1493 1482 1592 1525 quod

77 1526 274 1580 ·⁶⁰¹.⁸V⁶¹!it
299 1530 342 1570 1,
366 1530 418 1571 3‚¹
438 1527 483 1562 14
506 1529 554 1562 Ν.
589 1526 701 1571 4,·5,
726 1530 785 1564 28.
848 1530 949 1582 Quae
974 1526 1221 1571 conveniunt?
1249 1531 1294 1571 7,
1320 1531 1364 1570 1,
1391 1530 1439 1562 30
1465 1529 1512 1561 N.
1540 1541 1586 1560 cr.

77 1574 341 1626 -.ubkprimum
363 1579 535 1619 coeperat
557 1584 634 1608 non
664 1585 966 1618 convenire,
1019 1575 1236 1620 quaestio
1268 1574 1450 1608 oriebatur
1484 1575 1526 1606 ib.
1553 1575 1588 1608 6.

78 1617 152 1664 β)
173 1624 344 1663 optimum
366 1621 438 1654 hoc
459 1630 539 1654 esse
563 1621 757 1655 conveniet
780 1625 814 1664 1,
838 1623 894 1664 10,
917 1623 952 1656 8.
979 1620 1023 1663 ej:
1048 1623 1084 1664 3,
1108 1622 1144 1666 6,
1164 1622 1222 1657 99.
1249 1623 1285 1663 3,
1310 1623 1370 1663 11,
1392 1622 1426 1654 3.
1455 1619 1589 1652 iccirco

86 1669 136 1715 Kte
159 1665 331 1705 convenit
351 1676 468 1710 poena
488 1666 633 1700 liberari
658 1667 692 1709 5,
719 1665 775 1708 14,
798 1666 832 1700 4.
863 1667 987 1712 urique
1012 1668 1147 1701 factum
1171 1678 1253 1701 esse
1279 1677 1386 1701 conv.
1413 1669 1449 1707 7,
1471 1668 1507 1707 2,
1532 1667 1588 1699 18.

98 1715 185 1762 item
208 1721 337 1753 conv.,
367 1712 594 1756 quaestiones
617 1723 697 1746 esse
718 1713 835 1746 finitas
860 1719 923 1746 aut
943 1709 1097 1747 infinitas
1120 1715 1162 1756 3,
1187 1713 1231 1756 5,
1255 1714 1299 1755 53
1329 1723 1396 1756 per
1418 1717 1505 1755 quot
1530 1722 1591 1744 ac-

101 1756 195 1790 cidat
204 1756 354 1801 ..species
378 1768 452 1791 non
476 1757 560 1792 satis
584 1768 691 1793 conv.
718 1763 733 1792 1
747 1784 757 1802 ,
782 1761 823 1802 5,
849 1760 906 1794 38.
942 1761 1033 1804 adeo
1056 1770 1125 1794 nec
1145 1769 1276 1801 conv.,
1310 1758 1372 1802 qui
1395 1757 1441 1791 sit
1462 1768 1589 1790 mune-

101 1811 163 1851 rus
186 1808 246 1835 etc.
274 1804 315 1844 3,
338 1803 380 1845 6,
402 1806 462 1837 22.
523 1803 563 1849 γ)
589 1809 630 1837 ut
655 1804 780 1838 inter
803 1815 928 1839 omnes
951 1811 1113 1839 oratores
1137 1815 1245 1840 conv.
1267 1805 1310 1847 8,
1336 1805 1392 1838 Pr.
1419 1804 1474 1837 13.
1518 1803 1590 1837 hoc

88 1850 238 1880 'inter
268 1857 393 1882 omnes
418 1859 525 1884 conv.
540 1874 553 1892 ,
584 1849 623 1883 in
645 1849 761 1884 causis
790 1850 1008 1895 simplicibus
1037 1862 1117 1884 esse
1139 1850 1300 1898 singulos
1328 1855 1438 1883 status
1465 1860 1592 1883 causa-

101 1901 181 1924 nun
197 1893 234 1934 3,
255 1892 374 1944 6,.91.
410 1895 462 1928 de
483 1901 718 1939 praeceptore
740 1896 817 1939 ejus
841 1896 971 1931 inter
994 1903 1158 1931 auctores
1182 1908 1256 1931 non
1279 1906 1388 1931 conv.
1413 1897 1448 1938 3,
1474 1898 1508 1937 1,
1532 1896 1588 1928 13.

101 1941 198 1970 certa
219 1937 352 1980 fimuo,
378 1939 431 1973 de
458 1951 528 1983 qua
551 1940 684 1975 inter
709 1947 896 1986 utramque
917 1948 1056 1986 partem
1080 1942 1284 1978 conveniat.
1309 1963 1357 1968 —
1390 1939 1586 1986 Quaeri-

101 1987 176 2015 tur
199 1988 340 2025 men,
374 1983 436 2017 An
459 1992 519 2018 etc.
544 1989 580 2036 7,
604 1988 638 2028 3,
662 1987 726 2029 353
760 1989 814 2021 de
837 1988 952 2031 pretio
977 1999 1084 2023 conv.
1110 1988 1146 2031 4,
1170 1991 1213 2031 2,
1236 1987 1296 2022 41.
1327 1987 1412 2032 quid
1435 1986 1500 2027 sit,
1530 1987 1585 2019 de

87 2038 174 2072 ·quo
197 2034 483 2072 conveniet,
520 2031 604 2073 quud
632 2032 686 2065 de
713 2043 786 2075 quo
817 2034 1072 2080 ambigatur
1098 2033 1142 2077 4,
1173 2034 1216 2077 5,
1249 2035 1307 2068 28.
1350 2034 1406 2066 de
1432 2042 1583 2065 numero

78 2076 224 2118 *parum
251 2084 358 2108 conv.
385 2077 418 2117 1,
440 2073 476 2118 4,
501 2077 557 2109 17.
589 2075 635 2116 ch
661 2078 695 2118 5,
720 2080 778 2121 10,
801 2081 836 2112 2.

56 2115 317 2160 Conventus·
355 2131 476 2164 lumen
497 2130 586 2164 illud
609 2139 866 2167 conventus
888 2133 1132 2171 honestissimi
1154 2133 1195 2178 (ι’.
1217 2147 1247 2168 e.
1272 2132 1463 2177 scholae)
1485 2139 1587 2168 tene-

100 2174 173 2209 bris
201 2187 242 2210 ac
267 2175 526 2210 solitudini
549 2178 794 2220 praetulissem
819 2181 852 2220 1,
876 2176 911 2221 2,
934 2180 968 2214 9.
1006 2179 1044 2212 in
1067 2179 1226 2222 porticus
1250 2185 1286 2213 et
1308 2179 1491 2226 gymnasia
1515 2180 1589 2224 pri-

50 2260 55 2261 ,
99 2232 220 2266 mum,
251 2233 339 2256 mox
362 2222 400 2255 in
423 2228 622 2256 conventus
645 2224 848 2257 scholanm
869 2230 1094 2258 recesserunt
1118 2228 1160 2259 12
1175 2251 1187 2268 ,
1210 2228 1253 2268 2,
1282 2226 1328 2268 8,
1374 2225 1525 2273 Gorgias
1548 2226 1587 2260 in

102 2266 293 2310 Olympico
319 2269 467 2302 laudans
494 2278 576 2311 eos,
605 2268 667 2313 qui
689 2268 794 2313 primi
817 2270 907 2304 tales
929 2269 1147 2304 instituerint
1170 2277 1370 2306 conventus
1395 2273 1431 2314 3,
1454 2273 1491 2314 8,
1515 2273 1550 2308 9.

56 2305 350 2375 couvefffafio·
394 2341 440 2349 —
462 2325 649 2359 doctorum
670 2326 715 2368 6,
740 2327 784 2368 3,
814 2329 858 2360 17
882 2327 931 2360 Ν.
964 2337 1037 2361 nec
1059 2327 1169 2362 tutior
1189 2327 1284 2363 inter
1306 2339 1436 2364 servos
1458 2330 1586 2372 malos,

101 2378 208 2412 quam
231 2379 408 2423 ingenuos
426 2382 552 2415 pamm
577 2371 760 2405 modestos
783 2382 891 2407 conv.
919 2375 952 2415 1,
975 2376 1012 2416 2,
1037 2371 1073 2407 4.
1148 2396 1155 2414 x

56 2408 305 2456 CORVOI'SIO·
343 2428 411 2468 fig.
435 2440 492 2470 ap.
520 2430 601 2462 Cic.
623 2428 661 2461 in
688 2434 889 2462 extremum
912 2439 1021 2465 conv.
1045 2430 1093 2473 9,
1115 2432 1160 2474 1,
1185 2432 1242 2465 33.
1275 2447 1321 2456 —
1344 2432 1471 2475 quaed.
1499 2442 1584 2466 ver-

101 2469 227 2504 borum
252 2470 403 2514 ib..34;r
433 2472 495 2507 illa
523 2483 572 2508 ex
595 2474 730 2508 Latinis
764 2485 871 2509 conv.
908 2475 1009 2519 (iste.
1037 2478 1071 2516 ἰιι
1095 2478 1190 2511 aliud
1212 2477 1320 2522 ejusd.
1345 2480 1502 2511 sermonis
1530 2480 1587 2511 ‹Ii-

102 2517 197 2548 cendi
217 2515 333 2559 genus)
359 2518 507 2553 multum
531 2525 567 2554 et
589 2519 666 2563 ipsa
688 2520 878 2554 contulerit
901 2523 959 2564 10,
981 2521 1020 2564 5,
1041 2519 1078 2560 4,

57 2557 286 2602 converto·
328 2572 362 2617 1)
385 2576 540 2618 proprie:
569 2574 608 2619 α)
627 2577 800 2611 redeunte
817 2578 916 2611 flexu
932 2577 1036 2612 simul
1053 2578 1252 2623 explicatur
1274 2585 1346 2624 atq.
1362 2578 1586 2613 convertitur

99 2615 367 2671 (manno-11,
401 2622 445 2662 3,
477 2622 565 2672 100,
611 2624 783 2657 eumad
819 2623 975 2666 jndicem
1004 2634 1074 2658 nos
1107 2625 1390 2660 converterimus
1426 2627 1470 2658 ib.
1505 2627 1582 2659 157.

86 2663 150 2695 ⁷ad
171 2662 377 2716 Aeschinen
399 2670 599 2702 oranonem
621 2669 802 2703 convertit
824 2668 861 2713 4,
885 2672 918 2711 1,
941 2670 1001 2703 66.
1058 2670 1108 2713 11)
1131 2675 1247 2704 transl.
1285 2670 1328 2714 ο)
1352 2673 1376 2703 ι’.
1394 2683 1425 2714 q.
1452 2678 1561 2705 muto
1575 2685 1584 2703 .-

104 2714 283 2746 oonverttt
305 2710 402 2746 hunc
432 2711 594 2748 ordinem
623 2715 666 2758 7,
699 2716 741 2759 2,
771 2715 827 2751 15.
871 2715 996 2761 quaed.
1024 2716 1131 2752 etiam
1158 2716 1308 2762 turpiter
1332 2720 1590 2752 convertuntur
