1728 3002
723 177 941 218 Sententia
1514 179 1595 218 819

110 291 243 335 tentiae
266 294 310 335 9,
337 295 379 335 1,
407 294 464 331 10.
491 303 588 328 rem
612 291 744 336 alioqui
769 293 884 326 levem
919 290 1257 325 sententiarum
1286 291 1444 334 pondere
1470 290 1595 336 imple-

109 339 164 375 vit
186 341 223 382 9,
248 340 282 381 3,
311 337 368 374 74.
394 340 559 386 neglecto
582 350 693 374 reru
706 351 740 372 m
765 339 925 382 pondere
951 343 986 371 et
1010 337 1146 371 viribus
1172 337 1521 385 sententiarum
1549 341 1593 372 ib.

97 386 347 428 -1oo;2-Dat..·
377 386 711 421 accommodandam
735 389 859 419 sent.
880 382 966 428 ipsis
991 382 1440 427 pronuntiationem
1467 388 1529 425 11,
1561 386 1595 427 3,

111 428 192 469 174.
218 430 277 464 cui
298 441 328 465 s.
350 441 538 475 personam
566 432 606 465 L.
633 430 752 465 Crassi
777 430 991 476 assignando
1017 432 1081 471 10,
1107 432 1147 471 3,
1176 433 1216 471 13
1245 433 1392 463 Accua:
1420 440 1595 474 compo-

109 475 290 511 sitione
311 477 412 512 velut
432 477 581 512 amentis
601 478 765 522 quibusd.
792 476 959 511 nervisve
985 475 1120 509 intendi
1144 481 1178 509 et
1203 475 1375 509 concitari
1399 475 1595 510 sententiae

109 522 278 558 videntur
298 523 344 564 9,
372 522 416 567 4,
438 526 473 559 9.
509 523 667 568 protinus
692 535 711 556 a
736 522 888 568 petitore
911 521 1028 567 primo
1063 523 1166 563 loco,
1200 523 1383 566 quomodo
1415 533 1462 555 ex
1485 533 1596 566 quae-

106 567 283 603 stionibus
308 569 477 604 ducemus
500 570 719 604 sententias?
755 569 919 602 nimirum
943 574 1046 602 erunt
1070 567 1279 601 indicandae
1302 568 1410 611 prius.
1461 569 1596 603 Demus

72 628 73 631 ¹
107 614 268 660 aliquas?
291 614 446 650 etiamne
468 616 740 661 potentissimas,
766 615 803 648 id
828 621 893 658 est,
918 620 1027 647 totam
1054 614 1225 648 causam?
1249 613 1284 656 4,
1315 617 1346 655 1,
1371 613 1427 647 24.
1453 613 1490 647 id
1513 625 1595 661 cum

108 666 216 708 auget
241 661 467 696 manifestam
498 674 529 698 s.
559 664 604 705 9,
627 663 672 705 3,
699 661 757 696 46.
793 662 1019 705 enthymema
1042 661 1190 694 alterum
1216 659 1436 702 (intellectum
1460 661 1594 704 hahet),

101 717 183 752 qno
198 707 410 742 sententiam
429 719 510 743 cum
530 708 669 743 ratione
689 707 887 752 (significat)
907 707 941 749 5,
967 709 1023 748 10,
1049 709 1065 740 1
1085 706 1131 739 N.
1157 717 1207 740 ex
1227 705 1398 740 industria
1414 718 1596 741 sumamus

87 790 90 794 ,
107 757 199 789 seat
207 754 350 798 quand„
371 764 502 799 easque
515 765 700 789 versemus
717 765 822 799 quam
838 752 1126 787 numerosissime
1144 754 1200 795 10,
1222 754 1255 793 5,
1275 755 1319 794 9;
1346 752 1447 786 tertia
1471 753 1595 787 obser-

104 798 209 835 vatio·
237 805 292 834 est
317 799 356 834 in
381 800 589 843 sententiis,
622 800 660 834 in
690 801 818 846 quibus
847 800 1042 834 secundum
1075 810 1133 832 res
1166 803 1202 832 et
1233 798 1383 832 affectus
1413 798 1597 833 variantur

105 844 225 879 omnia
250 848 316 889 11,
339 848 383 890 3,
405 847 484 882 152.
530 849 571 891 β)
593 850 770 892 opponitur
794 849 953 880 orationi.-
982 851 1018 879 et
1042 844 1393 878 sententiarum
1417 851 1453 879 et
1476 856 1595 879 com-

105 890 373 936 positionis
398 893 572 927 modestia
594 891 631 936 4,
658 896 690 935 1,
720 893 776 928 55.
803 891 847 933 cs.
872 893 907 934 8,
930 894 965 934 3,
990 894 1046 926 52.
1073 891 1247 934 quaedam
1274 897 1310 926 et
1333 891 1595 925 sententiis

106 947 219 981 parva
241 943 278 971 et
300 937 583 972 elocutione
606 938 748 972 modica
776 939 818 980 9,
844 937 891 980 4,
920 939 976 971 13.
1007 949 1040 970 υ.
1059 936 1364 980 Eloquentia.
1399 937 1522 970 nescio
1550 949 1594 971 an

107 981 358 1019 orationis
380 984 499 1027 potius
524 995 629 1028 quam
655 983 924 1018 sententiae
948 982 996 1018 sit
1017 983 1163 1025 (figura)
1187 983 1231 1024 9,
1259 985 1300 1026 2,
1326 985 1403 1016 101.
1435 995 1468 1016 v.
1488 984 1597 1018 Sen-

106 1027 283 1062 tentia.
315 1034 356 1062 ut
379 1030 424 1064 de
445 1030 700 1064 sententia
723 1035 759 1064 et
783 1030 828 1063 de
852 1028 1033 1072 scripto
1057 1034 1247 1073 quaeratur
1267 1031 1303 1070 3,
1329 1029 1364 1071 6,
1391 1031 1447 1063 72.
1471 1035 1595 1063 aucto-

107 1074 249 1109 ritatem
272 1073 312 1109 in
333 1075 520 1119 verbis,
553 1076 747 1110 sententias
774 1075 835 1111 vel
864 1085 993 1122 graves
1015 1077 1077 1110 vel
1101 1080 1200 1118 aptas
1226 1074 1453 1118 opinionibus
1476 1075 1595 1110 homi-

106 1131 193 1154 num
217 1131 260 1154 ac
285 1120 446 1156 moribus
463 1123 499 1165 8,
517 1123 552 1164 3,
568 1120 626 1156 43.
652 1120 955 1156 conformationes
978 1122 1239 1155 verborum
1267 1132 1310 1155 ac
1333 1121 1594 1156 sententia-

106 1177 205 1200 rum
227 1167 270 1210 9,
290 1169 335 1207 2.
363 1169 393 1203 1.
428 1168 506 1202 sola
536 1173 592 1213 ,est
620 1168 659 1202 in
694 1178 739 1202 eo
771 1167 865 1201 libro
898 1166 1015 1211 posita
1047 1166 1143 1201 inter
1171 1167 1299 1212 figmas
1329 1167 1595 1202 verborum

107 1212 344 1256 exclamatio,
374 1223 483 1258 quam
515 1213 791 1248 sententiae
814 1212 933 1257 potius
957 1219 1043 1257 puto
1068 1214 1111 1256 9,
1135 1215 1179 1256 3,
1206 1214 1263 1248 97.
1299 1213 1344 1254 cf.
1370 1215 1425 1248 90.
1464 1225 1498 1247 v.
1525 1214 1595 1248 Fi-

106 1267 231 1306 gura.
254 1258 394 1294 Mens.
423 1260 747 1295 controversiarum
771 1270 863 1304 quae
886 1259 975 1301 sint,
999 1269 1160 1303 quaeque
1180 1259 1320 1293 futurae
1346 1259 1437 1302 sint,
1466 1271 1595 1303 quae—

107 1303 312 1348 stiones,
338 1311 634 1352 argumenta,
662 1305 924 1340 sententias
946 1306 1087 1339 tradere
1110 1305 1142 1346 5,
1167 1307 1223 1348 12,
1253 1306 1308 1339 16.
1334 1307 1515 1350 quomodo
1539 1306 1595 1340 in-

103 1349 292 1386 veniemus
312 1349 391 1385 illas
416 1351 630 1386 occultiores
654 1351 906 1396 quaestiones?
930 1351 1068 1385 scilicet
1093 1352 1273 1395 quomodo
1297 1352 1595 1396 sententias,

106 1397 268 1439 verba,
293 1396 508 1444 figuras,
539 1399 741 1432 colores
765 1401 808 1440 7,
833 1402 876 1440 1,
903 1397 952 1432 40
975 1410 1006 1431 v.
1026 1397 1174 1431 Color.
1204 1403 1309 1442 prout
1342 1403 1401 1431 aut
1433 1399 1594 1433 verbo-

103 1447 202 1477 rum
224 1442 376 1486 dignitas
399 1449 459 1477 aut
485 1444 820 1478 sententiarum
841 1450 967 1478 natura
993 1443 1186 1488 postulabit
1211 1448 1267 1486 11,
1292 1446 1326 1487 3,
1350 1444 1406 1479 46.
1431 1445 1592 1479 verbo-

105 1497 203 1522 rum
232 1489 412 1532 delectus,
449 1489 606 1536 gravitas
635 1489 988 1532 sententiarum,
1022 1490 1301 1536 figurarum
1334 1490 1510 1536 elegantia
1535 1493 1592 1534 12,

105 1535 147 1576 9,
170 1533 205 1568 6.
238 1534 278 1568 in
307 1545 378 1579 qua
401 1535 508 1579 (fig.)
530 1547 641 1569 unum
668 1537 713 1570 ad
742 1536 943 1571 verbum
967 1537 1088 1579 plures
1120 1536 1469 1569 senu'referuntur
1491 1537 1533 1578 9,
1557 1538 1592 1579 3,

40 1590 43 1593 ·
103 1579 163 1614 62.
187 1579 234 1612 de
255 1581 412 1622 partibus
435 1591 563 1614 causae
594 1586 631 1615 et
663 1592 680 1614 s
689 1593 710 1615 e
720 1592 744 1614 n
754 1587 771 1614 t
781 1584 801 1615 e
810 1580 895 1614 ntii
905 1593 922 1614 s
949 1592 975 1615 v
984 1591 1004 1613 e
1012 1592 1031 1612 r
1039 1581 1060 1613 b
1070 1580 1081 1613 i
1093 1592 1110 1613 s
1120 1592 1189 1624 que
1222 1580 1382 1624 pluribus
1406 1581 1595 1616 dicendum

108 1626 166 1667 11,
194 1625 228 1666 3,
253 1626 334 1658 153.
362 1626 523 1660 verbis
550 1631 619 1670 atq.
641 1631 754 1660 sent.
776 1626 973 1671 magnificis
998 1626 1050 1659 uti
1071 1631 1141 1670 atq.
1167 1626 1300 1660 ornatis
1322 1628 1357 1670 6,
1384 1630 1418 1670 1,
1443 1628 1499 1661 52.
1525 1628 1593 1662 nisi

108 1679 159 1704 ex
186 1669 351 1705 verbis
385 1676 455 1715 atq.
483 1676 601 1705 sent.
636 1682 703 1715 per
724 1683 805 1705 sese
828 1672 865 1705 id
889 1671 1070 1716 quaeritur
1093 1672 1138 1714 9,
1165 1671 1210 1714 4,
1234 1675 1312 1706 137.
1349 1672 1395 1714 cs.
1420 1674 1467 1714 6,
1492 1675 1533 1717 5,
1560 1677 1591 1707 1.

107 1715 378 1750 sententias
403 1717 598 1760 aptabimus
620 1717 665 1751 iis
690 1717 912 1760 vocibus,
941 1728 1028 1762 quas
1050 1717 1221 1751 habemus
1248 1721 1309 1760 12,
1334 1721 1396 1762 10,
1422 1720 1479 1753 35.

157 1761 414 1805 1V)rhe10n·ce
437 1765 655 1796 verborum
688 1771 812 1796 ceria
846 1765 1180 1807 comprehensio
1206 1763 1370 1807 (Satz):
1405 1770 1595 1799 senten-

110 1806 237 1850 tiam,
259 1808 530 1851 membrum,
556 1810 830 1843 articulum
853 1808 939 1852 (fig.
966 1822 1023 1852 αρ.
1056 1808 1232 1850 Carnis.)
1257 1811 1291 1852 9,
1315 1812 1350 1852 3,
1375 1811 1432 1845 98.
1454 1810 1486 1844 si
1511 1821 1595 1845 sen-

110 1852 243 1890 tentiae
274 1853 460 1887 sententiis
493 1854 742 1897 (opponuntur)
777 1857 821 1888 ib.
845 1856 903 1890 81.
935 1855 1022 1889 facit
1054 1866 1114 1889 res
1145 1856 1223 1889 ead.
1250 1855 1428 1889 concisam
1451 1857 1596 1901 ‹juoque

112 1898 334 1942 orationem,
357 1899 515 1932 subsistit
540 1900 635 1939 enim
659 1900 774 1935 omnis
797 1912 826 1934 s.
850 1902 895 1943 8,
920 1903 964 1944 5,
987 1903 1045 1935 27.
1069 1900 1170 1935 initia
1194 1907 1229 1935 et
1253 1903 1432 1936 clausulae
1453 1908 1596 1937 senten-

112 1945 239 1978 tiarum
265 1945 306 1985 9,
330 1946 371 1986 3,
393 1945 452 1979 45.
478 1944 522 1986 ff.
548 1948 591 1980 ib.
617 1947 674 1981 36.
700 1950 755 1989 11,
778 1949 813 1990 3,
839 1948 917 1982 135.
941 1947 1127 1993 congeries
1155 1953 1246 1981 sent.
1273 1948 1367 1981 idem
1393 1947 1596 1992 significan-

111 1990 199 2024 tium
222 1991 268 2034 8,
291 1989 339 2033 4,
363 1990 420 2025 26.
459 1991 610 2025 similem
636 1993 783 2026 duarum
815 2004 846 2026 s.
880 1994 940 2027 vel
971 1993 1126 2038 plurium
1147 1993 1255 2027 finem
1283 1995 1326 2035 9,
1351 1996 1396 2036 3,
1421 1994 1536 2028 77.ἐἰ
1557 1994 1594 2029 in

110 2035 227 2077 media
247 2041 347 2080 parte
371 2036 566 2071 sententiae
586 2039 672 2072 latet
698 2037 861 2082 (verbum)
884 2040 928 2082 9,
951 2038 986 2080 4,
1007 2040 1062 2074 29.
1093 2039 1222 2083 prioris
1250 2045 1341 2074 sent.
1364 2040 1514 2074 verbum
1538 2041 1595 2074 ul-

110 2082 234 2115 timum
263 2092 305 2114 ac
329 2082 510 2125 sequentis
534 2083 685 2126 primum
706 2085 918 2128 frequenter
937 2090 991 2118 est
1012 2084 1107 2118 idem
1130 2086 1165 2127 9,
1190 2086 1223 2128 3,
1247 2083 1316 2127 443
1353 2085 1518 2119 cludendi
1540 2082 1595 2120 in-

113 2125 337 2170 choandique
361 2128 553 2162 sententias
576 2129 619 2172 9,
643 2129 686 2172 4,
710 2131 766 2165 18.
797 2129 940 2174 spiritus
970 2141 1038 2164 nec
1074 2131 1201 2165 crebro
1233 2136 1398 2174 receptus
1430 2131 1594 2167 concidat

112 2171 344 2216 sententiam,
368 2184 438 2207 nec
460 2181 520 2209 etc.
548 2177 613 2217 11,
638 2176 681 2218 3,
705 2177 761 2210 53.
787 2186 860 2210 non
883 2176 937 2210 bis
962 2187 1004 2210 ac
1027 2176 1169 2220 saepius
1194 2177 1239 2210 de
1262 2178 1340 2210 ead.
1366 2188 1407 2210 re
1434 2177 1595 2221 dicimus,

111 2225 147 2253 et
175 2217 316 2263 quidem
343 2218 528 2253 continuas
550 2229 804 2265 nonnunquam
827 2233 856 2255 s.
883 2224 939 2263 10,
965 2223 998 2264 5,
1022 2225 1057 2256 7.
1083 2222 1181 2256 coire
1205 2223 1414 2267 frequenter
1439 2222 1476 2257 in
1500 2225 1595 2257 easd.

111 2269 203 2300 sent.
230 2269 266 2297 et
290 2260 426 2307 τρόπον
451 2270 487 2299 et
508 2264 636 2312 figuras
663 2267 707 2308 9,
735 2270 777 2310 1,
800 2268 835 2302 9.
861 2267 899 2300 in
923 2273 1110 2312 quaternas
1132 2279 1275 2313 quoque
1298 2279 1339 2302 ac
1364 2269 1485 2313 plures
1506 2269 1598 2304 haec

109 2310 201 2344 ratio
226 2309 280 2343 ire
304 2315 396 2343 sent.
420 2316 537 2354 potest
562 2314 597 2355 9,
621 2314 655 2354 3,
678 2312 806 2354 773⁷in
828 2312 907 2347 iisd.
932 2319 1023 2347 sent.
1053 2316 1088 2357 9,
1114 2315 1146 2356 3,
1165 2313 1230 2348 42.
1261 2313 1306 2355 cs.
1323 2315 1359 2356 9,
1382 2317 1417 2357 2,
1439 2316 1496 2350 29.
1522 2325 1594 2349 non

113 2354 150 2388 in
174 2355 321 2402 singulis
343 2357 453 2389 modo
479 2356 638 2391 verbis
667 2359 732 2391 sed
759 2364 884 2392 sent.
907 2359 1013 2392 etiam
1036 2360 1071 2402 9,
1096 2361 1130 2402 3,
1158 2361 1214 2395 50.
1238 2359 1270 2393 si
1294 2371 1415 2395 rerum
1438 2362 1595 2404 pondera

110 2399 350 2434 minutissimis
373 2407 464 2435 sent.
491 2412 565 2436 non
586 2403 751 2449 fregisset
773 2407 836 2446 10,
861 2407 896 2447 1,
921 2407 999 2439 130.

159 2445 207 2488 V)
232 2450 339 2479 lumen
363 2450 542 2482 orationis.-
574 2454 665 2491 sent.
687 2449 900 2484 universalis
925 2457 978 2484 est
999 2461 1076 2485 vox
1102 2454 1142 2493 1,
1162 2451 1206 2489 9.
1231 2452 1252 2485 3
1279 2463 1312 2484 v.
1332 2451 1595 2498 Ethologia.

115 2493 334 2529 consuetudo
355 2493 424 2535 jam
442 2493 566 2536 tenuit,
589 2499 628 2527 ut
650 2500 770 2530 mente
789 2501 961 2540 concepta
985 2507 1146 2530 sensus
1171 2507 1399 2540 vocaremus3
1425 2499 1595 2533 lumina

114 2543 232 2572 autem
253 2538 515 2583 praecipueque
537 2540 574 2573 in
603 2541 770 2574 clausulis
793 2541 908 2585 posita
931 2553 948 2575 s
962 2542 1200 2576 ententias
1223 2545 1266 2585 8,
1291 2543 1335 2585 5,
1364 2547 1398 2577 2.
1425 2543 1470 2585 cfi
1491 2545 1535 2588 6,
1560 2547 1595 2588 3,

115 2583 160 2618 36
180 2585 226 2618 Ν.
250 2585 343 2626 hoc,
370 2586 466 2628 quod
490 2587 602 2632 vulgo
621 2586 815 2620 sententias
839 2598 1035 2630 vocamus,
1060 2589 1156 2632 quod
1179 2588 1362 2623 veteribus
1387 2590 1595 2637 praecipue-

113 2641 184 2674 que
206 2630 351 2664 Graecis
375 2630 413 2664 in
438 2643 506 2665 usu
528 2642 602 2665 non
625 2633 693 2665 fuit
717 2635 772 2675 12,
802 2635 859 2676 10,
885 2633 942 2668 48.
968 2644 1156 2676 novorum,
1183 2634 1244 2678 qui
1270 2635 1430 2669 omnium
1449 2647 1595 2680 operum

114 2675 226 2710 solam
252 2676 421 2711 virtutem
444 2677 636 2712 sententias
662 2684 878 2722 putaverunt
907 2681 924 2712 1
938 2705 948 2722 ‚
972 2681 1014 2722 8,
1037 2681 1071 2716 9.
1109 2680 1279 2715 Visellius
1306 2681 1425 2726 adjicit
1453 2688 1594 2716 senten-

116 2719 198 2772 tiam
223 2721 386 2766 (figuris)
413 2723 448 2766 9,
472 2726 507 2766 2,
538 2726 616 2759 107.
664 2722 716 2767 α)
743 2738 772 2759 c.
800 2727 944 2758 Aura„-
969 2726 1053 2768 hoc,
1079 2726 1242 2770 quotiens
1265 2726 1303 2760 in
1326 2738 1358 2761 s.
1381 2739 1483 2762 acres
1505 2728 1595 2762 inci-

117 2765 168 2798 dit
189 2767 226 2811 9,
248 2769 284 2811 3,
306 2769 364 2802 76.
392 2768 655 2814 antiquissimae
682 2773 775 2814 sunt,
804 2781 890 2815 quas
916 2771 1045 2805 Graeci
1066 2769 1217 2815 γνώμας
1242 2774 1417 2818 appellant
1441 2775 1476 2816 8,
1502 2775 1535 2816 5,
1562 2776 1596 2807 3.

1081 2838 1159 2874 52*
