1728 3002
607 193 849 255 Inaequalis
886 218 944 228 —
978 171 1166 238 lucendo
1215 193 1218 198 ⁴
1573 196 1656 236 411

170 310 387 347 infinitis
409 322 431 347 e
457 311 595 347 literam
614 310 764 346 media
788 310 974 356 syllaba
998 314 1215 354 acceperunt
1239 309 1273 353 1,
1294 308 1330 349 6.
1353 310 1389 344 7.
1425 307 1468 344 C.
1493 306 1657 344 Caesaris

172 357 405 403 inscriptione
429 361 463 402 1,
486 361 521 402 7,
544 360 600 392 22.
635 356 681 398 cs.
707 360 740 399 1,
765 357 800 400 5,
823 359 881 391 20.
916 356 1040 390 eadem
1062 352 1223 401 pluribus
1246 354 1385 397 iudiciis
1412 354 1535 389 dicunt
1560 358 1595 398 2,
1621 355 1658 399 4,

171 405 231 439 29.
265 405 336 439 alio
364 415 506 450 quoque
527 404 620 438 libro
647 406 693 446 2,
718 402 761 446 4,
784 402 841 438 42.
878 401 1038 448 pluribus
1064 402 1202 449 legibus
1228 401 1376 444 iisdem,
1415 401 1543 445 quibus
1570 412 1660 436 con-

173 449 325 494 iectura,
346 457 510 486 versatur
532 448 680 493 (finitio)
707 452 744 492 7,
769 450 804 492 3,
831 451 863 483 1.
902 448 1037 483 fatendi
1058 449 1167 482 modo
1193 450 1226 491 1,
1250 448 1285 490 6,
1309 451 1343 482 7.
1377 446 1524 491 reliquis
1550 447 1662 492 parti-

177 495 243 530 bus
268 499 325 539 11,
348 499 383 539 3,
408 498 452 531 53
478 497 523 530 N.
555 494 590 530 ei
613 493 811 530 contrarius
834 493 920 538 (pes)
950 493 1204 538 principiis
1228 493 1356 528 merito
1379 493 1543 527 laudatur
1565 495 1600 536 9,
1623 492 1660 536 4,

178 544 258 575 111.
292 541 487 586 praeterito
511 547 671 585 tempore
694 540 795 575 varie
820 540 967 574 formari
989 540 1101 575 verba
1124 543 1156 581 1,
1179 540 1215 582 6,
1240 540 1294 574 15.
1331 550 1412 574 cum
1434 538 1521 583 ipsis
1547 539 1662 573 libro-

176 598 258 621 rum
282 587 393 622 titulis
417 588 556 622 Graeco
581 586 724 621 nomine
748 591 868 620 utatur
892 589 927 629 2,
953 585 1014 629 14,
1037 585 1083 629 4;
1120 585 1332 620 Ciceronem
1354 585 1444 619 haec
1470 586 1562 619 male
1585 585 1663 630 ipsa

177 633 481 680 argumentatione
503 632 638 667 dixisse
662 633 696 676 5,
717 630 774 676 14,
798 633 843 667 35
865 633 914 666 N.
940 644 974 666 v.
997 634 1128 674 singula
1150 634 1296 666 nomina.

131 686 387 747 linaequaliS·
430 699 713 745 inaequalia
742 705 780 734 et
803 700 905 735 velut
935 699 1230 746 confragosa
1259 701 1304 745 8,
1328 699 1372 744 5,
1398 701 1457 736 29.
1489 699 1665 748 triangula

177 745 503 791 inaequalibus
530 746 698 781 lateribus
725 759 805 790 opp.
830 745 993 790 aequis
1018 748 1051 788 1,
1077 748 1133 789 10,
1155 744 1215 780 41.

133 799 435 858 Inaequalitas-
467 828 544 860 opp.
578 814 769 859 aequalitas
794 816 851 856 11,
875 815 909 856 3,
934 812 991 847 44.
1028 831 1074 840 -
1097 812 1229 848 coloris
1254 815 1317 856 12,
1339 813 1375 856 9,
1402 816 1458 849 17.
1494 825 1541 849 ne
1563 813 1666 850 inae-

180 859 350 903 qualitate
376 861 504 894 horum
527 861 683 895 omnium
709 859 748 903 (ι’.
764 873 791 893 e.
818 863 1019 903 spatiorum,
1043 872 1194 892 sonorum
1219 858 1301 903 etc.)
1332 860 1508 895 claudicet
1532 860 1668 906 (sermo)

181 907 239 947 11,
262 907 297 948 3,
320 906 378 940 43.
415 906 666 951 inaequalitate
692 905 865 939 dissident
887 905 1102 950 (supercilia)
1125 908 1169 940 ib.
1194 907 1253 941 79.

136 958 424 1004 Inaffectatus.
465 973 705 1016 simplicis
737 978 807 1016 atq.
832 972 1123 1006 inaffectati
1147 972 1279 1007 coloris
1303 974 1339 1013 9,
1361 970 1397 1014 4,
1423 975 1479 1008 17.
1515 970 1670 1016 <follem

184 1017 384 1097 ῗριιψίῧκ
400 1024 447 1098 1et
463 1018 603 1098 (gast.
630 1019 665 1062 8,
690 1020 726 1062 3,
749 1019 807 1053 87.
837 1018 1095 1062 jucunditatem
1119 1017 1214 1053 inafl'.
1238 1021 1295 1062 10,
1321 1022 1355 1062 1,
1378 1020 1435 1053 82.
1460 1019 1558 1054 inaff.
1586 1031 1670 1055 ora-

201 1073 292 1096 noms
363 1088 374 1106 ,
423 1090 434 1106 ‚
463 1090 477 1099 2
512 1089 520 1098 .

140 1105 371 1149 Inanimus-
403 1120 558 1154 inanima
583 1104 693 1163 5,11‚
708 1122 766 1154 23.
796 1119 832 1162 5,
849 1118 981 1162 14,12.
1010 1133 1088 1164 opp.
1111 1119 1152 1155 in
1172 1121 1280 1156 rebus
1303 1121 1514 1156 animalibus
1536 1123 1571 1166 8,
1585 1124 1621 1167 6,
1633 1123 1671 1160 9.

187 1177 236 1200 ex
260 1166 365 1201 mutis
388 1166 603 1201 animalibus·
619 1172 678 1200 aut
703 1165 866 1200 inanimis
894 1167 928 1210 5,
955 1169 991 1210 3,
1013 1169 1074 1201 23.

141 1221 303 1265 laenis.
346 1233 389 1280 1)
412 1237 567 1278 promte.-
606 1233 643 1274 α)
671 1232 877 1269 in.‘aristao
902 1237 934 1276 1,
959 1236 994 1277 3,
1022 1236 1056 1270 5.
1102 1231 1147 1280 ρ)
1171 1235 1204 1267 fn
1229 1235 1391 1269 dicendo.-
1425 1235 1485 1270 hic
1510 1243 1564 1271 est
1586 1237 1675 1272 iuml

187 1280 307 1324 inane,
334 1282 430 1326 quod
450 1280 525 1314 dixi
548 1281 585 1323 9,
608 1278 644 1322 4,
668 1280 735 1314 108
748 1280 795 1313 Ν.
822 1279 943 1314 inania
964 1286 1125 1324 tempora
1151 1281 1309 1325 rhythmi
1333 1281 1473 1316 facilius
1500 1283 1676 1328 accipient

187 1329 232 1361 ib.
262 1328 320 1362 51.
359 1337 471 1373 genus
499 1325 664 1368 dicendi,
696 1326 792 1369 quod
815 1344 861 1350 —
883 1325 1048 1360 inanibus
1072 1326 1163 1360 locis
1190 1327 1385 1361 bacchatur
1409 1331 1475 1371 12,
1509 1328 1573 1372 10,
1605 1333 1673 1374 733

186 1372 304 1407 inanis
327 1371 419 1416 (voi)
439 1375 495 1415 11,
510 1374 545 1414 3,
559 1374 617 1406 32.
676 1372 728 1415 11)
751 1375 868 1406 transl.
901 1370 939 1415 ιι)
964 1375 1172 1415 simpliciter.-
1195 1373 1235 1406 hi
1252 1373 1403 1416 pressi
1430 1380 1466 1408 et
1490 1374 1676 1422 integri,

189 1424 315 1452 contra
338 1418 504 1452 inflati
529 1418 581 1451 illi
605 1422 640 1450 et
668 1416 837 1452 inanes
866 1420 922 1461 12,
943 1421 1000 1462 10,
1022 1418 1084 1459 16;
1112 1418 1231 1452 omnia
1255 1419 1375 1452 inania
1398 1420 1515 1454 videri
1537 1421 1573 1464 4,
1593 1426 1626 1465 5,
1639 1424 1676 1459 9.

187 1464 276 1499 illud
304 1464 525 1512 frigidum
552 1468 588 1497 et
612 1462 761 1497 inane
789 1466 845 1506 10,
869 1467 903 1506 2,
931 1467 984 1498 17.
1023 1463 1113 1497 nihil
1141 1470 1195 1498 est
1218 1464 1383 1508 inane,
1410 1466 1500 1499 nihil
1524 1478 1679 1503 arces-

191 1510 323 1544 situm
341 1514 397 1554 10,
412 1514 446 1554 1,
459 1511 517 1545 78.
542 1508 633 1543 nihil
647 1509 784 1542 inane
802 1515 862 1543 aut
882 1511 1141 1543 redundans
1167 1513 1223 1552 12,
1237 1513 1292 1544 10.
1310 1514 1367 1545 17.
1390 1512 1428 1554 β)
1444 1525 1472 1546 c.
1485 1514 1674 1548 Nominis..-

190 1556 372 1602 frigida
394 1562 430 1590 et
451 1554 607 1590 inanis
635 1554 811 1590 affectatio
835 1556 871 1598 9,
895 1557 930 1598 3,
953 1554 1013 1591 74.
1049 1555 1097 1590 in.
1124 1555 1305 1603 diligentia
1329 1557 1365 1599 5,
1391 1561 1446 1600 11,
1473 1560 1530 1593 30.
1564 1561 1679 1595 finitio

191 1601 243 1636 in.
266 1606 302 1646 7,
327 1604 372 1646 3,
395 1602 453 1637 26.
490 1601 539 1636 in.
568 1601 733 1646 gaudium
757 1603 792 1644 2,
818 1600 854 1644 4,
881 1602 937 1636 16.
974 1601 1022 1635 in.
1047 1601 1192 1644 jactatio
1218 1604 1311 1646 1,-8‚
1337 1603 1390 1637 18.
1431 1603 1480 1637 in.
1508 1606 1679 1648 judicium
1712 1626 1721 1632 x

191 1651 229 1692 7,
254 1651 287 1691 1,
310 1647 367 1684 48.
400 1648 452 1682 in.
474 1648 576 1681 labor
600 1649 656 1689 11,
682 1650 717 1690 2,
743 1649 777 1680 1.
825 1647 875 1681 in.
900 1647 1152 1692 loquacitatem
1179 1650 1235 1690 10,
1263 1650 1298 1690 3,
1321 1651 1355 1682 2.
1395 1651 1452 1692 10,
1477 1650 1511 1693 5,
1535 1654 1592 1685 22.
1627 1653 1680 1687 in.

190 1694 374 1738 persuasio
401 1696 434 1736 1,
458 1696 493 1735 2,
520 1694 575 1728 18.
610 1692 649 1726 in
671 1693 791 1735 rebus,
817 1704 904 1738 quas
927 1693 1080 1727 fictas
1104 1705 1184 1728 esse
1208 1694 1339 1727 scimus
1365 1700 1400 1728 et
1424 1695 1597 1732 inanes
1623 1702 1681 1742 11,

193 1742 228 1780 3,
250 1742 284 1774 5.
318 1740 370 1774 in.
393 1740 503 1773 robur
526 1742 570 1781 2,
598 1740 661 1781 15,
684 1739 741 1773 25.
774 1739 823 1773 in.
846 1739 1043 1773 simulacris
1067 1742 1122 1782 10,
1147 1741 1182 1783 5,
1211 1743 1266 1774 17.
1302 1751 1384 1784 spes
1407 1740 1456 1775 in.
1479 1743 1515 1785 6,
1539 1745 1597 1777 Pr.
1624 1748 1681 1781 12.

193 1785 232 1826 6,
255 1788 292 1827 2,
314 1787 371 1819 30.
410 1785 460 1819 ἰιι.
485 1785 603 1818 studio
625 1785 661 1826 8,
688 1784 750 1818 Pr.
778 1786 830 1819 18.
862 1785 912 1819 in.
938 1786 1136 1820 verborum
1158 1786 1311 1820 torrenti
1335 1788 1392 1830 10,
1416 1790 1451 1830 7,
1474 1790 1532 1823 23.
1563 1795 1683 1824 tumor

195 1827 248 1861 in.
271 1831 306 1871 2,
330 1832 387 1871 10,
409 1833 444 1864 7.
477 1829 528 1864 in.
551 1830 664 1865 verba
685 1831 721 1873 8,
743 1833 781 1874 2,
805 1833 860 1866 17.
893 1831 929 1875 9,
954 1833 1084 1875 3,1oo.

88 1919 90 1921 ,
151 1870 354 1914 Inanitas.
387 1904 434 1910 —
457 1885 530 1918 oris
555 1888 589 1928 1,
613 1889 670 1928 11,
697 1887 733 1921 6.

152 1927 394 1969 lnardeSCO·
418 1940 564 1974 affectus
589 1941 703 1975 omnis
726 1943 1001 1988 languescat
1025 1953 1175 1978 necesse
1196 1947 1263 1986 est,
1288 1940 1358 1976 nisi
1372 1953 1478 1987 voce,
1502 1946 1606 1980 vultu
1619 1955 1683 1984 etc.

80 1990 81 1994 ’
200 1985 483 2019 inardescat
510 1988 566 2028 11,
589 1987 625 2027 3,
647 1989 684 2019 2.

155 2029 389 2122 Ῑῦἔὶτθεῢῠιθ
418 2041 590 2121 Ἰροῖζίιιε
618 2052 726 2076 causa
748 2041 882 2075 dictum
905 2048 979 2086 est,
1011 2042 1101 2077 nihil
1121 2044 1263 2078 facilius
1288 2055 1391 2088 quam
1417 2045 1582 2081 lacrimas
1604 2048 1685 2084 ina-

201 2099 343 2122 rescere
391 2113 402 2128 ,
452 2113 463 2130 ,
538 2109 548 2120 .

156 2131 458 2174 Inartificialis.
493 2142 728 2177 inartificialia
751 2141 786 2186 5,
810 2145 868 2187 10,
887 2145 945 2178 11.
969 2143 1075 2178 inm-t.
1100 2143 1329 2189 probationes
1352 2145 1387 2188 5,
1408 2148 1488 2188 1,1.
1510 2149 1544 2191 5,
1558 2149 1592 2193 5,
1606 2153 1642 2186 2.

157 2199 503 2242 Inartificialiter.
548 2222 617 2256 qua
646 2210 685 2245 in
706 2221 748 2245 re
777 2210 866 2244 alius
893 2222 933 2246 se
962 2211 1179 2257 inartifi,
1212 2211 1302 2247 alius
1333 2212 1690 2254 artificialiter

205 2263 315 2303 gerat,
339 2257 380 2290 in
401 2268 444 2291 ea
467 2268 546 2291 esse
569 2262 680 2290 artem
703 2259 739 2300 2,
767 2260 824 2299 17,
846 2255 905 2295 42.

158 2301 394 2344 InauditUS·
426 2314 553 2347 modus
578 2318 614 2347 et
633 2313 873 2347 inauditus
899 2318 936 2348 et
956 2312 1261 2349 incredibilis
1283 2315 1369 2360 7‚6‚
1382 2318 1440 2351 11.
1465 2319 1561 2362 quod
1582 2321 1690 2356 nobis

204 2359 400 2393 inauditum
425 2364 479 2393 est
504 2362 537 2402 1,
560 2359 595 2402 6,
623 2361 658 2394 9.

160 2404 347 2445 Incaute·
394 2432 441 2440 —
462 2416 679 2459 respondeas
703 2414 737 2458 5,
763 2418 819 2459 11,
847 2418 908 2451 27.

161 2459 424 2502 Incendium·
462 2472 492 2505 si
514 2471 587 2506 inc.
609 2472 647 2506 in
672 2483 755 2507 arce
776 2472 886 2507 fuerit
910 2476 953 2516 7,
975 2475 1022 2516 7,
1048 2471 1084 2507 4.
1126 2472 1159 2507 si
1185 2475 1291 2518 janua
1320 2474 1500 2509 tenebitur
1521 2475 1689 2513 incendio

207 2520 251 2560 2,
275 2519 331 2560 13,
360 2518 415 2552 16.
453 2529 534 2552 cum
558 2517 695 2552 initium
724 2530 746 2552 a
775 2524 1067 2563 tempestate
1106 2526 1330 2563 sumserunt,
1364 2520 1600 2558 incendio
1631 2531 1691 2559 aut

207 2561 337 2596 ruina
363 2562 491 2597 finiunt
512 2565 547 2605 8,
568 2564 605 2607 6,
628 2566 685 2599 50.
712 2563 887 2599 incendiis
911 2566 947 2608 8,
968 2563 1006 2608 4,
1031 2564 1077 2599 14
1099 2577 1132 2600 v.
1154 2566 1502 2602 Labefactatio.

152 2617 363 2682 <Incendo-
399 2628 436 2675 Ι)
461 2630 714 2684 nec-incendit
734 2631 804 2667 nisi
826 2631 919 2678 ignis
945 2633 980 2676 6,
1004 2635 1039 2676 2,
1062 2634 1122 2669 28.
1169 2632 1221 2677 Il)
1245 2638 1361 2668 transl.
1377 2650 1387 2669 ε
1412 2634 1473 2679 qui
1497 2635 1593 2680 dicit,
1619 2638 1693 2681 spi-

205 2681 278 2727 ritu
304 2686 396 2719 ipso,
421 2688 488 2711 nec
511 2689 664 2725 imagine
692 2683 728 2712 et
753 2679 885 2712 ambitu
907 2690 1050 2721 rerum,
1076 2679 1139 2713 sed
1161 2680 1269 2714 rebus
1291 2679 1451 2715 incendit
1478 2684 1535 2724 10,
1563 2685 1597 2725 1,
1625 2685 1692 2726 163

206 2722 405 2810 lg’liiqugmi
426 2734 548 2759 casum
573 2740 616 2748 —
639 2723 799 2760 incendit
824 2722 960 2761 invidia
987 2724 1151 2769 (Cicero)
1180 2727 1225 2769 4,
1248 2729 1291 2770 2,
1317 2726 1395 2761 114.
1429 2726 1614 2762 incensum
1640 2729 1693 2764 ira
