1728 3002
476 268 777 314 Controversia
805 292 862 301 --
892 265 1163 312 Contumelia
1335 294 1339 296 -
1510 268 1591 311 179

97 393 203 426 Dat..-
230 389 360 436 figuras
382 384 528 433 palam
549 383 749 421 eona-arta·
771 394 903 420 caum
923 382 960 427 9,
982 385 1018 426 2,
1041 384 1098 420 81.
1128 380 1227 419 mam
1250 379 1476 427 aspirationis
1503 380 1590 426 (tite-

95 435 217 480 mm),
254 445 365 480 quae,
397 431 429 467 si
456 431 657 468 necessaria
686 437 761 475 est,
800 431 906 467 etiam
938 429 1151 465 contrariam
1181 428 1249 464 sibi
1276 428 1392 473 poscit
1415 431 1457 471 1,
1481 427 1524 470 4,
1551 428 1591 462 9.

97 481 302 517 contra-*lus
329 478 391 525 qui
417 483 472 513 eet
497 477 645 514 bacchio
670 477 758 522 (pes)
780 478 815 518 9,
837 476 874 521 4,
898 478 977 511 102.
1005 473 1051 517 qs.
1077 477 1121 510 ib.
1144 476 1200 510 80.
1227 478 1303 509 1¹1.
1332 474 1368 510 ei
1390 472 1591 508 contrarius

97 523 292 608 ἓρυθμός)
318 527 362 560 ib.
383 523 442 559 47.
479 524 657 558 contraria
684 529 739 558 est
763 521 907 569 neganti
931 520 1170 557 confessionis
1194 520 1374 554 simulatio
1399 520 1441 563 6,
1467 522 1509 562 3,
1532 520 1593 555 8¹.

124 573 183 607 uic
210 578 325 606 contr.
347 570 501 605 studium
523 571 566 612 8,
591 571 632 612 5,
655 571 712 604 32.
747 569 864 604 virtus
886 566 922 602 ei
946 565 1248 612 (amplrficationi)
1274 571 1391 601 contr.
1418 568 1460 610 2,
1489 567 1529 608 5,
1553 567 1591 600 9.

97 618 153 656 illi
176 617 301 653 virtuti
326 622 443 652 contr.
470 614 596 651 vitium
620 618 682 658 11,
705 617 749 658 3,
773 614 832 649 44.
870 613 914 656 cs.
938 614 983 656 6,
1006 615 1053 656 3,
1080 616 1133 648 17.
1162 616 1226 658 11,
1249 614 1293 655 3,
1317 612 1377 647 52.
1402 614 1459 654 12,
1484 613 1517 654 5,
1543 613 1592 653 23

101 664 262 700 notiones
283 663 410 698 inter
434 673 485 695 se
510 666 624 696 contr.
653 663 708 704 10,
736 664 768 704 1,
793 663 851 695 22.
880 665 996 695 contr.
1020 659 1150 693 inter
1171 669 1219 692 se
1242 659 1392 693 effectus
1416 661 1451 701 1,
1478 661 1534 701 10,
1557 657 1594 692 6.

102 710 315 745 diversas
342 707 533 755 opiniones
558 713 596 742 et
619 708 744 753 quasd.
767 707 876 741 etiam
899 706 1020 742 inter
1042 716 1089 740 se
1111 705 1371 742 contrarias
1395 704 1454 739 Pr.
1478 707 1515 738 2.

55 761 376 808 Controversia.
431 775 475 820 a)
502 788 568 820 per
587 778 733 819 singulos
757 787 868 809 casus.
916 772 951 814 a)
978 773 1168 807 Nominat„-
1197 774 1240 816 3,
1267 775 1324 816 11,
1348 772 1405 808 10.
1434 775 1470 816 7,
1494 770 1531 814 4,
1558 773 1595 806 2.

100 835 180 867 opp.
202 822 437 857 suasoriae
465 825 507 865 2,
529 821 567 865 4,
591 823 649 857 33.
675 822 712 865 7,
737 824 770 864 1,
794 820 853 855 24.
888 819 951 853 nbi
973 817 1120 864 incipiat
1145 825 1308 854 controv.
1333 821 1372 862 7,
1401 820 1434 861 1,
1458 819 1492 854 8.
1527 818 1596 851 sub

101 879 173 914 qua
194 869 208 902 1
299 869 568 904 controversiae
597 868 683 902 illud
708 866 891 912 proprium
914 865 1066 908 habent,
1104 865 1201 910 quod
1228 876 1250 899 a
1273 870 1374 909 parte
1397 864 1597 898 accusantis

102 915 186 949 dese
242 924 266 948 o
293 919 367 957 est,
394 920 430 949 et
456 914 681 948 defendentis
708 912 886 948 accusatio
913 913 936 947 7
948 937 959 955 ,
979 910 1027 952 4,
1050 911 1109 946 38.
1143 909 1205 944 dat
1227 909 1322 944 aliud
1350 916 1598 957 argumentum

102 960 391 1003 controversia(
400 963 427 993 S
434 974 468 1004 p.
493 958 608 1002 -siae)
633 963 668 1003 7,
697 962 712 994 1
754 960 799 994 57
822 962 865 993 Ζ.
893 963 953 992 aut
977 957 1079 991 alteri
1102 962 1166 1002 ant
1187 955 1346 991 invicem
1372 956 1514 1001 utrique
1542 957 1599 991 de

101 1008 184 1050 jure
213 1007 253 1039 fit
279 1011 443 1041 controv.
474 1007 515 1047 7,
542 1009 584 1047 7,
611 1006 645 1040 9.
686 985 732 1047 cf
759 1005 805 1046 3,
829 1005 871 1047 6,
894 1003 951 1038 39.
988 1004 1041 1038 de
1073 1002 1165 1046 (Sp.
1190 1001 1254 1046 in)
1292 1003 1418 1037 decem
1441 1001 1599 1036 millibus

101 1053 202 1086 nulla
225 1058 391 1086 controv.
413 1057 469 1086 est
490 1055 526 1094 7,
549 1050 591 1093 4,
615 1050 660 1084 42
687 1052 733 1085 N.
759 1063 808 1084 cr.
846 1055 1011 1084 controv.
1038 1047 1201 1083 consistit
1223 1048 1263 1082 in
1285 1048 1431 1082 nomine
1453 1047 1488 1088 7,
1508 1050 1550 1091 3,
1573 1051 1599 1087 7

106 1098 156 1131 Ν.
216 1097 256 1140 b)
287 1099 396 1132 Genii.
413 1112 424 1132 ε
454 1096 732 1132 controversiar.
758 1094 1011 1140 quaestiones,
1042 1099 1269 1141 argumenta,
1298 1094 1493 1129 sententias
1522 1100 1600 1128 tra-

106 1143 193 1177 dere
217 1143 252 1184 5,
277 1145 333 1184 12,
358 1143 413 1178 16.
445 1163 494 1169 -—
512 1142 677 1176 condicio
699 1141 736 1185 4,
762 1145 796 1184 1,
818 1142 875 1176 26·
905 1142 962 1183 10,
989 1143 1024 1183 1,
1047 1143 1105 1175 71.
1138 1141 1250 1175 multa
1273 1146 1437 1176 controv.
1462 1150 1600 1187 genera

106 1186 145 1222 in
169 1187 374 1232 qualitatem
397 1189 528 1222 cadunt
549 1191 586 1229 7,
607 1188 644 1231 4,
667 1190 724 1222 32.
756 1198 838 1221 cum
860 1186 981 1230 aliquo
1009 1196 1149 1220 sumere
1174 1186 1358 1220 materiam
1383 1192 1601 1221 controver-

105 1234 181 1268 siae
201 1235 238 1276 6,
263 1233 299 1286 4,
322 1236 382 1268 21.
414 1245 620 1288 -·summa
644 1233 680 1276 9,
703 1236 739 1276 2,
756 1232 825 1286 42.
884 1234 924 1274 c)
947 1235 1074 1266 Aecus.
1088 1246 1101 1266 .-
1131 1242 1294 1285 avocare·
1314 1232 1600 1285 controversiam

106 1289 307 1368 31?‘3}’‘2¹¹,³
321 1287 603 1370 Jb‘ffssssssssffl‘i'ssqk
611 1285 734 1369 {5355
738 1278 1602 1368 '2225-1121‘103’.>¹⁵{212323‘23‘ffissssessffiffi1f'0'133
1630 1315 1634 1318 ’

105 1373 143 1413 7,
165 1371 202 1412 9,
221 1369 260 1404 4.
293 1371 728 1416 exposita-controversia
756 1373 813 1413 10,
835 1373 872 1414 7,
897 1372 955 1404 21.
993 1370 1129 1422 jecur
1154 1376 1190 1422 81
1213 1371 1360 1404 femur
1385 1377 1604 1405 controver-

106 1417 196 1451 niam
220 1417 385 1451 fecerunt
414 1421 454 1459 1,
481 1418 524 1460 6,
550 1419 610 1451 22.
654 1423 694 1451 ut
717 1415 986 1450 controversiae
1010 1421 1197 1460 permixtis
1224 1417 1356 1452 salibus
1382 1417 1603 1464 fingerentur

109 1462 155 1506 6,
186 1463 230 1505 3,
262 1465 318 1498 15.
365 1469 425 1497 aut
454 1462 607 1498 intentio
636 1468 697 1497 aut
719 1462 952 1507 praescriptio
976 1462 1085 1496 habet
1107 1463 1391 1497 controversiam
1419 1466 1461 1505 7,
1492 1465 1535 1505 5,
1563 1466 1601 1502 2.

109 1513 276 1544 contr-ov.
302 1519 501 1553 proponam
526 1512 569 1554 7,
596 1512 640 1552 1,
667 1509 726 1542 41.
767 1508 811 1549 cs.
837 1510 876 1550 5,
906 1510 972 1551 10,
1003 1510 1090 1550 1103
1137 1514 1316 1552 quae-aut
1340 1508 1380 1542 in
1407 1515 1604 1543 contro-

107 1553 317 1589 versiam
346 1561 406 1589 aut
428 1555 468 1588 in
492 1554 844 1589 contentionem
867 1553 1015 1588 veniant
1041 1555 1076 1596 3,
1099 1553 1136 1597 6,
1158 1553 1217 1588 44.
1248 1553 1293 1596 qil
1317 1556 1352 1598 3,
1379 1557 1435 1598 11,
1460 1557 1520 1589 23.
1543 1554 1603 1590 24.

110 1598 151 1643 d)
174 1601 315 1634 Amat.-
346 1600 431 1645 qnid
456 1600 505 1634 in
534 1599 782 1635 controversia
811 1599 858 1633 sit
881 1600 924 1642 4,
950 1602 994 1642 2,
1019 1601 1076 1634 31.
1108 1602 1169 1642 10,
1193 1601 1238 1643 5,
1263 1603 1323 1634 22.
1358 1601 1409 1635 in
1433 1606 1603 1636 controv.

182 1657 225 1680 ca
244 1651 345 1688 sunt,
373 1652 506 1680 extra
530 1646 649 1680 omnia
672 1643 707 1689 3,
733 1649 789 1688 11,
812 1645 871 1680 25.
909 1645 955 1679 in
979 1646 1058 1679 ead.
1082 1653 1250 1681 controv.
1273 1649 1316 1690 2,
1342 1649 1408 1690 13,
1430 1647 1466 1682 6.
1493 1646 1539 1688 cs.
1564 1649 1602 1691 3,

109 1655 231 1735 &¹¹95
257 1692 294 1735 9,
318 1695 354 1735 2,
377 1692 436 1727 42.
484 1693 586 1734 cuins
618 1692 844 1734 (voluntatis)
878 1690 921 1725 in
952 1691 1210 1726 controversiis
1238 1692 1410 1737 frequens
1441 1693 1606 1738 quaestio

113 1742 170 1771 est
187 1739 224 1782 2,
246 1735 283 1780 4,
305 1738 363 1777 26.
398 1738 436 1772 in
457 1744 623 1772 controv.
649 1749 721 1771 una
743 1739 863 1782 plures
890 1736 1119 1781 quaestiones
1146 1748 1226 1772 esse
1249 1740 1285 1782 3,
1308 1739 1351 1781 6,
1383 1741 1418 1773 7.
1463 1738 1607 1783 saepius

113 1781 297 1819 subsidere
320 1782 360 1817 in
382 1783 640 1818 controversiis
665 1783 837 1827 impetum
859 1783 1002 1817 dicendi
1025 1783 1224 1827 prooemio,
1246 1783 1471 1829 narratione,
1498 1796 1605 1819 arvu-

114 1827 245 1873 maemtis
264 1830 302 1872 3,
323 1830 359 1871 8,
384 1830 443 1864 60.
470 1829 689 1872 judicialium
714 1839 899 1863 cansarum
921 1829 1009 1863 alias
1033 1829 1072 1862 in
1094 1829 1255 1876 singulis,
1285 1829 1370 1864 alias
1389 1830 1429 1865 in
1444 1813 1607 1875 pluriiins

115 1877 283 1907 controv.
311 1875 508 1910 consistere
534 1877 577 1919 8,
609 1876 668 1909 Pr.
692 1876 729 1910 9.
771 1886 805 1909 v.
830 1874 1006 1910 Consto
1039 1876 1094 1915 113
1148 1875 1247 1909 sine
1278 1876 1607 1912 controversia

0 1933 10 1956 ι
119 1921 162 1958 1,
189 1917 235 1960 5,
257 1916 314 1951 41.
385 1921 430 1965 ρ)
457 1933 485 1953 ο.
508 1922 698 1956 Ληνὶῠωίε.
750 1918 784 1962 a)
814 1932 842 1954 e.
866 1922 975 1954 Gem't.
990 1934 1001 1954 τ
1034 1920 1158 1954 ultima
1187 1927 1241 1954 est
1265 1922 1416 1957 actionis
1439 1929 1607 1957 controv.

0 1960 5 1986 ἵ
116 1983 167 1990 --
185 1963 368 1998 translatio
394 1967 426 1999 5.
452 1966 557 2008 13,·8
579 1967 629 1999 Ν.
664 1964 838 2012 longioris
862 1971 961 1999 actus
987 1972 1155 2001 controv.
1179 1969 1213 2008 2,
1245 1970 1299 2006 10,
1324 1967 1358 2002 9.
1393 1984 1436 1993 —-
1461 1968 1546 2002 facti
1571 1970 1608 2010 3,

117 2009 156 2052 6,
178 2010 238 2044 70.
267 2010 307 2050 5,
332 2011 400 2056 10,
422 2009 479 2044 40.
521 2009 796 2054 —injuriarum
817 2013 854 2053 7,
877 2011 918 2053 4,
942 2013 1001 2046 32.
1041 2011 1197 2054 —juris
1221 2013 1261 2054 5,
1289 2015 1353 2055 10,
1378 2011 1438 2046 40.
1477 2031 1524 2039 —-
1547 2019 1611 2047 ant

116 2053 225 2088 unius
249 2053 304 2088 rei
327 2059 388 2088 ant
409 2054 563 2098 phu-inm
585 2057 622 2098 3,
647 2058 705 2098 10,
731 2058 765 2089 1.
800 2075 848 2081 -
870 2055 998 2099 injusti
1016 2056 1156 2099 repudii
1181 2058 1216 2098 7,
1239 2056 1275 2100 4,
1299 2059 1356 2091 38.
1411 2057 1450 2101 b)
1477 2071 1507 2092 c.
1530 2061 1611 2093 Ad-

0 2098 13 2136 ῗ
76 2122 82 2125 -
114 2101 234 2146 jeeu..-
258 2098 529 2134 controversiae
552 2111 600 2134 ex
625 2099 782 2134 historiis
812 2101 1030 2143 compositae
1056 2103 1102 2143 3,
1128 2103 1164 2144 8,
1190 2103 1246 2136 52.
1281 2103 1527 2138 difficillimam
1548 2110 1611 2138 aut

118 2156 255 2182 novam
277 2151 442 2180 controv.
469 2149 513 2188 7,
542 2148 582 2189 1,
604 2144 663 2179 41.
702 2151 868 2180 controv.
889 2145 1059 2190 figuratae
1081 2147 1126 2189 9,
1155 2149 1200 2188 1,
1227 2146 1283 2181 14.
1318 2148 1366 2190 9,
1393 2151 1438 2191 2,
1465 2150 1523 2185 65.
1550 2150 1610 2185 88.

118 2209 167 2218 -
187 2192 353 2226 forenses
375 2194 411 2234 7,
437 2194 472 2234 1,
494 2190 531 2225 4.
560 2208 612 2218 —-
628 2191 824 2235 perplexae
845 2191 958 2237 magis
979 2194 1015 2233 2,
1039 2192 1096 2233 10,
1119 2191 1155 2227 9.
1188 2200 1260 2225 11118
1280 2199 1443 2230 controv.
1466 2212 1512 2220 —
1532 2197 1613 2240 pln-

118 2247 180 2271 res
203 2239 247 2280 3,
271 2240 336 2280 10,
365 2239 399 2271 1.
435 2237 475 2271 in
500 2236 649 2284 singulis
674 2253 720 2260 —
743 2236 782 2269 in
807 2235 968 2280 pluribus
994 2242 1158 2272 controv.
1180 2237 1224 2280 8,
1250 2239 1308 2273 Pr.
1333 2240 1369 2274 9.
1408 2255 1455 2265 --
1476 2240 1615 2285 simpli-

103 2281 239 2316 *ciores
259 2282 349 2317 inae
370 2286 407 2326 7,
432 2282 468 2325 4,
492 2284 548 2318 38.
583 2282 739 2329 singulas
761 2281 844 2315 lites
867 2281 1201 2326 controversiasque
1223 2285 1260 2326 7,
1283 2286 1318 2327 1,
1340 2282 1399 2320 64.
1432 2305 1481 2313 -
1502 2288 1614 2322 scho-

119 2327 270 2362 lasticae
294 2327 343 2371 4,
367 2331 414 2372 2,
436 2329 495 2364 92.
530 2341 610 2373 opp.
633 2328 672 2361 in
696 2328 780 2361 foro
803 2329 848 2361 ib.
871 2327 928 2362 97.
963 2344 1009 2351 —
1034 2338 1147 2362 verae
1171 2327 1345 2376 fictaeque
1369 2333 1403 2375 2,
1431 2333 1466 2375 1,
1492 2332 1539 2376 93
1571 2332 1614 2368 in

123 2373 403 2417 controversiis,
426 2374 554 2420 quibus
580 2379 747 2420 petantur
766 2372 806 2407 in
827 2372 975 2408 vincula
996 2373 1033 2416 7,
1058 2373 1092 2416 1,
1115 2372 1174 2408 55.

11 2450 19 2472 ’κ
79 2425 409 2470 controversus·
456 2445 772 2477 controversa
807 2438 1043 2476 confessis
1069 2440 1223 2484 probare
1249 2439 1291 2485 5,
1319 2439 1382 2486 14,
1411 2442 1468 2477 14.
1508 2454 1617 2491 argn-

11 2482 27 2525 ἰ
125 2490 285 2519 mentum
308 2491 516 2520 controv.
540 2495 609 2531 pro
631 2488 851 2522 confesso
875 2488 910 2529 5,
935 2487 993 2529 13,
1013 2484 1072 2521 34.
1097 2497 1135 2521 v·
1161 2486 1419 2525 Confiteor.
1449 2496 1617 2528 controv.

126 2531 935 2577 iuriS726910—m395,1805,9220

82 2571 430 2618 Contubernalis.
473 2590 677 2633 praeclarae
701 2588 973 2624 contubernales
998 2586 1114 2622 coet.
1141 2587 1177 2632 4,
1204 2591 1241 2632 2,
1269 2591 1337 2625 123
1364 2591 1413 2624 Ν.

16 2647 37 2708 ᾖ
84 2628 415 2674 Contumaciter·
448 2655 523 2679 non
535 2651 630 2680 cont.
654 2645 843 2681 consentio
867 2647 924 2687 11,
946 2645 982 2688 3,
1006 2646 1063 2679 11.
1089 2645 1151 2680 vel
1171 2652 1319 2690 propter
1341 2647 1412 2681 hoo
1433 2657 1502 2682 nos
1520 2637 1618 2681 ‘con-

123 2687 298 2723 tumacius
323 2688 523 2742 erigamus,
563 2693 661 2736 qnod
690 2692 789 2726 illam
821 2689 1040 2734 (fortunam)
1071 2692 1303 2747 tit-perferre
1331 2692 1435 2727 nobis
1470 2693 1618 2729 difficile

129 2739 207 2776 est,
228 2740 279 2768 118
299 2735 406 2770 tecue
430 2741 659 2773 contemnem-e
678 2738 715 2781 6,
739 2739 799 2772 Pr.
826 2737 881 2772 15.

85 2774 343 2821 contumax.
389 2790 570 2837 —·(reu³)
594 2793 632 2838 6,
657 2797 691 2838 1,
716 2792 774 2829 14.

86 2829 372 2878 Contumelia.
398 2851 727 2894 percontumeliam
749 2848 785 2894 4,
813 2851 848 2894 1,
873 2850 929 2884 11.
964 2859 1031 2894 per
1045 2853 1142 2886 cont.
1164 2848 1322 2894 judicum
1346 2851 1382 2894 5,
1403 2852 1438 2893 2,
1462 2853 1499 2886 2.
1528 2861 1618 2885 oon-

1166 2918 1211 2951 12
1230 2915 1251 2935 ³
