1728 3002
581 139 902 200 orthographia
929 112 1000 170 -ᾕ
1015 135 1224 180 Osculum
1311 111 1319 114 ἡ
1569 133 1650 174 615

154 264 216 299 vel
237 256 424 298 orantis
451 270 603 303 vocem,
626 258 807 293 incensum
831 262 894 290 etc.
921 256 956 297 1,
982 255 1018 296 2,
1040 254 1097 287 31.
1147 257 1310 286 orantem
1333 259 1419 295 pro
1443 247 1561 292 oapite
1594 250 1649 287 11,

155 313 190 352 1,
217 307 286 352 44;
312 320 392 343 oum
417 307 450 342 ei
474 317 580 341 cansa
602 305 641 339 in
663 304 747 338 foro
772 307 866 337 esset
889 300 1022 335 oranda
1050 302 1104 342 10,
1130 301 1164 342 5,
1189 299 1246 332 18.
1295 297 1307 339 )
1331 297 1499 331 Gaurum:
1525 293 1649 328 orandi

154 367 214 391 m
241 355 299 389 Pr.
327 354 362 388 4.
386 356 421 397 2,
443 353 499 395 15,
525 354 583 386 20.
607 351 644 393 9,
670 348 706 390 4,
735 351 768 384 3.
816 358 871 382 or.
897 345 1083 381 consilium
1106 345 1142 386 6,
1166 346 1200 387 3,
1226 310 1293 379 34.y
1331 353 1380 376 ex
1406 347 1649 392 tempore-or.

153 402 304 436 facultas
328 403 385 443 11,
414 402 447 442 1,
473 402 492 432 1
518 410 553 432 υ.
579 396 814 431 Facultaa.
861 393 922 427 ina
945 403 1032 427 vera
1055 390 1171 435 imago
1205 400 1258 423 or.
1285 390 1319 430 5,
1346 391 1401 430 12,
1427 389 1482 420 17.
1509 386 1647 420 inin-un

155 458 210 482 or.
233 449 267 488 3,
285 449 320 489 2,
330 445 364 480 4.
395 455 510 490 paene
533 444 594 478 lex
617 452 670 476 or.
699 443 754 484 10,
782 443 814 482 1,
837 440 895 475 76.
920 448 974 472 or.
998 439 1117 471 lumen
1142 439 1196 478 11,
1223 439 1259 479 2,
1285 437 1320 468 7.
1348 445 1402 469 or.
1425 433 1646 475 majestatem

156 495 221 534 12,
253 495 318 535 11,
352 493 407 526 30.
439 501 494 524 ot.
525 499 654 523 munus
685 490 728 524 2.
763 486 828 528 15,
860 487 895 520 3.
935 495 989 519 or.
1022 487 1180 527 potestas
1210 485 1244 524 2,
1282 480 1337 523 16,
1367 478 1403 514 4.
1437 478 1553 512 omnis
1592 487 1646 511 or.

154 537 247 572 ratio
271 537 427 582 quinque
451 535 606 581 partibus
630 538 767 569 constat
791 533 825 574 3,
849 533 884 574 3,
911 533 941 564 1.
968 528 1012 571 cs.
1039 530 1073 571 5,
1106 529 1163 562 Pr.
1199 531 1235 561 2.
1269 535 1323 560 or.
1358 524 1514 559 studium
1546 524 1580 559 9.
1609 522 1645 566 4,

155 586 236 619 110.
263 594 317 618 or.
341 582 490 617 scientia
517 585 549 624 1,
575 582 633 624 10,
657 583 691 614 2.
717 577 775 614 vis
802 587 855 611 or.
881 577 916 619 6,
941 577 1031 616 2,.2.
1062 577 1117 618 10,
1143 577 1177 615 1,
1212 574 1245 608 8.
1273 585 1306 606 v.
1329 571 1422 606 Vis.
1457 581 1511 605 or.
1545 570 1646 606 vires

153 633 191 675 2,
218 629 345 673 16,-1;
377 629 416 663 in
439 628 576 663 orando
603 629 644 670 1,
679 627 740 665 10,
774 623 831 658 25.
856 623 891 663 9,
917 623 952 664 3,
994 623 1072 658 102,
1121 619 1211 654 nihil
1243 629 1323 652 esse
1358 627 1432 652 non
1465 617 1574 651 modo
1606 615 1645 648 in

153 685 224 719 or„
247 675 311 710 sed
332 674 371 709 in
395 673 492 708 omni
518 673 613 716 vita,
643 671 742 716 prins
767 668 921 704 consilio
945 668 981 712 6,
1005 669 1040 711 5,
1065 668 1122 700 11.
1166 665 1323 700 maxime
1353 662 1489 700 valebit
1526 662 1566 697 in
1588 672 1643 696 or.

150 730 382 756 numerorum
405 721 465 754 ina
488 718 635 754 libertas
656 719 692 761 8,
714 718 749 757 6.
777 718 835 750 20.

105 763 438 822 orthographia·
486 776 532 810 de
555 774 684 819 quibus
719 773 758 808 in
787 768 1042 817 orthographia
1071 779 1184 813 panca
1217 766 1400 801 annotabo
1435 767 1477 807 1,
1507 762 1550 807 4,
1587 766 1643 798 17.

151 823 245 859 orth-
269 833 412 868 quoque
435 821 683 857 consuetudini
713 818 844 862 servit,
883 817 1039 862 ideoque
1060 825 1167 858 saepe
1188 818 1322 848 mutata
1345 818 1399 847 est
1423 814 1456 854 1,
1481 813 1515 850 7,
1542 813 1598 844 11.

106 866 255 911 orm&
300 885 355 915 est
377 885 413 917 et
437 878 527 914 alins
551 876 719 911 naturalis
743 876 856 918 ordo,
883 879 924 907 nt
953 890 997 898 -
1033 877 1191 906 ortum
1225 875 1262 905 et
1294 879 1510 904 occasum
1546 867 1644 900 dicas

149 924 281 970 patim,
306 936 412 970 quam
432 930 628 958 retrorsum
649 923 686 965 9,
708 921 745 962 4,
766 923 825 955 23.
873 925 941 954 ort.
970 917 1154 963 signorum
1181 919 1215 958 1,
1243 915 1276 955 4,
1301 914 1326 948 4
1348 927 1382 949 v.
1408 914 1643 953 Oceanum

150 975 252 1004 ortus
277 969 444 1005 eoelestis
473 972 510 1013 3,
543 972 580 1011 7,
613 969 647 1002 5.
693 966 847 1001 hominis
882 969 1019 998 ortus
1062 974 1110 996 ex
1144 967 1298 1005 utroque
1336 958 1644 1006 gignentium

151 1016 338 1050 confertur
360 1019 396 1058 2,
417 1017 453 1058 9,
472 1017 516 1057 3;
542 1013 707 1048 omnibus
725 1008 950 1057 eloquentiae
972 1007 1133 1054 partibus
1156 1007 1418 1051 exemplum
1439 1011 1476 1040 et
1499 1010 1644 1039 ortum

152 1060 256 1096 dedit
273 1060 495 1105 (Homerus)
529 1062 585 1103 10,
612 1063 646 1103 1,
672 1058 730 1092 46.

107 1103 197 1158 08,
242 1107 344 1148 oris·
390 1117 425 1162 1)
451 1120 562 1150 rictus.
609 1115 652 1159 ι)
677 1116 822 1159 proprie.
867 1111 905 1157 a)
931 1110 1004 1146 oris
1030 1111 1182 1155 humore
1207 1111 1264 1152 11,
1294 1110 1329 1150 3,
1357 1109 1414 1143 56.
1450 1117 1644 1142 concursus

154 1163 229 1198 oris
255 1165 300 1198 ib.
328 1175 396 1198 nec
420 1164 531 1198 verba
556 1162 596 1195 in
618 1160 842 1195 faucibus
862 1158 1016 1203 patietur
1041 1166 1226 1197 resonare,
1251 1166 1320 1188 nec
1343 1153 1445 1188 oris
1471 1153 1643 1187 inanitate

152 1220 322 1244 resonare
350 1212 383 1251 1,
412 1212 469 1251 11,
502 1210 537 1243 6.
564 1206 628 1251 [os
652 1217 795 1251 quoque
818 1204 886 1246 (de
915 1203 1001 1247 coni.
1026 1202 1147 1243 Gesm}
1186 1202 1290 1236 Codd.
1317 1199 1440 1244 atque)
1460 1199 1644 1234 concurrit

154 1257 211 1299 10,
236 1259 271 1298 7,
302 1256 326 1290 8
360 1256 405 1288 Ν.
439 1253 512 1297 cn]
542 1265 623 1287 cum
646 1263 711 1287 ore
739 1255 976 1285 concurrente
996 1247 1106 1282 rixari
1135 1249 1191 1290 11,
1215 1248 1250 1288 3,
1275 1248 1336 1279 121
1369 1247 1415 1280 Ν.
1441 1256 1505 1279 ore
1527 1245 1642 1279 libero

152 1303 198 1335 ih.
223 1300 279 1335 54.
324 1311 414 1336 cavo
443 1306 503 1333 aut
524 1301 644 1343 patulo
679 1299 837 1332 maxime
871 1307 935 1330 ore
968 1296 1003 1337 9,
1038 1293 1074 1335 4,
1109 1295 1173 1335 33ς
1212 1293 1343 1326 ducere
1377 1302 1419 1325 os
1454 1291 1642 1336 exquisitis

150 1346 268 1381 modis
289 1347 325 1389 9,
351 1348 384 1389 3,
411 1348 490 1380 101.
517 1356 558 1380 os
583 1347 633 1386 (a.
661 1348 683 1378 1.
706 1341 848 1386 honos)
872 1342 1099 1386 profanatum
1122 1340 1258 1381 (stupri
1279 1337 1406 1381 genus)
1430 1340 1487 1379 11,
1513 1340 1548 1380 1,
1571 1336 1639 1379 84;

144 1391 252 1426 cibos
275 1403 339 1426 ore
366 1402 432 1426 suo
457 1392 604 1426 collatos
627 1392 687 1432 (de
710 1387 848 1430 avibus)
873 1391 909 1430 2,
932 1388 970 1430 6,
997 1390 1040 1428 7;
1075 1386 1222 1420 vascula
1255 1384 1328 1418 oris
1358 1383 1497 1429 angusti
1525 1386 1568 1424 1,
1604 1386 1639 1425 2,

86 1472 89 1482 ,Α
149 1439 209 1473 28.
256 1439 296 1481 b)
319 1440 476 1482 imprimis
502 1440 746 1470 instrumentum
771 1436 901 1468 dicendi
910 1447 921 1466 .·
955 1437 1058 1466 cantu
1084 1430 1157 1465 oris
1186 1433 1241 1472 11,
1265 1432 1299 1472 3,
1323 1432 1380 1464 23.
1426 1430 1499 1463 oris
1523 1428 1640 1463 facili-

93 1482 99 1486 ’
149 1489 257 1518 tatem
286 1486 341 1526 10,
366 1487 402 1527 7,
426 1484 482 1518 26.
530 1483 604 1516 oris
624 1481 747 1515 habitu
771 1481 829 1524 (a.
853 1484 877 1514 1.
903 1478 1021 1520 hiatu)
1047 1478 1082 1519 9,
1106 1477 1142 1519 4,
1165 1475 1222 1510 34.
1257 1476 1302 1517 cs.
1335 1477 1371 1519 6,
1405 1478 1440 1520 3,
1477 1477 1533 1510 26.
1563 1475 1642 1509 ine-

150 1529 365 1564 mendabilia
392 1529 465 1564 oris
486 1528 713 1563 incommoda
741 1530 796 1568 11,
827 1527 862 1568 3,
888 1528 943 1560 12.
990 1524 1090 1568 quasi
1115 1522 1152 1556 in
1180 1533 1326 1556 recessu
1351 1521 1424 1556 oris
1458 1525 1492 1563 1,
1522 1523 1556 1564 5,
1581 1524 1641 1555 32.

150 1575 266 1609 Etiam
290 1576 352 1609 iua
374 1575 521 1609 fortuita
548 1576 694 1609 aderant
721 1571 862 1613 omnia,
896 1570 1037 1605 vocis
1062 1569 1262 1612 jucunditas
1287 1567 1513 1612 ctaritasque,
1537 1567 1640 1601 oris

151 1621 307 1656 suavitas
331 1622 368 1663 6,
392 1623 452 1656 Pr.
481 1623 538 1654 11.
584 1631 658 1653 non
683 1619 780 1653 oris
809 1617 918 1651 modo
952 1615 1145 1657 suavitate,
1178 1615 1244 1648 sed
1276 1613 1463 1648 narium
1497 1623 1641 1657 quoque

150 1667 278 1718 51516.
304 1666 392 1701 vitia
415 1665 515 1700 oris
540 1671 576 1699 et
608 1665 799 1711 linguae
825 1666 860 1705 1,
901 1663 935 1704 5,
966 1663 1022 1696 32.
1059 1660 1104 1702 cs.
1140 1663 1173 1703 1,
1207 1663 1264 1702 11,
1294 1659 1328 1693 4.
1367 1659 1459 1693 oris
1490 1659 1641 1703 plurima

149 1716 241 1746 vitta
282 1711 320 1745 in
354 1711 580 1758 peregrinum
599 1721 731 1744 sonum
747 1707 931 1752 norrupti,
965 1713 999 1742 et
1034 1718 1079 1740 se
1091 1717 1155 1739 rm
1167 1705 1266 1739 onis
1298 1708 1339 1746 1,
1373 1708 1414 1747 1,
1451 1707 1507 1739 1-3.
1559 1716 1640 1738 oum

153 1757 254 1790 velut
280 1757 438 1800 ipsorum
462 1756 687 1799 (infelicium)
711 1766 775 1789 ore
800 1754 967 1787 dicuntur
989 1751 1128 1795 (mala)
1160 1752 1196 1794 6,
1229 1754 1261 1793 1,
1295 1752 1352 1785 26.
1383 1762 1418 1783 v.
1455 1751 1639 1784 Gestus.

154 1801 362 1835 Labi-um.
405 1802 608 1846 β)1ναηεῖ..·
648 1803 690 1834 de
723 1801 855 1834 «licendi
879 1798 1067 1840 facultaie:
1107 1807 1180 1841 qno
1214 1796 1260 1830 sit
1292 1795 1489 1830 absolutius
1522 1805 1570 1830 os
1605 1802 1641 1830 et

155 1846 362 1890 expressior
384 1857 527 1880 sermo
557 1850 589 1888 1,
617 1849 647 1883 1.
678 1848 737 1880 37.
782 1856 824 1879 os
845 1844 976 1886 facile,
1001 1844 1247 1886 explanatum,
1288 1842 1500 1884 jucundum,
1535 1842 1641 1876 urba-

153 1903 241 1926 num
266 1895 321 1934 11,
346 1894 380 1934 3,
408 1894 465 1925 30.
488 1897 664 1935 promtum
688 1891 734 1925 sit
759 1901 813 1933 os,
837 1900 911 1923 non
937 1900 1127 1934 praeceps3
1152 1889 1384 1933 moderatim,
1408 1897 1483 1920 non
1506 1888 1641 1921 lentum

155 1941 200 1972 ib.
225 1940 282 1972 52.
307 1937 571 1980 suaviloquenti
602 1947 666 1971 ore
690 1936 804 1973 fnisse
823 1938 907 1969 Emi.
930 1937 973 1968 ib.
1004 1935 1060 1968 31.
1110 1939 1190 1967 sunt
1207 1931 1348 1978 qnidam
1374 1932 1542 1976 praeduri
1567 1933 1640 1968 oris

153 1985 190 2027 6,
214 1982 249 2026 4,
284 1985 339 2016 11.
389 1982 491 2026 [ante
525 1983 730 2025 palatum.
764 1991 888 2015 eornm
918 1990 1024 2024 quam
1058 1990 1106 2012 os
1145 1979 1216 2023 (Z.
1249 1979 1395 2020 mores)
1425 1972 1640 2013 institninsus

154 2032 190 2072 1,
216 2032 251 2072 2,
274 2027 336 2072 7.]
380 2027 432 2070 11)
453 2030 476 2061 i.
505 2041 535 2072 q.
553 2027 730 2069 facies.-
774 2026 836 2070 qui
859 2036 909 2060 os
938 2026 1134 2068 oculosque
1169 2024 1260 2058 Gaui
1292 2025 1501 2058 verberaret
1532 2027 1569 2068 2,
1601 2024 1638 2069 4,

158 2077 213 2110 18.
259 2084 334 2107 non
357 2084 436 2107 ora
462 2074 570 2107 modo
603 2082 855 2116 oppressorum
890 2071 954 2104 sed
987 2070 1183 2104 membra
1213 2070 1320 2104 etiam
1358 2069 1476 2103 omnia
1511 2073 1570 2114 11,
1603 2075 1640 2114 2,

156 2123 214 2156 13.
242 2121 372 2153 vulnus
397 2130 462 2154 ore
494 2124 683 2163 exceptum
722 2118 758 2161 6,
795 2119 831 2160 3,
868 2116 925 2151 75.
971 2116 1098 2160 procul
1135 2116 1179 2149 ab
1218 2126 1282 2150 ore
1317 2120 1377 2148 aut
1407 2121 1555 2160 pectore
1585 2119 1641 2160 11,

153 2169 198 2210 3,
231 2166 290 2202 96.

111 2221 201 2274 Os,
243 2222 367 2262 OSSiS·
395 2230 424 2273 1)
447 2233 539 2265 lecta
563 2242 584 2265 e
606 2229 815 2265 vulneribus
834 2239 915 2262 ossa
940 2227 976 2270 6,
1003 2230 1035 2269 1,
1066 2229 1113 2261 30
1135 2227 1183 2260 Ν.
1207 2239 1240 2260 v.
1266 2228 1406 2274 Lego.
1428 2226 1478 2270 11)
1500 2233 1638 2265 transl..-

156 2280 273 2313 nudae
296 2278 378 2311 inae
405 2283 498 2311 artes
521 2297 567 2303 —
590 2287 731 2310 omnem
764 2285 908 2308 succum
931 2273 1063 2319 ingenii
1087 2272 1212 2306 bibunt
1247 2278 1283 2307 et
1314 2284 1421 2308 ossa
1452 2275 1639 2320 detegunt:

157 2337 270 2370 quae,
300 2329 338 2356 ut
363 2334 460 2366 esse,
496 2328 531 2357 et
554 2322 699 2369 astringi
724 2320 846 2356 nervis
873 2319 946 2354 suis
970 2319 1113 2360 debent,
1137 2318 1189 2352 sic
1217 2329 1424 2363 corpore
1448 2321 1641 2365 operienda
1685 2323 1696 2327 ”

104 2383 106 2385 ’
157 2377 238 2404 sunt
266 2371 323 2403 Pr.
350 2367 406 2403 24.

112 2413 338 2456 oscitatio.
383 2435 457 2459 non
478 2425 556 2469 ipse
581 2422 729 2469 (judex)
755 2428 878 2458 nostra
897 2420 1106 2456 oscitatione
1131 2421 1292 2455 solvatur
1318 2423 1375 2464 11,
1398 2423 1432 2466 3,
1454 2425 1489 2458 3.

67 2480 71 2484 ’
113 2468 280 2513 oscito.
326 2484 493 2516 hesterna
516 2492 566 2515 ex
599 2482 655 2524 (a.
686 2485 709 2514 1.
744 2479 834 2523 om.)
865 2478 1048 2523 potatione
1082 2477 1274 2511 oscitantes
1308 2480 1397 2512 cic.
1428 2480 1472 2523 8,
1503 2482 1544 2523 3,
1578 2481 1638 2519 66,

158 2528 333 2573 [quarum
360 2539 440 2561 cum
463 2526 621 2561 omnium
643 2537 736 2561 voce
761 2532 927 2569 tactuque
952 2523 1119 2558 oscitaret
1145 2522 1232 2567 (Sic
1258 2535 1333 2558 var.
1359 2528 1431 2558 lect.
1455 2539 1478 2559 a
1501 2530 1541 2561 P.
1573 2530 1640 2562 Va-

157 2579 259 2609 ciorio
282 2573 441 2616 defensa,
477 2575 503 2606 S
508 2585 546 2616 p.
578 2580 611 2606 et
646 2576 688 2607 Z.
716 2583 847 2609 vocem
882 2575 1084 2614 tactumque
1114 2568 1331 2614 noscitaret)
1366 2573 1482 2609 (ἶσοι.
1515 2571 1561 2617 4,
1595 2577 1639 2618 2,

162 2620 230 2655 124
253 2622 299 2654 Ν.
323 2633 370 2653 cr.

108 2663 332 2712 oseulum.
376 2618 508 2718 gerba,
544 2685 589 2708 ne
621 2672 877 2708 Alexandrinis
922 2672 1066 2718 quidem
1102 2672 1335 2717 permittenda
1370 2673 1532 2719 deliciis,
1565 2668 1640 2709 risu

39 2732 41 2735 ⁴
64 2746 74 2751 -
142 2728 196 2769 het
220 2724 343 2758 osculo
367 2720 567 2766 excipimus
592 2722 624 2762 1,
650 2723 687 2764 2,
709 2722 743 2755 7.
