1702 3054
0 271 21 323 ξ
628 273 869 395 &aetatio-
968 331 971 335 ,
1466 275 1560 312 xlu

0 388 179 458 'dingii
206 403 260 438 et
281 388 519 456 Zumptii
540 405 778 456 operam,
809 386 948 454 quin
968 385 1130 436 etiam
1150 385 1353 450 judicio
1374 388 1558 454 palam

10 470 425 539 pronuntiando
500 473 568 518 de
618 466 1016 536 Supplementis
1057 467 1396 533 Zumptianis
1453 467 1557 518 viri

0 550 160 607 docti
209 550 612 612 abstinuerunt,
665 567 849 616 neque
903 548 1127 597 editioni
1176 548 1556 615 Zumptianae,

12 632 156 687 Guil.
186 630 398 699 Vogelii
433 631 730 698 sumptibus
772 629 991 696 Lipsiae
1036 646 1083 678 a.
1135 633 1278 678 1851.
1326 628 1557 690 emissae,

9 727 226 779 praeter
253 728 338 760 me
369 711 542 778 ipsum
573 729 787 773 censor,
821 710 921 759 nisi
954 727 1097 758 unus
1127 710 1197 758 T.
1232 711 1466 758 Baden
1499 710 1557 758 in

0 792 165 849 *novis
183 791 497 849 {Annalibus
528 791 867 860 Philologicis
901 805 956 840 et
975 789 1360 859 Paedagogicis
1389 792 1481 852 VI,
1512 794 1557 838 4.

0 871 215 940 obtigit.
283 871 539 922 Omnium
566 891 697 923 vero
734 871 1023 921 duodecim
1065 863 1325 920 librorum
1366 888 1557 919 recen-

0 951 212 1014 sionem
247 953 480 1018 suscepit
508 953 668 1021 Aug.
694 954 916 1001 Gotth.
945 952 1324 1013 Gernhard‚
1370 952 1455 1001 vir
1488 955 1558 1000 de

0 1031 359 1100 *grammatica
387 1033 592 1081 hatina
632 1036 770 1082 bene
799 1032 1041 1094 meritus,
1086 1047 1356 1098 notasque
1385 1032 1556 1080 maxi-

0 1128 150 1167 mam
170 1124 374 1174 partem
396 1113 622 1175 criticas,
644 1127 698 1163 et
716 1115 885 1178 paulo
908 1128 1032 1179 post
1060 1113 1327 1172 libellum,
1370 1113 1555 1161 Corri-

0 1193 189 1259 genda
221 1204 277 1243 et
291 1190 566 1241 Addenda
596 1211 663 1242 ex
684 1195 923 1260 Zumptii
941 1194 1341 1260 Supplementis
1374 1192 1552 1242 conti-

0 1273 242 1331 nentem,
277 1271 498 1338 adjecit,
533 1273 754 1340 Lipsiae
783 1278 910 1323 1850
934 1271 1233 1341 sumptibus
1255 1273 1552 1323 Teubneri.

8 1351 504 1405 commendandam
560 1358 705 1403 hanc
762 1355 1053 1404 editionem
1105 1374 1204 1404 nos
1256 1355 1554 1422 praecipue

0 1430 436 1482 'adolescentibus
474 1452 772 1497 censemUS,
808 1450 918 1484 tam
960 1451 1189 1502 propter
1231 1436 1556 1505 elegantiam

5 1513 210 1569 formae
231 1529 396 1578 quam
415 1530 642 1581 propter
672 1516 1072 1578 annotationes,
1106 1535 1177 1564 ex
1204 1517 1400 1583 quibus
1430 1516 1554 1564 satis

9 1595 182 1646 multa
211 1595 284 1647 ad
305 1594 483 1643 studia
512 1613 612 1643 sua
643 1596 959 1662 adjuvanda
985 1601 1302 1663 depromere
1332 1597 1553 1664 possint,

10 1672 53 1722 Si
79 1675 241 1721 modo
270 1672 664 1733 Addendorum
715 1694 875 1743 opem
917 1677 1204 1745 diligenter
1242 1679 1553 1728 adhibeant.

9 1751 86 1805 At
105 1769 235 1804 vero
266 1753 570 1821 diligentius
593 1758 1017 1808 elaboraverunt
1047 1759 1196 1806 docti
1224 1758 1466 1807 homines
1495 1757 1552 1805 in

0 1833 216 1908 >decimo
258 1834 419 1891 libro,
454 1851 618 1900 quem
663 1837 773 1903 jam
813 1854 942 1887 ante
972 1840 1246 1889 Volumen
1277 1839 1361 1898 V„
1406 1854 1555 1885 com-

0 1913 275 1981 ¹mentario
327 1916 744 1980 locupletissimo
802 1933 856 1967 et
920 1919 1168 1985 quinque
1217 1918 1552 1967 Excursibus

12 1988 233 2056 aliisque
244 1993 636 2063 Additamentis
658 1997 996 2060 instructum,
1021 2001 1077 2047 C.
1093 2002 1159 2049 H.
1187 2002 1234 2048 F
1244 2017 1314 2048 ro
1328 2001 1553 2047 tsche-

14 2086 136 2130 τηε,
154 2070 212 2117 in
231 2071 371 2118 libris
390 2087 634 2122 Veterum
657 2079 875 2126 edendis
897 2098 1038 2127 unus
1063 2080 1304 2128 omnium
1324 2078 1555 2126 maxime

12 2151 199 2198 sedulo
225 2164 481 2211 versatus,
495 2168 615 2200 cum
631 2155 850 2204 civitate
862 2159 1097 2206 literaria
1116 2158 1556 2207 communicave-

0 2243 112 2285 ;1·at.
147 2229 378 2294 Recepit
407 2230 496 2277 ille
524 2232 823 2301 Spaldingii
843 2251 1000 2284 notas
1022 2239 1280 2306 integras,
1315 2236 1557 2301 aliasque

13 2309 170 2362 utiles
192 2309 405 2375 adjecit,
428 2313 608 2376 lapsus
642 2328 824 2362 tamen
857 2331 934 2363 est
962 2317 1180 2381 judicio,
1213 2321 1366 2385 quod
1388 2316 1555 2367 Turi-

15 2388 196 2450 censis‚
226 2407 294 2436 ex
316 2392 641 2455 optimorum
666 2400 891 2443 numero
915 2401 1006 2444 sed
1026 2398 1246 2447 mirifice
1268 2395 1557 2464 depravati

16 2467 239 2530 Codicis,
260 2471 638 2521 auctoritatem
660 2474 811 2523 nimis
841 2475 1112 2527 interdum
1134 2479 1378 2547 religiose
1401 2494 1557 2525 secu-

13 2559 222 2626 tuslest.
292 2551 578 2599 Praeterea
611 2552 670 2601 in
698 2554 1074 2624 Germanicam
1105 2560 1348 2627 linguam
1380 2573 1556 2606 trans-

0 2615 162 2687 Kttulit,
234 2629 374 2676 notis
438 2646 562 2696 post
640 2634 941 2685 versionem
1007 2639 1226 2701 additis,
1289 2638 1558 2689 decimum

0 2679 206 3030 Ῑζέδνωη
228 2708 364 2758 Chr.
387 2711 593 2762 Gottl.
613 2714 906 2783 Herzog,
943 2718 1155 2785 Lipsiae
1188 2721 1339 2782 1829,
1377 2733 1555 2783 eoque

53 2784 147 2832 bro
172 2785 370 2837 tirones
392 2807 514 2840 cum
536 2792 721 2858 aliquo
744 2812 841 2844 suo
872 2798 1056 2847 fructu
1079 2814 1321 2860 utentur,
1350 2795 1558 2864 judicio

1166 2883 1194 2912 ε
1214 2882 1241 2909 ο
