1728 3002
523 221 845 265 l'erseverantia
876 244 934 251 —
961 219 1149 262 Persona
1477 191 1485 202 “
1507 220 1589 259 649

54 379 58 382 ,
104 338 198 382 (Sp.
226 346 431 372 communes
453 337 563 380 sunt)
589 345 711 370 earum
738 331 966 379 quaestiones
988 335 1024 376 7,
1046 330 1082 375 4,
1106 330 1153 366 40
1175 335 1220 366 Ζ.
1265 329 1502 376 materiasque
1523 329 1594 373 ipsi

102 384 306 431 fingunt'et
333 384 379 417 ad
402 392 538 417 morem
561 381 740 415 actionum
766 383 1027 423 persequuntur
1052 378 1090 421 4,
1123 381 1157 421 1,
1181 377 1238 411 43.
1282 377 1344 412 ina
1377 377 1593 419 exercitatio

106 435 199 464 totas
223 429 389 464 materias
410 429 472 463 vel
503 428 647 462 silentio
679 424 917 470 persequendi
946 427 1003 465 10,
1039 427 1074 466 7,
1106 425 1163 459 25.
1209 434 1283 457 non
1315 428 1397 457 sunt
1432 424 1593 470 singulae

107 476 247 517 species
273 475 539 520 persequendae
563 474 664 516 6,-1‚
688 473 722 507 ὁ.
749 471 794 513 cf.
821 472 855 514 6,
889 473 925 513 3,
958 472 1016 505 35.
1048 473 1083 510 7,
1119 471 1162 512 9,
1204 471 1268 511 ¹33
1305 481 1400 503 nunc
1432 480 1592 504 eamus

106 530 173 600 plfr
212 521 384 573 singulas·
414 530 596 554 causarum
634 517 852 598 jndicizfim'?
883 522 1031 597 1pangi-s,
1076 526 1164 560 quas
1203 522 1242 549 ut
1278 515 1514 560 persequi
1538 516 1592 550 ad

105 578 119 600 ι
145 573 263 600 umam
288 576 445 608 speciem
470 576 544 600 non
567 575 710 607 possum
767 577 797 598 c.
846 589 857 606 ,
905 588 916 605 ,

59 610 395 653 Pei-severantia.
444 633 525 656 cum
547 620 752 663 praesertim
777 619 954 666 quorund.
979 617 1145 660 probatio
1168 618 1245 651 sola
1271 617 1317 652 sit
1339 617 1378 651 in
1405 628 1594 653 asseve-

105 669 301 703 ratione
329 675 366 703 et
388 667 750 710 perseverantia
778 667 815 710 4,
840 669 875 709 2,
900 664 958 701 94.

59 712 307 756 Persevero.
355 723 396 768 α)
420 724 451 758 si
486 723 798 766 perseveraverint
828 722 846 766 (
857 729 937 767 opit.
974 723 1080 756 Codd.
1120 719 1429 763 perseverarint),
1469 730 1595 762 repre-

92 771 233 805 hensio
256 770 398 806 facilior
421 771 454 813 5,
482 774 516 814 7,
544 769 588 804 14
611 774 652 804 Ζ.
681 769 861 816 Ligarium
888 777 1139 810 perseverasse
1169 770 1225 809 11,
1251 771 1284 809 1,
1310 768 1368 801 80.
1395 766 1432 800 in
1457 768 1595 800 nullum

80 815 82 820 '
103 817 176 861 jam
200 817 382 859 proprium
405 828 506 850 nsum
532 826 799 858 perseveramus
823 817 858 858 6,
881 814 958 848 Pr:
973 815 1027 848 16.
1076 813 1106 846 si
1128 812 1265 847 viribus
1290 812 1592 856 deficiemur,

102 862 221 897 animo
250 863 647 904 perseverandum
671 867 725 896 est
747 860 782 904 4,
805 862 863 895 Pr.
887 864 910 895 7
923 873 932 902 3
961 869 1025 901 ap.
1055 870 1118 893 eos
1143 858 1419 902 (praeceptores)
1443 859 1594 902 juvenes

107 908 215 942 etiam
238 908 324 942 facti
349 913 580 950 perseverant
603 910 639 951 2,
663 910 698 950 2,
722 909 757 942 3.
782 907 830 940 in
853 907 977 940 labore
1011 915 1085 938 uno
1117 913 1352 946 perseverare
1384 907 1427 946 1,
1459 907 1527 946 12,
1556 907 1592 939 4.

106 954 511 995 perseveraverit
556 954 605 987 in
651 963 719 996 eo,
770 953 867 996 quod
907 956 1159 992 coeperat,
1202 961 1247 983 an
1292 950 1424 993 aliquid
1468 951 1594 985 dolore

102 999 303 1033 mutarit
324 1001 359 1041 5,
384 998 420 1042 4,
444 1003 479 1033 2.
525 998 573 1032 in
595 1000 661 1033 hac
685 998 853 1043 opinione
875 1001 1148 1039 perseverantes
1173 999 1228 1037 12,
1255 997 1310 1038 10,
1334 998 1379 1028 27
1388 1008 1397 1037 ;
1425 1004 1595 1036 perseve-

103 1045 264 1079 rantibus
288 1044 413 1079 studiis
437 1048 481 1079 ib.
506 1046 563 1081 79.
587 1045 630 1088 β)
654 1058 721 1090 seq.
750 1043 840 1084 Infit
871 1049 911 1076 ut
934 1042 1092 1076 remedia
1117 1041 1265 1083 perinde
1288 1048 1593 1083 perseverent

105 1090 276 1126 adhibere
298 1092 360 1126 vel
385 1090 606 1125 desinant
634 1092 669 1134 6,
692 1089 728 1132 4,
754 1091 807 1125 19.
834 1089 902 1131 ipsi
919 1093 1194 1130 perseverarunt
1219 1090 1268 1130 (a.
1290 1087 1594 1132 L—-eraveruno

104 1135 160 1171 ire
183 1138 220 1179 ⁷,
243 1138 279 1180 1,
302 1138 359 1171 30.
385 1135 430 1177 cs.
455 1138 491 1183 3,
513 1138 550 1179 8,
575 1138 630 1171 19.
678 1135 715 1169 id
813 1145 833 1168 e
857 1147 917 1182 ea,
953 1145 1044 1179 quae
1079 1133 1223 1175 proprie
1256 1132 1390 1179 signari
1414 1140 1595 1178 poterant,

105 1181 255 1217 circuitu
283 1181 538 1225 coeperint
562 1181 684 1216 enunti
806 1192 849 1215 ac
886 1179 1016 1215 deinde
1046 1178 1412 1222 perseverarint
1444 1183 1503 1224 12,
1535 1182 1593 1224 10,

58 1250 276 1315 Ρθῐδθιὲθι
322 1284 368 1318 Et
387 1283 638 1326 persolverunt
661 1283 731 1328 (sc.
755 1289 926 1327 partem
952 1281 1168 1327 petitam)
1194 1284 1251 1325 11,
1272 1283 1308 1325 2,
1334 1283 1389 1316 12.

3 1368 5 1371 .
53 1327 257 1373 Persona-
305 1340 337 1383 1)
360 1343 504 1374 scenica.
536 1343 578 1380 α)
602 1339 753 1374 scenicis
784 1339 963 1374 actoribus
998 1340 1077 1374 ead.
1105 1349 1184 1373 vox
1222 1340 1303 1380 plus
1336 1339 1402 1372 sub
1441 1347 1595 1380 persona

102 1387 204 1421 valet
225 1386 261 1429 6,
286 1389 320 1429 1,
343 1387 403 1421 26.
447 1386 491 1430 β)
514 1386 630 1420 aliena
656 1396 691 1428 p.
714 1387 754 1429 4,
779 1389 815 1428 2,
840 1387 918 1420 103.
944 1398 978 1419 υ.
1004 1385 1219 1419 Alienus.
1246 1394 1281 1426 p.
1312 1384 1450 1419 comica
1476 1388 1532 1429 11,
1560 1388 1595 1428 3,

8 1471 13 1474 ,
101 1432 161 1467 79.
185 1431 390 1479 tragoediae
413 1433 606 1474 scriptores
630 1431 813 1467 clarissimi
846 1451 893 1458 --
928 1431 1138 1466 auctoritate
1171 1440 1403 1473 personarum
1435 1438 1498 1464 etc.
1538 1434 1594 1472 10,

8 1480 21 1492 '¹
66 1490 72 1494 ⁴
105 1480 141 1520 1,
166 1478 236 1513 97.
270 1479 334 1514 vel
356 1487 479 1520 parum
507 1478 726 1513 conveniens
762 1487 939 1519 personae
971 1478 1064 1511 risus
1100 1481 1164 1520 11,
1199 1478 1243 1520 3,
1282 1478 1358 1512 180.
1403 1486 1595 1519 personam

63 1539 75 1553 .—
99 1522 270 1559 limulis
292 1529 329 1558 et
352 1525 546 1558 cothurnos
572 1530 695 1565 aptare
719 1523 914 1558 infantibus
938 1524 971 1565 6,
1007 1527 1041 1566 1,
1076 1523 1134 1558 36.
1182 1523 1394 1564 histriones,
1434 1534 1515 1556 cum
1546 1535 1595 1557 ex

62 1568 224 1613 :atiquo
247 1569 414 1615 graviore
444 1576 527 1604 actu
551 1579 742 1612 personam
766 1569 1016 1611 deposuissent
1038 1570 1075 1611 6,
1099 1571 1134 1612 2,
1156 1570 1211 1603 35.
1261 1581 1342 1604 cum
1374 1579 1440 1610 per
1469 1580 1595 1603 omnes

103 1620 141 1648 et
162 1623 393 1656 personas
409 1620 445 1649 et
467 1616 679 1650 affectus
698 1621 755 1650 eat
772 1614 974 1657 (comoedia)
987 1617 1108 1659 1‚8,7.
1133 1614 1239 1656 iniis,
1265 1626 1356 1659 quae
1384 1616 1427 1648 ad
1452 1626 1596 1649 scenam

105 1667 387 1703 componuntur,
418 1661 549 1695 fabulis
576 1662 727 1696 artifices
752 1661 1020 1702 pronuntiandi·
1038 1672 1058 1694 a
1081 1661 1245 1702 personis
1281 1671 1424 1705 quoque
1446 1661 1594 1701 affectus

101 1711 309 1745 mutuantur
331 1708 388 1747 11,
409 1708 444 1748 3,
468 1709 526 1740 73.
572 1707 687 1751 major
721 1706 760 1740 in
792 1706 954 1748 personis
986 1706 1191 1741 observatio
1225 1711 1279 1740 est
1312 1707 1406 1748 apud
1439 1706 1595 1753 tragicos

105 1751 335 1796 comicosque
361 1754 417 1793 11,
445 1754 478 1793 1,
503 1753 562 1786 38.
799 1781 808 1788 ,

192 1795 240 1838 11)
266 1799 474 1838 generaliter.
498 1795 541 1839 α)
564 1809 594 1830 e.
622 1796 708 1838 Adi.
722 1811 733 1831 .-
768 1796 875 1832 certis
899 1796 1153 1840 destinatisque
1177 1805 1214 1837 Ρ.
1249 1797 1285 1839 3,
1317 1796 1359 1839 6,
1396 1798 1455 1830 57.
1507 1797 1595 1830 alias

109 1846 265 1883 certam,
297 1841 381 1875 alias
410 1841 580 1876 incertam
607 1851 642 1883 p.
667 1846 703 1884 7,
724 1845 761 1884 2,
783 1843 819 1876 9.
856 1842 902 1884 cs.
934 1845 970 1885 3,
1003 1845 1037 1885 5,
1073 1844 1129 1877 18.
1164 1843 1199 1885 9,
1221 1844 1258 1883 2,
1284 1843 1340 1876 37.
1386 1842 1596 1885 conjunctas

106 1886 264 1920 maxime
289 1895 327 1927 p.
349 1887 386 1929 6,
405 1889 439 1928 2,
463 1886 517 1921 14.
539 1896 577 1928 Ρ.
603 1888 859 1922 convenientes
883 1888 942 1931 iis,
966 1899 1059 1932 qnae
1081 1889 1177 1922 facta
1201 1887 1300 1921 credi
1318 1888 1481 1922 volemus
1498 1887 1534 1931 4,
1557 1891 1594 1932 2,

107 1932 164 1966 52.
190 1941 224 1973 p.
250 1933 466 1966 favorabiles
490 1936 525 1975 7,
551 1936 583 1975 1,
607 1932 665 1966 43.
691 1942 727 1973 p.
755 1933 932 1981 finitarum
959 1936 994 1975 3,
1029 1935 1063 1975 5,
1096 1935 1153 1968 18.
1201 1934 1302 1967 velut
1338 1934 1452 1967 latens
1488 1943 1524 1974 p.
1558 1937 1594 1975 3,

107 1977 145 2019 5,
167 1979 201 2012 9.
226 1987 261 2018 p.
286 1983 448 2018 potentes
474 1979 510 2020 9,
534 1981 569 2020 2,
592 1979 652 2014 68.
674 1987 712 2019 p.
734 1979 905 2020 propriae
929 1981 963 2021 3,
987 1980 1020 2020 5,
1045 1981 1078 2013 8.
1103 1980 1141 2023 β)
1166 1991 1196 2012 c.
1223 1980 1351 2012 Genit:
1376 1979 1596 2025 duaelsimul

106 2023 310 2066 hujusmodi
334 2032 368 2064 p.
392 2023 559 2057 Ciceroni
584 2023 817 2066 obstiterunt,
853 2025 907 2057 M.
939 2024 1113 2067 catonis,
1150 2024 1338 2068 Serviique
1365 2024 1513 2065 Sulpicii
1537 2029 1594 2068 11,

108 2071 143 2111 1,
166 2069 222 2103 69.
245 2069 439 2102 adversarii
464 2078 501 2110 p.
524 2068 560 2111 4,
589 2072 623 2111 1,
651 2071 709 2102 14.
755 2081 776 2102 a
807 2076 929 2104 nostra
967 2075 1003 2103 et
1038 2071 1080 2103 ab
1117 2071 1212 2112 ejus,
1246 2069 1308 2113 qui
1342 2069 1523 2112 dissentit,
1556 2080 1592 2112 p.

106 2116 144 2158 3,
167 2115 203 2156 8,
244 2116 278 2148 8.
315 2123 348 2155 Ρ.
383 2125 531 2160 magnae
566 2132 612 2139 —
639 2125 786 2159 regum,
820 2115 1048 2157 principum,
1091 2116 1239 2157 populi,
1284 2121 1427 2150 senatus
1457 2118 1502 2149 ib.
1534 2117 1592 2151 61.

109 2159 534 2239 geezifsuffizffinl’:
564 2160 805 2238 issimi&
823 2173 873 2238 13·
908 2158 1323 2240 ””Ῑὲ”’.ι.’)..ἒῖἕῖἰ“ἓο
1363 2161 1426 2241 .ἳὲ
1459 2172 1593 2241 mim

106 2251 235 2292 positis
259 2215 446 2294 qualeratur
469 2250 502 2292 3,
526 2251 560 2292 6,
582 2251 639 2284 25.
664 2250 703 2284 in
730 2217 1045 2285 dis'cendoqiimari
1073 2215 1410 2295 necessariumrgst,
1433 2219 1538 2296 {sugg
1554 2220 1594 2295 {a

111 2304 172 2330 etc.
198 2299 253 2338 12,
276 2298 311 2338 8,
338 2296 392 2330 14.
437 2296 468 2330 si
490 2297 585 2329 sorte
609 2297 654 2329 sit
681 2297 757 2339 ejus
781 2306 816 2337 p.
845 2297 948 2340 talis,
984 2302 1023 2330 ut
1047 2296 1099 2331 illi
1128 2299 1301 2332 debeatur
1329 2299 1531 2332 reverentia
1556 2301 1593 2342 6,

110 2345 145 2383 1,
173 2343 229 2376 50.
254 2341 294 2375 in
317 2353 385 2386 qua
408 2341 598 2384 (materia)
625 2343 724 2376 nulla
745 2344 920 2386 varietas,
952 2344 1074 2376 nullus
1095 2345 1332 2387 affectus,
1359 2345 1457 2379 nulla
1480 2354 1594 2386 pertz.

114 2394 176 2420 etc.
205 2387 250 2420 sit
276 2389 332 2427 10,
363 2391 395 2429 1,
421 2387 476 2422 55.
497 2393 536 2420 ut
559 2387 632 2421 rei
655 2389 794 2430 pondus
827 2388 931 2423 etiam
966 2398 1002 2429 p.
1033 2389 1219 2423 confirmet
1253 2391 1297 2431 8,
1327 2391 1373 2431 5,
1407 2391 1442 2424 8.
1486 2397 1594 2432 prout

104 2443 230 2476 'quaeq
246 2444 366 2466 neres
390 2443 432 2466 ac
455 2442 658 2474 persona
677 2433 1032 2476 desiderat6,3‚104.
1058 2435 1133 2476 sip.
1149 2437 1305 2470 obstaret
1316 2437 1595 2472 rectaeorationi

110 2479 146 2518 9,
170 2480 205 2520 2,
229 2480 286 2513 79.
311 2484 383 2512 tam
406 2479 499 2513 salse
522 2490 628 2523 quam
652 2490 780 2514 severe
805 2479 948 2514 dicendi
972 2478 1164 2523 (species),
1195 2492 1282 2525 quas
1306 2488 1459 2522 praestat
1483 2491 1594 2526 pers.‚

110 2524 214 2557 locus
235 2532 294 2558 ele.
321 2527 356 2567 3,
382 2527 438 2566 10,
465 2528 496 2557 1.
523 2525 591 2558 nisi
618 2524 647 2558 si
674 2530 792 2559 tamen
821 2535 854 2567 p.
881 2535 946 2559 nos
970 2526 1173 2566 prohibebit
1204 2528 1241 2569 6,
1275 2530 1306 2568 1,
1335 2527 1393 2561 34.
1440 2539 1521 2562 cnm
1555 2528 1593 2562 in

110 2570 193 2602 loca
217 2570 331 2614 aliqua
354 2575 435 2611 post
458 2575 596 2611 tempus
618 2571 757 2605 reversi
783 2583 902 2605 sumus
927 2587 974 2594 —-
997 2581 1171 2612 personae
1196 2573 1348 2607 subeunt
1379 2581 1441 2608 etc.
1476 2578 1533 2616 11,
1558 2578 1592 2617 2,

26 2624 41 2659 ές
114 2617 170 2648 17.
193 2614 231 2657 ὃ)
258 2617 389 2650 Genit.:
424 2617 631 2657 complexus
656 2627 810 2650 rerum
833 2626 1205 2663 personarumque
1228 2621 1263 2661 2,
1293 2622 1326 2662 1,
1347 2620 1380 2654 9.
1407 2632 1438 2653 v.
1470 2619 1593 2654 Com-

25 2668 60 2708 ᾗ,
113 2661 302 2701 plexus.
329 2661 526 2695 differentia
553 2671 781 2703 personarum
809 2665 863 2704 12,
897 2665 952 2704 10,
985 2666 1043 2698 70.
1080 2674 1116 2705 Ρ.
1157 2664 1345 2698 discrimen
1371 2667 1414 2698 ib.
1447 2664 1507 2702 44.
1555 2666 1591 2699 in

46 2707 67 2751 ξ·
114 2714 291 2746 personae
312 2707 456 2741 fictione
479 2709 514 2750 9,
541 2709 575 2749 3,
597 2709 654 2742 89.
684 2711 740 2750 11,
766 2712 798 2749 1,
816 2710 873 2743 39.
898 2719 1063 2752 rerum,
1086 2720 1405 2754 personarum,
1432 2722 1593 2745 vocum

15 2746 71 2819 ”r
94 2761 220 2832 2¹32&
189 2751 343 2832 ..ze-32
365 2755 411 2833 {a
427 2755 1231 2842 {3ffl03‘2f03’0'3m22¹¹⁰3.553„2‘.{⁹¹.2{.‡233;
1254 2756 1593 2844 fflfigff‘sszff

50 2826 54 2833 .
95 2822 97 2825 .
330 2824 342 2843 ,
599 2824 611 2843 ,
658 2824 670 2843 ,
773 2819 786 2833 .-
1288 2825 1296 2836 .
1368 2828 1376 2836 .
1556 2828 1565 2838 .
1579 2818 1590 2837 .-
