1728 3002
177 185 259 226 590
691 177 883 221 Occasus
914 203 967 214 -
1001 177 1177 238 Occupo

220 309 290 345 qne
315 295 374 342 (in
398 294 602 340 conjectura)
626 292 976 338 difficultates,
1001 305 1023 329 o
1039 295 1294 339 ccasione's
1317 301 1362 342 7,.
1377 300 1415 343 2,
1434 298 1492 335 45.
1519 312 1610 345 quae
1629 313 1712 339 000,

218 346 289 380 fuit
314 343 455 378 dicendi
481 344 538 384 12,
570 344 624 383 10,
649 343 683 375 3.
732 340 899 385 quotiens
923 346 1018 375 esset
1041 352 1117 376 occ.
1143 342 1178 385 2,
1203 342 1239 386 4,
1270 346 1329 378 27.
1376 345 1442 379 Ex
1464 348 1628 382 omnibus
1654 361 1715 383 ar-

220 396 471 440 gumentorum
495 387 584 422 locis
608 388 686 422 ead.
715 397 794 421 occ.
822 392 875 421 est
898 387 933 430 6,
960 389 995 430 3,
1023 387 1081 422 65.
1130 400 1210 422 cum
1236 390 1446 429 occasiones
1476 392 1536 436 (a.
1560 398 1583 428 1.
1605 406 1713 429 accu-

220 435 402 479 sationes)
427 441 463 469 et
490 445 539 468 ex
564 434 681 468 causis
705 439 741 467 et
764 444 812 467 ex
830 432 934 467 dictis
969 435 1255 469 adversariorum
1285 444 1346 470 etc.
1372 438 1532 472 oriantur
1553 440 1588 484 6,
1618 444 1650 484 1,
1678 444 1711 477 5.

218 496 297 519 rara
321 485 410 516 haec
433 492 512 516 occ.
538 485 612 523 est,
645 485 691 514 ut
714 479 843 514 referri
865 479 1004 524 possint
1030 480 1143 515 divini
1164 482 1324 516 honores
1356 485 1390 527 3,
1422 487 1458 527 7,
1492 487 1555 528 173
1595 486 1712 522 occa-

222 530 315 565 sioni
339 538 429 564 vero
454 533 490 561 et
514 526 552 560 in
579 527 686 560 rebus
711 532 765 560 est
791 531 889 560 tanta
919 526 995 569 vis,
1039 533 1078 561 ut
1112 539 1219 572 saepe
1251 528 1362 573 adjuti
1395 541 1439 564 ea
1470 541 1545 566 non
1576 531 1714 568 indocti

219 577 352 619 modo,
388 575 452 608 sed
476 573 584 607 etiam
610 571 735 606 rustici
760 573 853 606 salse
879 571 997 607 dicant
1020 573 1054 616 6,
1079 575 1114 617 3,
1139 577 1194 609 13.
1242 575 1279 619 y)
1305 579 1491 610 Accusata
1527 589 1632 622 quam
1655 581 1716 614 det

221 622 331 658 aliis
355 631 613 664 nonnunquam
639 618 867 653 occasionem
889 618 949 652 hic
972 619 1186 654 miserorum
1209 626 1323 655 metus
1348 625 1438 666 1.V3‚
1465 625 1521 658 17.
1547 623 1591 666 cs.
1619 625 1655 668 6,
1679 627 1716 670 3,

220 672 277 706 87.
327 668 428 712 cujus
452 677 492 700 se
521 665 664 700 occasio
688 665 826 699 dederit
852 667 907 708 12,
942 668 974 707 1,
1013 669 1069 700 12.
1118 677 1196 701 occ.
1230 668 1403 702 clamandi
1434 669 1629 716 largiantur
1658 674 1716 714 12,

221 718 257 759 8,
279 718 314 749 2.
364 715 441 748 sola
463 712 590 746 melius
615 711 758 746 dicendi
784 710 914 756 petitur
937 722 1015 746 occ.
1039 713 1074 755 9,
1098 716 1134 756 2,
1163 713 1218 749 96.
1265 724 1340 747 non
1374 714 1550 750 minorem
1573 717 1718 765 flagi-

218 761 303 796 tiis
329 759 557 795 occasionem
578 763 717 793 secreta
740 758 969 802 praebuerint
993 761 1026 801 1,
1050 761 1085 801 2,
1110 758 1144 804 4„
1192 760 1340 803 praebet
1364 761 1440 804 ejus
1470 762 1526 796 rei
1563 773 1640 797 occ.
1681 765 1716 807 5,

221 811 279 851 13,
303 809 359 842 31.
387 805 433 847 cf.
459 806 494 847 6,
519 807 552 846 3,
576 807 635 840 56.
682 816 730 838 ex
752 804 874 839 verbis
898 814 977 838 occ.
1015 804 1244 849 turpitudinis
1277 817 1404 851 rapere
1437 808 1474 851 8,
1504 810 1540 851 3,
1573 808 1634 844 47.
1680 806 1715 854 δ)

219 858 360 889 Alunt..-
406 857 587 885 mutantur
628 852 798 896 pleraque
840 850 1021 894 causiS,
1069 851 1394 896 temporibus,
1433 854 1716 899 occasione,

221 898 526 935 necessitate
554 901 589 941 2,
617 899 675 941 13,
700 900 735 931 2.
782 896 952 941 plurimas
976 907 1066 940 occ.,
1093 898 1220 942 quibus
1252 899 1295 932 ab
1320 909 1365 933 eo
1393 898 1540 941 Clodius
1571 900 1718 946 impune

220 946 339 982 occidi
362 943 519 990 potuerit
542 948 577 987 7,
601 947 637 987 2,
663 942 721 978 43.
750 942 947 977 maledicus
971 955 992 977 a
1014 944 1177 979 malefico
1202 955 1276 978 non
1299 944 1425 988 distat,
1461 946 1532 982 nisi
1555 957 1632 982 occ.
1659 951 1717 992 12,

220 996 256 1037 9,
280 995 316 1030 9,
373 990 485 1035 adjuti
509 1001 610 1034 occ.,
635 1001 682 1024 ne
710 1001 793 1023 eum
820 989 943 1023 talium
966 1001 1112 1033 precum
1137 992 1269 1035 pudeat
1291 992 1326 1029 6,
1351 993 1386 1034 3,
1413 993 1470 1028 13.
1517 994 1614 1027 ducti
1637 1005 1718 1030 occ.

220 1038 363 1074 dicendi
387 1038 421 1079 5,
449 1039 505 1080 13,
531 1038 588 1071 31.
634 1037 704 1070 hac
726 1036 786 1079 illi
805 1046 894 1079 opus
919 1041 972 1070 est
997 1047 1074 1070 occ.
1100 1039 1136 1080 3,
1163 1038 1199 1080 8,
1233 1035 1279 1071 47
1305 1038 1353 1072 Ν.
1379 1045 1410 1071 et
1434 1040 1469 1071 S.
1516 1040 1720 1075 occasioni-

217 1088 284 1121 bus
311 1085 485 1119 utendum
511 1084 547 1127 9,
574 1081 611 1125 4,
637 1083 725 1126 117,
763 1094 822 1116 ex
850 1092 928 1116 occ.
957 1081 1107 1116 dicimus
1126 1083 1161 1127 4,
1188 1085 1222 1126 3,
1246 1083 1302 1118 16.
1349 1084 1541 1129 praecipue
1564 1086 1720 1131 positum

218 1144 298 1168 esse
322 1132 359 1166 in
386 1136 560 1164 natura
593 1128 692 1163 etin
716 1139 811 1163 occ.
840 1128 876 1172 6,
901 1130 936 1171 3,
962 1131 1018 1163 11.

173 1178 383 1221 Occasus.
442 1193 598 1223 ortum
625 1192 908 1228 enoecasum
933 1185 1122 1228 (naturalis
1150 1184 1254 1228 ordo)
1278 1185 1314 1231 9,
1338 1185 1373 1230 4,
1398 1188 1457 1223 23.
1484 1194 1615 1224 ortus
1640 1199 1719 1224 oc-

219 1245 451 1278 casusque
474 1234 658 1280 signorum
683 1236 718 1275 1,
742 1231 778 1275 4,
802 1231 839 1267 4.
1410 1239 1414 1242 ·

173 1280 352 1324 occido·
397 1290 552 1326 celerius
577 1290 745 1324 occidere
769 1289 972 1324 festinatam
998 1288 1239 1324 maturitatem
1260 1290 1295 1334 6,
1319 1292 1378 1331 Pr.
1403 1293 1460 1326 10.

173 1337 350 1381 Οοοῑάο.
398 1347 442 1393 α)
463 1359 544 1382 sese
567 1348 734 1382 occidere
760 1347 795 1389 5,
820 1349 878 1390 10,
905 1347 963 1381 69.
1007 1346 1187 1380 hominem
1212 1346 1438 1382 occidere
1461 1359 1570 1393 saepe
1591 1341 1720 1394 virtus,

218 1395 353 1429 liberos
377 1404 581 1437 necare,
611 1404 871 1436 nonnunquam
894 1391 1175 1435 pulcherrimum
1198 1398 1254 1426 est
1277 1395 1334 1435 12,
1357 1396 1390 1436 1,
1413 1395 1471 1428 37.
1519 1405 1600 1428 cum
1625 1407 1721 1439 eum,

219 1440 281 1487 qui
304 1440 351 1475 sit
379 1452 431 1475 ca
446 1451 577 1483 esuS,
616 1439 828 1473 occisum
853 1437 1003 1471 dicimus
1027 1439 1063 1480 8,
1087 1437 1122 1480 4,
1148 1441 1179 1472 1.
1228 1437 1259 1471 si
1281 1439 1327 1472 ab
1346 1438 1492 1473 homine
1519 1441 1720 1476 occidendo

219 1492 398 1535 grassator
422 1486 468 1521 sit
492 1486 709 1521 avertendus
738 1488 795 1527 12,
824 1487 858 1527 1,
882 1485 938 1519 39.
964 1482 1011 1526 β)
1036 1485 1163 1518 Partic.
1187 1487 1302 1517 Praet.
1318 1498 1329 1518 .·
1355 1485 1537 1519 hominem
1559 1484 1728 1522 occisum*

219 1543 353 1578 queror
375 1533 411 1576 6,
435 1535 470 1575 2,
493 1534 550 1567 31.
596 1531 717 1566 occisa
742 1530 1026 1575 Clytaemnestra
1046 1547 1091 1554 —
1124 1539 1201 1563 occ.
1235 1529 1485 1576 Agamemnon
1519 1534 1553 1574 3,
1591 1535 1648 1577 11,
1685 1535 1720 1578 5,

218 1579 257 1613 in
283 1589 436 1622 corpore
460 1577 573 1613 occisi
600 1579 635 1621 5,
662 1581 720 1622 12,
746 1580 780 1611 2.
810 1575 983 1619 Occisus,
1010 1580 1128 1608 utrum
1151 1576 1251 1610 ferro
1275 1587 1322 1610 an
1342 1575 1454 1624 igne?
1479 1577 1516 1620 6,
1544 1580 1577 1622 1,
1603 1581 1648 1615 18
1671 1580 1719 1614 Z.

174 1624 448 1680 occipitium·
487 1634 647 1669 humeris
672 1636 717 1669 ad
741 1645 819 1669 occ.
844 1633 960 1667 ductis
985 1634 1041 1675 11,
1070 1633 1105 1674 3,
1131 1633 1211 1667 160.

175 1680 382 1724 OccludO.
440 1698 480 1726 ut
505 1693 603 1727 Nero
631 1693 677 1726 de
709 1702 817 1727 servo
841 1690 999 1735 pessimo
1024 1688 1135 1723 dixit:
1160 1705 1207 1711 -
1227 1688 1319 1724 nihil
1345 1689 1380 1724 ei
1417 1694 1536 1737 neque
1559 1694 1722 1728 occlu-

166 1761 181 1766 ν-
222 1751 314 1779 sum
340 1739 426 1783 (Sp.
457 1738 622 1781 clusum)
647 1749 766 1783 neque
791 1737 1035 1784 signatum
1061 1746 1141 1769 esse
1169 1737 1256 1770 Cic.
1283 1735 1318 1779 6,
1343 1738 1378 1780 3,
1403 1737 1459 1772 50.

176 1783 355 1828 occulo·
414 1795 456 1841 α)
494 1800 590 1830 Part.
627 1800 773 1830 Praes..·
804 1805 912 1839 saepe
935 1793 1022 1838 ipsis
1047 1803 1091 1827 ea
1116 1790 1259 1835 (vitia),
1284 1793 1344 1838 qui
1367 1793 1632 1842 sanandi-sunt,
1656 1806 1723 1831 oc-

221 1842 421 1877 culentibus
451 1845 508 1886 12,
535 1844 570 1886 8,
597 1845 651 1877 10.
698 1840 738 1888 β)
767 1845 862 1875 Part.
890 1844 1004 1873 Praet.
1018 1853 1029 1872 .·
1067 1850 1193 1872 aurum
1217 1841 1398 1877 occultum
1434 1841 1603 1876 habuisse
1625 1844 1661 1885 7,
1686 1844 1721 1885 1,

219 1892 278 1924 30.
325 1890 435 1923 telum
458 1889 547 1923 illud
571 1899 650 1923 occ.
676 1889 712 1930 9,
735 1891 771 1931 2,
796 1887 866 1930 75;
891 1893 1062 1930 tanquam
1090 1886 1334 1919 occultum
1363 1891 1399 1919 et
1422 1897 1443 1919 a
1466 1898 1505 1922 se
1528 1889 1723 1931 prudenter

222 1941 410 1970 erutum
435 1934 471 1978 4,
497 1938 534 1978 2,
563 1935 623 1970 60.
670 1945 728 1968 ars
753 1945 831 1968 occ.
860 1935 906 1966 ib.
928 1932 987 1967 58.
1019 1943 1054 1965 v.
1086 1929 1194 1966 Ars.
1243 1941 1322 1965 occ.
1359 1932 1532 1966 calliditas
1560 1935 1598 1977 2,
1621 1935 1658 1976 5,
1683 1936 1721 1969 7.

222 1981 275 2015 illi
301 1982 364 2016 vel
388 1992 468 2017 occ.
492 1982 622 2028 gradus
647 1981 681 2022 9,
703 1979 738 2023 4,
768 1981 828 2015 67.
859 1989 950 2024 quae
984 1977 1147 2011 occultos
1175 1987 1299 2011 sensus
1322 1978 1456 2012 habent
1483 1979 1518 2021 8,
1548 1981 1583 2021 2,
1607 1981 1655 2014 20
1685 1991 1722 2017 v.

224 2027 452 2072 Apertus3
479 2038 560 2062 occ.
584 2027 642 2063 vis
668 2029 700 2070 1,
729 2028 785 2070 10,
811 2029 853 2069 73
877 2025 957 2059 illas
982 2022 1288 2058 occultiores
1311 2023 1539 2068 quaestiones
1563 2028 1646 2069 7,1,
1664 2022 1723 2061 40.

178 2071 434 2115 O'ccultatio.
481 2083 571 2128 (fig.
601 2096 661 2128 ap.
690 2080 888 2125 Carnis.)
912 2083 947 2125 9,
973 2082 1010 2124 3,
1035 2081 1093 2116 98.

179 2129 416 2220 Οὲὓῐὼίῑίἓι
475 2141 673 2175 dissimulat
696 2151 760 2176 eos
785 2136 990 2184 (numeros)
1024 2143 1061 2173 et
1083 2141 1227 2171 'tantum
1261 2136 1458 2172 communit
1488 2126 1665 2173 occultius
1684 2139 1723 2184 9,

253 2214 263 2230 ,
295 2190 352 2221 21.
1108 2209 1119 2212 -

180 2241 377 2285 OCCUltO·
425 2257 555 2301 quaed.
581 2254 755 2300 requisita
777 2265 827 2288 se
851 2253 1116 2294 occultant,
1144 2255 1185 2302 et
1210 2251 1287 2284 ead.
1310 2251 1408 2285 forte
1433 2257 1724 2286 succurrunt

226 2304 282 2344 11,
305 2305 339 2343 2,
368 2304 404 2336 7.
453 2302 594 2345 oratio,
628 2303 729 2346 cujus
752 2300 904 2336 virtutes
927 2300 1136 2342 frequenter
1158 2296 1332 2330 mdustria
1371 2307 1514 2342 quoque
1537 2299 1725 2333 occultan-

223 2352 282 2380 tur
306 2350 363 2389 10,
393 2350 426 2390 1,
457 2350 515 2383 20.
562 2348 593 2382 si
619 2359 711 2393 quae
736 2352 819 2380 sunt
844 2351 937 2380 artes
957 2344 1126 2385 altiores,
1167 2344 1378 2388 plerumque
1407 2344 1650 2387 occultantur,
1675 2349 1727 2378 nt

224 2398 324 2472 arte}
346 2393 416 2427 sint
425 2395 475 2476 98,
500 2396 535 2438 3,
557 2397 593 2429 2.
640 2393 702 2428 illa
724 2398 890 2428 veterum
913 2390 1011 2426 circa
1038 2389 1284 2424 occultandam
1318 2389 1559 2434 eloquentiam
1582 2389 1725 2424 simulm·

225 2443 275 2471 tio
326 2465 337 2482 ,
364 2443 397 2481 1,
450 2465 459 2474 .

181 2491 372 2549 occupo.
419 2509 452 2551 Ι)
481 2509 508 2544 i.
537 2521 568 2552 q.
595 2509 756 2550 capto,
791 2506 986 2539 obsideo.
1024 2503 1067 2544 a)
1090 2502 1151 2536 An
1182 2503 1336 2536 fundum
1366 2502 1602 2546 occupaveris
1626 2503 1663 2546 9,
1685 2505 1723 2549 2,

229 2553 284 2584 12.
333 2557 428 2586 terra
452 2554 611 2588 sentibus
640 2564 682 2587 ac
706 2552 804 2586 rubis
831 2555 1006 2596 occupata
1030 2551 1086 2592 12,
1117 2552 1151 2592 1,
1186 2552 1229 2592 73
1262 2548 1489 2593 tyrannidem
1513 2544 1723 2592 occupem&

228 2598 285 2638 11,
310 2598 352 2638 83
392 2605 661 2643 praeceptores,
690 2599 751 2643 qui
776 2598 950 2640 libenter,
979 2605 1068 2641 quos
1093 2600 1472 2639 occupaverunt,
1498 2594 1723 2629 detinent

229 2644 286 2684 12,
312 2645 368 2685 11,
396 2643 451 2681 14,
498 2650 611 2678 totum
637 2645 729 2679 diem
755 2654 932 2687 occupare
957 2645 990 2685 1,
1016 2644 1073 2684 12,
1103 2643 1160 2675 13.
1183 2640 1229 2682 cs.
1258 2643 1327 2684 10,·
1353 2643 1388 2683 7,
1413 2642 1472 2674 27.
1517 2640 1564 2685 β)
1587 2648 1724 2680 βορο-

230 2694 514 2731 cupaturum
537 2691 629 2724 hanc
655 2690 906 2725 condicionem
937 2687 1087 2721 fuisse
1111 2687 1145 2729 5,
1178 2687 1213 2729 6,
1247 2687 1279 2723 5.
1327 2691 1516 2721 vacantem
1547 2695 1722 2729 occupare

229 2734 349 2766 locum
377 2735 413 2775 8,
436 2735 471 2777 6,
499 2738 551 2769 18.
579 2735 626 2777 cs.
652 2739 708 2779 10,
735 2735 771 2779 4,
794 2738 828 2770 5.
878 2736 1053 2769 desertam
1077 2738 1214 2777 partem
1241 2731 1423 2773 ,oratoriae
1457 2730 1541 2764 artis
1568 2741 1724 2775 oocupa-

230 2784 363 2814 verunt
386 2780 444 2821 Pr.
474 2783 529 2815 17.
556 2782 777 2816 omissam
799 2782 891 2815 hanc
915 2781 960 2815 ab
984 2779 1186 2814 oratoribus
1219 2783 1354 2822 partem
1392 2785 1654 2820 occupasse
1685 2780 1722 2821 2,
