1728 3002
150 159 243 226 712¹
637 185 878 239 Proprietas
909 209 965 216 —
995 183 1195 240 Proprius

195 303 312 332 menta
336 298 516 340 defensor,
541 302 576 331 et
597 297 741 332 interim
764 297 1155 344 generaliter—i
1235 297 1283 332 im
1303 298 1494 344 proprie
1515 302 1550 342 7,
1562 301 1598 341 2,
1615 301 1673 334 31.

194 356 226 377 v.
259 343 573 384 Generaliter.
601 355 655 388 pr.
675 343 763 378 mihi
786 343 891 388 hujus
918 343 1071 379 nominis
1095 354 1116 378 e
1260 344 1329 379 nde
1351 351 1478 398 natura
1497 350 1552 380 est
1576 346 1614 389 6,
1641 348 1676 388 2,

196 393 252 423 12.
278 389 497 424 similiter
524 389 562 423 in
587 390 772 425 vocabulis
805 396 840 425 et
873 390 1074 425 nominibus
1103 390 1144 424 fit
1246 389 1396 425 ecismus
1426 400 1578 438 genere,
1613 403 1682 426 nu-

196 446 312 479 mero,
337 447 404 482 pr.¹
422 441 539 470 autem
563 436 701 470 casibus
729 440 764 478 1,
795 437 836 480 5,
858 435 904 472 45
928 438 973 471 Ν.
999 448 1060 482 pr.
1087 441 1123 470 et
1147 435 1499 483 significanter
1520 447 1596 476 rem
1622 437 1681 471 in-

197 481 315 516 dicare
341 484 405 525 12,
431 484 495 526 10,
523 485 579 518 52.
610 494 691 516 cum
715 495 777 528 pr.
805 489 841 517 et
865 484 921 518 ad
943 485 1092 529 legem
1117 481 1263 528 ipsam
1286 482 1507 526 veritatis
1528 483 1679 527 toquen-

197 529 282 562 dum
305 527 372 562 erit
401 531 455 571 12,
483 531 515 572 1,,
545 530 598 564 19.
623 529 744 575 figura,
770 541 875 573 quam
897 540 971 563 non
996 528 1310 563 communiter
1338 529 1402 563 sed
1425 540 1489 574 pr.
1515 528 1680 563 nomina-

197 584 274 607 mus
297 575 339 616 9,
366 576 405 618 1,
429 575 487 608 23.
513 575 576 609 cur
598 576 686 609 haec
709 587 763 620 pr.
791 575 853 609 tali
875 575 1018 610 nomine
1046 574 1177 609 notarit
1199 576 1240 618 9,
1265 576 1307 617 3,
1330 574 1390 610 47.
1418 586 1473 620 pr.
1499 575 1543 608 ad
1564 580 1681 609 ‘artem

198 619 389 654 oratoriam
411 619 591 665 pertinere
617 624 663 664 2,
691 623 756 664 10,
787 622 843 656 15.
892 620 936 663 cs.
961 621 1021 656 Pr.
1050 623 1105 655 11.
1132 632 1223 665 quae
1253 631 1318 666 pr.
1346 619 1477 675 signari
1504 626 1683 665 poterant,

197 664 404 700 circuitu
436 666 622 712 coeperint
645 667 830 702 enuntiare
857 669 922 707 12,
949 669 1012 710 10,
1040 667 1095 701 16.
1129 678 1185 711 pr.
1208 667 1397 712 hyperbati
1429 672 1527 701 tenet
1547 677 1681 702 nemen

195 712 238 764 8,
258 712 305 757 ,6,
333 711 390 747 65.
415 713 678 758 antiquissimae
701 720 802 758 sunt,
827 725 917 758 quae
939 725 1014 758 pr.‚
1050 712 1213 758 quamvis
1236 713 1402 747 omnibus
1427 711 1523 747 idem
1551 715 1682 785 nov

194 763 252 801 sit,
276 758 474 794 sententiae
498 766 675 795 vocentur
696 762 731 804 8,
758 762 791 803 5,
815 762 848 795 3.
885 759 931 802 cs.
957 760 991 802 5,
1017 762 1072 800 11,
1100 759 1135 794 6.
1173 759 1210 803 6,
1237 761 1273 803 2,
1296 761 1352 793 20.
1384 771 1416 793 v.
1444 757 1544 793 Gur.

149 813 404 869 Proprietas·
451 826 494 870 Ι)
518 826 560 872 α)
584 830 710 871 Singul.
725 842 736 862 .·
774 827 885 873 ipsius
911 825 1090 872 (arboris)
1114 837 1182 871 per
1206 837 1245 861 se
1268 827 1367 860 nulla
1397 837 1451 871 pr.
1481 829 1530 870 8,
1555 827 1606 871 6,
1622 823 1680 862 58.
1700 814 1702 819 ’

158 879 160 882 ’
194 882 228 905 υ.
253 872 480 917 Proprius
503 875 530 908 Ι.
567 874 737 919 expressa
770 886 824 920 pr.
852 874 1012 908 omnium
1034 872 1218 907 literarum
1245 872 1286 915 6,
1310 873 1368 910 Pr.
1402 874 1469 916 11,
1504 883 1579 907 non
1610 879 1681 907 tam

194 927 312 952 mores
335 930 440 962 quam
467 921 611 965 morum¹
634 921 760 966 quaed.
782 920 983 966 proprietas
1006 919 1042 963 6,
1059 921 1102 961 .2,
1124 919 1160 954 9.
1191 918 1236 952 de
1258 929 1379 952 rerum
1398 929 1452 962 pr.
1475 919 1520 958 8.
1544 918 1606 954 Pr.
1625 921 1678 953 10.

192 964 384 998 verborum
408 977 463 1010 pr.
490 967 547 1000 Pr.
577 967 632 1002 16.
657 968 691 1010 5,
717 966 774 1010 14,
801 965 858 1001 34.
886 969 944 1010 10,
969 969 1001 1009 1,
1027 967 1106 999 121.
1133 963 1178 1006 cf.
1202 965 1248 1008 8,
1271 963 1358 1009 Cap.
1383 967 1418 998 2.
1445 964 1605 1008 quaestio
1627 964 1681 1009 ju-

195 1008 243 1042 ris
268 1011 382 1044 omnis
406 1018 466 1046 aut
488 1013 681 1048 verborum
702 1013 920 1058 proprietate
949 1019 1007 1046 etc.
1035 1010 1239 1062 contin'etur
1262 1012 1318 1054 12,
1345 1012 1380 1051 2,
1405 1012 1463 1045 19.
1486 1010 1544 1045 cui
1567 1009 1598 1044 si
1621 1022 1680 1045 res

194 1057 302 1090 modo
329 1056 490 1093 indicare
514 1059 598 1093 satis
627 1065 741 1100 esset,
773 1059 865 1105 nihil
893 1060 987 1092 ultra
1008 1058 1203 1093 verborum
1228 1055 1480 1102 proprietatem
1502 1057 1680 1091 laboraret

196 1103 258 1144 12,
285 1104 349 1144 10,
374 1102 430 1138 43.
467 1106 661 1139 verborum
685 1105 759 1140 vis
785 1116 828 1139 ac
848 1115 960 1150 prop
971 1115 1003 1138 Υ.
1026 1105 1068 1147 9,
1091 1106 1133 1146 2,
1157 1104 1213 1138 18.
1240 1100 1472 1147 perspicuitas
1497 1101 1536 1136 in
1557 1102 1679 1138 verbis

193 1148 420 1192 praecipuam
442 1151 550 1185 habet
570 1151 843 1196 proprietatem:
882 1152 946 1186 sed
969 1148 1169 1196 proprietas
1191 1149 1269 1195 ipsa
1291 1158 1367 1182 non
1388 1147 1595 1192 simpliciter
1619 1159 1681 1183 ac-

194 1192 323 1236 cipitur
345 1196 389 1239 8,
418 1199 460 1239 2,
494 1200 522 1230 1.
555 1209 710 1242 propr.
734 1208 808 1232 non
831 1198 877 1231 ad
901 1207 1071 1232 nomen
1098 1196 1162 1229 sed
1191 1195 1235 1242 ad
1257 1193 1350 1230 vim
1376 1193 1598 1240 significandi
1619 1193 1689 1230 re-·'

191 1238 305 1273 fertur
328 1243 369 1274 ib.
396 1242 429 1276 6.
455 1243 592 1277 accedit
614 1245 688 1277 vis
712 1249 747 1278 et
768 1254 922 1288 propr.
947 1243 1054 1278 rebus
1078 1241 1140 1275 tali
1164 1239 1409 1285 astipulatione
1427 1239 1552 1284 (vocis)
1574 1243 1631 1284 11,
1643 1242 1678 1284 3,

194 1285 272 1318 175.
297 1297 445 1330 propr.
469 1300 579 1332 penes
605 1289 687 1323 illos
709 1288 889 1333 (Graecos)
913 1294 968 1323 est
991 1287 1144 1329 certior,
1169 1285 1301 1331 copia
1327 1285 1514 1321 vincamus
1537 1289 1603 1328 12,.
1620 1289 1678 1330 10,
1710 1314 1714 1318 .

192 1329 237 1364 36
251 1331 319 1373 Ν.;
343 1330 381 1364 in
400 1333 468 1366 hac
485 1334 711 1378 proprietatis
730 1335 862 1378 specie,
888 1345 979 1378 quae
1003 1332 1205 1368 nominibus
1227 1331 1314 1376 ipsis
1339 1333 1510 1378 cujusque
1531 1331 1586 1366 rei
1607 1332 1679 1365 uti-

191 1380 250 1408 tur
276 1377 310 1419 8,
339 1380 374 1420 2,
400 1380 433 1412 3.
463 1381 559 1422 quod
584 1385 637 1413 est
661 1380 815 1424 positum
839 1380 877 1413 in
900 1379 1148 1425 distinguenda
1169 1377 1222 1412 rei
1244 1389 1297 1421 pr.
1324 1374 1368 1419 9,
1392 1379 1436 1420 3,
1463 1379 1520 1411 71.
1547 1379 1674 1420 quaed.
1724 1416 1728 1419 ,

191 1422 292 1456 velut
310 1433 335 1456 *e
362 1423 460 1457 tenui
486 1424 668 1471 diligentia
692 1425 787 1458 circa
816 1435 967 1469 propr.
1004 1422 1504 1469 significationemque
1533 1423 1677 1457 mundi-
1710 1421 1728 1469 4

191 1466 262 1501 tiae
285 1469 324 1509 8,
349 1470 393 1511 3,
418 1471 475 1504 87.
502 1472 629 1514 quaed.
660 1472 704 1505 ad
734 1469 1177 1506 auditumaccommodata
1198 1466 1316 1512 (vox)
1341 1478 1416 1501 non
1439 1469 1677 1514 magnitu-
1721 1474 1728 1513 ζ-

191 1513 310 1548 dine
336 1516 399 1549 sed
420 1516 708 1561 pr‘oprieffite
735 1519 790 1559 11,
815 1519 848 1559 3,
873 1515 931 1552 40.
964 1517 1059 1549 hunc
1092 1524 1198 1549 nemo
1231 1513 1270 1547 in
1306 1513 1444 1560 magnis
1475 1515 1581 1561 rebus
1606 1527 1675 1548 su-
1718 1515 1728 1539 ”·

191 1559 447 1604 blimitate,
480 1561 518 1596 in
547 1563 668 1607 parvis
693 1562 990 1607 proprietate
1022 1559 1244 1604 superaverit
1271 1561 1337 1602 10,
1366 1563 1407 1603 1,
1430 1558 1496 1602 46;
1522 1559 1584 1595 alii
1605 1572 1674 1595 sex

164 1629 168 1633 «
191 1611 302 1640 status
326 1609 868 1653 putant—proprietatem,
891 1608 928 1641 id
949 1603 1009 1641 est
1026 1603 1249 1649 ἰδιότητα
1271 1600 1394 1648 eto-(3,
1412 1605 1449 1648 6,
1469 1607 1527 1640 53.
1551 1605 1597 1647 cf.
1615 1607 1673 1642 56.
1713 1649 1714 1652 Ἴ

189 1649 229 1695 β)
253 1656 370 1686 Phar..-
401 1659 454 1688 tot
478 1656 639 1699 corporis
664 1654 842 1699 animique
865 1665 919 1699 pr.
942 1656 987 1696 7,
1013 1654 1059 1695 3,
1091 1653 1145 1686 ¹5.
1174 1662 1227 1696 pr.
1250 1649 1475 1698 ingeniorum
1499 1651 1675 1696 dispicere
1707 1665 1710 1667 ’

188 1699 234 1740 2,
260 1699 303 1742 8,
328 1700 362 1734 6.
403 1712 456 1744 pr·
479 1701 583 1735 vocis
612 1702 782 1745 cujusque
809 1711 918 1735 nosse
946 1701 1002 1741 12,
1022 1701 1057 1741 2,
1085 1699 1140 1731 10.
1168 1708 1243 1741 pr..
1276 1707 1368 1742 quae
1390 1697 1576 1732 transferri
1600 1708 1674 1732 non

187 1749 352 1788 poterant
374 1748 428 1789 11,
454 1748 489 1790 3,
514 1748 592 1782 179.
650 1746 702 1790 ΙΙ)
728 1759 761 1781 v.
791 1744 1059 1781 Possessio.

116 1847 119 1851 ¹
143 1799 357 1855 PropriUS·
405 1814 442 1858 Ι)
468 1818 658 1859 simpliciter
682 1817 834 1859 positum.
884 1812 926 1857 α)
946 1813 1155 1855 generaliter.
1189 1809 1227 1854 a)
1253 1809 1360 1856 [quae
1383 1816 1508 1844 natura
1530 1809 1674 1863 prppria

189 1857 206 1898 (
222 1861 324 1893 Codd.
349 1860 518 1904 proprie)
550 1861 704 1895 maribus
734 1860 830 1894 dedit
855 1862 894 1900 5,
919 1862 983 1902 12,
1011 1855 1081 1901 18.]
1115 1859 1204 1891 haec
1234 1856 1353 1890 omnia
1381 1857 1512 1889 habent
1542 1857 1674 1901 ahquid

188 1905 290 1938 velut
311 1907 494 1951 proprium
520 1910 554 1948 3,
579 1909 613 1949 6,
642 1909 699 1942 89.
744 1905 789 1948 cf.
817 1909 852 1948 7,
876 1905 911 1948 4,
935 1903 992 1939 48.
1023 1904 1155 1937 habent
1188 1902 1320 1947 aliquid
1347 1901 1483 1947 proprii
1509 1901 1673 1936 adulterii
1696 1904 1698 1906 '

189 1959 335 1994 causae,
364 1964 420 1996 qu
435 1954 493 1987 od
516 1954 724 1997 plerumque
749 1954 899 1986 duorum
926 1950 1117 1984 discrimen
1140 1954 1193 1983 est
1220 1951 1256 1991 7,
1280 1951 1315 1987 2,
1339 1949 1395 1983 51.
1421 1959 1554 1994 genus,
1591 1959 1672 1982 cum
1702 1991 1704 1994 y

188 1996 359 2031 dividitur
381 1998 420 2032 in
444 1999 599 2043 species,
625 1999 712 2032 nihil
735 1999 842 2032 habet
863 1995 1121 2042 proprium,
1155 2000 1194 2028 ut
1217 1994 1324 2028 arbor
1345 1993 1462 2038 pinus,
1474 1999 1511 2028 et
1533 1994 1613 2027 olea
1636 1999 1672 2028 et
1700 2039 1704 2042 Ι

186 2052 398 2086 cupressus,
430 2049 465 2079 et
499 2045 609 2089 ipsius
636 2056 701 2089 per
727 2055 766 2078 se
793 2045 890 2077 nulia
914 2040 1214 2088 proprietas:
1249 2039 1420 2086 allegoria
1446 2049 1536 2084 vero
1564 2039 1672 2074 habet

187 2088 321 2132 aliquid
347 2091 597 2135 proprium.
647 2091 754 2137 Quod
778 2100 850 2134 quo
874 2089 982 2123 modo
1007 2086 1084 2121 fieri
1107 2091 1246 2131 potest,
1279 2085 1347 2120 nisi
1371 2085 1448 2130 ipsa
1481 2085 1671 2130 species

116 2164 120 2170 f
187 2134 265 2168 est?
299 2136 333 2178 8,
359 2137 392 2179 6,
418 2138 474 2172 58.
506 2136 668 2179 interim,
703 2148 792 2181 qnae
817 2134 960 2169 suntin
989 2144 1130 2178 quoque
1161 2131 1443 2176 praecipua,
1479 2130 1671 2183 proprii

183 2179 302 2214 locum
327 2181 505 2227 accipiunt
528 2184 564 2224 8,
589 2186 622 2225 2,
649 2186 703 2217 11.
742 2193 832 2226 quae
862 2181 909 2215 in
940 2189 1082 2224 quoque
1108 2189 1236 2212 causae
1263 2188 1393 2224 genere
1423 2183 1504 2210 sunt
1529 2183 1692 2221 propnaj

186 2226 219 2267 5,
246 2227 304 2259 Pr.
330 2228 364 2262 5.
408 2228 451 2270 cs.
479 2232 514 2271 2,
537 2229 572 2274 4,
598 2230 654 2263 28.
686 2228 773 2262 illud
796 2226 981 2272 proprium
1007 2231 1060 2259 est
1082 2225 1131 2257 ad
1155 2223 1405 2275 efficiendum,
1434 2223 1530 2266 quod
1551 2222 1691 2270 interi-v¹

185 2271 300 2306 dimus
325 2275 369 2316 1,
396 2277 459 2318 10,
483 2273 540 2309 49.
573 2275 667 2318 quod
700 2284 930 2308 commune
969 2282 1050 2305 cum
1083 2269 1153 2303 alio
1178 2275 1251 2310 est,
1285 2269 1423 2303 desinet
1453 2279 1532 2302 esse
1559 2273 1697 2312 pro-¹5

183 2317 333 2361 prium
360 2323 395 2362 7,
420 2321 463 2362 3,
494 2319 550 2354 24.
592 2333 625 2356 v.
653 2319 925 2354 Communis.
949 2316 1143 2362 propria
1172 2320 1208 2349 et
1231 2314 1516 2348 differentia
1541 2315 1583 2356 5,
1610 2317 1695 2356 1Ο,’

185 2363 242 2398 58.
282 2376 318 2398 υ.
347 2364 553 2400 Differo.
601 2364 646 2406 b)
671 2379 699 2401 c.
725 2368 851 2400 Genii*
894 2362 1077 2409 proprium
1111 2366 1166 2395 est
1188 2366 1224 2395 et
1249 2360 1337 2413 itlpd
1363 2370 1511 2402 causae,
1570 2359 1695 2404 quoda,

181 2407 463 2455 Amphictyones
486 2411 642 2455 judicant
666 2414 701 2454 5,
727 2414 783 2453 10,
811 2410 886 2445 115.
910 2413 1032 2444 ornate
1050 2407 1168 2441 dicere
1183 2417 1368 2451 proprium
1391 2416 1470 2440 esse
1493 2406 1666 2458 eloquen-

183 2453 309 2489 tissimi
335 2458 377 2500 8,
405 2458 461 2491 Pr.
491 2459 546 2491 13.
572 2457 703 2502 epilogi
731 2463 784 2491 est
807 2455 987 2501 proprium
1015 2456 1056 2496 6,
1082 2456 1124 2496 1,
1149 2451 1208 2487 46.
1247 2453 1342 2496 quod
1371 2457 1425 2485 est
1450 2451 1666 2495 judicialium

182 2501 365 2544 proprium
386 2505 431 2546 3,
455 2504 497 2546 8,
523 2505 578 2537 55.
602 2503 785 2547 proprium
808 2501 922 2535 laudis
946 2505 1020 2541 est,
1044 2510 1103 2532 res
1127 2497 1341 2542 amplificare
1364 2503 1400 2531 et
1422 2506 1550 2531 ornare
1573 2498 1606 2535 3,
1629 2499 1664 2548 7,

182 2545 216 2578 6.
248 2549 344 2589 quod
367 2554 421 2583 est
443 2550 547 2591 hujus
571 2549 641 2582 loci
665 2559 716 2593 pr.
743 2549 787 2589 8,
811 2550 852 2589 3,
877 2549 933 2582 72.
967 2556 1022 2590 pr.
1045 2543 1236 2587 materiae,
1270 2545 1314 2577 de
1337 2554 1407 2586 qua
1428 2553 1523 2594 nunc
1546 2543 1663 2586 loqui-

184 2601 289 2634 mur,
326 2599 380 2626 est
409 2594 596 2628 ridiculum
622 2597 655 2636 6,
681 2596 715 2636 3,
738 2597 794 2627 22.
830 2591 875 2634 cs.
900 2595 944 2635 5,
971 2593 1035 2633 10,
1061 2591 1138 2625 118.
1188 2588 1281 2635 Quid
1307 2594 1378 2621 tam
1402 2598 1553 2621 musices
1578 2592 1686 2639 pro-'

183 2634 324 2678 prium?
352 2641 384 2679 1,
411 2642 465 2681 10,
489 2643 546 2673 27.
584 2651 656 2673 non
683 2639 793 2686 magis
818 2650 872 2683 pr.
896 2635 1109 2671 narrationis
1133 2641 1186 2669 est
1208 2633 1241 2676 4,
1263 2635 1298 2677 6,
1326 2633 1420 2686 2.”ἰ(1
1444 2634 1519 2676 ejus
1545 2643 1673 2684 nomrss-
1723 2652 1726 2657 ι

184 2681 257 2722 nis,
282 2684 378 2725 quod
402 2685 446 2716 ab
473 2685 709 2719 ostentatione
733 2684 896 2726 ducitur,
922 2694 977 2728 pr.
1003 2688 1056 2716 est
1078 2684 1112 2724 3,
1135 2684 1169 2721 7,
1195 2683 1227 2714 1.
1253 2688 1399 2724 propria
1424 2680 1529 2722 hujus
1552 2678 1661 2713 officu
1688 2682 1718 2721 “”·.

182 2727 218 2769 6,
242 2729 276 2770 2,
306 2729 360 2760 11.
388 2734 446 2761 aut
471 2740 710 2763 commune
733 2729 958 2774 prudentium
983 2734 1057 2770 est,
1082 2732 1140 2760 aut
1161 2724 1403 2770 proprium
1430 2724 1581 2759 oratori-‘¹
1605 2725 1660 2762 ¹2»
1693 2736 1728 2781 ’ξ

1239 2790 1241 2798 ι
1684 2795 1686 2798 >
1710 2782 1725 2805 β
