1728 3002
149 152 204 189 42
691 145 884 202 Agrestis
913 169 966 175 -—-
992 142 1110 186 Alibi

195 260 236 302 sl)
265 260 406 295 habebit
435 260 470 294 in
504 261 623 305 primis
653 271 771 293 curam
809 258 904 293 vocis
935 258 1077 300 oratori?
1108 260 1142 300 1,
1171 261 1227 300 10,
1257 261 1303 293 27
1326 260 1386 305 Β.7
1404 259 1459 301 css„
1480 263 1536 302 12,
1563 262 1596 307 1,
1624 262 1657 294 8.

192 307 293 353 Age,
321 307 352 341 si
374 308 419 341 de
445 313 557 340 morte
579 307 641 339 filii
664 306 718 340 sui
743 313 802 338 etc.
828 305 1013 338 dicendum
1039 304 1130 347 patri
1151 304 1280 347 fuerit,
1311 304 1351 338 in
1375 307 1553 347 mundo
1577 317 1658 354 gra<

195 353 279 386 tiam
306 353 401 386 illam
421 352 652 396 expositionis
676 353 844 396 quaeret?
875 354 928 392 11,
954 353 986 392 1,
1013 350 1071 384 53.
1396 364 1398 366 ·
1419 367 1426 372 ν
1464 382 1474 386 ,

149 398 355 453 AgrestiS·
398 427 442 435 -
471 412 605 443 animus
634 411 666 451 1,
694 411 750 451 10,
779 409 813 442 9.
845 403 1061 452 ὅῤῥυθμον,
1078 407 1190 451 ‘qnod
1225 408 1319 440 esset
1353 406 1574 449 inscitum
1603 413 1656 440 at-

195 466 263 499 que
295 461 479 501 agreste
509 458 543 498 9,
568 455 603 497 4,
639 456 681 489 56
711 455 756 488 N.
790 454 825 486 in
858 464 925 496 qua
960 452 1049 485 nihil
1079 454 1312 493 absonum,
1346 452 1436 487 nihil
1465 454 1656 501 agreste,

191 499 280 533 nihil
314 501 608 534 inconditum
640 509 695 534 erc.
729 499 839 544 possit
871 499 1085 546 deprehendi
1114 499 1148 542 6,
1179 501 1213 541 3,
1247 501 1321 533 107.
1356 503 1531 546 agrestem
1559 498 1660 534 tenui

191 557 325 579 musam
350 546 526 580 meditaris
553 558 664 580 avena
688 545 787 590 (vers.
813 547 911 586 igno-ti
935 543 1072 588 poie'tae)
1095 545 1131 587 9,
1155 543 1191 588 4,
1215 546 1260 580 85
1288 545 1334 579 Ν.
1580 557 1588 566 ·

146 589 361 645 Agricola·
403 609 441 637 ut
466 603 639 650 agricolae
667 593 786 636 dicunt
817 605 871 645 12,
897 603 932 644 9,
960 602 1005 636 18
1027 602 1077 635 Ν.
1687 638 1690 640 v

147 651 245 706 Ajo·
303 660 466 695 Ciceroni
498 661 668 704 placuisse
694 659 797 693 Aiio
826 662 858 702 1,
886 658 922 701 4,
957 660 1012 692 11.
1059 657 1100 702 α)
1126 669 1193 702 seq.
1217 661 1302 694 Aeo.
1326 671 1354 693 c.
1377 658 1468 705 Insg:
1507 659 1553 704 Q.
1581 657 1658 693 Va·

190 707 263 741 rius
295 707 523 740 Sacronensis
556 706 638 748 ait,
669 705 859 739 Aemilium
889 705 1060 738 Scaurum
1088 715 1200 748 remp.
1230 703 1445 748 pmdidisse3
1482 703 1658 741 Aemilius

189 754 343 787 Scaurus
371 758 508 798 negat.
540 754 684 785 Scaur.
711 753 744 793 5,
771 755 826 794 12,
851 753 906 784 10.
931 751 1098 794 Tubero,
1122 751 1291 793 juvenem
1318 761 1358 785 se
1383 750 1475 795 patri
1499 749 1657 784 haesisse

190 818 235 826 —
259 799 317 832 ait
347 801 401 841 11,
427 801 461 840 1,
486 799 532 832 80
575 797 618 839 of.
643 799 677 840 8,
705 798 762 830 Pr.
789 799 843 831 13.
871 800 927 839 11,
949 797 984 840 3,
1007 799 1064 830 31.
1101 797 1243 840 ajunt,
1278 787 1430 832 Accium
1457 796 1658 843 interroga-

189 850 262 877 tum
288 845 378 877 hanc
407 844 600 877 reddidisse
626 842 799 876 rationem
831 845 865 885 5,
898 845 954 885 13,
990 841 1047 876 43.
1087 842 1210 887 ajunt
1244 842 1371 886 etiam,
1401 852 1526 877 omnes
1562 848 1656 876 artes

186 891 317 923 habere
339 890 443 922 finem
467 889 617 934 aliquem
644 889 864 932 propositum
886 892 922 931 2,
953 891 1010 931 17,
1034 891 1092 922 21.
1143 888 1255 922 Siculi
1285 888 1428 933 quidem
1460 888 1655 933 aiebant,

186 935 223 968 in
245 934 423 979 Delphino
453 935 585 968 sedisse
613 935 731 977 (eum)
762 938 878 969 Coel.
911 935 948 977 6,
975 937 1010 977 3,
1035 933 1092 968 41.
1129 933 1240 979 Ajo,
1270 940 1322 969 te-
1339 933 1501 970 Aeacida
1531 941 1592 969 etc.
1619 937 1656 977 7,

188 983 223 1024 9,
248 982 286 1022 6;
346 982 386 1023 β)
410 984 441 1013 ἰη
463 984 659 1023 proverbiis.-
699 982 767 1024 jam
790 992 903 1024 paene
927 980 1075 1024 apertis,
1105 986 1148 1014 ut
1172 982 1312 1025 ajunt,
1335 980 1432 1015 tibiis
1457 982 1514 1023 11,
1535 981 1573 1023 3,
1596 981 1658 1015 50.
1724 1000 1728 1009 r

186 1026 247 1070 qui
268 1027 386 1061 literas
410 1027 471 1060 vel
493 1027 632 1070 primis,
656 1033 696 1060 ut
719 1028 831 1070 ajunt,
857 1026 964 1061 labris
991 1026 1191 1073 degustavit
1215 1029 1285 1070 12,‘
1301 1029 1336 1069 2,
1359 1025 1394 1060 4.
1432 1024 1549 1063 caecis
1571 1025 1658 1068 hoc,

185 1078 226 1106 ut
252 1073 364 1115 ajunt,
394 1072 476 1105 satis
509 1075 640 1106 clarum
667 1079 719 1106 est
744 1076 797 1116 12,
822 1077 856 1115 7,
879 1074 912 1108 9.
974 1071 1008 1118 y)
1035 1076 1193 1116 imprimis
1223 1076 1256 1106 in
1283 1074 1422 1112 citandis
1449 1073 1545 1106 «lictis
1575 1073 1663 1111 acria

185 1125 335 1161 piorum.-
376 1116 517 1152 Catonis
546 1119 613 1162 (ut
641 1119 723 1162 ait)
755 1119 959 1162 opinionem
989 1125 1131 1153 secutus
1155 1121 1345 1160 (Domitius
1371 1119 1539 1159 stlat-sus)
1561 1118 1599 1161 6,
1621 1120 1657 1162 3,

187 1164 264 1201 105,
297 1170 336 1196 ut
367 1163 414 1197 ait
440 1163 566 1198 Cicero
596 1169 630 1207 7,
663 1168 695 1208 1,
723 1165 776 1198 51.
808 1167 842 1208 8,
873 1167 907 1207 6,
930 1167 987 1198 23-
1018 1166 1052 1208 9,
1082 1167 1120 1206 2„
1145 1163 1202 1198 40.
1229 1166 1286 1200 56.
1313 1165 1374 1199 60.
1412 1165 1679 1204 (his.omnibur

186 1213 265 1243 locis
291 1222 403 1242 nomen
428 1210 652 1254 postponitur)
684 1217 721 1244 ut
752 1211 825 1245 Cic.
852 1211 899 1244 ait
926 1213 982 1253 10,
1006 1214 1042 1253 7,
1067 1209 1122 1244 14.
1151 1214 1206 1253 12,
1230 1213 1266 1254 3,
1290 1212 1346 1244 11.
1380 1215 1420 1243 ut
1441 1206 1657 1244 Demosthe-

185 1267 249 1289 nes
276 1255 323 1288 ait
350 1258 404 1298 11,
429 1258 461 1298 1,
485 1260 541 1290 22.
571 1260 625 1300 12,
649 1259 683 1299 9,
709 1260 760 1290 16.
794 1263 834 1290 ut
860 1257 1030 1291 Horatius
1051 1257 1100 1291 ait
1129 1259 1184 1298 11,
1208 1258 1244 1300 3,
1268 1258 1327 1291 80.
1361 1262 1401 1288 ut
1428 1255 1477 1290 ait
1498 1255 1656 1291 Lucilius

184 1303 220 1342 9,
247 1301 281 1343 4,
312 1303 388 1334 113.
411 1308 450 1334 ut
476 1302 522 1335 ait
546 1314 619 1336 non
646 1303 810 1349 ignobilis
836 1303 990 1349 tragicus
1017 1306 1049 1346 1,
1076 1305 1132 1346 12,
1157 1303 1223 1346 18;
1283 1303 1445 1336 interdum
1468 1303 1564 1336 modo
1591 1313 1657 1335 au-

183 1348 292 1380 ditur.-
325 1347 431 1380 Latro
455 1347 560 1394 igitur
584 1350 713 1392 optime
735 1352 770 1393 9,
797 1353 831 1392 2,
855 1350 912 1384 91.

138 1389 207 1431 Al·
256 1402 428 1438 Gallicum
461 1408 600 1448 Epigr.
634 1408 745 1447 Virg.
773 1407 807 1449 8,
835 1409 869 1449 3,
893 1408 938 1441 28
967 1407 1015 1440 Ν.
1042 1419 1090 1441 cr.

138 1446 307 1488 Alacel'-
346 1461 452 1494 laeti
478 1468 513 1495 et
535 1463 708 1496 alacres
733 1463 951 1498 convenient
972 1464 1011 1498 in
1038 1470 1161 1499 coetus
1185 1463 1388 1497 scholarum
1411 1464 1447 1505 2,
1473 1463 1509 1505 9,
1536 1463 1571 1496 2.

137 1506 359 1549 AlacritaS.
398 1525 451 1553 est
475 1525 509 1553 et
534 1521 603 1553 hoc
627 1522 732 1561 (lusus
758 1523 789 1553 in
815 1519 939 1564 pueris)
965 1521 1105 1568 signum
1128 1519 1318 1555 alacritatis
1347 1523 1380 1563 1,
1406 1522 1442 1563 3,
1470 1522 1529 1564 lo.

138 1563 292 1605 Albeo·
340 1576 470 1609 albenti
501 1578 602 1610 coelo
631 1576 759 1620 (Amat.
792 1580 818 1610 S
828 1589 860 1621 p.
892 1579 1009 1622 conjic.
1039 1579 1228 1619 albente)
1255 1578 1290 1620 8,
1318 1579 1353 1621 3,
1374 1568 1436 1612 35.

138 1619 309 1661 Album·
357 1633 415 1666 alii
447 1643 485 1666 se
515 1635 557 1666 ad
589 1635 732 1667 album
763 1641 798 1668 et
830 1634 1036 1668 rubricas
1068 1635 1344 1678 transtulerunt,
1377 1640 1414 1669 et
1444 1615 1656 1677 flomularii,

182 1678 243 1711 vel
266 1679 408 1724 leguleji
431 1680 569 1723 quidam
593 1691 670 1713 esse
692 1681 890 1714 maluerunt
919 1684 974 1723 12,
1003 1683 1036 1723 1,
1061 1683 1102 1715 11
1128 1682 1175 1714 Ν.

138 1721 286 1762 AlbUS·
328 1746 407 1768 cum
437 1736 594 1770 dentibus
625 1737 722 1770 albis.
754 1740 879 1780 Virg.
910 1740 944 1780 S,
970 1741 1004 1780 2,
1033 1740 1086 1771 10.
1123 1736 1259 1771 Asinus
1292 1736 1392 1770 albus
1415 1731 1656 1769 sanius-Bas-

182 1791 242 1812 sus
265 1782 458 1814 vocabatur
478 1784 512 1824 6,
540 1785 573 1824 3,
599 1784 652 1815 57.
680 1789 783 1829 negat
811 1795 850 1816 se
873 1783 991 1830 magni
1014 1785 1135 1817 facere
1159 1782 1287 1827 aliquis
1313 1785 1512 1826 poetarum,
1538 1784 1655 1814 utrum

183 1823 313 1858 caesar
338 1833 431 1860 ater
454 1838 497 1860 an
522 1828 648 1862 albus
672 1829 777 1863 homo
807 1829 852 1862 sit
879 1832 934 1872 11,
961 1832 993 1874 1,
1019 1830 1076 1864 38.

136 1868 263 1910 Alea·
301 1885 495 1918 redemtum
518 1896 563 1918 ex
588 1887 662 1919 alea
686 1887 721 1928 6,
747 1889 781 1930 3,
805 1890 863 1920 72.
1359 1916 1362 1919 .

135 1928 322 1970 Aleator.
370 1959 412 1966 —
435 1953 567 1985 pauper
589 1944 623 1984 3,
646 1941 680 1984 4,
703 1946 759 1976 22.
788 1942 825 1976 in
848 1944 1039 1976 aleatorem
1070 1952 1238 1986 perorare
1264 1938 1455 1985 (communis
1482 1938 1588 1984 locus).
1611 1943 1655 1976 ib·-

136 1984 272 2027 Alias.
316 1995 352 2037 ιι)
379 2000 581 2039 simpliciter.-
617 2010 687 2032 non
712 2006 858 2043 propter
882 2000 1057 2040 ca'lorem,
1094 2009 1175 2031 nam
1205 2003 1260 2031 est
1284 1997 1399 2040 major
1426 1996 1512 2031 alias
1537 1999 1595 2040 11,
1617 2000 1654 2040 3,

181 2044 236 2077 28.
268 2044 298 2088 Q
322 2044 366 2075 ad
390 2044 651 2089 conjungendas
680 2046 818 2078 demum
845 2046 991 2080 vocales
1014 2043 1128 2087 utilis,
1155 2043 1240 2076 alias
1264 2054 1486 2086 supervacua
1513 2044 1571 2087 12,
1595 2045 1652 2086 10,

180 2091 233 2122 30.
281 2088 323 2131 β)
351 2091 540 2132 repetitum:
575 2090 687 2123 alias
712 2092 833 2124 aetatis
860 2092 986 2138 gradus
1015 2089 1117 2134 sequi
1147 2088 1346 2133 speciosius
1366 2089 1446 2130 fuit,
1469 2106 1514 2113 —
1537 2087 1667 2122 alias

181 2134 217 2166 in
242 2134 377 2177 species
404 2134 571 2169 virtutum
598 2136 651 2170 dix
662 2136 756 2170 idere
778 2138 917 2171 laudem
940 2139 975 2180 3,
1000 2140 1035 2179 7,
1064 2137 1118 2170 15.
1154 2137 1199 2169 al.
1227 2141 1376 2177 certam,
1412 2135 1456 2167 al.
1481 2133 1653 2168 incertam
1693 2159 1706 2170 s

181 2190 364 2221 personam
395 2183 431 2222 7,
456 2184 489 2222 2,
513 2183 546 2215 9.
576 2182 620 2221 cs.
655 2185 707 2224 11,
735 2187 769 2225 3,
795 2186 851 2217 37.
890 2182 1067 2216 actionem
1091 2180 1221 2216 Cicero
1249 2183 1292 2214 al.
1312 2180 1412 2224 ‹piasi
1439 2189 1684 2223 sermonem,2

182 2226 226 2257 al.
260 2226 492 2268 eloquentiam
523 2229 695 2270 quandam
736 2229 895 2272 corporis
925 2228 1010 2262 dicit
1041 2231 1098 2271 11,
1127 2229 1162 2270 3,
1193 2230 1223 2261 1.
1260 2227 1356 2270 quod
1388 2226 1432 2259 al·
1467 2225 1507 2258 in
1539 2225 1654 2260 servis

183 2281 323 2314 qnoque
350 2273 675 2313 reprehendendum
703 2280 779 2317 est,
810 2274 854 2307 sit
878 2275 921 2310 al.
947 2275 986 2308 in
1008 2274 1088 2317 ipso
1114 2273 1273 2316 sapiente
1298 2271 1512 2304 laudandum
1539 2273 1596 2315 12,
1620 2273 1654 2314 1,

183 2317 239 2348 39.
267 2317 361 2359 quod
384 2317 498 2350 alias
524 2318 711 2362 vitiosum,
742 2319 933 2354 interim
957 2320 1068 2353 alias
1090 2324 1228 2352 recttun
1250 2322 1303 2351 est
1331 2319 1364 2359 1,
1392 2319 1426 2359 5,
1452 2317 1510 2351 29.

140 2356 267 2400 Alibi.
329 2371 369 2414 a)
394 2372 478 2404 nihil
505 2372 542 2405 in
572 2386 709 2418 quaque
744 2376 885 2418 (porte)
920 2375 1046 2409 melius
1085 2374 1232 2417 dicitur,
1273 2385 1378 2418 quam
1411 2373 1508 2417 quod
1541 2382 1654 2417 aeque
1679 2375 1708 2408 ‚¹

185 2417 276 2450 bene
303 2417 371 2450 dici
400 2417 480 2450 alibi
505 2429 575 2450 non
602 2421 711 2461 possit
735 2419 770 2463 4,
796 2425 828 2464 1,
853 2424 905 2456 53.
938 2420 1129 2465 asperrima
1159 2419 1207 2453 in
1233 2420 1316 2453 hac
1348 2425 1480 2462 parte
1507 2417 1654 2455 dimica-

185 2461 234 2494 tio
259 2467 331 2504 est,
357 2473 422 2495 nec
447 2463 558 2495 alibi
583 2465 714 2498 dixeris
738 2467 846 2513 magis
868 2478 1039 2500 mucrone
1063 2465 1213 2512 pugnari
1229 2466 1265 2508 6,
1287 2464 1324 2508 4,
1350 2463 1390 2507 43
1438 2468 1470 2498 in
1498 2465 1652 2499 citando.-

184 2507 219 2549 4,
248 2509 282 2549 2,
309 2510 383 2541 110.
432 2508 472 2539 1-:2
497 2508 577 2541 aubi
606 2510 641 2550 8,
665 2514 699 2552 3,
722 2515 778 2545 21.
822 2513 941 2556 Atque
967 2513 1081 2545 adhuc
1106 2513 1151 2545 at.
1175 2514 1210 2554 2,
1233 2513 1292 2554 21,
1315 2511 1349 2545 6.
1389 2502 1434 2545 Et
1459 2508 1546 2553 (sp.
1571 2510 1658 2551 am.)

185 2554 229 2586 al.
252 2551 288 2595 4,
312 2556 347 2595 2,
372 2554 448 2585 110,
495 2553 539 2595 β)
566 2567 631 2598 seq.
659 2569 794 2599 quam:
824 2568 898 2591 non
922 2558 1026 2600 alibi,
1049 2557 1215 2601 quamin
1238 2556 1313 2590 risu
1337 2555 1452 2599 posita
1471 2557 1508 2598 9,
1534 2556 1570 2598 2,
1597 2553 1669 2589 14.

186 2609 253 2631 nec
280 2599 326 2631 al.
358 2599 434 2630 fere
466 2599 548 2631 satis
580 2599 669 2642 apti,
710 2613 812 2645 quam
838 2603 899 2636 ubi
923 2611 983 2636 etc.
1006 2606 1042 2644 9,
1068 2602 1104 2645 4,
1133 2604 1212 2637 106.
1249 2613 1339 2646 quae
1365 2600 1429 2634 int
1440 2600 1549 2634 erim
1572 2605 1656 2633 sunt

187 2643 405 2684 necessaria,
433 2643 568 2685 alibi,
596 2656 720 2688 qinam
750 2658 825 2681 mos
848 2649 1063 2690 permiserit,
1087 2648 1203 2692 turpia
1226 2648 1424 2682 habeantur
1453 2649 1508 2688 11,
1536 2648 1570 2689 1,
1593 2643 1652 2678 47.
1668 2650 1675 2654 “

186 2688 224 2733 γ)
248 2692 442 2731 repetitum:
481 2690 573 2732 quod
599 2690 709 2724 ulibl
736 2693 956 2738 magnilictuu
971 2719 980 2735 ‚
1009 2693 1191 2728 humidum
1213 2693 1325 2728 alibi
1349 2693 1385 2736 8,
1409 2692 1455 2734 3,“
1474 2691 1530 2726 18.
1563 2690 1654 2725 haec

186 2733 408 2778 amplificatio
436 2735 486 2767 al.
514 2735 625 2777 posita
652 2741 727 2778 est,
755 2739 805 2772 ul.
835 2740 931 2773 valet
951 2739 986 2782 8,
1007 2738 1042 2782 4,
1070 2739 1123 2774 15.
