1728 3002
177 165 257 203 642
700 159 917 201 Perdoceo
947 184 1000 194 -—
1032 160 1166 202 Pereo

223 263 332 298 nimia
356 269 479 298 contra
501 273 541 297 se
566 261 741 296 calumnia
760 274 888 298 verum
908 263 1117 310 sanguinem
1132 263 1330 308 perdidisse
1352 263 1410 308 (α.
1428 270 1451 300 1.
1482 266 1710 312 perfudisse)

226 313 282 354 10,
308 314 338 352 1,
367 311 444 344 115.
493 319 566 343 non
592 310 779 353 perdamus
802 310 955 353 primum
977 310 1094 344 statim
1115 316 1254 355 tempus
1288 314 1321 354 1,
1355 314 1390 355 1,
1418 314 1472 348 19.
1507 325 1554 348 ne
1587 324 1709 348 amore

224 356 426 390 subtilitatis
449 354 524 389 vim
548 366 648 389 suam
683 356 827 400 perdat>
848 359 910 396 10,
940 359 982 400 2,
1023 358 1079 393 19.
1125 368 1171 391 ne
1200 358 1472 402 perderem,
1513 371 1604 404 quae
1641 361 1711 404 jam

225 409 326 436 erant
349 403 529 436 effecta
557 404 613 445 12,
637 402 695 435 Pr.
722 404 756 436 1.
803 401 843 446 β)
867 405 1043 447 patiendo.-
1071 409 1193 447 aperta
1217 404 1329 451 figura
1350 404 1466 449 perdit
1488 405 1560 440 hoc
1579 405 1712 450 ipsum,

224 450 321 494 quod
346 449 458 494 figura
485 453 539 481 est
561 448 597 490 9,
620 450 655 490 2,
681 448 738 483 69.
785 458 859 482 non
886 450 1037 491 perdant
1071 451 1162 484 haec
1195 451 1315 484 omnia
1347 452 1713 494 necessariumperi-

225 495 359 529 clitanti
375 493 612 528 solicitudinis
633 495 815 528 colorem?
844 497 900 539 11,
922 498 953 538 1,
970 494 1026 530 49.
1054 495 1083 530 si
1108 496 1195 531 erit
1217 497 1271 531 rei
1286 498 1375 531 ordo
1392 497 1469 539 ipsa
1484 497 1712 540 expositione

222 542 327 575 fidem
352 550 406 582 pe
424 540 648 573 rditurus
673 541 713 584 5,
739 543 795 584 13,
827 542 884 576 28.
931 541 1050 583 potius
1084 542 1236 576 amicum
1271 555 1378 588 quam
1408 543 1541 578 dictum
1574 543 1713 586 perdidi

223 586 322 631 (Sp.
347 585 543 628 perdendi)
565 587 600 629 6,
626 588 660 626 3,
685 587 742 621 28.
772 585 817 628 cs.
842 589 899 621 30.
948 587 1095 635 gratiam
1119 590 1244 631 perdet
1267 591 1484 634 (clausula),
1506 590 1536 624 si
1560 591 1604 624 ad
1635 601 1714 624 eam

222 639 324 674 rupta
346 632 407 668 via
429 632 634 666 venerimus
657 633 693 675 9,
719 631 755 676 4,
783 632 841 668 63.
867 632 911 675 cs.
947 637 1003 669 17.
1038 637 1104 678 11,
1140 637 1181 679 1,
1214 638 1281 685 Qu
1320 647 1367 670 ne
1405 641 1526 671 cetera
1554 637 1714 677 membra

223 679 381 713 officium
405 690 507 712 sunm
530 679 679 720 perdant
701 679 736 722 8,
763 681 797 722 5,
824 678 881 714 34.
928 692 975 714 ne
999 681 1118 715 locum
1142 683 1270 723 perdas
1292 683 1329 725 6,
1360 684 1394 725 3,
1424 683 1482 717 63.
1506 682 1558 717 sic
1584 691 1715 724 anceps

222 725 316 760 inter
340 731 530 769 utrumque
554 724 691 758 animus
715 731 866 770 aestuat,
890 737 970 760 cum
995 732 1030 761 et
1058 727 1188 769 scripta
1212 728 1428 770 perdidit
1451 727 1503 772 (a.
1523 733 1544 763 1.
1567 728 1715 770 perdit),

223 777 260 805 et
282 782 356 805 non
382 770 571 816 quaerit
594 781 691 806 nova
720 774 776 815 10,
798 775 833 814 7,
859 774 918 808 33.
950 778 1044 807 artus
1069 775 1240 818 perdunt,
1274 785 1346 820 quo
1370 775 1584 822 viguerunt,
1612 785 1717 808 usum

221 821 257 860 7,
280 819 336 852 Pr.
360 820 394 852 2.
442 817 502 860 qui
525 818 661 851 nullum
687 819 839 852 verbum
865 830 979 863 aequo
1005 819 1123 854 animo
1149 821 1299 862 perdere
1337 826 1456 863 potest
1491 822 1533 863 8,
1561 820 1622 855 Pr.
1657 821 1715 857 28.

223 863 268 905 qs.
296 867 352 907 11,
377 867 411 905 2,
436 863 491 898 49.
519 874 637 908 neque
660 864 826 905 probatio
850 867 922 899 ulta
946 872 1018 899 tam
1042 867 1142 900 firma
1169 873 1246 910 est,
1279 873 1320 901 ut
1340 877 1415 901 non
1435 867 1596 909 perdat
1617 866 1716 902 vires

221 921 315 952 suas,
344 910 413 944 nisi
441 909 628 953 adjuvatur
652 910 919 949 asseveratione
950 911 1101 946 dicentis
1129 916 1192 956 11,
1231 914 1272 956 3,
1304 916 1347 956 2;
1389 925 1481 958 quae
1519 913 1718 956 (corpora)

220 956 313 990 nihil
336 967 394 990 ex
418 956 618 990 communis
641 956 782 991 habitus
809 958 911 992 bonis
934 958 1164 1000 perdiderunt
1199 961 1234 1002 2,
1261 961 1295 1004 5,
1321 963 1379 994 11.
1427 959 1560 994 cotidie
1583 958 1717 1004 aliquid

222 1014 276 1037 ex
302 1014 362 1042 ea,
398 1013 503 1047 quam
526 1009 727 1046 meruerat,
758 1004 966 1039 auctoritate
989 1006 1196 1046 perdentem
1223 1008 1280 1049 12,
1307 1009 1364 1050 11,
1391 1007 1425 1040 3.

174 1048 207 1089 P
210 1048 404 1089 erdoceo·
447 1059 631 1101 imperiosi
656 1066 726 1106 atq.
752 1055 894 1095 interim
918 1062 1120 1098 saevientes
1151 1061 1387 1108 (paedagogi)
1411 1061 1594 1097 stultitiam
1615 1071 1715 1095 suam

220 1106 418 1147 perdocent
442 1108 475 1149 1,
501 1109 535 1150 1,
558 1107 594 1141 8.
1495 1134 1500 1139 «

173 1151 380 1193 Perduco.
436 1162 470 1206 Ι)
494 1173 631 1206 eorum,
662 1175 682 1198 a
706 1163 834 1208 quibus
858 1165 902 1198 ad
925 1177 965 1200 se
989 1164 1227 1209 (Ciceronem)
1251 1167 1444 1209 perductus
1469 1165 1519 1210 (a.
1542 1170 1567 1200 1.
1595 1163 1720 1207 prod.)

219 1213 314 1242 esset
338 1208 461 1252 (reus)
488 1212 543 1252 11,
569 1213 602 1252 1,
626 1210 682 1244 74.
733 1212 782 1250 ΙΙ)
805 1215 920 1245 transl.
946 1210 988 1255 α)
1016 1211 1077 1256 qni
1101 1213 1152 1246 ad
1176 1214 1270 1247 hanc
1294 1212 1501 1255 perducitur
1523 1213 1717 1246 clausulam

218 1257 254 1291 2,
278 1254 334 1292 15,
357 1254 414 1290 28.
463 1254 494 1288 si
522 1255 625 1288 aliter
648 1257 702 1289 ad
725 1257 939 1300 aequitatem
967 1259 1078 1302 judex
1105 1259 1255 1300 perduci
1289 1270 1365 1293 non
1398 1258 1556 1302 potuerit
1586 1261 1622 1300 2,
1656 1260 1714 1294 17.

218 1302 274 1333 27.
324 1300 571 1340 perducendus
599 1301 699 1334 omni
724 1303 832 1336 modo
854 1304 965 1345 judex
989 1305 1041 1337 ad
1078 1303 1152 1339 irae
1190 1306 1365 1347 pudorem
1395 1309 1453 1348 11,
1485 1308 1518 1347 1,
1549 1305 1608 1340 76.
1654 1315 1714 1338 res

217 1345 317 1386 ipsae
342 1347 538 1386 perducant
562 1346 716 1389 judicem
740 1348 791 1380 ad
819 1348 1060 1389 suspicionem
1089 1351 1125 1392 9,
1153 1353 1188 1392 2,
1223 1354 1288 1394 713
1331 1353 1385 1385 ad
1418 1351 1593 1395 liquidum
1624 1361 1713 1384 con-

216 1392 422 1435 fessumque
449 1395 570 1425 omnia
595 1393 793 1433 perducunt
817 1394 850 1436 5,
877 1392 934 1436 14,
961 1396 1017 1429 28.
1067 1405 1305 1439 generare·
1333 1402 1439 1440 atque
1470 1396 1522 1430 ad
1556 1397 1713 1430 fructum

218 1437 372 1481 aliquem
398 1438 663 1481 perducere
691 1439 726 1480 6,
751 1441 785 1481 2,
807 1441 841 1473 3.
866 1439 1032 1473 affectum
1055 1451 1138 1473 cum
1166 1442 1215 1474 ad
1243 1453 1418 1475 summum
1440 1442 1715 1483 perduxerimus

217 1483 252 1526 6,
279 1487 311 1526 1,
337 1484 394 1519 29.
438 1483 644 1518 facilitatem
667 1487 950 1526 extemporalem
973 1497 994 1519 a
1014 1486 1137 1527 parvis
1154 1486 1265 1521 initiis
1289 1487 1457 1530 paulatim
1477 1489 1713 1529 perducemus

218 1529 269 1562 ad
294 1540 466 1563 summam
491 1532 547 1572 10,
577 1534 613 1573 7,
640 1531 697 1564 18.
728 1529 772 1572 cs·
799 1533 856 1565 Pr.
880 1531 915 1566 6.
961 1533 1006 1578 β)
1028 1531 1075 1565 in
1111 1534 1389 1568 adolescentiam
1414 1534 1569 1576 perduxi
1600 1535 1713 1569 filimn

216 1576 251 1616 4,
274 1578 308 1618 2,
332 1575 389 1609 42.
437 1576 537 1610 velut
571 1575 619 1609 in
652 1587 730 1610 rem
759 1582 983 1618 praesentem
1015 1579 1212 1620 perducere
1246 1581 1431 1615 audientes
1459 1583 1503 1615 ib.
1539 1582 1619 1614 123.
1666 1582 1713 1615 in

218 1632 325 1665 quem
350 1622 461 1656 vellet
483 1622 643 1655 habitum
666 1622 774 1656 animi
797 1625 997 1665 perducere
1019 1625 1175 1668 judicem
1205 1626 1252 1669 6,
1283 1629 1330 1668 2,
1365 1629 1400 1661 3.
1448 1627 1643 1669 perductae
1667 1627 1713 1661 in

216 1679 391 1701 summum
415 1674 508 1702 artes
534 1671 590 1712 12,
621 1670 676 1709 11,
698 1669 754 1703 28.
786 1671 824 1714 γ)
848 1661 996 1711 perduci
1023 1671 1289 1712 expositionem
1315 1683 1391 1716 eo,
1430 1673 1527 1707 unde
1553 1673 1713 1718 quaestio

218 1714 332 1747 oritur
353 1715 388 1757 4,
412 1717 446 1757 2,
485 1716 564 1748 132.
614 1725 670 1748 ex
705 1715 888 1759 pluribus,
930 1727 1021 1760 quae
1053 1718 1240 1752 confessus
1276 1717 1366 1763 erit,
1404 1728 1454 1753 eo
1486 1720 1714 1764 perducetur,

216 1765 284 1800 ut,
321 1761 417 1804 quod
447 1759 567 1794 dicere
593 1771 665 1794 non
691 1763 791 1806 vult,
825 1773 958 1809 negare
982 1773 1056 1796 non
1090 1764 1203 1806 possit
1233 1765 1268 1808 5,
1303 1767 1339 1808 7,
1372 1767 1429 1800 17.
1462 1764 1509 1806 cs.
1543 1767 1601 1800 27.
1635 1775 1712 1808 eo,

217 1805 278 1850 qui
301 1805 424 1846 discit,
459 1807 652 1848 perductus
686 1813 761 1850 est,
800 1814 849 1842 nt
886 1809 1087 1856 intelligere
1118 1821 1162 1845 es
1193 1810 1271 1845 sine
1303 1811 1568 1846 demonstrante
1601 1808 1716 1854 possit

218 1854 274 1894 10,
300 1855 332 1894 1,
363 1852 417 1887 15.
465 1851 689 1897 (audientes)
715 1855 767 1888 ad
790 1853 836 1888 id
860 1856 1121 1899 perducentur,
1151 1862 1200 1891 ut
1232 1856 1418 1892 inveniant
1441 1857 1511 1899 ipsi
1531 1860 1568 1902 2,
1593 1859 1627 1902 5,
1655 1859 1711 1892 13.

170 1896 427 1938 Perduellio-
481 1911 561 1957 lege
585 1911 842 1952 perduellionis
872 1915 906 1957 5,
933 1914 989 1957 13,
1015 1915 1062 1948 20
1087 1914 1134 1947 N.

171 1953 373 1995 perduro·
398 1968 509 2001 multa
528 1979 576 2001 ex
594 1968 733 2002 Graeco
750 1969 903 2004 formata
918 1981 1029 2013 nova,
1055 1981 1206 2015 quorum
1231 1972 1253 2004 d
1265 1981 1349 2005 ura
1376 1971 1502 2015 quaed.
1523 1971 1714 2004 admodum

215 2011 402 2055 videntur,
429 2018 477 2046 ut·
488 2027 536 2047 en
549 2027 564 2047 s
591 2019 627 2048 et
642 2027 707 2047 ess
718 2027 762 2047 en
774 2018 842 2049 tia
854 2034 909 2050 —-.
927 2017 1112 2063 Quaedam
1128 2022 1246 2051 tamen
1261 2027 1284 2059 p
1296 2017 1376 2052 erd
1387 2028 1440 2050 ur
1451 2027 1502 2050 an
1514 2022 1538 2050 t.
1560 2017 1595 2059 8,
1608 2018 1643 2059 3,
1655 2015 1711 2050 34.

170 2056 476 2112 Peregrinatio·
532 2072 648 2105 trahat
671 2071 755 2106 inde
779 2071 831 2116 (α
854 2072 1020 2117 tempore)
1048 2074 1311 2121 peregrinatio,
1350 2086 1435 2108 rura
1467 2081 1529 2110 etc.
1562 2076 1618 2116 12,
1655 2076 1711 2117 11,

216 2115 270 2151 18,
298 2126 317 2148 a
341 2116 573 2150 transmarina
595 2118 884 2164 peregrinatione
908 2123 943 2163 7,
966 2122 1000 2163 3,
1027 2122 1084 2154 31.

170 2158 202 2200 P
206 2161 472 2215 eregl'issitaS·
520 2173 783 2221 peregrinitatis
805 2186 907 2210 reum
932 2175 989 2220 (a.
1015 2181 1037 2211 l.
1059 2176 1377 2224 peregrinationis)
1401 2180 1438 2221 7,
1463 2180 1498 2220 1,
1522 2177 1579 2212 55.
1605 2177 1653 2210 N.
1679 2183 1712 2210 ei

218 2218 264 2250 N.
290 2230 359 2260 cr.‚·
385 2217 423 2252 in
452 2229 523 2263 quo
550 2219 643 2264 (ore)
669 2222 766 2254 nulla
790 2232 907 2266 neque
930 2221 1211 2267 rusticitas,
1238 2235 1357 2268 neque
1381 2222 1711 2271 peregrinitas

217 2261 274 2304 (α.
299 2267 318 2298 l.
333 2265 572 2319 ‘peregrinum
598 2272 634 2300 et
660 2268 864 2311 Graecum)
888 2274 1035 2303 resonet
1058 2281 1090 2302 v.
1117 2269 1185 2304 Os.
1211 2273 1268 2313 11,
1293 2272 1327 2313 3,
1353 2271 1409 2304 30.

171 2307 439 2363 Peregrlnor.
486 2328 525 2356 ut
551 2323 771 2371 peregrinari
795 2332 858 2358 etc.
882 2324 1069 2360 videamur
1089 2326 1144 2367 (in
1170 2325 1328 2371 somniis)
1351 2326 1386 2370 6,
1410 2329 1446 2370 2,
1471 2327 1529 2361 30.

170 2362 441 2418 Peregrinus·
466 2378 507 2421 α)
527 2379 648 2415 civis
678 2392 723 2414 an
746 2390 858 2423 pere
871 2393 929 2428 gr.
952 2383 986 2425 5,
1003 2385 1058 2426 10,
1069 2384 1126 2418 26.
1152 2393 1241 2426 pen,
1265 2383 1326 2428 qui
1341 2395 1482 2417 murum
1500 2381 1712 2424 ascenderit,

216 2428 330 2472 morte
359 2425 527 2458 multetur
550 2424 585 2467 4,
611 2426 646 2468 4,
673 2427 708 2460 4.
739 2428 788 2464 Ν.
816 2427 861 2469 cs}
889 2431 924 2471 7,
949 2430 983 2471 6,
1007 2429 1040 2463 6.
1089 2429 1128 2473 β)
1152 2433 1185 2462 in
1217 2432 1381 2463 dicendo.-
1417 2429 1478 2463 illa
1505 2435 1560 2463 est
1582 2429 1711 2462 urba-

218 2472 361 2518 nitas,
395 2469 433 2503 in
460 2482 529 2514 qua
552 2472 642 2505 nihil
666 2473 962 2520 peregrinum
989 2482 1050 2508 etc.
1077 2476 1190 2516 possit
1223 2475 1445 2518 deprehendi
1477 2475 1520 2518 6,
1554 2476 1600 2517 3,
1632 2475 1710 2507 107·

218 2511 429 2547 Latinum
451 2526 585 2551 nomen
612 2529 687 2552 non
720 2520 910 2561 habemus,
956 2519 1111 2565 ideoque
1145 2522 1276 2556 utimur
1306 2521 1566 2566 peregrino
1599 2520 1642 2560 3,
1673 2519 1708 2561 6,

216 2556 274 2590 97.
322 2568 485 2599 saporem
508 2562 608 2597 illum
632 2565 854 2599 Atticum
885 2566 1152 2613 peregrino
1187 2568 1407 2602 miscuerunt
1430 2569 1486 2607 12,
1515 2566 1571 2607 10,
1597 2565 1652 2600 19.
1689 2575 1710 2598 a

215 2609 290 2641 per.
320 2605 452 2639 scholis
485 2610 541 2650 11,
574 2611 608 2652 3,
643 2612 720 2644 103.
768 2611 805 2644 in
835 2621 912 2652 per.
944 2622 1072 2646 sonum
1107 2615 1147 2655 1,
1181 2616 1222 2656 1,
1261 2616 1317 2648 13.
1362 2612 1502 2657 singula
1535 2616 1618 2644 sunt
1648 2616 1709 2644 aut

216 2653 376 2682 nostra
401 2657 460 2683 aut
482 2661 575 2693 per.
603 2656 747 2698 (verba)
773 2660 806 2699 1,
831 2659 865 2700 5,
890 2659 924 2692 3.
971 2659 1084 2693 verba
1108 2664 1168 2692 aut
1202 2659 1365 2693 Latina
1401 2663 1461 2691 aut
1496 2665 1591 2698 per.
1624 2661 1707 2691 sunt

214 2693 258 2725 ib.
283 2693 339 2728 55.
384 2701 424 2727 ut
446 2696 516 2730 sint
540 2711 644 2742 quam
670 2701 814 2736 minime
837 2712 926 2744 per.
952 2710 988 2738 et
1012 2710 1213 2738 externa
1238 2702 1386 2748 (verba)
1413 2704 1449 2746 8,
1476 2706 1508 2746 1,
1532 2705 1569 2740 2.

169 2735 201 2777 P
204 2750 249 2777 e1·
252 2750 317 2778 ΘΟ·
366 2749 402 2792 α)
427 2753 469 2785 ‹le
493 2757 607 2790 rebus.-
645 2770 715 2801 qua
739 2764 774 2793 et
797 2759 978 2794 distinctio
1004 2761 1096 2802 perit
1119 2766 1154 2795 et
1181 2761 1327 2795 affectus
1353 2762 1409 2802 11,
1444 2761 1478 2802 3,
1503 2762 1562 2795 52.
1588 2757 1706 2800 perire
