1742 2964
370 228 374 241 .
429 201 565 245 ludex
595 198 828 243 Nominum
858 198 1146 256 Propriorum.

80 316 198 355 aionis
220 321 434 354 consecutus
455 321 512 352 est
543 326 650 363 quam
679 314 758 350 elo-

81 375 224 422 quentia
249 379 307 422 11,
328 378 365 421 3,
391 377 428 411 8·

34 433 297 478 LeiniMns,
325 436 368 469 Ρ.
393 434 484 469 Sura
507 431 543 476 5,
566 435 623 478 10,
648 434 705 468 30.

0 502 2 504 ·
34 509 81 518 ——
107 492 278 537 Spinther
301 494 337 536 6,
360 495 396 536 3,
420 491 533 531 57N.

33 570 79 578 —
100 551 146 588 Ρ.
165 551 272 596 Oppii
294 552 428 586 dictum
450 549 497 586 de
513 549 759 597 generexLen-

78 611 235 645 tutorum
262 611 297 653 6,
321 612 356 653 3,
380 610 438 644 67.

32 669 289 704 Leonides.
313 669 537 715 paedagogus
558 667 760 703 Alexandri

77 729 131 762 M.
154 729 362 773 quibusdam
393 738 477 761 eum
509 726 608 764 vitiis
633 727 759 761 imbuit

79 789 116 830 1,
142 789 177 830 1,
203 788 239 822 9.

32 844 183 880 Liber.
207 845 375 880 Liberum
397 854 463 889 pro
485 840 577 889 pane
593 844 757 879 licentius

76 906 122 946 8,
143 904 188 948 6,
210 903 268 938 24.
294 903 371 938 vini
396 903 543 939 inventa
564 904 603 938 iu
626 903 756 940 Libero

81 963 319 997 ostenduntur
342 965 380 1007 3,
402 966 437 1005 7,
461 963 495 998 8.

32 1021 267 1056 Licinius.
295 1034 330 1056 v.
354 1021 522 1058 Archias.

29 1079 265 1128 Ligarius.
285 1077 759 1128 quamenteupinAffica

47 1170 50 1171 γ
74 1137 186 1173 fuerit
207 1141 244 1182 7,
270 1141 304 1178 2.
330 1139 366 1174 6.

30 1197 191 1232 Linus.
237 1198 274 1242 1,
299 1198 356 1240 10,
381 1197 416 1232 9.

30 1255 200 1291 Livius
221 1254 462 1291 Andronicus.
496 1256 554 1298 10,
575 1257 613 1299 2,
635 1257 670 1290 7.

27 1332 75 1341 -—
97 1315 146 1353 T,
179 1313 252 1358 ejus
274 1315 377 1348 verba
397 1314 434 1355 8,
458 1313 496 1356 6,
517 1315 576 1347 20.
606 1312 646 1347 in
671 1310 755 1357 Epi-

73 1371 237 1406 stola-ad
260 1370 373 1406 {ilium
401 1371 591 1416 praecipit,
627 1371 753 1416 legen-

6 1450 28 1469 ,-
73 1430 139 1464 dos
160 1429 439 1464 Demosthenem
469 1436 574 1475 atqgue
602 1428 752 1464 Cicero—

74 1500 178 1530 nem3
212 1493 287 1521 tum
311 1487 384 1530 ita,
422 1493 463 1520 ut
485 1488 635 1531 quisque
659 1492 753 1522 esset

73 1544 311 1581 Demostheni
343 1551 379 1578 et
412 1545 579 1581 Ciceroni
603 1545 754 1579 'similli-

73 1615 154 1640 mus
184 1607 228 1646 2,
262 1604 307 1646 5,
339 1605 397 1640 20.
433 1606 499 1646 10,
526 1607 568 1648 1,
592 1605 649 1640 39.
694 1605 754 1638 De

76 1667 316 1708 praeceptore-
341 1662 427 1704 illo,
467 1662 528 1707 qui
561 1663 752 1707 discipulos

76 1712 290 1763 obscurare,
327 1731 418 1764 quae
441 1721 619 1764 dicerent,
651 1723 753 1766 jube-

73 1782 135 1815 bat
157 1781 191 1823 8,
215 1783 254 1823 2,
279 1780 336 1813 18.
380 1781 549 1813 Judicium
572 1782 614 1813 ‹le
637 1793 674 1813 eo
696 1783 751 1824 10,

77 1843 121 1883 1,
159 1841 221 1873 101
247 1851 296 1882 sq.
355 1839 498 1880 Quando
530 1840 685 1880 legendus
718 1842 753 1882 2,

77 1901 112 1941 5,
142 1898 196 1935 19.
227 1896 343 1930 Mirae
365 1895 551 1930 facundiae
574 1896 632 1931 vir
658 1899 693 1939 8,
720 1901 754 1941 1,

74 1959 111 1992 3.
134 1957 218 2000 Ejus
239 1956 370 1989 Lactea
390 1955 532 1988 ubertas
558 1957 612 1998 10,
639 1959 670 1998 1,
694 1958 751 1992 32.

74 2012 314 2057 Μακρολογία
337 2014 372 2055 8,
399 2015 433 2055 3,
457 2014 502 2047 53
517 2014 563 2051 Ν.
586 2015 752 2058 *Ejusdem

52 2092 59 2102 .
78 2075 214 2120 quidam
239 2076 330 2105 locus
355 2073 542 2104 vindicatur
574 2073 610 2115 9,
633 2072 668 2118 4,
691 2072 751 2108 74.

78 2129 291 2166 Hexametri
322 2129 473 2164 exordio
505 2130 622 2174 coepit
651 2132 686 2173 9,
715 2131 751 2176 4,

77 2189 136 2226 74.
183 2191 322 2232 Scripsit
355 2188 459 2232 Sibe,
499 2189 616 2235 Quase
644 2194 684 2234 1,
715 2195 751 2235 7,

77 2247 135 2284 24.
180 2247 477 2292 Frequentissime
501 2248 635 2282 dubitat
659 2253 693 2291 2,
715 2250 751 2293 4,

27 2322 38 2329 ⁴·
77 2308 135 2343 19.
178 2304 296 2340 Pollio
314 2306 547 2349 deprehendit
568 2307 607 2341 in
623 2318 668 2342 eo
685 2309 752 2343 Pa—

75 2363 298 2399 tavinitatem
322 2366 354 2407 1,
378 2366 412 2407 5,
440 2365 497 2399 56.
522 2366 557 2408 8,
581 2369 613 2407 1,
637 2368 672 2400 3.

25 2429 233 2464 ‘Loci-oe:
260 2430 382 2464 fabula
406 2430 597 2464 Menandri
624 2434 691 2475 10,
716 2433 751 2475 1,

75 2491 123 2524 70
137 2490 174 2522 S.

28 2547 238 2594 Longus.
263 2558 296 2580 v.
322 2546 511 2590 Sulpicius.

28 2600 304 2652 Lotophagi.
350 2606 385 2648 5,
414 2606 449 2648 8,
478 2609 497 2639 1
521 2606 567 2639 Ν.
591 2612 623 2638 et
646 2605 684 2639 S.

25 2663 263 2707 *Lucanus
288 2671 408 2708 poeia,
440 2666 483 2697 de
505 2675 568 2708 quo
590 2664 751 2706 judicium

27 2736 30 2740 ·
81 2731 171 2757 extat
190 2726 246 2766 10,
273 2726 306 2765 1,
331 2724 387 2758 90.
422 2722 537 2767 Magis
552 2722 752 2756 oratoribus

27 2789 30 2797 ⁴
81 2792 184 2826 quam
210 2782 324 2826 poetis
356 2782 638 2822 annumerandus
662 2783 703 2815 ib.
727 2810 731 2815 ,

130 2842 210 2871 Lex.
244 2841 358 2880 Quint.

1446 206 1556 245 1009

823 312 1059 350 Lucilius.
1085 322 1187 360 poeta
1209 318 1364 352 satiricus
1389 319 1422 360 1,
1447 317 1481 360 5,
1498 318 1555 352 56.

870 376 915 415 1,
939 375 981 415 7,
1010 374 1063 409 19.
1099 378 1132 417 1,
1155 375 1192 417 8,
1219 379 1274 409 11.
1325 378 1454 411 Versus
1480 377 1555 421 ejus

869 438 901 464 et
924 434 1028 464 verba
1053 434 1086 475 1,
1112 434 1148 477 6,
1172 435 1207 469 8.
1238 437 1270 477 1,
1301 437 1335 477 7,
1364 437 1420 470 15.
1453 436 1490 477 9,
1515 434 1554 478 4,

869 489 927 524 38.
958 493 1036 525 113.
1065 491 1102 526 in
1126 503 1222 528 nono
1248 497 1280 537 1,
1307 497 1341 536 7,
1367 494 1420 530 19.
1452 495 1554 528 ,ΙιιιΙὶ-

870 550 956 582 cium
984 551 1027 582 «Ie
1051 563 1089 584 eo
1122 554 1186 595 10,
1212 556 1250 595 1,
1279 551 1339 588 94.
1371 554 1428 585 ubi
1454 556 1554 586 etiam

869 607 1011 642 Horatii
1034 611 1167 644 sinistra
1191 613 1233 645 de
1258 614 1314 646 ἰαο
1334 611 1467 655 judicia
1493 613 1555 643 im-

866 669 1063 709 probantur.

822 724 1062 761 Lucretia.
1108 728 1143 771 5,
1170 731 1226 772 11,
1251 730 1308 765 10.

822 784 1094 820 Lucretius.
1113 794 1216 829 poeta
1244 789 1301 830 12,
1327 788 1384 831 11,
1405 788 1463 822 27.
1488 789 1552 821 Ju-

869 844 991 876 dicium
1019 845 1061 876 de
1088 857 1125 878 eo
1154 846 1214 887 10,
1241 848 1282 888 1,
1305 846 1364 880 87.
1411 846 1554 892 Legen-

869 903 934 935 dus
958 902 1122 946 quidem,
1154 904 1218 936 sed
1243 913 1316 937 non
1338 911 1378 939 nt
1407 905 1553 949 phrasin

868 961 976 995 faciat
1020 964 1065 997 ib.
1125 963 1319 1006 Praecepta
1357 963 1552 1008 sapientiae

867 1020 1032 1055 versibus
1056 1020 1200 1055 tradidit
1228 1024 1262 1064 1,
1290 1020 1325 1065 4,
1349 1021 1388 1057 4.

820 1078 1029 1114 Luculli.
1076 1082 1134 1123 12,
1158 1083 1196 1123 7,
1218 1079 1303 1114 ⁴N.

821 1137 1130 1181 Lupercalia.
1163 1141 1188 1171 i.
1215 1152 1246 1183 q.
1272 1139 1372 1174 luere
1401 1150 1467 1182 per
1489 1151 1551 1174 ca·

866 1207 970 1241 prum
994 1198 1128 1241 quidam
1158 1198 1198 1238 1,
1225 1197 1265 1238 5,
1288 1197 1347 1231 66.
1372 1198 1452 1232 data
1473 1198 1551 1231 Lu-

864 1255 1064 1300 percalibus
1090 1256 1125 1297 9,
1152 1255 1187 1296 3,
1212 1253 1271 1288 61.
1378 1255 1380 1257 ’

820 1315 991 1358 Lupus.
1017 1326 1051 1347 v.
1075 1312 1240 1347 Rutilius.

818 1372 1069 1407 Luranius.
1110 1370 1196 1414 sori.
1244 1375 1479 1414 grammaticus
1511 1376 1550 1420 9,
1575 1383 1577 1386 ·

864 1431 898 1474 4,
925 1433 982 1466 38.

819 1489 1014 1531 Lusius,
1048 1486 1090 1522 C.
1131 1487 1293 1522 tribunus
1324 1489 1476 1525 militum
1511 1494 1546 1536 3,

867 1549 924 1590 11,
953 1546 1005 1580 14.

818 1605 979 1648 Lycia.
1007 1605 1084 1637 inde
1103 1605 1279 1638 Rhetores
1307 1607 1363 1648 11,
1387 1608 1421 1649 3,
1447 1606 1503 1642 58.

818 1665 1077 1710 Lycurgus.
1123 1663 1390 1709 durissimarum
1432 1665 1548 1699 Lace-

865 1722 1062 1757 daemoniis
1098 1723 1217 1768 legum
1249 1728 1372 1757 auctor
1407 1725 1447 1767 1,
1490 1727 1546 1767 10,

867 1784 923 1816 15.
958 1781 1117 1815 Musices
1141 1780 1360 1824 disciplinam
1381 1782 1548 1826 probavit

865 1843 906 1873 ib.
930 1840 975 1881 cs.
1002 1843 1034 1881 1,
1060 1843 1115 1882 11,
1141 1840 1196 1874 18.

820 1918 866 1924 -
888 1905 1005 1933 orator
1031 1902 1086 1941 12,
1114 1900 1167 1940 10,
1192 1900 1251 1932 22.

820 1958 1002 2003 Lydiae
1034 1957 1180 2003 regina,
1226 1967 1331 2000 quam
1368 1953 1544 1990 Hercules

865 2016 1043 2051 adamavit
1069 2020 1103 2058 ³,
1127 2019 1162 2058 7,
1186 2015 1267 2049 GN.

818 2076 991 2121 Lyrici.
1018 2078 1051 2118 1,
1075 2075 1110 2116 8,
1134 2074 1168 2108 6.
1198 2074 1234 2116 9,
1257 2071 1292 2115 4,
1316 2073 1373 2107 53.
1403 2073 1543 2108 Novem

867 2137 922 2177 10,
948 2138 981 2177 1,
1006 2135 1062 2168 61.

819 2193 1057 2238 Lysiacae
1081 2188 1267 2237 gracilitati
1292 2191 1347 2231 12,
1375 2191 1432 2231 10,
1459 2188 1517 2224 24.

819 2251 999 2297 Lysias.
1029 2258 1142 2284 orator
1165 2252 1206 2288 2,
1233 2251 1296 2291 17,
1321 2249 1355 2281 6.
1403 2248 1543 2293 Oratio,

865 2322 969 2355 quam
993 2307 1130 2343 Socrati
1154 2312 1401 2350 composuerat
1424 2309 1458 2348 2,
1484 2308 1542 2351 15,

862 2372 919 2404 30.
945 2367 990 2410 cs.
1017 2369 1072 2408 11,
1099 2369 1131 2408 1,
1157 2368 1213 2398 11.
1260 2366 1428 2399 Iudicium
1443 2369 1485 2400 dc
1501 2379 1540 2400 eo

863 2430 928 2471 10,
965 2429 1007 2469 1,
1040 2426 1097 2460 78.
1130 2423 1175 2465 cs.
1205 2426 1266 2466 12,
1303 2425 1368 2464 10,
1394 2426 1453 2457 21.
1480 2427 1540 2458 2⁴2.

862 2487 905 2520 In
937 2484 1089 2518 dicendo
1120 2482 1456 2528 praestantissimus*
1474 2483 1542 2516 ha-

861 2544 955 2579 bitus
989 2545 1051 2586 11,
1095 2544 1137 2585 1,
1172 2543 1225 2575 11.
1280 2541 1334 2574 Eo
1364 2539 1473 2585 nihil,
1509 2541 1541 2575 si

864 2599 998 2636 oratori
1029 2600 1112 2634 satis
1142 2598 1189 2633 sit
1210 2600 1362 2643 docere,
1391 2611 1540 2644 quaeras

864 2659 1058 2705 perfectius
1084 2660 1140 2701 10,
1166 2660 1199 2701 1,
1222 2659 1279 2692 78.
1325 2657 1466 2701 Optime
1479 2659 1539 2693 vi-

864 2720 967 2752 detur
998 2717 1037 2751 in
1067 2717 1134 2759 iis,
1168 2727 1258 2761 quae
1282 2717 1460 2751 scribebat
1482 2717 1540 2750 inae

864 2777 991 2822 doctis,
1014 2787 1175 2813 servasse
1192 2776 1354 2816 veritatis
1374 2776 1480 2810 fidem
1502 2777 1539 2818 3,

1215 2829 1263 2867 04
