1794 2976
250 196 334 236 924
989 194 1049 239 Ut

293 314 341 343 ut
370 308 489 352 dicere
512 308 580 343 alia
601 309 678 344 aliis
706 315 741 345 et
758 322 813 356 ap.
836 310 924 346 alios
946 310 1058 358 magis
1072 321 1293 347 -concessum
1308 317 1374 355 est,
1399 311 1469 348 sic
1492 314 1630 350 etiam
1651 317 1770 352 facere

291 358 347 398 11,
376 358 410 398 3,
439 354 517 390 150.
548 354 594 398 cs.
621 359 656 399 3,
684 360 719 400 7,
745 356 779 392 4.
809 360 864 401 10,
888 359 922 400 3,
946 360 980 396 1.
1007 361 1071 402 12,
1100 361 1162 402 10,
1190 361 1224 394 2.
1251 364 1300 392 ut
1323 359 1415 393 dicta
1443 362 1568 404 quaed.
1590 357 1660 399 i'ta
1682 364 1772 402 scri-

288 407 347 454 pta
372 411 552 446 quoque
578 403 613 446 9,
637 405 672 447 2,
701 401 758 438 34.
785 402 828 445 cf.
854 406 893 445 9,
913 402 958 447 4,
986 406 1063 439 133.
1090 407 1149 448 11,
1176 406 1219 448 3,
1243 406 1311 441 30.·
1331 413 1375 440 ut
1399 407 1524 450 quaed.
1544 407 1583 441 in
1607 402 1769 452 quiBusd.

287 453 410 492 utique
434 458 509 481 non
531 455 635 492 sunt,
661 455 705 484 et
727 449 817 483 ratio
843 449 926 493 ita,
952 451 1115 495 quamv-is
1139 461 1187 485 ex
1211 449 1375 495 diverso,
1403 453 1478 486 ead.
1503 452 1557 486 est
1579 454 1623 496 5,
1648 456 1704 495 10,
1725 454 1772 490 64

287 494 336 527 Ν.
364 499 411 527 ut
433 493 580 528 afferent
601 496 723 530 lumen
746 497 869 531 clavus
893 503 978 540 etc„
1002 496 1068 530 ita
1092 501 1220 532 certe
1245 497 1423 532 neminem
1447 498 1571 534 deceat
1593 507 1654 534 etc.
1683 502 1718 543 8,
1737 503 1771 544 5,

286 541 344 574 28.
366 545 415 573 ut
439 541 528 574 haec
553 541 591 574 in
613 553 722 575 unum
752 548 1004 589 congeruntur,
1027 542 1092 576 ita
1120 548 1252 577 contr
1262 550 1284 576 av
1306 543 1367 578 illa
1390 543 1549 587 dispersa
1573 551 1656 579 sunt
1677 546 1712 588 9,
1737 548 1771 589 3,

285 587 344 620 39.
372 587 488 630 quod,
513 593 558 620 ut
586 588 756 631 optimum
781 594 855 631 est,
879 589 945 622 ita
967 590 1075 636 longe
1099 590 1263 634 quidem,
1288 591 1351 623 sed
1375 591 1538 634 sequitur
1558 595 1714 625 tamen
1738 591 1772 635 5,

287 634 344 678 12,
373 633 407 667 9.
447 631 491 673 cs.
519 635 574 676 10,
603 636 635 678 1,
660 637 724 676 723
758 639 809 668 ut
832 641 948 669 autem
973 635 1092 670 fateor
1119 653 1164 659 —
1187 634 1252 668 ita
1279 645 1374 670 non
1396 636 1571 670 assentior
1593 638 1627 680 9,
1651 639 1685 680 3,
1713 638 1776 678 90.

287 676 332 718 cs.
359 680 402 722 3,
427 676 468 721 4,
495 681 549 713 13.
574 680 618 722 8,
643 682 683 723 3,
714 681 757 715 18
772 684 813 716 Ζ.
839 682 875 724 8,
904 683 938 723 6,
961 683 1018 715 20.
1045 684 1100 724 10,
1131 683 1162 724 1,
1189 681 1244 715 15:
1271 683 1334 724 10,
1357 683 1398 724 3,
1426 684 1482 718 28.
1507 683 1602 727 quod
1623 689 1673 717 ut
1697 683 1773 727 pri-

285 735 383 758 mum
407 724 657 771 cogitandum,
689 726 755 760 ita
782 737 872 761 non
894 726 1058 772 utique
1083 726 1234 772 primum
1261 726 1448 762 dicendum
1473 728 1541 763 erit
1563 729 1673 772 3,-6‚
1705 731 1770 772 123

283 775 330 803 ut
357 772 446 815 haec
472 782 562 805 non
594 778 674 806 sunt
697 773 892 816 schemata,
924 773 989 807 sic
1014 773 1081 817 alia
1105 774 1167 808 vel
1190 773 1258 806 sint
1281 774 1432 808 forsitan
1457 781 1519 809 eto.
1547 775 1590 817 9,
1618 777 1664 818 2,
1689 777 1770 809 107.

282 822 331 849 ut
355 833 399 841 —-
422 818 524 851 nefas
548 828 638 852 non
663 820 777 862 duco,
804 819 871 855 ita
894 838 937 844 —
964 819 1109 853 minime
1134 818 1244 854 velim
1269 819 1308 862 5,
1334 821 1400 863 14,
1423 822 1480 858 27.
1506 818 1549 862 cs.
1578 823 1620 862 1,
1646 823 1686 863 1,
1710 823 1769 854 22.

282 865 319 905 7,
350 866 383 905 1,
408 862 466 897 64.
492 865 527 906 9,
553 866 587 907 3,
616 867 693 899 101.
721 868 784 906 11,
812 869 854 909 2,
879 867 936 900 33.
961 872 1011 900 ut
1037 876 1166 900 nemo
1192 871 1315 899 contra
1341 865 1400 908 id,
1426 867 1522 910 qnod
1546 867 1645 908 vult,
1671 864 1768 908 dicit,

280 907 352 942 ita
375 915 493 953 potest
515 911 642 945 melius
681 910 812 954 aliquid
846 912 942 947 velle
965 913 1008 955 9,
1031 914 1073 954 2,
1099 913 1155 946 89.
1192 916 1241 944 ut
1265 922 1350 945 non
1374 913 1477 945 durat
1498 912 1592 946 ultra
1616 922 1770 956 poenam

282 954 541 998 abdicationis,
576 956 646 991 ita
679 958 817 992 abdicat
848 963 1002 991 tamen
1039 960 1083 991 ib.
1111 958 1168 992 88.
1204 963 1251 991 ut
1284 968 1378 992 non
1415 958 1582 1001 demens,
1616 955 1768 992 crudelis

283 1007 408 1035 certe
435 1001 600 1036 videatur
623 1005 666 1036 ib.
688 1004 746 1039 91.
772 1010 819 1037 ut
841 1003 949 1048 velli,
978 1010 1014 1038 et
1036 1006 1176 1038 comam
1198 1002 1238 1036 in
1256 1005 1384 1050 gradus
1407 1003 1572 1050 frang'ere
1595 1011 1658 1037 etc.
1682 1014 1768 1037 non

281 1047 350 1081 erit
377 1050 671 1091 consuetudo—3
703 1055 746 1083 at
768 1051 940 1093 lavamus,
965 1057 1000 1084 et
1023 1051 1212 1084 tondemur
1236 1057 1298 1084 eto.
1324 1061 1372 1084 ex
1396 1049 1671 1084 consuetudine:
1699 1049 1767 1083 sic

279 1092 319 1126 in
343 1095 523 1138 loquendo
551 1102 614 1128 etc.
642 1098 683 1135 1,
708 1096 750 1139 6,
774 1095 831 1130 44.
886 1096 931 1141 y)
964 1099 984 1130 i.
1010 1110 1040 1141 q.
1071 1103 1206 1140 prout.
1255 1094 1287 1139 a)
1311 1101 1351 1130 ut
1383 1095 1549 1140 expediet
1579 1106 1706 1128 causae
1731 1098 1766 1138 7,

278 1141 315 1182 3,
341 1141 396 1174 18.
427 1142 523 1184 quod
552 1140 679 1186 cuique
704 1142 942 1184 crediderunt,
966 1148 1172 1187 reposcunt,
1196 1146 1235 1174 ut
1258 1152 1381 1176 eorum
1396 1141 1767 1189 imagine‘admonen-

277 1191 336 1219 tur
363 1189 419 1230 11,
444 1190 478 1230 2,
503 1188 550 1220 20
569 1188 614 1220 Ν.
640 1193 680 1221 ut
706 1200 764 1223 res
787 1189 880 1223 feret
909 1192 963 1228 12,
989 1191 1046 1222 Pr.
1069 1189 1104 1223 4.
1129 1194 1169 1222 ut
1190 1197 1249 1233 res
1271 1187 1352 1222 tulit
1375 1188 1460 1231 (Sp.
1489 1185 1582 1230 vult)
1606 1187 1639 1228 3,
1663 1188 1696 1229 8,
1722 1188 1767 1221 53

278 1236 320 1266 Ζ.
346 1237 385 1265 ut
411 1238 509 1267 actus
533 1235 739 1276 poposcerit
769 1237 832 1277 11,
858 1237 903 1278 3,
927 1235 984 1270 75.
1011 1239 1050 1267 ut
1073 1234 1204 1278 optime
1232 1244 1420 1278 possumus
1442 1234 1504 1276 12,
1532 1234 1594 1274 10,
1623 1233 1677 1267 38.
1707 1238 1768 1266 aut

277 1277 382 1320 satis,
408 1285 467 1312 ant
492 1284 588 1312 certe
612 1279 682 1312 uti
714 1280 915 1323 potuimus,
943 1281 1074 1314 dictum
1102 1286 1156 1314 est
1181 1282 1244 1324 10,
1270 1280 1311 1322 1,
1335 1278 1370 1312 4.
1397 1289 1487 1323 qnae
1513 1277 1699 1320 sumimus,
1727 1284 1768 1312 ut

278 1323 422 1358 videtur
447 1324 544 1366 (Sp.
569 1323 757 1367 videntur)
786 1329 831 1366 2,
859 1328 920 1367 10,
947 1325 992 1359 14
1009 1330 1052 1360 Ζ.
1120 1325 1168 1368 b)
1193 1333 1238 1358 ui
1261 1327 1466 1370 quisque,
1502 1331 1548 1357 ut
1571 1326 1692 1368 quis.-
1729 1329 1767 1358 ut

279 1369 393 1413 quisq.
420 1369 486 1403 erit
507 1369 672 1403 Ciceroni
697 1371 893 1405 simillimus
914 1374 948 1414 2,
974 1371 1007 1413 5,
1034 1373 1091 1405 20.
1117 1381 1185 1404 nec
1210 1371 1333 1415 utique
1358 1375 1493 1404 certum
1516 1369 1766 1413 imperaverim

275 1417 444 1458 modum,
469 1416 531 1449 sed
557 1417 712 1450 maxime
736 1423 775 1451 ut
801 1417 916 1461 quisq.
944 1417 1086 1451 finietur
1111 1418 1212 1451 locus
1237 1419 1300 1459 11,
1327 1418 1370 1459 2,
1393 1419 1450 1450 27.
1473 1420 1514 1449 ut
1537 1415 1629 1460 cuiq.
1658 1416 1766 1450 debe-

274 1466 335 1495 tur
358 1472 532 1505 personae
556 1462 757 1496 reverentia
782 1466 838 1506 11,
863 1466 896 1506 1,
922 1464 979 1498 66.
1007 1462 1051 1504 cs.
1073 1466 1107 1505 2,
1134 1466 1189 1505 12,
1216 1465 1272 1496 11.
1294 1463 1330 1504 9,
1356 1463 1389 1503 3,
1414 1460 1471 1496 54.
1496 1463 1552 1504 10,
1576 1459 1611 1503 4,
1635 1463 1675 1503 5;
1701 1462 1766 1495 uti

275 1519 407 1551 quaeq.
431 1507 501 1541 sint
524 1513 708 1551 tempore,
732 1508 798 1542 ita
820 1510 943 1543 facere
970 1509 1077 1544 etiam
1104 1508 1230 1542 ordine
1253 1507 1372 1551 priora
1394 1507 1429 1549 9,
1457 1505 1492 1548 4,
1516 1502 1574 1542 25.
1600 1505 1646 1547 «tf.
1670 1508 1705 1551 8,
1729 1508 1764 1550 6,

274 1554 332 1589 62.
360 1556 425 1596 10,
451 1556 492 1596 1,
521 1555 554 1587 3.
584 1559 632 1587 ut
658 1565 784 1599 quaeq.
808 1556 926 1588 forma
951 1554 1209 1597 perfectissima
1231 1553 1296 1587 ita
1318 1551 1551 1597 capacissima.
1574 1558 1635 1587 est
1650 1555 1684 1597 1,
1709 1555 1766 1597 10,

274 1598 332 1635 40.
360 1612 393 1634 v.
422 1599 641 1646 Quisque3
676 1606 725 1635 ut
750 1612 789 1635 se
813 1600 923 1647 quis
945 1600 1156 1640 inferiorem
1184 1610 1263 1635 esse
1288 1598 1383 1634 dicet
1395 1599 1439 1643 <9‚
1465 1599 1502 1642 3,
1526 1598 1582 1634 19.

327 1689 372 1732 Β)
412 1689 454 1734 α)
483 1693 636 1726 citando.-
668 1697 708 1726 ut
732 1693 830 1736 ajunt
854 1694 922 1734 12,
947 1691 989 1732 7,
1013 1691 1048 1727 9.
1081 1697 1120 1726 ut
1143 1690 1296 1726 arbitror
1317 1691 1360 1734 9,
1386 1693 1430 1734 1,
1453 1689 1511 1724 25.
1535 1694 1575 1724 ut
1600 1689 1705 1724 audio
1727 1691 1764 1733 9,

272 1734 308 1779 4,
340 1739 417 1772 119.
442 1743 482 1770 ut
509 1737 585 1772 dixi
608 1741 650 1779 2,
679 1740 746 1781 20,
775 1740 808 1774 6.
837 1743 877 1771 ut
899 1748 985 1772 mox
1009 1737 1214 1772 docebimus
1243 1739 1308 1780 12,
1335 1739 1379 1780 1,
1408 1739 1463 1770 12.
1479 1771 1481 1773 μ
1498 1739 1538 1768 ut
1562 1746 1620 1770 res
1642 1736 1766 1783 exiget

273 1785 331 1826 12,
358 1786 416 1827 10,
446 1785 502 1819 69.
529 1790 567 1818 ut
594 1783 797 1818 existimant
822 1787 877 1826 12,
902 1786 956 1824 10,
983 1786 1016 1819 5.
1041 1789 1080 1817 ut
1103 1783 1247 1817 memini
1273 1786 1312 1826 9,
1335 1781 1379 1826 4,
1403 1783 1461 1817 90.
1486 1779 1526 1815 iit
1549 1781 1678 1826 opinor
1708 1785 1763 1826 12,

273 1830 330 1870 10,
355 1830 411 1864 51.
437 1835 476 1863 ut
500 1841 605 1874 supra
631 1830 771 1864 ostendi
794 1831 828 1873 9,
854 1833 888 1873 2,
911 1830 968 1865 65.
994 1836 1032 1863 ut
1056 1830 1244 1874 perhibent
1266 1830 1301 1871 9,
1323 1830 1358 1871 3,
1384 1829 1440 1863 57.
1463 1833 1502 1861 ut
1518 1827 1682 1872 praecepi
1707 1830 1762 1870 11,

271 1877 307 1918 2,
333 1874 388 1909 41.
415 1876 467 1909 uti
493 1876 562 1910 scis
589 1877 652 1921 Ep.
672 1877 716 1910 ad
737 1877 875 1921 Tryph.
898 1878 929 1909 1.
955 1881 994 1908 ut
1019 1887 1087 1923 ego
1111 1876 1254 1921 quidem
1282 1873 1398 1910 sentio
1425 1875 1459 1916 9,
1486 1872 1521 1916 4,
1548 1874 1602 1908 18.
1635 1885 1667 1907 v.
1693 1876 1762 1906 sin-

273 1925 355 1962 gula
383 1924 509 1955 Verba.
566 1924 611 1967 β)
647 1926 679 1956 ἱη
704 1919 862 1966 exemplis
886 1923 1076 1965 afferendis.
1115 1923 1151 1965 a)
1177 1922 1311 1968 Quaed.
1335 1921 1446 1955 verba
1468 1918 1762 1963 appellationibus

273 1967 419 2010 similia,
447 1973 486 2001 ut
507 1966 780 2011 fraudator,
809 1971 1024 2003 nutritor.
1054 1971 1087 2011 1,
1116 1968 1159 2011 4,
1186 1969 1244 2002 28.
1285 1965 1330 2008 cs.
1360 1969 1402 2008 1,
1425 1967 1469 2007 7,
1498 1968 1551 1998 12.
1581 1968 1620 2007 2,
1646 1967 1680 2008 1,
1706 1968 1761 1998 11.

273 2015 317 2056 3,
341 2014 385 2057 6,
413 2017 470 2049 20.
496 2014 552 2049 95.
582 2017 637 2057 11,
665 2018 700 2056 2,
727 2016 782 2049 19.
815 2014 871 2058 [5‚
900 2017 955 2057 12,
980 2015 1002 2049 6
1026 2015 1070 2048 N.
1098 2026 1142 2047 cr.
1170 2017 1226 2056 11,
1251 2015 1286 2056 3,
1312 2010 1408 2058 164.]
1434 2012 1502 2044 hae
1527 2009 1760 2063 (egressiones)

273 2065 357 2093 sunt
391 2061 530 2102 plures,
562 2066 609 2094 ut
639 2062 716 2094 laus
752 2060 934 2095 hominum
965 2062 1223 2103 locorumque,
1257 2063 1308 2092 ut
1339 2056 1528 2101 descriptio
1565 2064 1762 2103 regionum,

273 2106 455 2148 expositio
482 2108 654 2151 quarund.
680 2118 797 2140 rerum
827 2113 1021 2153 gestarum,
1046 2111 1095 2139 ut
1123 2107 1208 2148 (Sp.
1233 2105 1294 2141 vel
1321 2102 1444 2148 etiam)
1467 2101 1598 2137 laetitia
1620 2103 1761 2136 fabula-

272 2163 352 2184 rum
380 2151 416 2194 4,
445 2155 477 2196 3,
504 2155 548 2185 12
569 2157 611 2186 Z.
646 2153 703 2187 cui
726 2153 841 2187 simile
861 2152 1011 2194 fletur
1038 2151 1229 2196 accipimus
1253 2149 1402 2184 aliter
1424 2151 1494 2183 itt:
1538 2150 1761 2192 panditur

274 2199 457 2231 interea
481 2200 625 2231 domus
650 2201 976 2242 omnipotentis
1004 2199 1202 2240 Olympi,·
1235 2197 1382 2231 aliter
1403 2200 1470 2228 ut:
1503 2196 1610 2243 totis
1633 2206 1761 2239 usque

274 2244 385 2276 adeo
410 2246 617 2277 turbatur
642 2247 758 2286 agris
784 2248 823 2287 1,
848 2244 891 2286 4,
918 2245 974 2278 28.
1002 2244 1068 2278 alia
1091 2255 1202 2278 vana:
1229 2249 1268 2276 ut
1290 2241 1468 2276 suadentis
1515 2239 1672 2283 urpurati
1697 2246 1757 2274 ew.

272 2290 308 2330 8,
340 2291 372 2332 5,
400 2288 457 2323 24.
483 2295 522 2322 ut
548 2292 619 2324 hoc
646 2294 681 2332 7,
705 2293 739 2333 1,
762 2291 818 2325 25.
851 2296 890 2323 ut
911 2289 1001 2323 iilud
1030 2292 1064 2332 5,
1091 2293 1145 2332 11,
1171 2291 1226 2323 30.
1252 2292 1286 2332 7,
1309 2289 1344 2331 9,
1370 2290 1425 2322 10.
1460 2290 1478 2319 c'·
1495 2309 1504 2320 .
1527 2286 1559 2328 3,
1582 2286 1616 2328 5,
1642 2287 1698 2319 12.
1721 2290 1761 2318 ut

272 2333 355 2377 ille,
382 2335 442 2379 qui
466 2343 526 2369 etc.
552 2337 586 2378 8,
612 2339 645 2378 2,
673 2339 705 2369 2.
732 2347 811 2371 esse
837 2335 1100 2371 controversias
1123 2333 1323 2378 hujusmodi
1346 2333 1533 2380 figuratas,
1560 2336 1600 2364 ut
1623 2336 1676 2364 est
1698 2330 1760 2365 ilia

273 2381 309 2423 9,
334 2383 368 2423 2,
391 2383 448 2415 88.
475 2386 514 2414 ut
529 2381 617 2415 iilud
635 2381 752 2416 Crassi
777 2384 810 2425 8,
836 2385 869 2425 3,
894 2383 950 2417 89.
972 2388 1011 2415 ut
1034 2381 1092 2416 hic
1119 2385 1152 2424 7,
1175 2382 1209 2424 6,
1234 2384 1267 2415 2.
1291 2385 1330 2413 ut
1353 2389 1466 2422 aeque
1489 2379 1530 2420 (S
1537 2389 1568 2420 p,-
1586 2387 1628 2409 θα
1652 2375 1759 2430 quac)

271 2425 311 2459 in
341 2426 500 2470 epistolis
525 2426 652 2461 Cicero
679 2429 723 2470 9,
747 2430 787 2471 3,
812 2429 854 2462 61
880 2432 921 2462 Ζ.
959 2433 998 2460 ut
1022 2433 1058 2461 et
1081 2428 1219 2462 Seneca
1241 2427 1285 2469 9,
1309 2429 1352 2468 2,
1375 2424 1432 2459 42,
1468 2429 1508 2456 ut
1537 2431 1604 2465 pro
1621 2421 1758 2456 Coelio

272 2474 316 2505 ib.
341 2473 397 2507 60.
425 2473 551 2506 melius
570 2474 769 2508 illud—ut
796 2479 915 2517 puta,
943 2475 1086 2508 Novum
1109 2473 1244 2506 crimen
1264 2479 1324 2505 etc.
1353 2474 1407 2513 11,
1427 2472 1460 2511 3,
1483 2469 1551 2520 110
1575 2479 1606 2500 v.
1626 2469 1756 2511 Put0;

272 2517 371 2551 utin
396 2519 485 2561 hoc,
515 2522 628 2553 Cato.
659 2523 703 2562 7,
725 2521 767 2562 9,
800 2521 853 2553 13.
881 2518 924 2560 cs.
949 2521 991 2561 9,
1017 2522 1059 2562 3,
1089 2522 1143 2553 10.
1171 2519 1204 2560 9,
1229 2516 1264 2559 4,
1291 2519 1346 2552 97.
1374 2514 1473 2550 utin
1498 2514 1554 2547 his
1580 2510 1673 2565 9,'f1·.
1697 2514 1756 2548 65.

272 2575 343 2596 una
378 2575 484 2597 causa
515 2566 635 2608 plures
660 2566 798 2599 *habere
828 2565 1053 2610 quaestiones
1084 2571 1119 2599 et
1147 2563 1378 2608 judicationes
1405 2564 1543 2605 potest,
1574 2564 1614 2591 ut
1636 2570 1674 2592 ιιι
1699 2569 1770 2611 ‘³9²'

274 2609 334 2651 qui
362 2630 407 2636 —-
434 2611 630 2644 adulterum
656 2610 695 2644 in
718 2612 800 2645 foro
826 2610 957 2645 occidit
984 2613 1017 2654 3,
1044 2614 1099 2652 11,
1122 2613 1158 2648 7.
1183 2609 1228 2651 cs.
1253 2611 1288 2651 9,
1311 2611 1346 2650 2,
1371 2609 1427 2643 95.
1450 2606 1486 2648 9,
1510 2606 1544 2647 3,
1565 2605 1629 2656 ⁸83-
1655 2610 1694 2638 ut
1720 2616 1758 2639 ln

272 2655 390 2688 multis
415 2656 690 2698 controversiis,
719 2659 782 2691 sed
804 2656 843 2691 in
867 2659 935 2690 hac
959 2667 1101 2701 quoque
1130 2659 1164 2699 9,
1190 2659 1225 2698 2,
1248 2656 1304 2690 90.
1330 2659 1370 2687 nt
1391 2652 1430 2686 in
1452 2650 1574 2703 re3tal¹
1605 2653 1639 2690 7,
1664 2652 1699 2693 ⁷·
1722 2650 1757 2685 9·
1790 2656 1793 2661 '

274 2705 311 2731 ut
335 2700 372 2732 in
397 2709 560 2744 suspecta
585 2714 677 2736 nuru
700 2703 745 2745 9,
771 2705 814 2745 2,
838 2703 895 2738 69.
921 2703 1022 2748 origo
1047 2712 1189 2746 quoque
1213 2699 1400 2744 aliquando
1425 2697 1679 2730 declinatorum
1703 2701 1758 2729 te·
1783 2740 1785 2744 .

276 2745 383 2778 nendi
408 2748 518 2793 magis
543 2760 648 2782 causa
673 2754 745 2791 est,
770 2755 807 2782 ut
831 2749 867 2782 in
892 2748 1086 2787 Cicerone,
1109 2747 1262 2788 Verrio,
1289 2742 1437 2778 Aurelio
1466 2744 1525 2795 11,
1549 2745 1595 2784 2,
1625 2744 1680 2775 31.
1710 2740 1757 2794 fs.

279 2791 334 2824 30.
361 2792 469 2824 altera
493 2793 727 2835 (observatio),
763 2806 852 2838 quae
877 2800 930 2827 est
956 2794 993 2827 in
1018 2792 1213 2827 differentia
1236 2790 1406 2834 partium,
1440 2794 1477 2821 ut
1500 2799 1538 2822 ιιι
1561 2797 1758 2831 prooenno,
