1728 3002
96 134 179 176 678
585 138 862 195 Praeceptum
891 165 947 171 —
976 141 1214 198 praecerpo

148 247 263 281 studia
288 256 427 294 ament,
447 257 496 286 et
530 258 697 296 parentes
722 264 820 297 esse,
856 265 931 289 non
961 254 1105 300 quidem
1139 259 1351 300 corporum}
1384 256 1449 292 ted
1474 255 1646 293 menum

149 296 295 328 credant
319 299 354 339 2,
377 298 412 340 9,
440 300 472 331 1.
498 296 537 331 in
561 298 728 344 eligendo
751 300 815 334 filii
840 312 894 345 pr.
914 303 949 344 2,
968 305 1005 345 2,
1025 301 1070 337 15
1085 305 1133 336 Ζ.-
1154 313 1210 347 pr.
1238 301 1372 349 eligere
1387 303 1648 338 unctissimam

149 351 328 385 quemque
357 345 389 384 1,
417 346 452 386 2,
477 345 510 378 5.
562 345 666 388 pueri
689 346 734 379 ad
762 358 816 390 pr.
843 348 1110 382 transferuntur
1131 350 1167 391 2,
1191 351 1227 392 2,
1262 350 1296 384 3.
1344 347 1385 391 d)
1414 351 1554 389 Alani..-
1592 353 1647 383 tot

149 397 218 421 nos
244 399 296 430 pr
309 399 358 422 ae
374 400 394 422 c
409 395 514 433 epto
526 390 562 423 ri
575 391 595 424 b
609 403 672 434 uS,
700 397 752 426 tot
776 403 904 427 exem
917 393 1012 438 plis
1036 394 1207 429 instruxit
1230 393 1418 439 antiquitas
1434 397 1567 439 12,.11,
1586 397 1646 430 22.

150 443 198 466 ne
228 433 318 467 binis
342 446 394 478 pr.
421 442 590 470 oneretur
614 449 702 482 puer
727 441 763 481 2,
790 442 822 481 1,
849 441 903 475 13.
947 440 1113 484 juvenis,
1145 440 1206 485 qui
1232 440 1408 476 rationem
1437 439 1648 481 inveniendi
1678 472 1680 477 .

152 486 215 512 etc.
241 492 261 513 a
289 491 338 524 pr.
364 482 542 526 acceperit
570 485 624 526 10,
649 485 684 526 5,
711 486 766 518 19.
813 485 902 520 haec
926 498 998 520 non
1023 492 1096 521 tam
1117 486 1267 522 inventa
1289 499 1311 521 a
1332 498 1401 532 pr.,
1425 498 1546 532 quam.
1566 497 1648 526 cum

150 524 296 568 fierent,
323 527 513 562 observata
537 540 615 564 esse
641 531 676 572 8,
705 531 761 564 ΡΥ.
792 534 848 566 12.
895 533 1089 576 athleta,
1112 533 1175 578 qui
1198 543 1324 568 omnes
1346 533 1416 575 iam
1445 530 1650 578 perdidice-

150 570 198 605 rit
225 583 246 605 a
271 581 583 620 praeceptore
607 587 776 611 numeros
797 580 850 621 10,
867 581 899 622 1,
917 577 952 613 4.
993 581 1052 614 De
1066 576 1225 613 moribus
1244 585 1280 614 et
1299 579 1427 614 officiis
1438 579 1652 624 praecepto-

152 618 202 651 ris
228 620 264 662 2,
290 618 376 664 Cap.
399 624 435 656 2.
478 621 539 656 An
562 622 724 667 protinus
749 630 982 669 praeceptore
1006 625 1141 671 optimo
1165 626 1210 660 sit
1226 625 1425 661 utendum?
1450 627 1488 669 2,
1510 624 1599 670 Cup.
1617 626 1653 660 3.

109 672 398 730 Praeceptum.
447 688 486 732 a)
511 702 539 724 c.
563 691 672 736 Λάβε
707 691 956 727 brevissimum
986 705 1040 738 pr.
1078 693 1115 738 6,
1148 695 1181 738 1,
1215 697 1271 729 11.
1302 692 1502 728 communia
1531 694 1653 738 p;.³'2,

154 732 189 773 5,
215 733 269 766 15.
298 736 352 776 10,
380 736 414 777 3,
442 737 521 770 180.
569 749 676 781 quam
697 738 948 774 honestissima
972 751 1025 783 pr.
1054 743 1109 783 12,
1134 743 1168 783 2,
1195 742 1254 776 27.
1278 738 1655 785 incomprehensibilia

152 778 264 822 partis
291 779 396 823 hujus
412 793 468 825 pr.
492 784 527 825 9,
553 787 587 826 1,
612 786 668 817 12.
694 796 763 829 pn,
789 796 881 829 quae
896 784 1081 820 καθολικοὶ
1105 792 1252 831 vocant,
1274 785 1313 820 id
1341 792 1396 820 est
1421 786 1475 830 (ut
1493 785 1652 820 dicamus

154 826 335 868 quomodo
361 827 567 871 possumus)
592 830 827 875 universalia,
860 833 922 867 vel
945 833 1163 876 perpetualia
1185 836 1220 873 2,
1254 835 1310 876 13,
1337 831 1394 867 14.
1419 830 1574 867 oratoria
1596 842 1652 876 pr.

158 873 215 913 12,
240 873 273 907 3.
304 875 359 907 12.
385 874 725 917 periculosissimum
750 889 803 922 pr.
837 881 869 921 1,
893 879 929 918 6.
952 878 1010 912 44.
1037 878 1284 922 pulcherrimis
1308 877 1406 914 vitae
1432 889 1489 922 pr·
1515 880 1573 920 12,
1596 879 1655 917 11.

156 914 193 950 4.
239 918 282 962 β)
308 931 335 952 c.
368 921 495 960 sienim
536 922 649 965 prima
676 935 730 966 pr.
756 925 939 958 rhetorum
961 927 996 967 2,
1020 927 1057 968 2,
1081 927 1114 958 1.
1162 925 1224 959 illa
1259 930 1396 969 septem
1426 935 1482 969 pr.
1513 923 1654 968 sapien-

156 961 245 996 tium
274 965 308 1005 5,
334 968 390 1009 11,
415 968 484 1010 393
518 969 758 1004 altercationis
785 982 836 1014 pr.
864 972 898 1013 (5,
925 969 960 1013 4,
990 973 1020 1004 1.
1050 971 1135 1004 artis
1160 983 1214 1015 pr.
1241 973 1297 1014 12,
1325 974 1381 1014 11,
1408 972 1467 1005 21.
1493 981 1547 1015 pr.
1571 969 1657 1005 bre-

157 1007 280 1043 vitatis
303 1008 339 1054 4,
362 1015 398 1056 2,
423 1015 478 1048 32.
505 1026 558 1059 pr.
583 1015 770 1050 divisionis
794 1019 829 1060 3,
861 1016 896 1060 6,
924 1019 979 1052 91.
1012 1016 1226 1052 elocutionis
1258 1029 1313 1062 pr.
1350 1020 1385 1060 7,
1420 1019 1477 1057 10.
1506 1019 1564 1051 17.
1594 1025 1653 1060 pr.

157 1056 301 1090 exordii
324 1058 358 1100 6,
385 1061 419 1102 1,
446 1062 500 1094 12.
548 1062 603 1096 rei
629 1062 790 1096 militaris
823 1068 859 1097 et
892 1062 1046 1097 rusticae
1076 1063 1182 1098 etiam
1215 1068 1252 1098 et
1283 1062 1481 1098 medicinae
1510 1072 1566 1106 pr.
1597 1063 1656 1114 12,

159 1103 216 1145 11,
241 1101 299 1138 24.
345 1115 485 1139 morum
509 1118 563 1151 pr.
589 1110 633 1141 ib.
659 1110 693 1143 9.
719 1121 772 1153 pr.
796 1108 1011 1143 narrationis
1035 1110 1070 1150 8,
1102 1112 1136 1152 3,
1171 1112 1228 1144 22.
1259 1110 1317 1145 61.
1347 1121 1402 1154 pr.
1432 1106 1655 1153 probationis

159 1148 195 1190 5,
222 1149 276 1181 Pr.
305 1151 337 1185 5.
363 1163 416 1195 pr.
443 1153 693 1198 philosophiae
717 1157 750 1198 3,
778 1158 811 1198 1,
835 1154 871 1189 4.
918 1155 1094 1200 prooemii
1126 1167 1181 1199 pr.
1208 1158 1264 1199 11,
1298 1159 1331 1199 1,
1367 1155 1424 1191 59.
1455 1153 1655 1190 rhetorices

157 1199 230 1226 tam
252 1197 362 1230 multa
387 1210 440 1242 pr.
466 1202 500 1242 2,
527 1203 583 1242 17,
608 1200 665 1235 43.
713 1201 907 1245 sapientiae
931 1213 983 1246 pr.
1014 1203 1069 1236 Pr.
1102 1203 1158 1238 19.
1195 1205 1240 1245 1,
1271 1199 1317 1244 4,
1347 1199 1384 1236 4·
1418 1203 1485 1244 12,
1518 1203 1561 1243 1,
1594 1201 1656 1236 28·

157 1244 343 1284 troporum
371 1252 423 1285 pr.
448 1246 483 1287 8,
507 1246 541 1286 5,
567 1247 622 1281 35.
646 1257 699 1288 pr.
724 1247 867 1282 virtutis
890 1249 949 1282 Pr.
971 1249 1026 1283 17.
1053 1248 1152 1284 vitae
1173 1257 1228 1290 pr.
1254 1253 1377 1282 nauita
1400 1249 1483 1281 siunt
1503 1248 1658 1295 honesta

156 1288 193 1327 2,
230 1287 284 1328 16,
322 1291 382 1330 10;
411 1290 517 1325 cortis
553 1294 882 1327 concludendorum
918 1293 1238 1337 (argumentorum)
1270 1305 1323 1338 pr.
1355 1295 1391 1338 5,
1423 1295 1480 1335 13,
1512 1293 1570 1330 60.
1595 1299 1655 1335 Pr·

159 1330 302 1366 dicendi
331 1337 388 1378 12,
416 1339 470 1377 11,
498 1339 552 1370 31.
579 1340 771 1382 eloquendi
795 1349 850 1380 pr.
881 1341 936 1382 10,
963 1343 994 1380 1,
1022 1343 1054 1373 1.
1081 1350 1134 1382 pr.
1159 1339 1309 1375 vivendi
1334 1343 1389 1382 12,
1418 1342 1474 1382 11,
1501 1339 1570 1379 161
1591 1341 1673 1390 ,⁰3²-

157 1376 206 1410 in
229 1379 297 1412 hac
321 1391 464 1425 quoque
489 1388 589 1423 parte
611 1384 739 1418 Lucilii
764 1396 816 1428 pr.
842 1387 875 1427 1,
900 1387 935 1427 7,
966 1386 1020 1421 19.
1066 1385 1106 1428 y)
1131 1398 1191 1428 per
1215 1387 1328 1418 varios
1352 1396 1472 1418 casus.-
1507 1382 1546 1426 ει)
1564 1382 1654 1416 mlul

159 1431 420 1467 praecepta
447 1433 516 1472 atq.
542 1435 667 1463 artes
701 1431 821 1464 valere
860 1429 927 1463 nisi
963 1431 1155 1473 adjuvante
1183 1436 1308 1463 natura
1336 1430 1394 1464 Pr.
1416 1429 1475 1469 26.
1499 1441 1535 1463 v.
1561 1429 1657 1463 Ex-

159 1470 474 1511 perimentum.
523 1473 564 1517 b)
590 1477 699 1509 Genit.
729 1484 759 1509 et
783 1479 892 1509 Dat:
927 1487 999 1510 non
1024 1477 1126 1509 eand.
1152 1487 1231 1510 esse
1255 1475 1503 1510 condicionem
1527 1484 1658 1517 prae-

159 1522 408 1557 ceptorum
436 1525 470 1553 et
499 1521 824 1562 periculorum
852 1524 904 1564 10,
932 1525 965 1563 1,
992 1522 1048 1555 36.
1093 1522 1130 1556 id
1166 1531 1221 1563 pr.
1257 1533 1392 1568 genus,
1425 1522 1522 1565 quod
1554 1526 1609 1556 est
1633 1531 1657 1555 a

157 1562 340 1607 plerisque
365 1565 577 1607 scriptorum
601 1567 727 1601 artium
752 1567 918 1602 traditum
943 1572 976 1610 2,
1006 1570 1062 1609 13,
1091 1571 1123 1601 1.
1158 1567 1203 1610 cs.
1232 1570 1286 1603 11.
1312 1570 1344 1610 1,
1373 1570 1429 1602 71.
1454 1565 1658 1612 (exempla)

158 1616 432 1653 praeceptorum
456 1614 537 1646 Ioco
557 1614 637 1647 ficta
663 1617 718 1658 12,
734 1614 770 1658 4,
785 1617 818 1648 2.
857 1623 969 1656 prope
997 1614 1093 1647 nuda
1115 1623 1170 1655 pr.
1195 1613 1338 1648 traditio
1363 1615 1398 1656 3,
1424 1616 1461 1657 1,
1481 1616 1523 1656 2;
1548 1614 1658 1648 certis

159 1657 489 1692 concludendorum
515 1659 836 1703 (arg-umentorum)
862 1671 927 1694 nos
951 1669 1004 1701 pr.
1037 1661 1273 1707 alligaverunt
1305 1662 1340 1703 5,
1374 1660 1432 1705 13,
1465 1659 1521 1693 60.
1557 1661 1655 1704 quod

162 1704 438 1745 praeceptis
460 1706 613 1739 fortasse
641 1717 714 1740 non
740 1707 903 1750 credunt,
935 1717 1020 1739 usu
1049 1707 1274 1740 docebuntur
1296 1708 1330 1749 3,
1354 1706 1390 1749 8,
1413 1706 1471 1758 ⁷⁰:
1492 1706 1656 1759 pulcher·

162 1746 261 1781 rimis
289 1749 386 1784 vitae
414 1761 466 1793 pr.
497 1763 538 1785 os
565 1752 661 1786 debit
690 1756 744 1793 12,
772 1756 828 1794 11,
856 1752 891 1786 4.
941 1751 975 1794 c)
1014 1755 1202 1786 Aocusat..·
1233 1753 1278 1786 ad
1307 1751 1347 1786 id
1378 1756 1592 1794 pertinentia
1621 1758 1658 1786 et

162 1804 183 1827 a
207 1794 353 1830 Graecis
378 1802 413 1831 et
437 1809 457 1831 a
483 1798 617 1832 Latinis
643 1799 842 1840 composita
866 1809 920 1841 pr.
949 1799 985 1841 6,
1013 1800 1048 1841 3,
1074 1801 1131 1834 11.
1157 1797 1203 1840 cs.
1242 1801 1275 1842 1,
1309 1801 1365 1839 11,
1398 1800 1455 1832 17.
1481 1797 1659 1832 brevissi-

161 1850 259 1874 mum
282 1843 354 1876 hoc
377 1853 429 1885 pr.
454 1845 530 1878 dari
555 1851 690 1888 potest,
730 1852 778 1880 ut
803 1853 863 1881 etc.
897 1845 932 1887 6,
968 1847 1001 1888 1,
1037 1847 1094 1879 11.
1129 1844 1172 1886 cs.
1209 1847 1243 1890 3,
1277 1845 1312 1888 3,
1346 1843 1381 1878 4.
1428 1853 1476 1878 ne
1509 1844 1554 1878 de
1582 1844 1660 1880 hoc
1699 1873 1728 1898 Ι,

162 1884 210 1929 (S
220 1899 252 1930 p.
264 1888 372 1932 haec)
396 1890 537 1934 quidem
549 1898 739 1933 praecepta
752 1892 788 1925 in
801 1891 1008 1926 universum
1020 1892 1242 1933 expectanda
1269 1890 1310 1933 (S
1320 1903 1354 1934 p.
1373 1888 1505 1942 spect.)
1522 1886 1653 1943 sunt-63

162 1933 198 1974 5,
222 1932 246 1966 4
268 1938 311 1968 Ζ.
361 1945 414 1977 pr.
441 1938 645 1978 perdiscere
672 1941 726 1981 12,
755 1941 810 1980 11,
843 1939 897 1972 16.
933 1949 1051 1981 neque
1083 1937 1329 1984 rogationibus
1363 1936 1525 1977 plebisve
1559 1941 1657 1970 scltis
1724 1944 1728 1983 f

163 1985 286 2014 sancta
308 1988 388 2016 sunt
412 1982 479 2017 ista
505 1993 558 2025 pr.
580 1987 615 2026 2,
641 1986 696 2022 13,
719 1985 752 2019 6.
798 1983 926 2018 tradita
951 1983 1054 2027 sequi
1077 1992 1132 2024 pr.
1154 1984 1189 2024 6,
1214 1986 1248 2025 2,
1279 1985 1336 2018 25.
1365 1981 1411 2024 cf.
1443 1982 1503 2015 Pr.
1539 1984 1595 2017 19.
1621 1985 1657 2025 2,
1724 2007 1726 2010 -

164 2027 222 2068 17,
246 2028 279 2060 2.
303 2029 338 2071 8,
362 2030 395 2071 5,
421 2030 477 2066 35.
503 2031 554 2064 de
578 2041 618 2064 re
644 2030 787 2064 militari
812 2036 894 2064 sunt
924 2029 1052 2063 tradita
1075 2030 1201 2074 quaed.
1233 2038 1286 2070 pr.
1320 2032 1356 2072 2,
1389 2029 1423 2071 5,
1461 2028 1518 2062 15.
1565 2028 1659 2062 tradi

161 2069 258 2105 inter
281 2082 334 2114 pr.
359 2076 394 2118 9,
419 2077 454 2118 3,
477 2076 535 2115 69.
584 2088 691 2120 quam
715 2076 861 2110 minime
884 2076 1030 2122 alligare
1064 2087 1122 2109 me
1152 2076 1197 2109 ad
1235 2084 1286 2117 pr.
1302 2101 1314 2119 ,
1349 2085 1440 2119 quae
1470 2070 1655 2127 nesciunt

163 2125 300 2154 vocant
323 2138 378 2155 —-.
405 2123 499 2166 Raro
524 2122 619 2156 enim
643 2123 821 2164 reperitur
851 2124 922 2157 hoc
962 2132 1094 2169 genus,
1138 2127 1177 2155 ut
1209 2132 1284 2155 non
1314 2121 1527 2160 labefactam
1558 2125 1658 2161 parte

163 2163 283 2208 aliqua
309 2172 369 2200 aut
391 2168 514 2201 subrui
537 2168 650 2210 possit
671 2172 705 2211 2,
740 2171 796 2212 13,
835 2167 892 2206 14.
939 2168 1045 2202 utiles
1080 2166 1175 2201 circa
1201 2176 1262 2209 pr.
1293 2165 1493 2201 sententiae
1528 2167 1585 2209 10,
1625 2168 1658 2208 Ι,

163 2209 219 2243 52.
243 2211 286 2252 cs.
314 2213 349 2253 8,
374 2215 431 2248 Pr.
464 2216 518 2249 15.
568 2216 664 2259 quod
689 2221 814 2250 contra
840 2219 1028 2256 praecepta
1052 2218 1107 2247 est
1138 2212 1175 2257 4,
1210 2217 1243 2255 1,
1276 2215 1319 2248 71
1354 2213 1401 2248 N.
1449 2210 1486 2255 d)
1517 2214 1657 2247 Abbi-.-
1724 2222 1728 2243 ·.

161 2254 335 2292 inferiora
359 2259 477 2295 omnia
503 2269 613 2302 prae
630 2262 779 2302 ceptis
807 2261 880 2295 suis
908 2272 949 2294 ac
972 2259 1131 2293 literis
1156 2260 1305 2293 credunt
1337 2260 1373 2302 5,
1403 2259 1460 2300 11,
1487 2258 1554 2293 ¹39.
1591 2267 1659 2293 ne-
1723 2290 1728 2302 ,

163 2301 309 2345 quitiam
328 2313 379 2346 pr.
405 2307 575 2350 adjuvare
600 2309 634 2350 2,
660 2308 716 2350 15,
742 2310 797 2341 32.
822 2308 916 2351 quod
944 2305 1070 2348 parlim
1093 2304 1357 2346 praeceptis
1381 2302 1506 2346 partim
1527 2313 1659 2337 usur-

162 2355 314 2387 patum
342 2352 534 2387 ratione
562 2363 807 2400 cognoveram
830 2357 865 2396 7,
891 2356 924 2395 1,
947 2355 969 2386 3
997 2352 1045 2386 Ν.
1094 2351 1189 2396 quod
1217 2348 1455 2384 demonstrari
1480 2358 1534 2391 pr.
1561 2349 1598 2393 6,
1621 2350 1656 2393 5,
1715 2392 1718 2394 q

162 2394 196 2427 6.
224 2396 286 2439 qui
309 2408 428 2433 mores
452 2408 512 2440 pr.
542 2411 583 2433 ac
612 2399 803 2434 ratione
831 2397 978 2433 firmarit
1008 2399 1062 2440 12,
1096 2400 1130 2439 2,
1168 2396 1204 2431 4.
1235 2397 1336 2440 cujus
1365 2394 1420 2430 rei
1448 2394 1657 2431 observatio

163 2438 206 2481 iu
224 2442 349 2476 dicio
373 2445 485 2492 magis
509 2446 618 2489 quod.
642 2445 765 2479 sentiri
793 2457 898 2490 quam
922 2454 982 2486 pr.
1006 2442 1097 2477 tradi
1121 2448 1237 2484 potest
1262 2445 1318 2485 11,
1343 2444 1376 2486 1,
1405 2443 1464 2476 91.
1488 2446 1658 2486 quantum

165 2484 292 2521 Graeci
318 2498 379 2530 pr.
406 2493 527 2526 valent
551 2497 687 2526 tantum
714 2491 862 2525 Romani
887 2489 1120 2531 exemplis
1146 2492 1203 2532 12,
1227 2491 1262 2531 2,
1277 2490 1355 2542 ,3ος
1385 2495 1545 2530 separata
1566 2488 1657 2521 haec

162 2540 183 2562 a
209 2541 260 2572 pr.
286 2545 359 2568 non
385 2539 558 2571 recedunt
586 2541 621 2580 1,
645 2538 677 2577 5,
705 2539 763 2572 29.
790 2535 989 2571 communia
1013 2547 1060 2569 ex
1089 2545 1141 2577 pr.
1165 2544 1366 2576 accepimus
1387 2535 1420 2576 5,
1436 2535 1582 2576 10,103.
1610 2543 1658 2566 ex
1716 2580 1718 2582 Ι

160 2581 360 2653 ΞΥᾶεοθριίε
388 2584 571 2618 veteribus
591 2589 721 2624 manet,
746 2595 791 2617 ne
817 2584 914 2628 quod
937 2582 1094 2616 insolens
1118 2583 1270 2618 verbmu
1288 2587 1350 2615 eto.
1371 2578 1658 2622 deprehendatur
1708 2609 1719 2623 ,

188 2647 198 2663 ‚
226 2627 257 2665 1,
287 2627 342 2659 58.
366 2640 400 2662 v.
428 2630 606 2665 Natura.
1076 2644 1079 2646 “

118 2675 392 2736 [Praecerpm
433 2697 624 2738 propositis
649 2696 918 2738 probationibus
943 2694 1060 2737 omnis
1081 2694 1120 2728 in
1156 2694 1333 2738 reliquum
1353 2691 1464 2739 gratie
1488 2691 1656 2728 novitatis
1716 2686 1728 2699 '¹

160 2739 401 2781 praecerpitur
432 2745 536 2777 Coela.
563 2752 642 2786 opu.
669 2742 900 2787 praecipitur)
924 2743 958 2786 4,
987 2745 1021 2785 5,
1051 2741 1075 2775 4
1102 2741 1149 2775 Ν·
1176 2739 1249 2784 σὴ]
1283 2792 1285 2794 q
