1728 3002
471 200 485 218 Χ

186 247 272 288 480
732 242 996 286 Laudativus
1023 269 1080 278 --
1108 244 1227 288 Laus

237 360 316 396 153.
363 359 456 395 inter
478 369 597 393 moras
621 356 868 393 laudationum
890 360 933 394 ib.
961 359 1040 394 131.
1068 359 1107 395 in
1129 345 1394 396 laudationibus
1415 361 1509 397 laeta
1531 364 1568 397 et
1590 359 1728 410 magni-

232 408 301 441 fica
324 412 360 442 et
383 404 542 441 sublimis
565 410 620 439 est
642 404 736 440 actio
762 407 806 439 ib.
832 404 913 441 153.

187 463 466 505 LaudatiVUS·
510 475 537 507 l.
563 484 676 520 genus
699 475 735 516 3,
761 471 799 516 4,
823 475 879 525 12,
902 474 938 516 3,
961 475 997 517 7,
1020 474 1079 509 28.
1126 475 1152 508 1.
1183 455 1333 511 materia
1357 478 1394 521 3,
1426 476 1463 520 4,
1494 475 1558 520 163
1593 477 1728 511 subse:

235 521 432 564 laudativa,
464 519 663 554 rhetorices
686 530 768 564 pars
792 524 897 554 tertia
919 522 955 563 2,
983 519 1041 564 15,
1065 523 1125 555 20.
1149 521 1195 564 cf.
1220 524 1256 566 3,
1279 524 1316 567 3,
1345 522 1404 561 14,

187 567 420 608 Laudator·
457 577 529 611 reis
557 578 643 612 dare
667 578 871 612 laudatores
892 576 977 611 licet
1002 579 1038 621 3,
1064 580 1098 620 7,
1121 580 1158 612 2.

190 624 358 666 Laudo.
406 634 494 668 facit
516 635 678 678 laudo,
709 633 917 669 laudavi
941 635 975 677 1,
998 634 1035 678 6,
1069 633 1127 669 15.
1177 633 1219 679 α)
1242 637 1409 671 homines.-
1445 648 1551 683 quem
1573 636 1728 672 maxime

235 683 379 715 laudaut
405 684 439 724 9,
465 679 501 724 4,
526 682 584 717 89.
632 679 1016 725 vituperationis
1042 682 1302 727 (simulatione)
1325 684 1517 719 laudare
1547 684 1583 727 8,
1610 684 1647 727 6,
1683 683 1728 718 65

235 741 269 762 v.
291 728 518 769 Detrah03
550 726 810 762 contumeliose
834 726 886 761 sic
913 726 1051 761 laudari
1073 729 1108 770 2,
1147 730 1204 772 12,
1228 731 1262 763 7.
1310 730 1536 774 erubescere,
1570 740 1654 771 cum
1685 730 1728 763 ab

236 773 314 808 aliis
340 774 561 807 laudabimur
586 777 643 818 11,
666 777 702 817 1,
725 776 784 808 22.
830 774 995 809 laudetur
1017 775 1170 817 (parvus
1202 776 1236 808 in
1259 778 1373 818 prima
1395 774 1610 818 institutione)
1635 778 1670 819 1,
1696 779 1728 820 1,

234 822 295 855 20.
341 820 485 854 interim
508 821 629 855 laudat
658 818 823 864 (manus)
858 817 915 862 11,
959 822 995 863 3,
1026 822 1114 863 '1023
1161 822 1310 855 oratione
1350 823 1488 856 habita.-
1533 823 1728 856 laudare

235 868 354 900 claros
377 866 498 910 viros,
533 867 814 911 vituperare
838 865 1021 909 improbos
1043 869 1079 909 2,
1101 865 1140 909 4,
1173 869 1220 901 20
1246 868 1294 901 Ν.
1329 879 1410 902 cum
1441 868 1574 903 Caesar
1604 868 1728 914 Augu-

236 918 312 947 stus
340 914 463 947 decem
480 918 582 947 natus
606 924 718 948 annos
741 911 857 947 aviam
882 922 948 957 pro
970 912 1098 946 rostris
1120 913 1319 948 laudaverit
1343 917 1398 958 12,
1429 913 1464 956 6,
1497 917 1531 949 1.
1559 914 1728 958 Polycra-

236 965 319 1002 ten,
358 970 439 993 cum
466 959 668 994 Busiridem
700 960 862 993 laudaret
901 964 936 993 et
970 958 1289 1003 Clytaemnestram
1324 963 1367 1003 2,
1403 963 1469 1004 17,
1503 959 1540 997 4.
1585 959 1631 1005 β)
1654 971 1728 996 res=

234 1007 404 1049 laudare,
441 1017 532 1051 quae
559 1011 700 1040 constet
725 1016 804 1040 esse
829 1007 980 1039 honesta
1003 1007 1037 1048 3,
1063 1006 1097 1048 5,
1121 1007 1156 1040 3.
1197 1017 1315 1051 neque
1341 1016 1409 1041 nos
1432 1007 1543 1041 simus
1569 1011 1641 1044 tam
1663 1007 1728 1039 hu-

235 1052 360 1096 miles,
386 1058 447 1096 ut,
481 1054 802 1097 (praelaudamus,
834 1051 972 1085 inutilia
1007 1053 1194 1086 credamus
1228 1054 1284 1095 11,
1311 1055 1344 1096 1,
1381 1055 1437 1088 13.
1482 1064 1505 1087 a
1533 1051 1728 1099 corrogatis

234 1099 425 1132 laudantur
449 1099 556 1133 etiam
581 1110 672 1144 quae
694 1109 767 1133 non
790 1099 933 1143 placent
967 1100 1030 1140 10,
1067 1101 1111 1141 1,
1147 1099 1201 1132 18.
1251 1099 1424 1143 quaedam
1458 1099 1565 1134 etiam
1601 1100 1728 1133 velut

233 1145 420 1179 laudamus
445 1147 480 1188 9,
505 1149 539 1188 2,
567 1148 624 1181 52.
671 1156 780 1179 causa
803 1144 921 1190 potius
947 1145 1112 1178 laudetur
1138 1156 1241 1189 quam
1270 1151 1440 1189 patronus
1466 1148 1524 1189 12,
1546 1146 1582 1188 9,
1606 1145 1642 1180 6.
1665 1155 1728 1180 ve-

234 1202 315 1224 rum
337 1197 552 1236 utrumque,
589 1203 631 1226 ac
654 1192 783 1226 merito
812 1193 977 1225 laudatur
1001 1193 1057 1233 11,
1084 1194 1118 1232 1,
1147 1192 1206 1227 93.
1232 1190 1278 1232 cf.
1305 1194 1338 1235 1,
1367 1192 1402 1235 5,
1436 1193 1496 1226 72.
1535 1192 1572 1234 8,
1603 1191 1639 1233 3,
1672 1191 1728 1225 82.

236 1239 271 1280 9,
291 1235 326 1279 4,
352 1240 430 1273 111.
476 1239 640 1271 laudatur
664 1238 852 1272 consilium
874 1237 1131 1271 Demosthenis
1153 1237 1190 1279 6,
1220 1239 1254 1281 5,
1284 1241 1319 1272 7.
1365 1238 1518 1282 jacere
1542 1246 1669 1278 sensus
1690 1236 1728 1270 in

235 1282 422 1326 oratione,
455 1283 494 1317 in
519 1295 589 1327 qua
611 1285 725 1317 verba
747 1285 1001 1317 laudantur
1023 1285 1058 1325 8,
1088 1284 1150 1317 Ρτ.
1168 1285 1227 1318 31.
1273 1285 1370 1328 quod
1407 1283 1551 1318 dicendi
1579 1282 1728 1319 virtutes

236 1329 502 1363 diversissimae
527 1330 572 1362 ab
596 1329 731 1363 eisdem
759 1340 865 1373 saepe
889 1330 1077 1362 laudentur
1107 1332 1161 1372 11,
1191 1331 1224 1371 1,
1250 1329 1308 1365 92.
1330 1341 1363 1364 v.
1391 1329 1597 1364 Amator.
1626 1327 1673 1370 <ff-
1696 1331 1728 1372 1,

235 1376 271 1418 5,
295 1376 328 1409 3.
355 1375 412 1410 60.
449 1382 509 1409 eie.
542 1375 703 1418 proderit
734 1375 861 1417 aliujus
885 1375 1138 1420 objurgata
1161 1374 1320 1418 desidia,
1350 1375 1512 1420 proderit
1541 1375 1728 1408 laudata

233 1419 408 1454 industria
431 1423 466 1464 1,
489 1424 524 1463 2,
550 1423 608 1454 21.
656 1421 692 1465 y)
715 1432 744 1453 c.
770 1424 932 1463 Praepos.
958 1423 1020 1453 in.-
1051 1421 1214 1454 laudatur
1235 1420 1283 1454 in
1309 1419 1438 1455 Catulo
1461 1419 1584 1456 suavis
1607 1420 1728 1464 appel-

233 1467 320 1501 latio
344 1467 526 1501 literarum
553 1470 610 1509 11,
634 1468 669 1508 3,
701 1468 759 1501 35.
808 1467 906 1510 quod
939 1466 1026 1499 alias
1059 1465 1107 1499 in
1139 1466 1255 1502 servis
1290 1477 1433 1511 quoque
1469 1467 1645 1511 repreh
1658 1477 1728 1500 en-

235 1514 426 1547 dendnm
449 1519 525 1555 est,
556 1513 602 1546 sit
625 1513 710 1546 alias
738 1512 785 1546 in
806 1512 886 1556 ipso
920 1512 1081 1556 sapiente
1106 1512 1390 1547 laudandum
1426 1515 1483 1556 12,
1508 1515 1543 1556 1,
1570 1513 1628 1547 39.
1650 1513 1728 1546 lau-

235 1560 390 1593 dandum
411 1559 458 1593 in
488 1558 723 1604 quibusdam,
749 1559 870 1603 quod
896 1566 957 1592 etc.
983 1561 1019 1602 3,
1043 1561 1078 1601 7,
1106 1560 1149 1600 93
1181 1559 1319 1594 laudari
1353 1559 1404 1593 in
1434 1558 1540 1594 bonis
1573 1559 1728 1605 gaudent

235 1607 269 1647 5,
296 1608 353 1649 12,
376 1608 433 1639 22.
461 1618 489 1640 c.
521 1608 637 1639 Ablat.
652 1619 663 1639 :
687 1605 883 1639 laudandus
909 1611 1028 1640 tamen
1050 1604 1209 1648 partibus
1230 1603 1294 1650 (a.
1321 1609 1343 1640 Ζ.
1365 1608 1464 1640 inser.
1487 1605 1547 1650 iu,
1572 1608 1619 1639 al.
1645 1615 1728 1649 par-

235 1651 338 1694 cius)
365 1654 420 1693 10,
447 1654 480 1694 1,
504 1653 560 1686 88.
607 1651 663 1685 his
687 1651 867 1686 contraria
889 1650 1002 1698 magis
1030 1651 1168 1685 laudari
1201 1650 1277 1695 (sic
1308 1664 1351 1685 ex
1387 1653 1546 1686 Codicum
1578 1651 1728 1685 laudan-e

235 1700 428 1741 legendum,-
463 1700 489 1731 S
494 1711 527 1741 ρ.
558 1699 599 1731 de
625 1698 710 1741 conj.
731 1698 904 1744 ¹cgaudere)
929 1696 1099 1732 brevibus
1122 1698 1159 1741 9,
1182 1696 1218 1740 4,
1250 1699 1315 1732 131
1341 1698 1390 1732 N.
1418 1710 1464 1732 cr.
1492 1693 1527 1738 δ)
1556 1697 1728 1732 Ger-und..-

234 1745 420 1779 materiam
452 1755 542 1779 vere
575 1745 743 1778 laudandi
778 1746 834 1788 10,
867 1746 908 1787 1,
945 1746 1022 1777 122.
1069 1743 1303 1777 laudandi
1336 1754 1379 1778 ac
1410 1741 1727 1787 vituperandi

236 1790 396 1825 officium
419 1792 453 1833 3,
477 1789 514 1833 4,
540 1792 573 1825 3.
600 1793 655 1833 12,
685 1793 718 1834 2,
758 1790 813 1825 16.
860 1788 1087 1823 laudandi
1122 1788 1514 1834 vituperandique
1547 1786 1728 1832 opusculis

235 1832 271 1880 2,
297 1840 330 1880 1,
357 1838 391 1872 8.
420 1836 507 1880 quid
530 1842 651 1870 orator
674 1836 713 1870 in
735 1837 914 1870 laudando
938 1835 1048 1870 faciet
1077 1838 1113 1879 2,
1136 1838 1195 1877 20,
1219 1837 1254 1871 8.
1299 1836 1339 1870 in
1361 1832 1546 1869 laudandis
1573 1832 1728 1878 discipu-

234 1884 351 1918 lorum
375 1882 590 1916 dictionibus
617 1894 684 1917 nec
707 1883 880 1929 malignus
905 1893 972 1916 nec
996 1882 1129 1916 effusus
1161 1885 1196 1924 2,
1228 1884 1262 1925 2,
1296 1882 1330 1916 6.
1379 1878 1588 1927 assurgen'di
1625 1880 1728 1914 exul-

234 1930 403 1973 tandique
426 1929 464 1962 in
487 1930 663 1962 laudando
689 1929 833 1963 licentia
856 1931 898 1962 ib.
924 1929 957 1964 9.
985 1929 1251 1971 suadendo,
1283 1927 1601 1974 objurgando,
1625 1936 1728 1970 que7

234 1977 407 2018 rendo,
442 1976 705 2017 laudando,
747 1975 1025 2009 miserando
1062 1985 1236 2018 personas
1275 1974 1423 2008 idoneas
1456 1973 1579 2006 damus
1609 1970 1656 2012 9,
1690 1974 1728 2016 2,

235 2024 292 2057 30.
343 2025 375 2062 ε)
402 2025 496 2055 Par-t.
525 2025 662 2055 Praes..·
703 2020 991 2055 laudantium
1025 2022 1162 2055 clamor
1200 2022 1255 2062 10,
1290 2023 1323 2064 1,
1360 2022 1404 2054 17
1439 2019 1489 2053 Ν.
1515 2016 1728 2069 immodicas

234 2067 455 2102 laudantium
477 2078 596 2101 moras
621 2070 677 2110 11,
701 2070 734 2110 3,
762 2068 839 2102 126.
865 2067 970 2101 turba
992 2068 1087 2100 laud.
1113 2067 1147 2110 6,
1175 2065 1210 2110 4,
1235 2066 1270 2101 6.

188 2115 373 2157 Laurea·
419 2126 594 2159 concedat
616 2126 640 2158 1.
670 2124 766 2158 laudi
789 2124 886 2169 (Sp.
914 2122 1085 2171 linguae)
1115 2126 1200 2159 Cic.
1229 2123 1285 2165 11,
1311 2123 1345 2164 1,
1368 2119 1415 2156 24
1443 2120 1489 2154 Ν.
1518 2133 1566 2156 cr.

187 2172 446 2213 Laureatus·
501 2181 710 2216 laureati
734 2187 854 2226 postes
878 2192 945 2227 pro
967 2181 1056 2225 illo,
1088 2181 1232 2215 lauro
1256 2176 1482 2213 coronati
1504 2179 1539 2222 8,
1562 2176 1597 2221 6,
1622 2177 1682 2212 32.

188 2229 371 2269 Laurus.
408 2252 443 2273 v.
468 2240 708 2274 Laureatu
720 2250 749 2273 s.

188 2285 321 2327 Laus.
367 2295 401 2340 Ι)
425 2296 465 2338 α)
493 2310 521 2330 ο.
545 2299 670 2330 Attrib.
686 2311 696 2330 :
732 2297 810 2329 laus
834 2294 953 2330 debita
976 2297 1011 2334 2,
1037 2292 1093 2337 14,
1118 2296 1151 2328 1.
1198 2298 1388 2337 expectata
1409 2293 1434 2326 l.
1465 2291 1522 2336 10,
1549 2294 1586 2335 7,
1619 2291 1675 2326 16.
1701 2291 1728 2325 1.

236 2343 413 2387 generalis
437 2345 471 2385 3,
496 2346 532 2385 7,
558 2346 604 2377 27
632 2343 678 2376 N.
724 2342 899 2387 insignem
922 2343 945 2374 l.
976 2343 1034 2383 10,
1064 2343 1096 2383 1,
1124 2341 1182 2375 93.
1227 2339 1370 2373 insolita
1391 2340 1418 2374 1.
1443 2340 1480 2382 8,
1503 2340 1539 2381 3,
1558 2336 1592 2371 4.
1617 2337 1728 2381 maior

235 2390 259 2421 l.
287 2392 321 2429 2,
350 2390 406 2430 15,
432 2391 466 2422 2.
489 2390 512 2421 l.
540 2388 715 2422 modicam
741 2391 774 2430 1,
805 2390 839 2430 ὁ,
866 2390 924 2422 71.
971 2387 1112 2420 noval.
1140 2387 1196 2428 10,
1225 2388 1258 2429 1,
1291 2388 1349 2421 75.
1404 2385 1614 2429 popularem
1641 2383 1668 2416 1.
1693 2383 1728 2426 8,

235 2436 270 2476 3,
294 2437 328 2467 2.
356 2438 411 2477 10,
437 2437 473 2477 2,
495 2438 553 2469 27.
601 2435 626 2467 l.
653 2439 898 2478 praesentem,
926 2433 1082 2466 suturam
1106 2435 1163 2474 12,
1189 2434 1244 2474 11,
1269 2434 1327 2466 29.
1356 2432 1380 2465 1.
1404 2429 1645 2476 pulcherrima
1672 2430 1728 2471 10,

235 2481 271 2521 2,
300 2483 356 2514 27.
405 2482 429 2513 l.
454 2491 626 2514 summam
649 2479 685 2523 4,
709 2483 745 2523 2,
770 2482 849 2513 127.
896 2477 1008 2524 magis
1031 2478 1134 2513 varia
1157 2478 1182 2510 l.
1208 2479 1244 2520 3,
1271 2481 1307 2521 7,
1334 2479 1389 2511 10.
1425 2487 1514 2511 vera
1543 2477 1569 2510 1.
1597 2477 1644 2511 ib.
1673 2475 1728 2512 15.

239 2527 296 2567 12,
322 2527 356 2567 9,
381 2525 415 2558 4.
466 2526 603 2560 bellicis
626 2525 847 2559 laudibus
869 2525 906 2567 8,
928 2523 965 2567 4,
992 2526 1048 2558 20.
1095 2524 1138 2567 β)
1164 2537 1193 2557 c.
1225 2526 1332 2558 Genii.
1357 2521 1392 2565 a)
1412 2525 1557 2565 Actium
1588 2521 1728 2555 laudem

237 2581 305 2603 nec
330 2572 517 2605 doctorum
542 2573 650 2606 modo
678 2573 743 2606 sed
767 2570 872 2605 etiam
894 2571 995 2617 vulgi
1023 2572 1079 2612 12,
1112 2572 1167 2613 10,
1191 2572 1250 2604 71.
1296 2568 1334 2611 b)
1356 2571 1515 2602 Passive:
1538 2566 1650 2613 magis
1676 2568 1728 2599 est

234 2615 336 2649 varia
362 2617 437 2650 laus
461 2619 645 2652 hominum
669 2629 775 2662 quam
799 2618 948 2651 deorum
971 2618 1005 2657 3,
1027 2619 1062 2656 7,
1099 2618 1154 2649 10.
1211 2617 1236 2648 l.
1271 2614 1455 2649 hominum
1496 2614 1728 2685 locorumcgie

236 2659 272 2704 4,
300 2663 334 2703 3,
366 2665 420 2695 12.
469 2663 534 2697 Cn.
559 2664 719 2708 Pompeji
743 2665 768 2698 l.
793 2661 983 2707 (egressio)
1008 2664 1065 2704 11,
1101 2664 1135 2704 3,
1163 2661 1242 2696 164.
1293 2660 1417 2708 Aiacis
1451 2665 1511 2693 aut
1540 2657 1669 2707 Di⁰¹¹3⁸
1695 2663 1726 2686 ¹8

234 2707 260 2739 1.
287 2709 343 2748 12,
369 2710 425 2749 11,
451 2711 507 2742 27.
556 2711 581 2742 l.
606 2720 751 2752 eorum,
787 2710 849 2754 qui
871 2719 937 2752 pro
964 2707 1077 2752 patria
1106 2707 1314 2741 ceciderunt
1335 2709 1371 2749 2,
1398 2705 1453 2744 15,
1477 2707 1535 2740 29.
1575 2709 1728 2751 lans-pe·-

236 2751 295 2785 riti
320 2763 364 2787 an
387 2753 546 2786 militaris
576 2756 647 2788 viri
672 2757 748 2789 laus
772 2755 886 2798 major
907 2757 942 2795 2,
965 2753 999 2797 4,
1025 2753 1083 2787 24.
1130 2753 1304 2798 majorum
1326 2753 1352 2786 1.
1375 2751 1410 2790 6,
1433 2751 1468 2790 5,
1491 2749 1526 2782 8·
1570 2745 1596 2779 l·
1619 2754 1728 2797 Ψῐὲθῑ

238 2797 391 2832 ricordis
415 2801 449 2839 7,
474 2798 510 2841 4,
536 2800 591 2833 19.
637 2801 704 2834 erit
727 2802 817 2835 haec
840 2811 983 2845 quoque
1006 2800 1031 2834 l.
1061 2809 1204 2841 eorum,
1227 2804 1274 2832 ut
1296 2805 1359 2829 cto.
1384 2795 1442 2836 10,
1466 2795 1502 2836 2,
1526 2792 1592 2844 285
1619 2799 1728 2824 anum

237 2844 262 2878 l.
290 2846 325 2888 3,
352 2847 389 2889 7,
415 2846 471 2880 15.
500 2843 732 2880 dicendorum
755 2848 781 2881 l.
811 2848 869 2891 10,
890 2849 927 2891 7,
952 2846 1008 2882 16.
1031 2845 1055 2881 l.
1073 2842 1458 2890 operum-locorum
1484 2856 1528 2866 —
1552 2837 1728 2872 dictorum
