<?xml version="1.0" encoding="UTF-8"?>
<!DOCTYPE html PUBLIC "-//W3C//DTD XHTML 1.0 Transitional//EN"
    "http://www.w3.org/TR/xhtml1/DTD/xhtml1-transitional.dtd">
<html xmlns="http://www.w3.org/1999/xhtml" xml:lang="en" lang="en">
 <head>
  <title>
</title>
<meta http-equiv="Content-Type" content="text/html;charset=utf-8" />
  <meta name='ocr-system' content='tesseract 3.04.00' />
  <meta name='ocr-capabilities' content='ocr_page ocr_carea ocr_par ocr_line ocrx_word'/>
</head>
<body>
  <div class='ocr_page' id='page_1' title='image "./lexiconquintilia06bonnuoft_0345.png"; bbox 0 0 1728 3002; ppageno 0'>
   <div class='ocr_carea' id='block_1_1' title="bbox 558 173 1574 222">
    <p class='ocr_par' dir='ltr' id='par_1_1' title="bbox 558 173 1574 222">
     <span class='ocr_line' id='line_1_1' title="bbox 558 173 1574 222; baseline -0.005 -1"><span class='ocrx_word' id='word_1_1' title='bbox 558 175 736 222; x_wconf 78' lang='lat' dir='ltr'><strong>Diverto</strong></span> <span class='ocrx_word' id='word_1_2' title='bbox 779 199 836 208; x_wconf 90' lang='lat'>-</span> <span class='ocrx_word' id='word_1_3' title='bbox 872 173 1059 219; x_wconf 79' lang='lat' dir='ltr'><strong>Divinus</strong></span> <span class='ocrx_word' id='word_1_4' title='bbox 1165 217 1169 221; x_wconf 88' lang='grc'><strong>,</strong></span> <span class='ocrx_word' id='word_1_5' title='bbox 1491 174 1574 217; x_wconf 81' lang='grc'><strong>253</strong></span> 
     </span>
    </p>
   </div>
   <div class='ocr_carea' id='block_1_2' title="bbox 15 286 1581 2486">
    <p class='ocr_par' dir='ltr' id='par_1_2' title="bbox 82 286 1576 350">
     <span class='ocr_line' id='line_1_2' title="bbox 82 286 1576 350; baseline -0.007 -17"><span class='ocrx_word' id='word_1_6' title='bbox 82 297 156 350; x_wconf 73' lang='lat' dir='ltr'><strong>agit</strong></span> <span class='ocrx_word' id='word_1_7' title='bbox 181 295 216 340; x_wconf 90' lang='grc'><strong>5,</strong></span> <span class='ocrx_word' id='word_1_8' title='bbox 235 296 295 340; x_wconf 85' lang='grc'><strong>11,</strong></span> <span class='ocrx_word' id='word_1_9' title='bbox 310 293 371 330; x_wconf 86' lang='grc'><strong>43.</strong></span> <span class='ocrx_word' id='word_1_10' title='bbox 397 303 447 329; x_wconf 83' lang='lat' dir='ltr'><strong>ex</strong></span> <span class='ocrx_word' id='word_1_11' title='bbox 461 291 536 329; x_wconf 78' lang='lat' dir='ltr'><strong>div.</strong></span> <span class='ocrx_word' id='word_1_12' title='bbox 560 290 761 328; x_wconf 74' lang='lat' dir='ltr'><strong>consistens</strong></span> <span class='ocrx_word' id='word_1_13' title='bbox 783 295 959 335; x_wconf 79' lang='lat' dir='ltr'><strong>patronus</strong></span> <span class='ocrx_word' id='word_1_14' title='bbox 981 288 1019 333; x_wconf 88' lang='lat'><strong>4,</strong></span> <span class='ocrx_word' id='word_1_15' title='bbox 1038 291 1074 333; x_wconf 87' lang='lat'><strong>1,</strong></span> <span class='ocrx_word' id='word_1_16' title='bbox 1088 287 1147 324; x_wconf 80' lang='lat'><strong>42.</strong></span> <span class='ocrx_word' id='word_1_17' title='bbox 1182 298 1274 334; x_wconf 83' lang='lat' dir='ltr'><strong>quae</strong></span> <span class='ocrx_word' id='word_1_18' title='bbox 1298 286 1392 324; x_wconf 82' lang='lat' dir='ltr'><strong>dicta</strong></span> <span class='ocrx_word' id='word_1_19' title='bbox 1417 292 1503 323; x_wconf 76' lang='lat' dir='ltr'><strong>sunt</strong></span> <span class='ocrx_word' id='word_1_20' title='bbox 1528 299 1576 323; x_wconf 88' lang='lat' dir='ltr'><strong>ex</strong></span> 
     </span>
    </p>

    <p class='ocr_par' dir='ltr' id='par_1_3' title="bbox 21 333 1580 434">
     <span class='ocr_line' id='line_1_3' title="bbox 21 333 1580 386; baseline -0.006 -7"><span class='ocrx_word' id='word_1_21' title='bbox 21 350 27 355; x_wconf 88' lang='grc'><em>·</em></span> <span class='ocrx_word' id='word_1_22' title='bbox 83 342 160 379; x_wconf 75' lang='lat' dir='ltr'><strong>drv.</strong></span> <span class='ocrx_word' id='word_1_23' title='bbox 180 343 221 386; x_wconf 84' lang='grc'><strong>5,</strong></span> <span class='ocrx_word' id='word_1_24' title='bbox 245 344 302 385; x_wconf 92' lang='grc'><strong>12,</strong></span> <span class='ocrx_word' id='word_1_25' title='bbox 323 343 358 376; x_wconf 93' lang='grc'><strong>1.</strong></span> <span class='ocrx_word' id='word_1_26' title='bbox 384 351 468 375; x_wconf 82' lang='lat' dir='ltr'><strong>cum</strong></span> <span class='ocrx_word' id='word_1_27' title='bbox 489 350 539 375; x_wconf 81' lang='lat' dir='ltr'><strong>ex</strong></span> <span class='ocrx_word' id='word_1_28' title='bbox 556 338 630 374; x_wconf 90' lang='lat' dir='ltr'><strong>div.</strong></span> <span class='ocrx_word' id='word_1_29' title='bbox 657 337 801 384; x_wconf 78' lang='lat' dir='ltr'><strong>quidam</strong></span> <span class='ocrx_word' id='word_1_30' title='bbox 823 337 1060 372; x_wconf 67' lang='lat' dir='ltr'><strong>exclamasset</strong></span> <span class='ocrx_word' id='word_1_31' title='bbox 1081 335 1118 380; x_wconf 89' lang='lat'><strong>6,</strong></span> <span class='ocrx_word' id='word_1_32' title='bbox 1131 337 1168 380; x_wconf 91' lang='lat'><strong>3,</strong></span> <span class='ocrx_word' id='word_1_33' title='bbox 1183 336 1242 371; x_wconf 89' lang='lat'><strong>81.</strong></span> <span class='ocrx_word' id='word_1_34' title='bbox 1265 333 1297 368; x_wconf 80' lang='lat' dir='ltr'><strong>si</strong></span> <span class='ocrx_word' id='word_1_35' title='bbox 1321 334 1392 369; x_wconf 89' lang='lat' dir='ltr'><strong>alia</strong></span> <span class='ocrx_word' id='word_1_36' title='bbox 1415 345 1464 370; x_wconf 85' lang='lat' dir='ltr'><strong>ex</strong></span> <span class='ocrx_word' id='word_1_37' title='bbox 1488 334 1580 380; x_wconf 62' lang='lat' dir='ltr'><strong>div„</strong></span> 
     </span>
     <span class='ocr_line' id='line_1_4' title="bbox 82 378 1577 434; baseline -0.005 -10"><span class='ocrx_word' id='word_1_38' title='bbox 82 399 189 434; x_wconf 81' lang='lat' dir='ltr'><strong>quam</strong></span> <span class='ocrx_word' id='word_1_39' title='bbox 211 386 348 432; x_wconf 79' lang='lat' dir='ltr'><strong>opinati</strong></span> <span class='ocrx_word' id='word_1_40' title='bbox 369 385 530 430; x_wconf 79' lang='lat' dir='ltr'><strong>fuerint,</strong></span> <span class='ocrx_word' id='word_1_41' title='bbox 561 384 787 420; x_wconf 76' lang='lat' dir='ltr'>occurrerint</span> <span class='ocrx_word' id='word_1_42' title='bbox 813 385 871 427; x_wconf 83' lang='lat'><strong>12,</strong></span> <span class='ocrx_word' id='word_1_43' title='bbox 896 383 933 427; x_wconf 87' lang='lat'><strong>9,</strong></span> <span class='ocrx_word' id='word_1_44' title='bbox 958 382 1027 425; x_wconf 82' lang='lat'><strong>163</strong></span> <span class='ocrx_word' id='word_1_45' title='bbox 1052 378 1127 417; x_wconf 76' lang='lat' dir='ltr'><strong>div.</strong></span> <span class='ocrx_word' id='word_1_46' title='bbox 1152 380 1323 416; x_wconf 80' lang='lat' dir='ltr'><strong>subsellia</strong></span> <span class='ocrx_word' id='word_1_47' title='bbox 1348 383 1406 425; x_wconf 86' lang='lat'><strong>11,</strong></span> <span class='ocrx_word' id='word_1_48' title='bbox 1431 383 1467 424; x_wconf 88' lang='grc'><strong>3,</strong></span> <span class='ocrx_word' id='word_1_49' title='bbox 1498 383 1577 416; x_wconf 91' lang='grc'><strong>133.</strong></span> 
     </span>
    </p>

    <p class='ocr_par' dir='ltr' id='par_1_4' title="bbox 38 433 1577 536">
     <span class='ocr_line' id='line_1_5' title="bbox 38 433 1577 490; baseline -0.004 -9"><span class='ocrx_word' id='word_1_50' title='bbox 38 433 234 476; x_wconf 69' lang='lat' dir='ltr'><strong>Diverto·</strong></span> <span class='ocrx_word' id='word_1_51' title='bbox 259 443 319 490; x_wconf 87' lang='lat' dir='ltr'><strong>qui</strong></span> <span class='ocrx_word' id='word_1_52' title='bbox 342 449 503 479; x_wconf 83' lang='lat' dir='ltr'><strong>oratores</strong></span> <span class='ocrx_word' id='word_1_53' title='bbox 522 442 677 478; x_wconf 82' lang='lat' dir='ltr'><strong>evadere</strong></span> <span class='ocrx_word' id='word_1_54' title='bbox 699 450 774 475; x_wconf 91' lang='lat' dir='ltr'><strong>non</strong></span> <span class='ocrx_word' id='word_1_55' title='bbox 797 439 992 485; x_wconf 80' lang='lat' dir='ltr'><strong>potuerint,</strong></span> <span class='ocrx_word' id='word_1_56' title='bbox 1016 448 1081 474; x_wconf 84' lang='lat' dir='ltr'><strong>eos</strong></span> <span class='ocrx_word' id='word_1_57' title='bbox 1104 439 1149 473; x_wconf 83' lang='lat' dir='ltr'><strong>ad</strong></span> <span class='ocrx_word' id='word_1_58' title='bbox 1165 437 1253 483; x_wconf 84' lang='lat' dir='ltr'><strong>juris</strong></span> <span class='ocrx_word' id='word_1_59' title='bbox 1276 438 1430 473; x_wconf 86' lang='lat' dir='ltr'><strong>studium</strong></span> <span class='ocrx_word' id='word_1_60' title='bbox 1454 438 1577 475; x_wconf 77' lang='lat' dir='ltr'><strong>diver-</strong></span> 
     </span>
     <span class='ocr_line' id='line_1_6' title="bbox 84 487 976 536; baseline -0.006 -11"><span class='ocrx_word' id='word_1_61' title='bbox 84 496 163 525; x_wconf 83' lang='lat' dir='ltr'>tere</span> <span class='ocrx_word' id='word_1_62' title='bbox 187 491 234 536; x_wconf 90' lang='lat' dir='ltr'><strong>(a.</strong></span> <span class='ocrx_word' id='word_1_63' title='bbox 260 495 284 526; x_wconf 81' lang='lat'><strong>1.</strong></span> <span class='ocrx_word' id='word_1_64' title='bbox 311 488 502 534; x_wconf 78' lang='lat' dir='ltr'><strong>devenire)</strong></span> <span class='ocrx_word' id='word_1_65' title='bbox 528 491 612 525; x_wconf 75' lang='lat' dir='ltr'><strong>cio.</strong></span> <span class='ocrx_word' id='word_1_66' title='bbox 637 488 674 532; x_wconf 89' lang='lat'><strong>8,</strong></span> <span class='ocrx_word' id='word_1_67' title='bbox 700 489 736 531; x_wconf 87' lang='lat'><strong>3,</strong></span> <span class='ocrx_word' id='word_1_68' title='bbox 761 487 820 523; x_wconf 88' lang='grc'><strong>79.</strong></span> <span class='ocrx_word' id='word_1_69' title='bbox 849 487 896 521; x_wconf 88' lang='lat' dir='ltr'><strong>N.</strong></span> <span class='ocrx_word' id='word_1_70' title='bbox 929 499 976 520; x_wconf 81' lang='lat' dir='ltr'><strong>cr.</strong></span> 
     </span>
    </p>

    <p class='ocr_par' dir='ltr' id='par_1_5' title="bbox 38 534 1581 730">
     <span class='ocr_line' id='line_1_7' title="bbox 38 534 1579 591; baseline -0.004 -9"><span class='ocrx_word' id='word_1_71' title='bbox 38 534 188 578; x_wconf 70' lang='lat' dir='ltr'><strong>DiVess·</strong></span> <span class='ocrx_word' id='word_1_72' title='bbox 240 559 261 582; x_wconf 92' lang='lat' dir='ltr'><strong>a</strong></span> <span class='ocrx_word' id='word_1_73' title='bbox 284 546 396 584; x_wconf 84' lang='lat' dir='ltr'><strong>divite</strong></span> <span class='ocrx_word' id='word_1_74' title='bbox 417 546 454 591; x_wconf 94' lang='lat'><strong>4,</strong></span> <span class='ocrx_word' id='word_1_75' title='bbox 481 549 518 590; x_wconf 85' lang='lat'><strong>2,</strong></span> <span class='ocrx_word' id='word_1_76' title='bbox 541 545 600 582; x_wconf 87' lang='lat'><strong>95.</strong></span> <span class='ocrx_word' id='word_1_77' title='bbox 626 544 689 580; x_wconf 82' lang='lat' dir='ltr'><strong>ine</strong></span> <span class='ocrx_word' id='word_1_78' title='bbox 712 543 880 587; x_wconf 89' lang='lat' dir='ltr'><strong>dives,</strong></span> <span class='ocrx_word' id='word_1_79' title='bbox 908 542 969 588; x_wconf 82' lang='lat' dir='ltr'><strong>qui</strong></span> <span class='ocrx_word' id='word_1_80' title='bbox 999 546 1149 578; x_wconf 83' lang='lat' dir='ltr'><strong>statuam</strong></span> <span class='ocrx_word' id='word_1_81' title='bbox 1183 540 1412 586; x_wconf 83' lang='lat' dir='ltr'><strong>pauperis</strong></span> <span class='ocrx_word' id='word_1_82' title='bbox 1441 540 1579 576; x_wconf 84' lang='lat' dir='ltr'><strong>inimici</strong></span> 
     </span>
     <span class='ocr_line' id='line_1_8' title="bbox 83 587 1581 640; baseline -0.003 -13"><span class='ocrx_word' id='word_1_83' title='bbox 83 593 235 640; x_wconf 84' lang='lat' dir='ltr'><strong>flagellis</strong></span> <span class='ocrx_word' id='word_1_84' title='bbox 259 593 391 629; x_wconf 86' lang='lat' dir='ltr'><strong>cecidit</strong></span> <span class='ocrx_word' id='word_1_85' title='bbox 411 596 456 627; x_wconf 74' lang='lat' dir='ltr'><strong>ib.</strong></span> <span class='ocrx_word' id='word_1_86' title='bbox 483 594 562 627; x_wconf 85' lang='lat'><strong>100.</strong></span> <span class='ocrx_word' id='word_1_87' title='bbox 583 589 822 636; x_wconf 75' lang='lat' dir='ltr'><em>(liberalitas)</em></span> <span class='ocrx_word' id='word_1_88' title='bbox 845 590 884 623; x_wconf 90' lang='lat' dir='ltr'><strong>in</strong></span> <span class='ocrx_word' id='word_1_89' title='bbox 906 598 1117 634; x_wconf 79' lang='lat' dir='ltr'><strong>paupere</strong></span> <span class='ocrx_word' id='word_1_90' title='bbox 1139 587 1276 634; x_wconf 85' lang='lat' dir='ltr'><strong>gratior</strong></span> <span class='ocrx_word' id='word_1_91' title='bbox 1301 598 1407 632; x_wconf 75' lang='lat' dir='ltr'><strong>quam</strong></span> <span class='ocrx_word' id='word_1_92' title='bbox 1443 587 1482 622; x_wconf 93' lang='lat' dir='ltr'><strong>in</strong></span> <span class='ocrx_word' id='word_1_93' title='bbox 1514 588 1581 622; x_wconf 80' lang='lat' dir='ltr'><strong>di-</strong></span> 
     </span>
     <span class='ocr_line' id='line_1_9' title="bbox 84 633 1579 684; baseline -0.005 -10"><span class='ocrx_word' id='word_1_94' title='bbox 84 638 187 674; x_wconf 84' lang='lat' dir='ltr'><strong>vite</strong></span> <span class='ocrx_word' id='word_1_95' title='bbox 211 642 253 684; x_wconf 90' lang='grc'><strong>7,</strong></span> <span class='ocrx_word' id='word_1_96' title='bbox 277 639 320 683; x_wconf 89' lang='grc'><strong>4,</strong></span> <span class='ocrx_word' id='word_1_97' title='bbox 342 642 402 675; x_wconf 88' lang='grc'><strong>23.</strong></span> <span class='ocrx_word' id='word_1_98' title='bbox 428 639 594 674; x_wconf 79' lang='lat' dir='ltr'><strong>Habeant</strong></span> <span class='ocrx_word' id='word_1_99' title='bbox 615 637 678 672; x_wconf 85' lang='lat' dir='ltr'><strong>illa</strong></span> <span class='ocrx_word' id='word_1_100' title='bbox 702 636 856 673; x_wconf 86' lang='lat' dir='ltr'><strong>divites:</strong></span> <span class='ocrx_word' id='word_1_101' title='bbox 893 635 997 670; x_wconf 89' lang='lat' dir='ltr'><strong>licet:</strong></span> <span class='ocrx_word' id='word_1_102' title='bbox 1029 634 1115 679; x_wconf 88' lang='lat' dir='ltr'><strong>quid</strong></span> <span class='ocrx_word' id='word_1_103' title='bbox 1138 638 1278 677; x_wconf 86' lang='lat' dir='ltr'><strong>essent,</strong></span> <span class='ocrx_word' id='word_1_104' title='bbox 1313 633 1345 668; x_wconf 91' lang='lat' dir='ltr'><strong>si</strong></span> <span class='ocrx_word' id='word_1_105' title='bbox 1368 633 1464 668; x_wconf 89' lang='lat' dir='ltr'><strong>aliud</strong></span> <span class='ocrx_word' id='word_1_106' title='bbox 1488 634 1579 668; x_wconf 85' lang='lat' dir='ltr'><strong>nihil</strong></span> 
     </span>
     <span class='ocr_line' id='line_1_10' title="bbox 80 680 1258 730; baseline -0.004 -12"><span class='ocrx_word' id='word_1_107' title='bbox 80 685 283 721; x_wconf 70' lang='lat' dir='ltr'><strong>haberent?</strong></span> <span class='ocrx_word' id='word_1_108' title='bbox 306 687 351 730; x_wconf 85' lang='lat'><strong>8,</strong></span> <span class='ocrx_word' id='word_1_109' title='bbox 373 687 410 730; x_wconf 88' lang='grc'><strong>3,</strong></span> <span class='ocrx_word' id='word_1_110' title='bbox 433 686 472 722; x_wconf 84' lang='grc'><strong>8.</strong></span> <span class='ocrx_word' id='word_1_111' title='bbox 499 684 650 721; x_wconf 80' lang='lat' dir='ltr'><strong>divitum</strong></span> <span class='ocrx_word' id='word_1_112' title='bbox 672 681 800 728; x_wconf 74' lang='lat' dir='ltr'><strong>(subire</strong></span> <span class='ocrx_word' id='word_1_113' title='bbox 826 680 1003 727; x_wconf 74' lang='lat' dir='ltr'><strong>personas)</strong></span> <span class='ocrx_word' id='word_1_114' title='bbox 1032 682 1089 723; x_wconf 91' lang='grc'><strong>10,</strong></span> <span class='ocrx_word' id='word_1_115' title='bbox 1114 682 1148 722; x_wconf 89' lang='grc'><strong>1,</strong></span> <span class='ocrx_word' id='word_1_116' title='bbox 1170 682 1229 714; x_wconf 91' lang='lat'><strong>71.</strong></span> <span class='ocrx_word' id='word_1_117' title='bbox 1255 713 1258 718; x_wconf 25' lang='lat' dir='ltr'><em>A</em></span> 
     </span>
    </p>

    <p class='ocr_par' dir='ltr' id='par_1_6' title="bbox 37 727 1580 1243">
     <span class='ocr_line' id='line_1_11' title="bbox 37 727 1579 789; baseline 0 -19"><span class='ocrx_word' id='word_1_118' title='bbox 37 727 211 772; x_wconf 81' lang='lat' dir='ltr'><strong>Divido.</strong></span> <span class='ocrx_word' id='word_1_119' title='bbox 281 740 325 786; x_wconf 67' lang='grc' dir='ltr'><strong>α)</strong></span> <span class='ocrx_word' id='word_1_120' title='bbox 352 742 515 777; x_wconf 66' lang='lat' dir='ltr'><strong>suminus</strong></span> <span class='ocrx_word' id='word_1_121' title='bbox 539 747 576 777; x_wconf 83' lang='lat' dir='ltr'><strong>et</strong></span> <span class='ocrx_word' id='word_1_122' title='bbox 602 740 783 787; x_wconf 74' lang='lat' dir='ltr'>copiosius</span> <span class='ocrx_word' id='word_1_123' title='bbox 808 737 974 775; x_wconf 73' lang='lat' dir='ltr'><strong>divisisse</strong></span> <span class='ocrx_word' id='word_1_124' title='bbox 996 736 1034 780; x_wconf 78' lang='lat'><strong>4,</strong></span> <span class='ocrx_word' id='word_1_125' title='bbox 1051 739 1098 789; x_wconf 57' lang='lat' dir='ltr'><strong>p„</strong></span> <span class='ocrx_word' id='word_1_126' title='bbox 1119 736 1178 789; x_wconf 74' lang='lat'><strong>25:</strong></span> <span class='ocrx_word' id='word_1_127' title='bbox 1202 735 1247 778; x_wconf 61' lang='grc' dir='ltr'><strong>ιφ.</strong></span> <span class='ocrx_word' id='word_1_128' title='bbox 1281 738 1324 780; x_wconf 87' lang='lat'><strong>5,</strong></span> <span class='ocrx_word' id='word_1_129' title='bbox 1355 738 1417 780; x_wconf 92' lang='lat'><strong>10,</strong></span> <span class='ocrx_word' id='word_1_130' title='bbox 1443 734 1501 772; x_wconf 82' lang='lat'><strong>46.</strong></span> <span class='ocrx_word' id='word_1_131' title='bbox 1526 736 1579 771; x_wconf 71' lang='lat' dir='ltr'><strong>sic</strong></span> 
     </span>
     <span class='ocr_line' id='line_1_12' title="bbox 83 784 1580 835; baseline -0.002 -14"><span class='ocrx_word' id='word_1_132' title='bbox 83 787 220 832; x_wconf 84' lang='lat' dir='ltr'><strong>optime</strong></span> <span class='ocrx_word' id='word_1_133' title='bbox 245 787 427 831; x_wconf 84' lang='lat' dir='ltr'><strong>dividere,</strong></span> <span class='ocrx_word' id='word_1_134' title='bbox 450 794 490 823; x_wconf 88' lang='lat' dir='ltr'><strong>ut</strong></span> <span class='ocrx_word' id='word_1_135' title='bbox 515 795 576 822; x_wconf 76' lang='lat' dir='ltr'><strong>etc.</strong></span> <span class='ocrx_word' id='word_1_136' title='bbox 600 788 645 830; x_wconf 90' lang='grc'><strong>5,</strong></span> <span class='ocrx_word' id='word_1_137' title='bbox 670 788 727 822; x_wconf 89' lang='lat' dir='ltr'><strong>Pr.</strong></span> <span class='ocrx_word' id='word_1_138' title='bbox 752 787 786 822; x_wconf 89' lang='grc'><strong>5.</strong></span> <span class='ocrx_word' id='word_1_139' title='bbox 815 785 876 830; x_wconf 85' lang='lat' dir='ltr'><strong>qui</strong></span> <span class='ocrx_word' id='word_1_140' title='bbox 903 790 1003 819; x_wconf 88' lang='lat' dir='ltr'><strong>recte</strong></span> <span class='ocrx_word' id='word_1_141' title='bbox 1026 784 1208 826; x_wconf 74' lang='lat' dir='ltr'><strong>diviserit,</strong></span> <span class='ocrx_word' id='word_1_142' title='bbox 1238 793 1421 835; x_wconf 81' lang='lat' dir='ltr'><strong>nunquam</strong></span> <span class='ocrx_word' id='word_1_143' title='bbox 1447 784 1580 827; x_wconf 86' lang='lat' dir='ltr'><strong>poterit</strong></span> 
     </span>
     <span class='ocr_line' id='line_1_13' title="bbox 81 829 1579 876; baseline -0.002 -10"><span class='ocrx_word' id='word_1_144' title='bbox 81 831 122 866; x_wconf 84' lang='lat' dir='ltr'><strong>in</strong></span> <span class='ocrx_word' id='word_1_145' title='bbox 153 844 274 868; x_wconf 80' lang='lat' dir='ltr'><strong>rerum</strong></span> <span class='ocrx_word' id='word_1_146' title='bbox 303 835 432 869; x_wconf 83' lang='lat' dir='ltr'><strong>ordine</strong></span> <span class='ocrx_word' id='word_1_147' title='bbox 465 845 585 869; x_wconf 82' lang='lat' dir='ltr'><strong>errare</strong></span> <span class='ocrx_word' id='word_1_148' title='bbox 610 837 676 876; x_wconf 92' lang='lat'><strong>11,</strong></span> <span class='ocrx_word' id='word_1_149' title='bbox 707 836 751 876; x_wconf 83' lang='lat'><strong>2,</strong></span> <span class='ocrx_word' id='word_1_150' title='bbox 784 833 842 868; x_wconf 85' lang='lat'><strong>36.</strong></span> <span class='ocrx_word' id='word_1_151' title='bbox 863 844 896 865; x_wconf 87' lang='grc' dir='ltr'><strong>υ.</strong></span> <span class='ocrx_word' id='word_1_152' title='bbox 921 829 1195 875; x_wconf 77' lang='lat' dir='ltr'><strong>Coniungo3</strong></span> <span class='ocrx_word' id='word_1_153' title='bbox 1221 829 1406 863; x_wconf 74' lang='lat' dir='ltr'><strong>dividendi</strong></span> <span class='ocrx_word' id='word_1_154' title='bbox 1426 829 1520 864; x_wconf 82' lang='lat' dir='ltr'><strong>ratio</strong></span> <span class='ocrx_word' id='word_1_155' title='bbox 1544 833 1579 872; x_wconf 87' lang='lat'><strong>1,</strong></span> 
     </span>
     <span class='ocr_line' id='line_1_14' title="bbox 84 873 1580 927; baseline -0.003 -14"><span class='ocrx_word' id='word_1_156' title='bbox 84 881 142 922; x_wconf 88' lang='grc'><strong>10,</strong></span> <span class='ocrx_word' id='word_1_157' title='bbox 163 878 222 916; x_wconf 76' lang='grc'><strong>49.</strong></span> <span class='ocrx_word' id='word_1_158' title='bbox 248 879 294 922; x_wconf 63' lang='lat' dir='ltr'><strong>ql:</strong></span> <span class='ocrx_word' id='word_1_159' title='bbox 319 883 376 924; x_wconf 93' lang='lat'><strong>10,</strong></span> <span class='ocrx_word' id='word_1_160' title='bbox 402 883 436 924; x_wconf 90' lang='lat'><strong>1,</strong></span> <span class='ocrx_word' id='word_1_161' title='bbox 462 881 541 915; x_wconf 88' lang='grc'><strong>106.</strong></span> <span class='ocrx_word' id='word_1_162' title='bbox 568 885 698 924; x_wconf 79' lang='lat' dir='ltr'><strong>quanta</strong></span> <span class='ocrx_word' id='word_1_163' title='bbox 721 879 759 912; x_wconf 87' lang='lat' dir='ltr'><strong>in</strong></span> <span class='ocrx_word' id='word_1_164' title='bbox 784 877 1045 913; x_wconf 87' lang='lat' dir='ltr'><strong>dividendo</strong></span> <span class='ocrx_word' id='word_1_165' title='bbox 1068 873 1264 927; x_wconf 37' lang='lat' dir='ltr'><strong>prudent-ia,</strong></span> <span class='ocrx_word' id='word_1_166' title='bbox 1282 877 1328 918; x_wconf 90' lang='grc'><strong>2,</strong></span> <span class='ocrx_word' id='word_1_167' title='bbox 1356 876 1400 918; x_wconf 87' lang='grc'><strong>5,</strong></span> <span class='ocrx_word' id='word_1_168' title='bbox 1427 876 1462 910; x_wconf 90' lang='grc'><strong>8.</strong></span> <span class='ocrx_word' id='word_1_169' title='bbox 1487 877 1580 910; x_wconf 84' lang='lat' dir='ltr'><strong>haec</strong></span> 
     </span>
     <span class='ocr_line' id='line_1_15' title="bbox 84 920 1580 970; baseline -0.001 -12"><span class='ocrx_word' id='word_1_170' title='bbox 84 925 130 958; x_wconf 84' lang='lat' dir='ltr'><strong>de</strong></span> <span class='ocrx_word' id='word_1_171' title='bbox 156 925 350 960; x_wconf 84' lang='lat' dir='ltr'><strong>dividendo</strong></span> <span class='ocrx_word' id='word_1_172' title='bbox 372 925 531 970; x_wconf 83' lang='lat' dir='ltr'><strong>praecipi</strong></span> <span class='ocrx_word' id='word_1_173' title='bbox 565 930 716 970; x_wconf 82' lang='lat' dir='ltr'><strong>possunt</strong></span> <span class='ocrx_word' id='word_1_174' title='bbox 751 927 790 967; x_wconf 93' lang='lat'><strong>7,</strong></span> <span class='ocrx_word' id='word_1_175' title='bbox 823 926 856 967; x_wconf 86' lang='lat'><strong>1,</strong></span> <span class='ocrx_word' id='word_1_176' title='bbox 890 924 955 966; x_wconf 54' lang='lat'><strong>39.</strong></span> <span class='ocrx_word' id='word_1_177' title='bbox 995 926 1035 966; x_wconf 84' lang='grc' dir='ltr'><strong>β)</strong></span> <span class='ocrx_word' id='word_1_178' title='bbox 1068 920 1158 955; x_wconf 74' lang='lat' dir='ltr'><strong>alius</strong></span> <span class='ocrx_word' id='word_1_179' title='bbox 1191 921 1368 955; x_wconf 76' lang='lat' dir='ltr'><strong>divideret</strong></span> <span class='ocrx_word' id='word_1_180' title='bbox 1397 921 1508 965; x_wconf 83' lang='lat' dir='ltr'><strong>haec,</strong></span> <span class='ocrx_word' id='word_1_181' title='bbox 1543 927 1580 956; x_wconf 87' lang='lat' dir='ltr'><strong>et</strong></span> 
     </span>
     <span class='ocr_line' id='line_1_16' title="bbox 83 966 1578 1019; baseline -0.002 -15"><span class='ocrx_word' id='word_1_182' title='bbox 83 968 180 1004; x_wconf 83' lang='lat' dir='ltr'><strong>circa</strong></span> <span class='ocrx_word' id='word_1_183' title='bbox 203 971 363 1019; x_wconf 87' lang='lat' dir='ltr'><strong>singulos</strong></span> <span class='ocrx_word' id='word_1_184' title='bbox 387 973 516 1019; x_wconf 85' lang='lat' dir='ltr'><strong>gradus</strong></span> <span class='ocrx_word' id='word_1_185' title='bbox 545 976 744 1005; x_wconf 87' lang='lat' dir='ltr'><strong>moraretur</strong></span> <span class='ocrx_word' id='word_1_186' title='bbox 766 972 802 1013; x_wconf 88' lang='lat'><strong>8,</strong></span> <span class='ocrx_word' id='word_1_187' title='bbox 825 969 862 1012; x_wconf 85' lang='lat'><strong>4,</strong></span> <span class='ocrx_word' id='word_1_188' title='bbox 885 970 920 1004; x_wconf 87' lang='lat'><strong>9.</strong></span> <span class='ocrx_word' id='word_1_189' title='bbox 955 978 1038 1002; x_wconf 90' lang='lat' dir='ltr'><strong>cum</strong></span> <span class='ocrx_word' id='word_1_190' title='bbox 1062 973 1117 1019; x_wconf 79' lang='lat' dir='ltr'><strong>est</strong></span> <span class='ocrx_word' id='word_1_191' title='bbox 1151 966 1488 1001; x_wconf 85' lang='lat' dir='ltr'><strong>continuatum</strong></span> <span class='ocrx_word' id='word_1_192' title='bbox 1519 966 1578 1011; x_wconf 90' lang='lat' dir='ltr'><strong>iis,</strong></span> 
     </span>
     <span class='ocr_line' id='line_1_17' title="bbox 83 1013 1579 1062; baseline -0.001 -13"><span class='ocrx_word' id='word_1_193' title='bbox 83 1026 176 1060; x_wconf 76' lang='lat' dir='ltr'><strong>quae</strong></span> <span class='ocrx_word' id='word_1_194' title='bbox 198 1023 406 1061; x_wconf 78' lang='lat' dir='ltr'><strong>sequuntur,</strong></span> <span class='ocrx_word' id='word_1_195' title='bbox 434 1027 635 1062; x_wconf 78' lang='lat' dir='ltr'><strong>quanquam</strong></span> <span class='ocrx_word' id='word_1_196' title='bbox 654 1021 781 1050; x_wconf 88' lang='lat' dir='ltr'><strong>natura</strong></span> <span class='ocrx_word' id='word_1_197' title='bbox 798 1015 876 1059; x_wconf 87' lang='lat' dir='ltr'><strong>ipsa</strong></span> <span class='ocrx_word' id='word_1_198' title='bbox 903 1014 1063 1050; x_wconf 85' lang='lat' dir='ltr'><strong>divisa</strong></span> <span class='ocrx_word' id='word_1_199' title='bbox 1086 1018 1215 1047; x_wconf 75' lang='lat' dir='ltr'><strong>sint—</strong></span> <span class='ocrx_word' id='word_1_200' title='bbox 1233 1013 1355 1047; x_wconf 83' lang='lat' dir='ltr'><strong>salvus</strong></span> <span class='ocrx_word' id='word_1_201' title='bbox 1377 1019 1432 1046; x_wconf 85' lang='lat' dir='ltr'><strong>est</strong></span> <span class='ocrx_word' id='word_1_202' title='bbox 1453 1024 1579 1047; x_wconf 88' lang='lat' dir='ltr'><strong>cursus</strong></span> 
     </span>
     <span class='ocr_line' id='line_1_18' title="bbox 85 1057 1576 1106; baseline -0.003 -8"><span class='ocrx_word' id='word_1_203' title='bbox 85 1061 167 1106; x_wconf 84' lang='grc'><strong>9,4,</strong></span> <span class='ocrx_word' id='word_1_204' title='bbox 175 1065 231 1097; x_wconf 89' lang='grc'><strong>70.</strong></span> <span class='ocrx_word' id='word_1_205' title='bbox 258 1063 322 1096; x_wconf 92' lang='lat' dir='ltr'><strong>ubi</strong></span> <span class='ocrx_word' id='word_1_206' title='bbox 337 1063 530 1098; x_wconf 81' lang='lat' dir='ltr'><strong>dividenda</strong></span> <span class='ocrx_word' id='word_1_207' title='bbox 546 1062 614 1096; x_wconf 90' lang='lat' dir='ltr'><strong>erit</strong></span> <span class='ocrx_word' id='word_1_208' title='bbox 629 1073 735 1102; x_wconf 81' lang='lat' dir='ltr'><strong>causa</strong></span> <span class='ocrx_word' id='word_1_209' title='bbox 758 1064 814 1104; x_wconf 90' lang='lat'><strong>11,</strong></span> <span class='ocrx_word' id='word_1_210' title='bbox 827 1061 906 1105; x_wconf 88' lang='lat'><strong>1,6.</strong></span> <span class='ocrx_word' id='word_1_211' title='bbox 933 1060 1023 1095; x_wconf 82' lang='lat' dir='ltr'><strong>mari</strong></span> <span class='ocrx_word' id='word_1_212' title='bbox 1036 1071 1078 1093; x_wconf 86' lang='lat' dir='ltr'><strong>ac</strong></span> <span class='ocrx_word' id='word_1_213' title='bbox 1092 1065 1188 1093; x_wconf 85' lang='lat' dir='ltr'><strong>terra</strong></span> <span class='ocrx_word' id='word_1_214' title='bbox 1201 1057 1394 1093; x_wconf 84' lang='lat' dir='ltr'><strong>dividentis</strong></span> <span class='ocrx_word' id='word_1_215' title='bbox 1406 1059 1528 1103; x_wconf 87' lang='lat' dir='ltr'><strong>copias</strong></span> <span class='ocrx_word' id='word_1_216' title='bbox 1540 1063 1576 1102; x_wconf 93' lang='lat'><strong>7,</strong></span> 
     </span>
     <span class='ocr_line' id='line_1_19' title="bbox 86 1103 1578 1151; baseline -0.001 -9"><span class='ocrx_word' id='word_1_217' title='bbox 86 1110 153 1151; x_wconf 90' lang='grc'><strong>10,</strong></span> <span class='ocrx_word' id='word_1_218' title='bbox 177 1110 222 1143; x_wconf 90' lang='grc'><strong>13</strong></span> <span class='ocrx_word' id='word_1_219' title='bbox 237 1121 270 1143; x_wconf 85' lang='lat' dir='ltr'><strong>v.</strong></span> <span class='ocrx_word' id='word_1_220' title='bbox 287 1108 489 1151; x_wconf 79' lang='lat' dir='ltr'><strong>Partior.</strong></span> <span class='ocrx_word' id='word_1_221' title='bbox 516 1108 708 1144; x_wconf 87' lang='lat' dir='ltr'><strong>dividenda</strong></span> <span class='ocrx_word' id='word_1_222' title='bbox 733 1107 886 1142; x_wconf 81' lang='lat' dir='ltr'><strong>intentio</strong></span> <span class='ocrx_word' id='word_1_223' title='bbox 910 1105 1018 1141; x_wconf 84' lang='lat' dir='ltr'><strong>animi</strong></span> <span class='ocrx_word' id='word_1_224' title='bbox 1042 1109 1076 1148; x_wconf 90' lang='lat'><strong>1,</strong></span> <span class='ocrx_word' id='word_1_225' title='bbox 1094 1108 1128 1148; x_wconf 88' lang='lat'><strong>1,</strong></span> <span class='ocrx_word' id='word_1_226' title='bbox 1144 1103 1202 1139; x_wconf 85' lang='lat'><strong>34.</strong></span> <span class='ocrx_word' id='word_1_227' title='bbox 1227 1114 1302 1139; x_wconf 85' lang='lat' dir='ltr'><strong>non</strong></span> <span class='ocrx_word' id='word_1_228' title='bbox 1325 1111 1486 1147; x_wconf 83' lang='lat' dir='ltr'><strong>crescet,</strong></span> <span class='ocrx_word' id='word_1_229' title='bbox 1512 1107 1578 1140; x_wconf 85' lang='lat' dir='ltr'><strong>sed</strong></span> 
     </span>
     <span class='ocr_line' id='line_1_20' title="bbox 84 1150 1579 1200; baseline -0.001 -13"><span class='ocrx_word' id='word_1_230' title='bbox 84 1153 352 1197; x_wconf 82' lang='lat' dir='ltr'><strong>dividetur,</strong></span> <span class='ocrx_word' id='word_1_231' title='bbox 377 1155 438 1200; x_wconf 77' lang='lat' dir='ltr'><strong>qui</strong></span> <span class='ocrx_word' id='word_1_232' title='bbox 459 1155 525 1188; x_wconf 85' lang='lat' dir='ltr'><strong>sub</strong></span> <span class='ocrx_word' id='word_1_233' title='bbox 544 1165 618 1188; x_wconf 88' lang='lat' dir='ltr'><strong>uno</strong></span> <span class='ocrx_word' id='word_1_234' title='bbox 641 1154 956 1194; x_wconf 80' lang='lat' dir='ltr'><strong>miscebatur,</strong></span> <span class='ocrx_word' id='word_1_235' title='bbox 988 1151 1094 1185; x_wconf 91' lang='lat' dir='ltr'><strong>labor</strong></span> <span class='ocrx_word' id='word_1_236' title='bbox 1109 1153 1146 1193; x_wconf 83' lang='lat'><strong>2,</strong></span> <span class='ocrx_word' id='word_1_237' title='bbox 1163 1153 1195 1192; x_wconf 89' lang='lat'><strong>1,</strong></span> <span class='ocrx_word' id='word_1_238' title='bbox 1210 1152 1266 1184; x_wconf 86' lang='lat'><strong>13.</strong></span> <span class='ocrx_word' id='word_1_239' title='bbox 1295 1150 1463 1184; x_wconf 82' lang='lat' dir='ltr'><strong>materias</strong></span> <span class='ocrx_word' id='word_1_240' title='bbox 1482 1151 1579 1186; x_wconf 83' lang='lat' dir='ltr'><strong>divi-</strong></span> 
     </span>
     <span class='ocr_line' id='line_1_21' title="bbox 84 1195 1577 1243; baseline -0.002 -9"><span class='ocrx_word' id='word_1_241' title='bbox 84 1199 171 1234; x_wconf 82' lang='lat' dir='ltr'><strong>dere</strong></span> <span class='ocrx_word' id='word_1_242' title='bbox 182 1201 284 1242; x_wconf 82' lang='lat' dir='ltr'><strong>1o,·5,</strong></span> <span class='ocrx_word' id='word_1_243' title='bbox 298 1202 357 1233; x_wconf 82' lang='lat'><strong>22.</strong></span> <span class='ocrx_word' id='word_1_244' title='bbox 382 1199 528 1243; x_wconf 86' lang='lat' dir='ltr'><strong>dicenti,</strong></span> <span class='ocrx_word' id='word_1_245' title='bbox 543 1200 682 1234; x_wconf 85' lang='lat' dir='ltr'><strong>Navem</strong></span> <span class='ocrx_word' id='word_1_246' title='bbox 696 1198 858 1234; x_wconf 86' lang='lat' dir='ltr'><strong>dividere</strong></span> <span class='ocrx_word' id='word_1_247' title='bbox 877 1199 988 1233; x_wconf 88' lang='lat' dir='ltr'><strong>volo:</strong></span> <span class='ocrx_word' id='word_1_248' title='bbox 1009 1196 1157 1239; x_wconf 85' lang='lat' dir='ltr'><strong>Perdes,</strong></span> <span class='ocrx_word' id='word_1_249' title='bbox 1168 1195 1286 1240; x_wconf 79' lang='lat' dir='ltr'><strong>inquit</strong></span> <span class='ocrx_word' id='word_1_250' title='bbox 1303 1197 1338 1240; x_wconf 88' lang='lat'><strong>6,</strong></span> <span class='ocrx_word' id='word_1_251' title='bbox 1349 1198 1384 1239; x_wconf 87' lang='lat'><strong>3,</strong></span> <span class='ocrx_word' id='word_1_252' title='bbox 1398 1197 1455 1231; x_wconf 88' lang='lat'><strong>87.</strong></span> <span class='ocrx_word' id='word_1_253' title='bbox 1485 1197 1577 1232; x_wconf 79' lang='lat' dir='ltr'><strong>divi-</strong></span> 
     </span>
    </p>

    <p class='ocr_par' dir='ltr' id='par_1_7' title="bbox 15 1242 1577 1289">
     <span class='ocr_line' id='line_1_22' title="bbox 15 1242 1577 1289; baseline -0.001 -10"><span class='ocrx_word' id='word_1_254' title='bbox 15 1250 18 1251; x_wconf 72' lang='grc'>’</span> <span class='ocrx_word' id='word_1_255' title='bbox 83 1245 172 1280; x_wconf 73' lang='lat' dir='ltr'><strong>dere</strong></span> <span class='ocrx_word' id='word_1_256' title='bbox 192 1246 283 1280; x_wconf 84' lang='lat' dir='ltr'><strong>haec</strong></span> <span class='ocrx_word' id='word_1_257' title='bbox 299 1245 419 1280; x_wconf 81' lang='lat' dir='ltr'><strong>officia</strong></span> <span class='ocrx_word' id='word_1_258' title='bbox 442 1244 768 1280; x_wconf 89' lang='lat' dir='ltr'><strong>commodissimum</strong></span> <span class='ocrx_word' id='word_1_259' title='bbox 781 1245 816 1288; x_wconf 88' lang='lat'><strong>6,</strong></span> <span class='ocrx_word' id='word_1_260' title='bbox 832 1243 864 1287; x_wconf 81' lang='lat'><strong>1&#39;,</strong></span> <span class='ocrx_word' id='word_1_261' title='bbox 876 1245 899 1280; x_wconf 91' lang='lat'><strong>9</strong></span> <span class='ocrx_word' id='word_1_262' title='bbox 911 1245 960 1278; x_wconf 90' lang='lat' dir='ltr'><strong>N.</strong></span> <span class='ocrx_word' id='word_1_263' title='bbox 988 1242 1177 1287; x_wconf 86' lang='lat' dir='ltr'><strong>repetendi</strong></span> <span class='ocrx_word' id='word_1_264' title='bbox 1196 1252 1322 1289; x_wconf 87' lang='lat' dir='ltr'><strong>genus,</strong></span> <span class='ocrx_word' id='word_1_265' title='bbox 1348 1244 1446 1288; x_wconf 84' lang='lat' dir='ltr'><strong>quod</strong></span> <span class='ocrx_word' id='word_1_266' title='bbox 1465 1246 1577 1278; x_wconf 84' lang='lat' dir='ltr'><strong>semel</strong></span> 
     </span>
    </p>

    <p class='ocr_par' dir='ltr' id='par_1_8' title="bbox 44 1289 1577 1380">
     <span class='ocr_line' id='line_1_23' title="bbox 44 1289 1575 1337; baseline -0.001 -11"><span class='ocrx_word' id='word_1_267' title='bbox 44 1306 45 1309; x_wconf 46' lang='lat'>¹</span> <span class='ocrx_word' id='word_1_268' title='bbox 81 1291 266 1337; x_wconf 75' lang='lat' dir='ltr'><strong>proposita</strong></span> <span class='ocrx_word' id='word_1_269' title='bbox 289 1290 434 1326; x_wconf 91' lang='lat' dir='ltr'><strong>iterat</strong></span> <span class='ocrx_word' id='word_1_270' title='bbox 457 1297 493 1325; x_wconf 93' lang='lat' dir='ltr'><strong>et</strong></span> <span class='ocrx_word' id='word_1_271' title='bbox 515 1291 697 1326; x_wconf 87' lang='lat' dir='ltr'><strong>dividit</strong></span> <span class='ocrx_word' id='word_1_272' title='bbox 719 1292 754 1333; x_wconf 90' lang='grc'><strong>9,</strong></span> <span class='ocrx_word' id='word_1_273' title='bbox 765 1292 800 1333; x_wconf 87' lang='grc'><strong>3,</strong></span> <span class='ocrx_word' id='word_1_274' title='bbox 813 1292 871 1325; x_wconf 84' lang='grc'><strong>35.</strong></span> <span class='ocrx_word' id='word_1_275' title='bbox 897 1289 989 1325; x_wconf 90' lang='lat' dir='ltr'><strong>Cum</strong></span> <span class='ocrx_word' id='word_1_276' title='bbox 1011 1289 1170 1323; x_wconf 86' lang='lat' dir='ltr'><strong>dicamus</strong></span> <span class='ocrx_word' id='word_1_277' title='bbox 1188 1289 1233 1323; x_wconf 93' lang='lat' dir='ltr'><strong>de</strong></span> <span class='ocrx_word' id='word_1_278' title='bbox 1246 1289 1353 1323; x_wconf 85' lang='lat' dir='ltr'><strong>rebus</strong></span> <span class='ocrx_word' id='word_1_279' title='bbox 1371 1294 1432 1322; x_wconf 86' lang='lat' dir='ltr'><strong>aut</strong></span> <span class='ocrx_word' id='word_1_280' title='bbox 1447 1289 1575 1324; x_wconf 82' lang='lat' dir='ltr'><strong>alienis</strong></span> 
     </span>
     <span class='ocr_line' id='line_1_24' title="bbox 81 1334 1577 1380; baseline 0 -9"><span class='ocrx_word' id='word_1_281' title='bbox 81 1342 144 1371; x_wconf 76' lang='lat' dir='ltr'><strong>aut</strong></span> <span class='ocrx_word' id='word_1_282' title='bbox 166 1337 321 1380; x_wconf 83' lang='lat' dir='ltr'><strong>nostris,</strong></span> <span class='ocrx_word' id='word_1_283' title='bbox 354 1337 546 1373; x_wconf 83' lang='lat' dir='ltr'><strong>dividenda</strong></span> <span class='ocrx_word' id='word_1_284' title='bbox 581 1336 674 1371; x_wconf 88' lang='lat' dir='ltr'><strong>ratio</strong></span> <span class='ocrx_word' id='word_1_285' title='bbox 700 1342 755 1371; x_wconf 88' lang='lat' dir='ltr'><strong>est</strong></span> <span class='ocrx_word' id='word_1_286' title='bbox 783 1346 905 1370; x_wconf 86' lang='lat' dir='ltr'><strong>eorum</strong></span> <span class='ocrx_word' id='word_1_287' title='bbox 919 1361 931 1380; x_wconf 87' lang='lat'><strong>,</strong></span> <span class='ocrx_word' id='word_1_288' title='bbox 963 1336 1048 1368; x_wconf 90' lang='lat' dir='ltr'><strong>dum</strong></span> <span class='ocrx_word' id='word_1_289' title='bbox 1072 1334 1224 1368; x_wconf 89' lang='lat' dir='ltr'><strong>sciamus</strong></span> <span class='ocrx_word' id='word_1_290' title='bbox 1250 1335 1423 1379; x_wconf 85' lang='lat' dir='ltr'><strong>pleraque</strong></span> <span class='ocrx_word' id='word_1_291' title='bbox 1446 1342 1577 1371; x_wconf 64' lang='lat' dir='ltr'><strong>neuuo</strong></span> 
     </span>
    </p>

    <p class='ocr_par' dir='ltr' id='par_1_9' title="bbox 34 1380 1578 1474">
     <span class='ocr_line' id='line_1_25' title="bbox 80 1380 1577 1427; baseline -0.001 -10"><span class='ocrx_word' id='word_1_292' title='bbox 80 1384 166 1418; x_wconf 86' lang='lat' dir='ltr'><strong>loco</strong></span> <span class='ocrx_word' id='word_1_293' title='bbox 191 1382 388 1419; x_wconf 86' lang='lat' dir='ltr'><strong>convenire</strong></span> <span class='ocrx_word' id='word_1_294' title='bbox 417 1386 483 1426; x_wconf 91' lang='lat'><strong>11,</strong></span> <span class='ocrx_word' id='word_1_295' title='bbox 509 1386 528 1417; x_wconf 90' lang='lat'>1</span> <span class='ocrx_word' id='word_1_296' title='bbox 542 1409 553 1427; x_wconf 99' lang='lat'><strong>,</strong></span> <span class='ocrx_word' id='word_1_297' title='bbox 579 1385 636 1418; x_wconf 86' lang='lat'><strong>15.</strong></span> <span class='ocrx_word' id='word_1_298' title='bbox 675 1382 878 1426; x_wconf 85' lang='lat' dir='ltr'><strong>interjectio</strong></span> <span class='ocrx_word' id='word_1_299' title='bbox 906 1399 951 1407; x_wconf 92' lang='lat'>—</span> <span class='ocrx_word' id='word_1_300' title='bbox 978 1380 1188 1416; x_wconf 89' lang='lat' dir='ltr'><strong>continuum</strong></span> <span class='ocrx_word' id='word_1_301' title='bbox 1222 1391 1426 1415; x_wconf 88' lang='lat' dir='ltr'><strong>sermonem</strong></span> <span class='ocrx_word' id='word_1_302' title='bbox 1446 1402 1495 1407; x_wconf 96' lang='lat'><strong>—</strong></span> <span class='ocrx_word' id='word_1_303' title='bbox 1520 1383 1577 1416; x_wconf 87' lang='lat' dir='ltr'><strong>di-</strong></span> 
     </span>
     <span class='ocr_line' id='line_1_26' title="bbox 34 1428 1578 1474; baseline -0.001 -10"><span class='ocrx_word' id='word_1_304' title='bbox 34 1471 37 1474; x_wconf 42' lang='grc'><strong>,</strong></span> <span class='ocrx_word' id='word_1_305' title='bbox 80 1428 174 1464; x_wconf 87' lang='lat' dir='ltr'><strong>vidit</strong></span> <span class='ocrx_word' id='word_1_306' title='bbox 196 1432 252 1472; x_wconf 89' lang='lat'><strong>11,</strong></span> <span class='ocrx_word' id='word_1_307' title='bbox 276 1431 311 1472; x_wconf 90' lang='lat'><strong>3,</strong></span> <span class='ocrx_word' id='word_1_308' title='bbox 335 1431 394 1465; x_wconf 83' lang='lat'><strong>37.</strong></span> <span class='ocrx_word' id='word_1_309' title='bbox 416 1430 530 1464; x_wconf 86' lang='lat' dir='ltr'><strong>verba</strong></span> <span class='ocrx_word' id='word_1_310' title='bbox 553 1428 715 1464; x_wconf 80' lang='lat' dir='ltr'><strong>dividere</strong></span> <span class='ocrx_word' id='word_1_311' title='bbox 742 1431 775 1471; x_wconf 87' lang='lat'><strong>1,</strong></span> <span class='ocrx_word' id='word_1_312' title='bbox 799 1431 835 1472; x_wconf 94' lang='lat'><strong>7,</strong></span> <span class='ocrx_word' id='word_1_313' title='bbox 860 1430 894 1464; x_wconf 93' lang='grc'><strong>9.</strong></span> <span class='ocrx_word' id='word_1_314' title='bbox 921 1429 978 1468; x_wconf 93' lang='grc'><strong>10,</strong></span> <span class='ocrx_word' id='word_1_315' title='bbox 1005 1429 1039 1470; x_wconf 93' lang='grc'><strong>1,</strong></span> <span class='ocrx_word' id='word_1_316' title='bbox 1063 1429 1130 1469; x_wconf 87' lang='grc'><strong>29;</strong></span> <span class='ocrx_word' id='word_1_317' title='bbox 1156 1430 1304 1460; x_wconf 66' lang='lat' dir='ltr'><strong>Par-tic„-</strong></span> <span class='ocrx_word' id='word_1_318' title='bbox 1344 1428 1578 1463; x_wconf 87' lang='lat' dir='ltr'><strong>continua</strong></span> 
     </span>
    </p>

    <p class='ocr_par' dir='ltr' id='par_1_10' title="bbox 80 1472 1576 1519">
     <span class='ocr_line' id='line_1_27' title="bbox 80 1472 1576 1519; baseline 0 -10"><span class='ocrx_word' id='word_1_319' title='bbox 80 1485 130 1509; x_wconf 73' lang='lat' dir='ltr'><strong>an</strong></span> <span class='ocrx_word' id='word_1_320' title='bbox 151 1473 305 1510; x_wconf 69' lang='lat' dir='ltr'><strong>divisa</strong></span> <span class='ocrx_word' id='word_1_321' title='bbox 327 1475 483 1510; x_wconf 78' lang='lat' dir='ltr'><strong>narratio</strong></span> <span class='ocrx_word' id='word_1_322' title='bbox 505 1478 541 1518; x_wconf 91' lang='grc'><strong>2,</strong></span> <span class='ocrx_word' id='word_1_323' title='bbox 567 1477 624 1518; x_wconf 89' lang='grc'><strong>13,</strong></span> <span class='ocrx_word' id='word_1_324' title='bbox 649 1477 684 1510; x_wconf 88' lang='grc'><strong>5.</strong></span> <span class='ocrx_word' id='word_1_325' title='bbox 708 1485 861 1519; x_wconf 83' lang='lat' dir='ltr'><strong>quorum</strong></span> <span class='ocrx_word' id='word_1_326' title='bbox 883 1473 1043 1508; x_wconf 86' lang='lat' dir='ltr'><strong>omnium</strong></span> <span class='ocrx_word' id='word_1_327' title='bbox 1079 1472 1340 1507; x_wconf 85' lang='lat' dir='ltr'><strong>dissimilis</strong></span> <span class='ocrx_word' id='word_1_328' title='bbox 1370 1479 1476 1518; x_wconf 81' lang='lat' dir='ltr'><strong>atque</strong></span> <span class='ocrx_word' id='word_1_329' title='bbox 1509 1475 1576 1509; x_wconf 87' lang='lat' dir='ltr'><strong>di-</strong></span> 
     </span>
    </p>

    <p class='ocr_par' dir='ltr' id='par_1_11' title="bbox 80 1519 1575 1566">
     <span class='ocr_line' id='line_1_28' title="bbox 80 1519 1575 1566; baseline 0 -11"><span class='ocrx_word' id='word_1_330' title='bbox 80 1520 182 1556; x_wconf 82' lang='lat' dir='ltr'><strong>visa</strong></span> <span class='ocrx_word' id='word_1_331' title='bbox 203 1522 267 1563; x_wconf 85' lang='lat' dir='ltr'><strong>(a.</strong></span> <span class='ocrx_word' id='word_1_332' title='bbox 294 1525 318 1555; x_wconf 81' lang='lat'><strong>1.</strong></span> <span class='ocrx_word' id='word_1_333' title='bbox 344 1520 507 1564; x_wconf 86' lang='lat' dir='ltr'><strong>diversa)</strong></span> <span class='ocrx_word' id='word_1_334' title='bbox 538 1520 662 1555; x_wconf 86' lang='lat' dir='ltr'><strong>inter</strong></span> <span class='ocrx_word' id='word_1_335' title='bbox 693 1531 732 1555; x_wconf 87' lang='lat' dir='ltr'><strong>se</strong></span> <span class='ocrx_word' id='word_1_336' title='bbox 754 1520 847 1554; x_wconf 87' lang='lat' dir='ltr'><strong>ratio</strong></span> <span class='ocrx_word' id='word_1_337' title='bbox 871 1526 926 1554; x_wconf 91' lang='lat' dir='ltr'><strong>est</strong></span> <span class='ocrx_word' id='word_1_338' title='bbox 948 1523 1016 1563; x_wconf 90' lang='lat'><strong>10,</strong></span> <span class='ocrx_word' id='word_1_339' title='bbox 1041 1522 1086 1562; x_wconf 91' lang='grc'><strong>2,</strong></span> <span class='ocrx_word' id='word_1_340' title='bbox 1116 1521 1174 1553; x_wconf 89' lang='grc'><strong>23.</strong></span> <span class='ocrx_word' id='word_1_341' title='bbox 1208 1519 1326 1555; x_wconf 85' lang='lat' dir='ltr'><strong>diviso</strong></span> <span class='ocrx_word' id='word_1_342' title='bbox 1351 1521 1468 1554; x_wconf 88' lang='lat' dir='ltr'><strong>verbo</strong></span> <span class='ocrx_word' id='word_1_343' title='bbox 1495 1534 1575 1566; x_wconf 87' lang='lat' dir='ltr'><strong>opp.</strong></span> 
     </span>
    </p>

    <p class='ocr_par' dir='ltr' id='par_1_12' title="bbox 79 1564 1573 1614">
     <span class='ocr_line' id='line_1_29' title="bbox 79 1564 1573 1614; baseline -0.001 -12"><span class='ocrx_word' id='word_1_344' title='bbox 79 1566 155 1602; x_wconf 79' lang='lat' dir='ltr'><strong>inte</strong></span> <span class='ocrx_word' id='word_1_345' title='bbox 256 1569 303 1610; x_wconf 93' lang='lat'><strong>7,</strong></span> <span class='ocrx_word' id='word_1_346' title='bbox 334 1568 381 1610; x_wconf 91' lang='lat'><strong>9,</strong></span> <span class='ocrx_word' id='word_1_347' title='bbox 411 1567 450 1601; x_wconf 85' lang='lat'><strong>4.</strong></span> <span class='ocrx_word' id='word_1_348' title='bbox 470 1579 505 1601; x_wconf 85' lang='lat' dir='ltr'><strong>v.</strong></span> <span class='ocrx_word' id='word_1_349' title='bbox 528 1566 717 1610; x_wconf 84' lang='lat' dir='ltr'><strong>Conjun</strong></span> <span class='ocrx_word' id='word_1_350' title='bbox 727 1577 791 1614; x_wconf 87' lang='lat' dir='ltr'><strong>go.</strong></span> <span class='ocrx_word' id='word_1_351' title='bbox 831 1565 968 1601; x_wconf 87' lang='lat' dir='ltr'><strong>divisae</strong></span> <span class='ocrx_word' id='word_1_352' title='bbox 1005 1564 1272 1609; x_wconf 86' lang='lat' dir='ltr'><strong>professionum</strong></span> <span class='ocrx_word' id='word_1_353' title='bbox 1308 1564 1409 1601; x_wconf 80' lang='lat' dir='ltr'><strong>vices</strong></span> <span class='ocrx_word' id='word_1_354' title='bbox 1443 1567 1504 1601; x_wconf 88' lang='lat' dir='ltr'><strong>Pr.</strong></span> <span class='ocrx_word' id='word_1_355' title='bbox 1537 1567 1573 1601; x_wconf 87' lang='lat'><strong>4.</strong></span> 
     </span>
    </p>

    <p class='ocr_par' dir='ltr' id='par_1_13' title="bbox 78 1611 1577 1658">
     <span class='ocr_line' id='line_1_30' title="bbox 78 1611 1577 1658; baseline 0.001 -12"><span class='ocrx_word' id='word_1_356' title='bbox 78 1613 121 1658; x_wconf 78' lang='lat'><strong>7)</strong></span> <span class='ocrx_word' id='word_1_357' title='bbox 203 1612 381 1647; x_wconf 79' lang='lat' dir='ltr'><strong>antitatem</strong></span> <span class='ocrx_word' id='word_1_358' title='bbox 396 1638 407 1656; x_wconf 92' lang='lat'><strong>,</strong></span> <span class='ocrx_word' id='word_1_359' title='bbox 442 1624 534 1657; x_wconf 78' lang='lat' dir='ltr'><strong>quae</strong></span> <span class='ocrx_word' id='word_1_360' title='bbox 558 1612 747 1657; x_wconf 85' lang='lat' dir='ltr'><strong>dupliciter</strong></span> <span class='ocrx_word' id='word_1_361' title='bbox 770 1624 791 1646; x_wconf 87' lang='lat' dir='ltr'><strong>a</strong></span> <span class='ocrx_word' id='word_1_362' title='bbox 813 1611 1072 1656; x_wconf 86' lang='lat' dir='ltr'><strong>posterioribus</strong></span> <span class='ocrx_word' id='word_1_363' title='bbox 1102 1611 1218 1646; x_wconf 84' lang='lat' dir='ltr'><strong>divisa</strong></span> <span class='ocrx_word' id='word_1_364' title='bbox 1252 1617 1327 1654; x_wconf 84' lang='lat' dir='ltr'><strong>est,</strong></span> <span class='ocrx_word' id='word_1_365' title='bbox 1366 1623 1472 1656; x_wconf 85' lang='lat' dir='ltr'><strong>quam</strong></span> <span class='ocrx_word' id='word_1_366' title='bbox 1496 1624 1577 1647; x_wconf 87' lang='lat' dir='ltr'><strong>ma-</strong></span> 
     </span>
    </p>

    <p class='ocr_par' dir='ltr' id='par_1_14' title="bbox 81 1655 1576 1706">
     <span class='ocr_line' id='line_1_31' title="bbox 81 1655 1576 1706; baseline 0.001 -14"><span class='ocrx_word' id='word_1_367' title='bbox 81 1668 203 1706; x_wconf 87' lang='lat' dir='ltr'><strong>gnum,</strong></span> <span class='ocrx_word' id='word_1_368' title='bbox 228 1669 249 1693; x_wconf 88' lang='lat' dir='ltr'><strong>e</strong></span> <span class='ocrx_word' id='word_1_369' title='bbox 261 1663 276 1692; x_wconf 93' lang='lat' dir='ltr'><strong>t</strong></span> <span class='ocrx_word' id='word_1_370' title='bbox 304 1670 408 1703; x_wconf 77' lang='lat' dir='ltr'><strong>quam</strong></span> <span class='ocrx_word' id='word_1_371' title='bbox 426 1661 575 1693; x_wconf 79' lang='lat' dir='ltr'><strong>multum</strong></span> <span class='ocrx_word' id='word_1_372' title='bbox 591 1659 637 1692; x_wconf 89' lang='lat' dir='ltr'><strong>sit</strong></span> <span class='ocrx_word' id='word_1_373' title='bbox 658 1661 693 1702; x_wconf 93' lang='lat'><strong>3,</strong></span> <span class='ocrx_word' id='word_1_374' title='bbox 712 1659 748 1702; x_wconf 92' lang='lat'><strong>6,</strong></span> <span class='ocrx_word' id='word_1_375' title='bbox 761 1661 819 1694; x_wconf 86' lang='lat'><strong>23.</strong></span> <span class='ocrx_word' id='word_1_376' title='bbox 845 1658 988 1703; x_wconf 83' lang='lat' dir='ltr'><strong>quidam</strong></span> <span class='ocrx_word' id='word_1_377' title='bbox 1006 1657 1206 1693; x_wconf 79' lang='lat' dir='ltr'><strong>diviserunt</strong></span> <span class='ocrx_word' id='word_1_378' title='bbox 1223 1659 1347 1692; x_wconf 77' lang='grc' dir='ltr'><strong><em>αἴτιον</em></strong></span> <span class='ocrx_word' id='word_1_379' title='bbox 1371 1663 1415 1692; x_wconf 89' lang='lat' dir='ltr'><strong>et</strong></span> <span class='ocrx_word' id='word_1_380' title='bbox 1437 1655 1576 1701; x_wconf 75' lang='grc' dir='ltr'><strong>αἰτίαν,</strong></span> 
     </span>
    </p>

    <p class='ocr_par' dir='ltr' id='par_1_15' title="bbox 78 1702 1574 1749">
     <span class='ocr_line' id='line_1_32' title="bbox 78 1702 1574 1749; baseline 0.001 -12"><span class='ocrx_word' id='word_1_381' title='bbox 78 1710 121 1738; x_wconf 85' lang='lat' dir='ltr'><strong>ut</strong></span> <span class='ocrx_word' id='word_1_382' title='bbox 144 1709 237 1741; x_wconf 87' lang='lat' dir='ltr'><strong>esset</strong></span> <span class='ocrx_word' id='word_1_383' title='bbox 261 1712 323 1738; x_wconf 76' lang='lat' dir='ltr'><strong>etc.</strong></span> <span class='ocrx_word' id='word_1_384' title='bbox 347 1706 381 1747; x_wconf 88' lang='lat'><strong>3,</strong></span> <span class='ocrx_word' id='word_1_385' title='bbox 406 1707 463 1748; x_wconf 88' lang='lat'><strong>11,</strong></span> <span class='ocrx_word' id='word_1_386' title='bbox 492 1706 532 1747; x_wconf 79' lang='lat'><strong>53</strong></span> <span class='ocrx_word' id='word_1_387' title='bbox 558 1705 779 1749; x_wconf 87' lang='lat' dir='ltr'><strong>appositum,</strong></span> <span class='ocrx_word' id='word_1_388' title='bbox 803 1704 835 1738; x_wconf 86' lang='lat' dir='ltr'><strong>si</strong></span> <span class='ocrx_word' id='word_1_389' title='bbox 858 1717 878 1738; x_wconf 89' lang='lat' dir='ltr'><strong>a</strong></span> <span class='ocrx_word' id='word_1_390' title='bbox 901 1704 1049 1749; x_wconf 90' lang='lat' dir='ltr'><strong>proprio</strong></span> <span class='ocrx_word' id='word_1_391' title='bbox 1076 1702 1242 1738; x_wconf 77' lang='lat' dir='ltr'><strong>diviseris</strong></span> <span class='ocrx_word' id='word_1_392' title='bbox 1265 1704 1302 1746; x_wconf 88' lang='grc'><strong>8,</strong></span> <span class='ocrx_word' id='word_1_393' title='bbox 1327 1703 1363 1746; x_wconf 91' lang='grc'><strong>6,</strong></span> <span class='ocrx_word' id='word_1_394' title='bbox 1390 1702 1449 1739; x_wconf 85' lang='grc'><strong>43.</strong></span> <span class='ocrx_word' id='word_1_395' title='bbox 1487 1716 1574 1739; x_wconf 87' lang='lat' dir='ltr'><strong>sen-</strong></span> 
     </span>
    </p>

    <p class='ocr_par' dir='ltr' id='par_1_16' title="bbox 80 1749 1575 1795">
     <span class='ocr_line' id='line_1_33' title="bbox 80 1749 1575 1795; baseline 0.001 -12"><span class='ocrx_word' id='word_1_396' title='bbox 80 1759 143 1783; x_wconf 82' lang='lat' dir='ltr'><strong>sus</strong></span> <span class='ocrx_word' id='word_1_397' title='bbox 170 1749 286 1784; x_wconf 78' lang='lat' dir='ltr'><strong>omis</strong></span> <span class='ocrx_word' id='word_1_398' title='bbox 309 1770 355 1776; x_wconf 89' lang='lat'>—</span> <span class='ocrx_word' id='word_1_399' title='bbox 379 1750 496 1794; x_wconf 89' lang='lat' dir='ltr'><strong>poscit</strong></span> <span class='ocrx_word' id='word_1_400' title='bbox 518 1753 679 1785; x_wconf 84' lang='lat' dir='ltr'><strong>naturale</strong></span> <span class='ocrx_word' id='word_1_401' title='bbox 708 1750 956 1793; x_wconf 86' lang='lat' dir='ltr'><strong>intervallum,</strong></span> <span class='ocrx_word' id='word_1_402' title='bbox 989 1760 1061 1795; x_wconf 74' lang='lat' dir='ltr'><strong>quo</strong></span> <span class='ocrx_word' id='word_1_403' title='bbox 1085 1761 1106 1783; x_wconf 90' lang='lat' dir='ltr'><strong>a</strong></span> <span class='ocrx_word' id='word_1_404' title='bbox 1129 1749 1311 1794; x_wconf 75' lang='lat' dir='ltr'><strong>sequentis</strong></span> <span class='ocrx_word' id='word_1_405' title='bbox 1344 1749 1449 1784; x_wconf 84' lang='lat' dir='ltr'><strong>initio</strong></span> <span class='ocrx_word' id='word_1_406' title='bbox 1479 1750 1575 1785; x_wconf 90' lang='lat' dir='ltr'><strong>divi-</strong></span> 
     </span>
    </p>

    <p class='ocr_par' dir='ltr' id='par_1_17' title="bbox 83 1794 1574 1841">
     <span class='ocr_line' id='line_1_34' title="bbox 83 1794 1574 1841; baseline 0.001 -13"><span class='ocrx_word' id='word_1_407' title='bbox 83 1795 189 1828; x_wconf 80' lang='lat' dir='ltr'><strong>datur</strong></span> <span class='ocrx_word' id='word_1_408' title='bbox 209 1795 246 1837; x_wconf 88' lang='lat'><strong>9,</strong></span> <span class='ocrx_word' id='word_1_409' title='bbox 271 1794 307 1838; x_wconf 90' lang='lat'><strong>4,</strong></span> <span class='ocrx_word' id='word_1_410' title='bbox 329 1797 396 1838; x_wconf 83' lang='lat'><strong>613</strong></span> <span class='ocrx_word' id='word_1_411' title='bbox 422 1797 612 1841; x_wconf 83' lang='lat' dir='ltr'><strong>Nunquam</strong></span> <span class='ocrx_word' id='word_1_412' title='bbox 634 1807 723 1832; x_wconf 87' lang='lat' dir='ltr'><strong>vera</strong></span> <span class='ocrx_word' id='word_1_413' title='bbox 749 1796 887 1840; x_wconf 82' lang='lat' dir='ltr'><strong>species</strong></span> <span class='ocrx_word' id='word_1_414' title='bbox 922 1796 976 1830; x_wconf 91' lang='lat' dir='ltr'><strong>ab</strong></span> <span class='ocrx_word' id='word_1_415' title='bbox 1008 1795 1160 1830; x_wconf 81' lang='lat' dir='ltr'><strong>utilitate</strong></span> <span class='ocrx_word' id='word_1_416' title='bbox 1193 1795 1450 1830; x_wconf 87' lang='lat' dir='ltr'><strong>dividitur.</strong></span> <span class='ocrx_word' id='word_1_417' title='bbox 1502 1798 1574 1830; x_wconf 87' lang='lat' dir='ltr'><strong>Sed</strong></span> 
     </span>
    </p>

    <p class='ocr_par' dir='ltr' id='par_1_18' title="bbox 80 1838 1574 1932">
     <span class='ocr_line' id='line_1_35' title="bbox 80 1838 1574 1887; baseline 0.002 -14"><span class='ocrx_word' id='word_1_418' title='bbox 80 1840 154 1874; x_wconf 82' lang='lat' dir='ltr'><strong>hoc</strong></span> <span class='ocrx_word' id='word_1_419' title='bbox 178 1840 321 1884; x_wconf 86' lang='lat' dir='ltr'><strong>quidem</strong></span> <span class='ocrx_word' id='word_1_420' title='bbox 345 1841 621 1877; x_wconf 87' lang='lat' dir='ltr'><strong>discernere</strong></span> <span class='ocrx_word' id='word_1_421' title='bbox 643 1842 775 1876; x_wconf 88' lang='lat' dir='ltr'><strong>modici</strong></span> <span class='ocrx_word' id='word_1_422' title='bbox 798 1841 921 1887; x_wconf 88' lang='lat' dir='ltr'><strong>judicii</strong></span> <span class='ocrx_word' id='word_1_423' title='bbox 945 1847 1010 1876; x_wconf 84' lang='lat' dir='ltr'><strong>est.</strong></span> <span class='ocrx_word' id='word_1_424' title='bbox 1037 1844 1074 1884; x_wconf 88' lang='grc'><strong>8,</strong></span> <span class='ocrx_word' id='word_1_425' title='bbox 1100 1844 1135 1884; x_wconf 84' lang='grc'><strong>3,</strong></span> <span class='ocrx_word' id='word_1_426' title='bbox 1161 1844 1215 1875; x_wconf 88' lang='grc'><strong>11.</strong></span> <span class='ocrx_word' id='word_1_427' title='bbox 1275 1838 1309 1884; x_wconf 80' lang='grc' dir='ltr'><strong>δ’)</strong></span> <span class='ocrx_word' id='word_1_428' title='bbox 1346 1843 1446 1886; x_wconf 85' lang='lat' dir='ltr'><strong>cujus</strong></span> <span class='ocrx_word' id='word_1_429' title='bbox 1480 1842 1574 1883; x_wconf 82' lang='lat' dir='ltr'><strong>(ser-</strong></span> 
     </span>
     <span class='ocr_line' id='line_1_36' title="bbox 81 1886 1574 1932; baseline 0.003 -14"><span class='ocrx_word' id='word_1_430' title='bbox 81 1886 202 1926; x_wconf 81' lang='lat' dir='ltr'><strong>monis)</strong></span> <span class='ocrx_word' id='word_1_431' title='bbox 225 1891 369 1919; x_wconf 88' lang='lat' dir='ltr'><strong>ornatus</strong></span> <span class='ocrx_word' id='word_1_432' title='bbox 394 1887 443 1920; x_wconf 88' lang='lat' dir='ltr'><strong>in</strong></span> <span class='ocrx_word' id='word_1_433' title='bbox 464 1888 554 1921; x_wconf 90' lang='lat' dir='ltr'><strong>haec</strong></span> <span class='ocrx_word' id='word_1_434' title='bbox 578 1889 650 1922; x_wconf 89' lang='lat' dir='ltr'><strong>duo</strong></span> <span class='ocrx_word' id='word_1_435' title='bbox 677 1888 790 1932; x_wconf 83' lang='lat' dir='ltr'><strong>prima</strong></span> <span class='ocrx_word' id='word_1_436' title='bbox 814 1888 985 1923; x_wconf 85' lang='lat' dir='ltr'><strong>dividitur</strong></span> <span class='ocrx_word' id='word_1_437' title='bbox 1007 1889 1042 1930; x_wconf 91' lang='lat'><strong>8,</strong></span> <span class='ocrx_word' id='word_1_438' title='bbox 1067 1889 1102 1930; x_wconf 92' lang='lat'><strong>3,</strong></span> <span class='ocrx_word' id='word_1_439' title='bbox 1128 1886 1185 1921; x_wconf 85' lang='lat'><strong>40.</strong></span> <span class='ocrx_word' id='word_1_440' title='bbox 1238 1888 1288 1921; x_wconf 93' lang='lat' dir='ltr'><strong>In</strong></span> <span class='ocrx_word' id='word_1_441' title='bbox 1313 1888 1384 1922; x_wconf 93' lang='lat' dir='ltr'><strong>duo</strong></span> <span class='ocrx_word' id='word_1_442' title='bbox 1410 1894 1445 1922; x_wconf 87' lang='lat' dir='ltr'><strong>et</strong></span> <span class='ocrx_word' id='word_1_443' title='bbox 1469 1889 1574 1922; x_wconf 89' lang='lat' dir='ltr'><strong>Posi-</strong></span> 
     </span>
    </p>

    <p class='ocr_par' dir='ltr' id='par_1_19' title="bbox 82 1929 1573 1977">
     <span class='ocr_line' id='line_1_37' title="bbox 82 1929 1573 1977; baseline 0.003 -13"><span class='ocrx_word' id='word_1_444' title='bbox 82 1930 214 1964; x_wconf 82' lang='lat' dir='ltr'><strong>donius</strong></span> <span class='ocrx_word' id='word_1_445' title='bbox 238 1929 365 1964; x_wconf 82' lang='lat' dir='ltr'><strong>dividit</strong></span> <span class='ocrx_word' id='word_1_446' title='bbox 387 1932 433 1974; x_wconf 82' lang='lat' dir='ltr'><strong>(i,</strong></span> <span class='ocrx_word' id='word_1_447' title='bbox 461 1944 489 1964; x_wconf 85' lang='lat' dir='ltr'><strong>e.</strong></span> <span class='ocrx_word' id='word_1_448' title='bbox 514 1935 620 1965; x_wconf 83' lang='lat' dir='ltr'><strong>duas</strong></span> <span class='ocrx_word' id='word_1_449' title='bbox 643 1941 799 1976; x_wconf 75' lang='lat' dir='ltr'><strong>partes</strong></span> <span class='ocrx_word' id='word_1_450' title='bbox 818 1933 989 1977; x_wconf 78' lang='lat' dir='ltr'><strong>facit),</strong></span> <span class='ocrx_word' id='word_1_451' title='bbox 1023 1944 1155 1968; x_wconf 80' lang='lat' dir='ltr'><strong>vocem</strong></span> <span class='ocrx_word' id='word_1_452' title='bbox 1179 1938 1215 1966; x_wconf 80' lang='lat' dir='ltr'><strong>et</strong></span> <span class='ocrx_word' id='word_1_453' title='bbox 1237 1944 1310 1967; x_wconf 83' lang='lat' dir='ltr'><strong>res.</strong></span> <span class='ocrx_word' id='word_1_454' title='bbox 1343 1935 1389 1976; x_wconf 88' lang='lat'><strong>3,</strong></span> <span class='ocrx_word' id='word_1_455' title='bbox 1423 1934 1474 1975; x_wconf 90' lang='grc'><strong>6,</strong></span> <span class='ocrx_word' id='word_1_456' title='bbox 1512 1937 1573 1968; x_wconf 88' lang='lat'><strong>37.</strong></span> 
     </span>
    </p>

    <p class='ocr_par' dir='ltr' id='par_1_20' title="bbox 79 1975 1575 2022">
     <span class='ocr_line' id='line_1_38' title="bbox 79 1975 1575 2022; baseline 0.003 -15"><span class='ocrx_word' id='word_1_457' title='bbox 79 1982 270 2019; x_wconf 81' lang='lat' dir='ltr'><strong>utrumque</strong></span> <span class='ocrx_word' id='word_1_458' title='bbox 291 1975 335 2008; x_wconf 86' lang='lat' dir='ltr'><strong>in</strong></span> <span class='ocrx_word' id='word_1_459' title='bbox 358 1977 461 2019; x_wconf 85' lang='lat' dir='ltr'><strong>plura</strong></span> <span class='ocrx_word' id='word_1_460' title='bbox 484 1977 718 2018; x_wconf 72' lang='lat' dir='ltr'><strong>dividitur-5,</strong></span> <span class='ocrx_word' id='word_1_461' title='bbox 743 1980 808 2015; x_wconf 85' lang='grc'><strong>10,</strong></span> <span class='ocrx_word' id='word_1_462' title='bbox 842 1981 922 2012; x_wconf 88' lang='grc'><strong>102.</strong></span> <span class='ocrx_word' id='word_1_463' title='bbox 960 1990 1042 2012; x_wconf 81' lang='lat' dir='ltr'><strong>cum</strong></span> <span class='ocrx_word' id='word_1_464' title='bbox 1070 1978 1259 2022; x_wconf 85' lang='lat' dir='ltr'><strong>dupliciter</strong></span> <span class='ocrx_word' id='word_1_465' title='bbox 1293 1978 1446 2022; x_wconf 88' lang='lat' dir='ltr'><strong>primum</strong></span> <span class='ocrx_word' id='word_1_466' title='bbox 1480 1979 1575 2013; x_wconf 83' lang='lat' dir='ltr'><strong>divi-</strong></span> 
     </span>
    </p>

    <p class='ocr_par' dir='ltr' id='par_1_21' title="bbox 83 2020 1574 2070">
     <span class='ocr_line' id='line_1_39' title="bbox 83 2020 1574 2070; baseline 0.001 -14"><span class='ocrx_word' id='word_1_467' title='bbox 83 2022 210 2064; x_wconf 84' lang='lat' dir='ltr'><strong>sisset,</strong></span> <span class='ocrx_word' id='word_1_468' title='bbox 237 2020 276 2053; x_wconf 86' lang='lat' dir='ltr'><strong>in</strong></span> <span class='ocrx_word' id='word_1_469' title='bbox 298 2020 544 2056; x_wconf 78' lang='lat' dir='ltr'><strong>inventionem</strong></span> <span class='ocrx_word' id='word_1_470' title='bbox 571 2028 677 2066; x_wconf 80' lang='lat' dir='ltr'><strong>atque</strong></span> <span class='ocrx_word' id='word_1_471' title='bbox 700 2022 939 2057; x_wconf 88' lang='lat' dir='ltr'><strong>elocutionem</strong></span> <span class='ocrx_word' id='word_1_472' title='bbox 962 2026 997 2066; x_wconf 90' lang='lat'><strong>3,</strong></span> <span class='ocrx_word' id='word_1_473' title='bbox 1023 2026 1058 2066; x_wconf 90' lang='lat'><strong>3,</strong></span> <span class='ocrx_word' id='word_1_474' title='bbox 1084 2027 1118 2058; x_wconf 86' lang='lat'><strong>7.</strong></span> <span class='ocrx_word' id='word_1_475' title='bbox 1154 2023 1202 2057; x_wconf 86' lang='lat' dir='ltr'><strong>in</strong></span> <span class='ocrx_word' id='word_1_476' title='bbox 1237 2023 1303 2063; x_wconf 78' lang='lat' dir='ltr'><strong>tria</strong></span> <span class='ocrx_word' id='word_1_477' title='bbox 1328 2035 1461 2070; x_wconf 82' lang='lat' dir='ltr'><strong>genera</strong></span> <span class='ocrx_word' id='word_1_478' title='bbox 1487 2036 1574 2058; x_wconf 84' lang='lat' dir='ltr'><strong>cau-</strong></span> 
     </span>
    </p>

    <p class='ocr_par' dir='ltr' id='par_1_22' title="bbox 81 2065 1572 2113">
     <span class='ocr_line' id='line_1_40' title="bbox 81 2065 1572 2113; baseline 0.001 -11"><span class='ocrx_word' id='word_1_479' title='bbox 81 2079 140 2102; x_wconf 86' lang='lat' dir='ltr'><strong>sas</strong></span> <span class='ocrx_word' id='word_1_480' title='bbox 164 2065 270 2101; x_wconf 85' lang='lat' dir='ltr'><strong>divisi</strong></span> <span class='ocrx_word' id='word_1_481' title='bbox 293 2068 329 2107; x_wconf 91' lang='lat'><strong>3,</strong></span> <span class='ocrx_word' id='word_1_482' title='bbox 355 2067 391 2108; x_wconf 91' lang='lat'><strong>6,</strong></span> <span class='ocrx_word' id='word_1_483' title='bbox 417 2066 496 2100; x_wconf 77' lang='lat'><strong>104.</strong></span> <span class='ocrx_word' id='word_1_484' title='bbox 522 2077 633 2113; x_wconf 85' lang='lat' dir='ltr'><strong>genus</strong></span> <span class='ocrx_word' id='word_1_485' title='bbox 656 2078 738 2101; x_wconf 90' lang='lat' dir='ltr'><strong>cum</strong></span> <span class='ocrx_word' id='word_1_486' title='bbox 765 2067 934 2102; x_wconf 89' lang='lat' dir='ltr'><strong>dividitur</strong></span> <span class='ocrx_word' id='word_1_487' title='bbox 970 2069 1009 2101; x_wconf 89' lang='lat' dir='ltr'><strong>in</strong></span> <span class='ocrx_word' id='word_1_488' title='bbox 1042 2068 1181 2111; x_wconf 87' lang='lat' dir='ltr'><strong>species</strong></span> <span class='ocrx_word' id='word_1_489' title='bbox 1214 2070 1258 2111; x_wconf 87' lang='lat'><strong>8,</strong></span> <span class='ocrx_word' id='word_1_490' title='bbox 1288 2070 1330 2110; x_wconf 88' lang='lat'><strong>6,</strong></span> <span class='ocrx_word' id='word_1_491' title='bbox 1365 2070 1423 2104; x_wconf 89' lang='lat'><strong>58.</strong></span> <span class='ocrx_word' id='word_1_492' title='bbox 1459 2070 1503 2111; x_wconf 82' lang='lat' dir='ltr'><strong>cs.</strong></span> <span class='ocrx_word' id='word_1_493' title='bbox 1539 2075 1572 2113; x_wconf 89' lang='lat'><strong>1,</strong></span> 
     </span>
    </p>

    <p class='ocr_par' dir='ltr' id='par_1_23' title="bbox 82 2111 1573 2157">
     <span class='ocr_line' id='line_1_41' title="bbox 82 2111 1573 2157; baseline 0.001 -9"><span class='ocrx_word' id='word_1_494' title='bbox 82 2114 117 2154; x_wconf 89' lang='lat'><strong>5,</strong></span> <span class='ocrx_word' id='word_1_495' title='bbox 142 2112 201 2148; x_wconf 79' lang='lat'><strong>41.</strong></span> <span class='ocrx_word' id='word_1_496' title='bbox 229 2112 262 2153; x_wconf 87' lang='grc'><strong>5,</strong></span> <span class='ocrx_word' id='word_1_497' title='bbox 291 2112 327 2153; x_wconf 88' lang='grc'><strong>9,</strong></span> <span class='ocrx_word' id='word_1_498' title='bbox 353 2113 384 2145; x_wconf 89' lang='grc'><strong>3.</strong></span> <span class='ocrx_word' id='word_1_499' title='bbox 415 2111 455 2145; x_wconf 87' lang='lat' dir='ltr'><strong>in</strong></span> <span class='ocrx_word' id='word_1_500' title='bbox 472 2120 571 2156; x_wconf 74' lang='lat' dir='ltr'><strong>&#39;quas</strong></span> <span class='ocrx_word' id='word_1_501' title='bbox 595 2112 773 2155; x_wconf 77' lang='lat' dir='ltr'><strong>(figuras)</strong></span> <span class='ocrx_word' id='word_1_502' title='bbox 806 2113 970 2146; x_wconf 88' lang='lat' dir='ltr'><strong>nonnulli</strong></span> <span class='ocrx_word' id='word_1_503' title='bbox 993 2112 1193 2147; x_wconf 86' lang='lat' dir='ltr'><strong>diviserunt</strong></span> <span class='ocrx_word' id='word_1_504' title='bbox 1225 2113 1364 2157; x_wconf 87' lang='lat' dir='ltr'><strong>species</strong></span> <span class='ocrx_word' id='word_1_505' title='bbox 1397 2114 1573 2150; x_wconf 87' lang='lat' dir='ltr'><strong>dictorum</strong></span> 
     </span>
    </p>

    <p class='ocr_par' dir='ltr' id='par_1_24' title="bbox 81 2156 1570 2205">
     <span class='ocr_line' id='line_1_42' title="bbox 81 2156 1570 2205; baseline 0.001 -11"><span class='ocrx_word' id='word_1_506' title='bbox 81 2159 120 2201; x_wconf 90' lang='lat'><strong>6,</strong></span> <span class='ocrx_word' id='word_1_507' title='bbox 146 2160 187 2200; x_wconf 91' lang='lat'><strong>3,</strong></span> <span class='ocrx_word' id='word_1_508' title='bbox 211 2159 266 2192; x_wconf 86' lang='lat'><strong>70.</strong></span> <span class='ocrx_word' id='word_1_509' title='bbox 286 2169 317 2190; x_wconf 85' lang='grc' dir='ltr'><strong>υ.</strong></span> <span class='ocrx_word' id='word_1_510' title='bbox 342 2156 558 2200; x_wconf 85' lang='lat' dir='ltr'><strong>Species.</strong></span> <span class='ocrx_word' id='word_1_511' title='bbox 591 2159 669 2191; x_wconf 87' lang='lat' dir='ltr'><strong>laus</strong></span> <span class='ocrx_word' id='word_1_512' title='bbox 701 2157 887 2191; x_wconf 87' lang='lat' dir='ltr'><strong>hominum</strong></span> <span class='ocrx_word' id='word_1_513' title='bbox 919 2158 1073 2202; x_wconf 86' lang='lat' dir='ltr'><strong>primum</strong></span> <span class='ocrx_word' id='word_1_514' title='bbox 1110 2158 1282 2192; x_wconf 75' lang='lat' dir='ltr'><strong>dividitur</strong></span> <span class='ocrx_word' id='word_1_515' title='bbox 1315 2159 1363 2192; x_wconf 88' lang='lat' dir='ltr'><strong>in</strong></span> <span class='ocrx_word' id='word_1_516' title='bbox 1396 2166 1570 2205; x_wconf 87' lang='lat' dir='ltr'><strong>tempora,</strong></span> 
     </span>
    </p>

    <p class='ocr_par' dir='ltr' id='par_1_25' title="bbox 0 2202 1573 2294">
     <span class='ocr_line' id='line_1_43' title="bbox 71 2202 1573 2249; baseline 0.001 -11"><span class='ocrx_word' id='word_1_517' title='bbox 71 2205 250 2249; x_wconf 72' lang='lat' dir='ltr'><strong>‘qnodque</strong></span> <span class='ocrx_word' id='word_1_518' title='bbox 274 2207 355 2236; x_wconf 88' lang='lat' dir='ltr'><strong>ante</strong></span> <span class='ocrx_word' id='word_1_519' title='bbox 379 2213 441 2237; x_wconf 89' lang='lat' dir='ltr'><strong>eos</strong></span> <span class='ocrx_word' id='word_1_520' title='bbox 464 2203 556 2246; x_wconf 82' lang='lat' dir='ltr'><strong>fnit,</strong></span> <span class='ocrx_word' id='word_1_521' title='bbox 584 2205 750 2248; x_wconf 84' lang='lat' dir='ltr'><strong>quodque</strong></span> <span class='ocrx_word' id='word_1_522' title='bbox 773 2202 841 2247; x_wconf 87' lang='lat' dir='ltr'><strong>ipsi</strong></span> <span class='ocrx_word' id='word_1_523' title='bbox 862 2203 1035 2238; x_wconf 83' lang='lat' dir='ltr'><strong>vixerunt</strong></span> <span class='ocrx_word' id='word_1_524' title='bbox 1067 2205 1110 2247; x_wconf 89' lang='lat'><strong>3,</strong></span> <span class='ocrx_word' id='word_1_525' title='bbox 1138 2207 1180 2247; x_wconf 91' lang='lat'><strong>7,</strong></span> <span class='ocrx_word' id='word_1_526' title='bbox 1214 2206 1278 2247; x_wconf 67' lang='grc'><strong>10,</strong></span> <span class='ocrx_word' id='word_1_527' title='bbox 1313 2205 1376 2249; x_wconf 85' lang='lat' dir='ltr'><strong>qui</strong></span> <span class='ocrx_word' id='word_1_528' title='bbox 1408 2206 1573 2243; x_wconf 84' lang='lat' dir='ltr'><strong>dividere</strong></span> 
     </span>
     <span class='ocr_line' id='line_1_44' title="bbox 82 2248 1053 2294; baseline -0.001 -10.078"><span class='ocrx_word' id='word_1_529' title='bbox 82 2250 175 2284; x_wconf 80' lang='lat' dir='ltr'><strong>nolit</strong></span> <span class='ocrx_word' id='word_1_530' title='bbox 198 2259 300 2282; x_wconf 87' lang='lat' dir='ltr'><strong>cum</strong></span> <span class='ocrx_word' id='word_1_531' title='bbox 324 2249 433 2283; x_wconf 81' lang='lat' dir='ltr'><strong>fratre</strong></span> <span class='ocrx_word' id='word_1_532' title='bbox 456 2248 519 2294; x_wconf 87' lang='lat' dir='ltr'><strong>(sc.</strong></span> <span class='ocrx_word' id='word_1_533' title='bbox 545 2248 852 2292; x_wconf 75' lang='lat' dir='ltr'><strong>hereditatem)</strong></span> <span class='ocrx_word' id='word_1_534' title='bbox 875 2252 912 2293; x_wconf 89' lang='lat'><strong>7,</strong></span> <span class='ocrx_word' id='word_1_535' title='bbox 938 2253 970 2292; x_wconf 89' lang='lat'><strong>1,</strong></span> <span class='ocrx_word' id='word_1_536' title='bbox 993 2248 1053 2284; x_wconf 85' lang='lat'><strong>45.</strong></span> 
     </span>
    </p>

    <p class='ocr_par' dir='ltr' id='par_1_26' title="bbox 36 2294 1573 2486">
     <span class='ocr_line' id='line_1_45' title="bbox 36 2294 1571 2354; baseline 0.003 -16"><span class='ocrx_word' id='word_1_537' title='bbox 36 2294 272 2338; x_wconf 79' lang='lat' dir='ltr'><strong>Divinatio·</strong></span> <span class='ocrx_word' id='word_1_538' title='bbox 330 2309 516 2339; x_wconf 86' lang='lat' dir='ltr'><strong>tractatum</strong></span> <span class='ocrx_word' id='word_1_539' title='bbox 539 2326 584 2334; x_wconf 88' lang='lat'>-</span> <span class='ocrx_word' id='word_1_540' title='bbox 609 2307 703 2341; x_wconf 85' lang='lat' dir='ltr'><strong>circa</strong></span> <span class='ocrx_word' id='word_1_541' title='bbox 728 2311 847 2351; x_wconf 86' lang='lat' dir='ltr'><strong>partes</strong></span> <span class='ocrx_word' id='word_1_542' title='bbox 874 2305 944 2346; x_wconf 82' lang='lat' dir='ltr'><strong>(sic</strong></span> <span class='ocrx_word' id='word_1_543' title='bbox 971 2309 1014 2340; x_wconf 93' lang='lat' dir='ltr'><strong>Z.</strong></span> <span class='ocrx_word' id='word_1_544' title='bbox 1039 2318 1081 2339; x_wconf 84' lang='lat' dir='ltr'><strong>ex</strong></span> <span class='ocrx_word' id='word_1_545' title='bbox 1112 2308 1210 2340; x_wconf 88' lang='lat' dir='ltr'><strong>Par.</strong></span> <span class='ocrx_word' id='word_1_546' title='bbox 1236 2308 1268 2340; x_wconf 90' lang='lat'><strong>1.</strong></span> <span class='ocrx_word' id='word_1_547' title='bbox 1301 2313 1334 2340; x_wconf 75' lang='lat' dir='ltr'><strong>ei</strong></span> <span class='ocrx_word' id='word_1_548' title='bbox 1361 2309 1471 2353; x_wconf 80' lang='lat' dir='ltr'><strong>conj.,·</strong></span> <span class='ocrx_word' id='word_1_549' title='bbox 1503 2312 1571 2354; x_wconf 85' lang='lat' dir='ltr'><strong>Sp.</strong></span> 
     </span>
     <span class='ocr_line' id='line_1_46' title="bbox 84 2348 1573 2398; baseline 0.003 -15"><span class='ocrx_word' id='word_1_550' title='bbox 84 2357 209 2384; x_wconf 82' lang='lat' dir='ltr'><strong>contra</strong></span> <span class='ocrx_word' id='word_1_551' title='bbox 231 2348 380 2393; x_wconf 86' lang='lat' dir='ltr'><strong>partem)</strong></span> <span class='ocrx_word' id='word_1_552' title='bbox 408 2351 661 2396; x_wconf 77' lang='lat' dir='ltr'><strong>divinationis,</strong></span> <span class='ocrx_word' id='word_1_553' title='bbox 685 2358 725 2386; x_wconf 91' lang='lat' dir='ltr'><strong>ut</strong></span> <span class='ocrx_word' id='word_1_554' title='bbox 750 2363 913 2396; x_wconf 79' lang='lat' dir='ltr'><strong>quaeque</strong></span> <span class='ocrx_word' id='word_1_555' title='bbox 940 2351 979 2385; x_wconf 84' lang='lat' dir='ltr'><strong>in</strong></span> <span class='ocrx_word' id='word_1_556' title='bbox 1002 2351 1248 2396; x_wconf 79' lang='lat' dir='ltr'><strong>quaestionem</strong></span> <span class='ocrx_word' id='word_1_557' title='bbox 1271 2353 1366 2387; x_wconf 87' lang='lat' dir='ltr'><strong>cadit</strong></span> <span class='ocrx_word' id='word_1_558' title='bbox 1389 2355 1424 2398; x_wconf 90' lang='grc'><strong>5,</strong></span> <span class='ocrx_word' id='word_1_559' title='bbox 1453 2358 1487 2398; x_wconf 87' lang='lat'><strong>7,</strong></span> <span class='ocrx_word' id='word_1_560' title='bbox 1513 2358 1573 2391; x_wconf 83' lang='lat'><strong>35.</strong></span> 
     </span>
     <span class='ocr_line' id='line_1_47' title="bbox 82 2395 1573 2443; baseline 0.005 -15"><span class='ocrx_word' id='word_1_561' title='bbox 82 2397 130 2429; x_wconf 82' lang='lat' dir='ltr'><strong>N.</strong></span> <span class='ocrx_word' id='word_1_562' title='bbox 161 2409 207 2429; x_wconf 87' lang='lat' dir='ltr'><strong>cr.</strong></span> <span class='ocrx_word' id='word_1_563' title='bbox 235 2395 279 2429; x_wconf 93' lang='lat' dir='ltr'><strong>de</strong></span> <span class='ocrx_word' id='word_1_564' title='bbox 303 2403 505 2432; x_wconf 74' lang='lat' dir='ltr'><strong>accusatore</strong></span> <span class='ocrx_word' id='word_1_565' title='bbox 537 2399 806 2442; x_wconf 88' lang='lat' dir='ltr'><strong>constituendo,</strong></span> <span class='ocrx_word' id='word_1_566' title='bbox 844 2408 935 2443; x_wconf 77' lang='lat' dir='ltr'><strong>quae</strong></span> <span class='ocrx_word' id='word_1_567' title='bbox 963 2397 1095 2442; x_wconf 81' lang='lat' dir='ltr'><strong>judicia</strong></span> <span class='ocrx_word' id='word_1_568' title='bbox 1124 2397 1363 2434; x_wconf 78' lang='lat' dir='ltr'><strong>divinationes</strong></span> <span class='ocrx_word' id='word_1_569' title='bbox 1394 2408 1573 2437; x_wconf 84' lang='lat' dir='ltr'><strong>vocantur</strong></span> 
     </span>
     <span class='ocr_line' id='line_1_48' title="bbox 81 2439 593 2486; baseline 0.008 -11"><span class='ocrx_word' id='word_1_570' title='bbox 81 2444 116 2476; x_wconf 85' lang='lat'><strong>7.</strong></span> <span class='ocrx_word' id='word_1_571' title='bbox 143 2439 179 2483; x_wconf 86' lang='lat'><strong>4,</strong></span> <span class='ocrx_word' id='word_1_572' title='bbox 205 2442 262 2475; x_wconf 84' lang='lat'><strong>33.</strong></span> <span class='ocrx_word' id='word_1_573' title='bbox 290 2441 335 2482; x_wconf 78' lang='lat' dir='ltr'><strong>cs.</strong></span> <span class='ocrx_word' id='word_1_574' title='bbox 360 2444 395 2485; x_wconf 84' lang='lat'><strong>3,</strong></span> <span class='ocrx_word' id='word_1_575' title='bbox 421 2445 475 2486; x_wconf 90' lang='lat'><strong>10,</strong></span> <span class='ocrx_word' id='word_1_576' title='bbox 500 2446 522 2478; x_wconf 86' lang='lat'><strong>3</strong></span> <span class='ocrx_word' id='word_1_577' title='bbox 544 2446 593 2479; x_wconf 84' lang='lat' dir='ltr'><strong>N.</strong></span> 
     </span>
    </p>
   </div>
   <div class='ocr_carea' id='block_1_3' title="bbox 35 2483 1571 2593">
    <p class='ocr_par' dir='ltr' id='par_1_27' title="bbox 35 2483 1571 2593">
     <span class='ocr_line' id='line_1_49' title="bbox 35 2483 1571 2547; baseline 0.006 -18"><span class='ocrx_word' id='word_1_578' title='bbox 35 2483 210 2527; x_wconf 71' lang='lat' dir='ltr'><strong>Divine·</strong></span> <span class='ocrx_word' id='word_1_579' title='bbox 265 2498 350 2531; x_wconf 88' lang='lat' dir='ltr'><strong>Duo</strong></span> <span class='ocrx_word' id='word_1_580' title='bbox 373 2503 515 2542; x_wconf 87' lang='lat' dir='ltr'><strong>tamen,</strong></span> <span class='ocrx_word' id='word_1_581' title='bbox 542 2511 631 2545; x_wconf 81' lang='lat' dir='ltr'><strong>quae</strong></span> <span class='ocrx_word' id='word_1_582' title='bbox 654 2503 732 2536; x_wconf 86' lang='lat' dir='ltr'><strong>sola</strong></span> <span class='ocrx_word' id='word_1_583' title='bbox 757 2507 991 2547; x_wconf 88' lang='lat' dir='ltr'><strong>supererant,</strong></span> <span class='ocrx_word' id='word_1_584' title='bbox 1017 2501 1090 2536; x_wconf 79' lang='lat' dir='ltr'><strong>div&#39;.</strong></span> <span class='ocrx_word' id='word_1_585' title='bbox 1117 2499 1247 2538; x_wconf 84' lang='lat' dir='ltr'><strong>cicero</strong></span> <span class='ocrx_word' id='word_1_586' title='bbox 1270 2502 1432 2539; x_wconf 80' lang='lat' dir='ltr'><strong>servavit</strong></span> <span class='ocrx_word' id='word_1_587' title='bbox 1455 2505 1512 2547; x_wconf 89' lang='lat'><strong>11,</strong></span> <span class='ocrx_word' id='word_1_588' title='bbox 1538 2507 1571 2546; x_wconf 88' lang='lat'><strong>1,</strong></span> 
     </span>
     <span class='ocr_line' id='line_1_50' title="bbox 82 2543 1173 2593; baseline 0.005 -17"><span class='ocrx_word' id='word_1_589' title='bbox 82 2543 141 2577; x_wconf 81' lang='lat'><strong>62.</strong></span> <span class='ocrx_word' id='word_1_590' title='bbox 162 2553 252 2587; x_wconf 78' lang='lat' dir='ltr'><strong>quae</strong></span> <span class='ocrx_word' id='word_1_591' title='bbox 276 2543 417 2578; x_wconf 87' lang='lat' dir='ltr'><strong>Tullius</strong></span> <span class='ocrx_word' id='word_1_592' title='bbox 444 2545 483 2579; x_wconf 85' lang='lat' dir='ltr'><strong>in</strong></span> <span class='ocrx_word' id='word_1_593' title='bbox 507 2545 659 2582; x_wconf 84' lang='lat' dir='ltr'><strong>Oratore</strong></span> <span class='ocrx_word' id='word_1_594' title='bbox 684 2548 758 2584; x_wconf 88' lang='lat' dir='ltr'><strong>div.</strong></span> <span class='ocrx_word' id='word_1_595' title='bbox 784 2549 975 2593; x_wconf 80' lang='lat' dir='ltr'><strong>exequitur</strong></span> <span class='ocrx_word' id='word_1_596' title='bbox 1000 2551 1032 2591; x_wconf 87' lang='lat'><strong>1,</strong></span> <span class='ocrx_word' id='word_1_597' title='bbox 1057 2548 1093 2591; x_wconf 92' lang='lat'><strong>6,</strong></span> <span class='ocrx_word' id='word_1_598' title='bbox 1117 2548 1173 2582; x_wconf 88' lang='lat'><strong>18.</strong></span> 
     </span>
    </p>
   </div>
   <div class='ocr_carea' id='block_1_4' title="bbox 34 2585 1570 2809">
    <p class='ocr_par' dir='ltr' id='par_1_28' title="bbox 36 2585 1176 2651">
     <span class='ocr_line' id='line_1_51' title="bbox 36 2585 1176 2651; baseline 0.021 -25"><span class='ocrx_word' id='word_1_599' title='bbox 36 2585 266 2630; x_wconf 75' lang='lat' dir='ltr'><strong>Divinitas·</strong></span> <span class='ocrx_word' id='word_1_600' title='bbox 322 2608 453 2646; x_wconf 77' lang='lat' dir='ltr'><strong>quanta</strong></span> <span class='ocrx_word' id='word_1_601' title='bbox 477 2603 643 2639; x_wconf 83' lang='lat' dir='ltr'><strong>divinitas</strong></span> <span class='ocrx_word' id='word_1_602' title='bbox 670 2605 732 2640; x_wconf 87' lang='lat' dir='ltr'><strong>illa</strong></span> <span class='ocrx_word' id='word_1_603' title='bbox 759 2603 967 2651; x_wconf 84' lang='lat' dir='ltr'><strong>(memoriae)</strong></span> <span class='ocrx_word' id='word_1_604' title='bbox 995 2607 1054 2649; x_wconf 83' lang='lat'><strong>11,</strong></span> <span class='ocrx_word' id='word_1_605' title='bbox 1076 2607 1112 2648; x_wconf 84' lang='lat'><strong>2,</strong></span> <span class='ocrx_word' id='word_1_606' title='bbox 1138 2607 1176 2640; x_wconf 86' lang='lat'><strong>7·</strong></span> 
     </span>
    </p>

    <p class='ocr_par' dir='ltr' id='par_1_29' title="bbox 35 2641 928 2706">
     <span class='ocr_line' id='line_1_52' title="bbox 35 2641 928 2706; baseline 0.013 -20"><span class='ocrx_word' id='word_1_607' title='bbox 35 2641 271 2694; x_wconf 69' lang='lat' dir='ltr'><strong>DiVinituS·</strong></span> <span class='ocrx_word' id='word_1_608' title='bbox 315 2658 480 2705; x_wconf 85' lang='lat' dir='ltr'><strong>prodigio</strong></span> <span class='ocrx_word' id='word_1_609' title='bbox 503 2660 575 2696; x_wconf 88' lang='lat' dir='ltr'><strong>div.</strong></span> <span class='ocrx_word' id='word_1_610' title='bbox 602 2662 700 2696; x_wconf 82' lang='lat' dir='ltr'><strong>facto</strong></span> <span class='ocrx_word' id='word_1_611' title='bbox 726 2666 759 2706; x_wconf 89' lang='lat'><strong>1,</strong></span> <span class='ocrx_word' id='word_1_612' title='bbox 785 2666 842 2706; x_wconf 86' lang='lat'><strong>10,</strong></span> <span class='ocrx_word' id='word_1_613' title='bbox 868 2662 928 2698; x_wconf 85' lang='lat'><strong>47.</strong></span> 
     </span>
    </p>

    <p class='ocr_par' dir='ltr' id='par_1_30' title="bbox 34 2697 1570 2809">
     <span class='ocr_line' id='line_1_53' title="bbox 34 2697 1570 2763; baseline 0.005 -18"><span class='ocrx_word' id='word_1_614' title='bbox 34 2697 232 2743; x_wconf 84' lang='lat' dir='ltr'><strong>Divinus·</strong></span> <span class='ocrx_word' id='word_1_615' title='bbox 271 2714 303 2749; x_wconf 91' lang='grc' dir='ltr'>ο</span> <span class='ocrx_word' id='word_1_616' title='bbox 317 2715 500 2750; x_wconf 69' lang='lat' dir='ltr'><strong>hominem</strong></span> <span class='ocrx_word' id='word_1_617' title='bbox 517 2716 690 2763; x_wconf 73' lang='lat' dir='ltr'><strong>divinum,</strong></span> <span class='ocrx_word' id='word_1_618' title='bbox 715 2719 776 2763; x_wconf 87' lang='lat' dir='ltr'><strong>qui</strong></span> <span class='ocrx_word' id='word_1_619' title='bbox 799 2719 866 2754; x_wconf 76' lang='lat' dir='ltr'><strong>sibi</strong></span> <span class='ocrx_word' id='word_1_620' title='bbox 888 2719 1036 2754; x_wconf 68' lang='lat' dir='ltr'><strong>indulsit</strong></span> <span class='ocrx_word' id='word_1_621' title='bbox 1062 2719 1119 2763; x_wconf 70' lang='lat' dir='ltr'><strong>(ex</strong></span> <span class='ocrx_word' id='word_1_622' title='bbox 1142 2720 1293 2754; x_wconf 62' lang='lat' dir='ltr'><strong>oratione</strong></span> <span class='ocrx_word' id='word_1_623' title='bbox 1318 2719 1467 2762; x_wconf 61' lang='lat' dir='ltr'><strong>Crispi</strong></span> <span class='ocrx_word' id='word_1_624' title='bbox 1488 2731 1570 2762; x_wconf 69' lang='lat' dir='ltr'><strong>pro</strong></span> 
     </span>
     <span class='ocr_line' id='line_1_54' title="bbox 81 2758 1568 2809; baseline 0.005 -19"><span class='ocrx_word' id='word_1_625' title='bbox 81 2758 266 2802; x_wconf 73' lang='lat' dir='ltr'><strong>Spatale</strong></span> <span class='ocrx_word' id='word_1_626' title='bbox 286 2763 372 2795; x_wconf 71' lang='lat' dir='ltr'><strong>inter</strong></span> <span class='ocrx_word' id='word_1_627' title='bbox 394 2765 576 2797; x_wconf 79' lang='lat' dir='ltr'><strong>aliunde</strong></span> <span class='ocrx_word' id='word_1_628' title='bbox 606 2764 780 2809; x_wconf 69' lang='lat' dir='ltr'><strong>petita)</strong></span> <span class='ocrx_word' id='word_1_629' title='bbox 814 2767 850 2809; x_wconf 86' lang='lat'><strong>8,</strong></span> <span class='ocrx_word' id='word_1_630' title='bbox 875 2766 910 2809; x_wconf 88' lang='lat'><strong>5,</strong></span> <span class='ocrx_word' id='word_1_631' title='bbox 935 2769 993 2801; x_wconf 87' lang='lat'><strong>17.</strong></span> <span class='ocrx_word' id='word_1_632' title='bbox 1016 2766 1079 2800; x_wconf 87' lang='lat' dir='ltr'><strong>ille</strong></span> <span class='ocrx_word' id='word_1_633' title='bbox 1102 2766 1175 2802; x_wconf 83' lang='lat' dir='ltr'><strong>div.</strong></span> <span class='ocrx_word' id='word_1_634' title='bbox 1200 2769 1324 2800; x_wconf 83' lang='lat' dir='ltr'><strong>orator</strong></span> <span class='ocrx_word' id='word_1_635' title='bbox 1353 2762 1395 2806; x_wconf 87' lang='lat'><strong>4,</strong></span> <span class='ocrx_word' id='word_1_636' title='bbox 1429 2765 1470 2806; x_wconf 88' lang='lat'><strong>3,</strong></span> <span class='ocrx_word' id='word_1_637' title='bbox 1504 2767 1568 2807; x_wconf 73' lang='lat'><strong>133</strong></span> 
     </span>
    </p>
   </div>
   <div class='ocr_carea' id='block_1_5' title="bbox 1162 2938 1185 2967">
    <p class='ocr_par' dir='ltr' id='par_1_31' title="bbox 1162 2938 1185 2967">
     <span class='ocr_line' id='line_1_55' title="bbox 1162 2938 1185 2967; baseline 0 0"><span class='ocrx_word' id='word_1_638' title='bbox 1162 2938 1185 2967; x_wconf 64' lang='lat'>⁸</span> 
     </span>
    </p>
   </div>
  </div>
 </body>
</html>
