1728 3002
201 143 256 182 92
843 133 1088 178 Auctoritas
1119 125 1122 127 Δ

245 253 347 297 cujus
380 257 496 286 tersus
525 257 630 296 atque
660 251 803 298 elegans
839 249 995 283 maxime
1025 253 1150 282 auctor
1179 249 1226 286 ὓ.
1253 249 1314 285 93.
1357 248 1531 294 primus
1568 255 1728 288 auctor

243 298 477 343 (fabularum)
508 299 543 341 5,
571 301 626 340 11,
654 299 710 333 19.
742 296 911 330 historiae
938 294 1052 337 major
1075 299 1202 328 auctor
1221 297 1258 339 2,
1282 295 1320 339 5,
1345 297 1392 332 19
1411 298 1460 331 Ν.
1483 305 1517 336 ςι
1542 299 1580 331 S.
1614 298 1728 342 ejusd.

244 344 365 389 operis
393 350 554 378 auctores
581 346 616 387 3,
642 347 675 386 1,
701 346 757 377 21.
792 345 856 385 10,
887 345 927 384 1,
952 340 1010 376 64.
1035 343 1092 375 72.
1115 341 1172 376 93.
1263 342 1318 386 11)
1343 343 1538 377 abmluteVi.
1560 357 1592 388 q.
1620 346 1728 377 sori-

243 398 355 434 pior.
387 394 428 430 α)
451 391 546 423 hunc
575 396 755 423 auctorem
781 388 848 431 (de
871 387 1042 426 Homero)
1078 389 1140 429 10,
1168 389 1209 430 1,
1233 385 1292 434 48.
1334 386 1503 435 legendis
1523 389 1728 424 auctoribus

242 436 355 480 Epist.
389 437 434 469 ad
459 437 594 480 Tryph.
620 440 651 470 1.
686 436 826 479 quando
856 439 910 467 tot
941 438 1125 467 auctorum
1155 432 1283 467 notitia
1305 433 1566 481 contingeret„
1609 438 1646 479 2,
1673 434 1728 476 12,

242 484 338 526 apud
362 483 481 526 plures
506 488 668 516 auctores
692 481 762 527 legi
786 484 818 518 3,
842 481 878 522 6,
901 481 959 515 29.
995 485 1178 522 auctorest,
1209 481 1534 527 quosppraelegunt
1577 502 1593 525 ²
1613 482 1650 524 5,
1671 480 1728 521 ,11Ξ

242 529 356 564 verba
380 529 587 572 frequenter
612 528 654 561 ab
679 526 880 561 auctoribus
904 526 958 567 jus
981 531 1126 560 sumunt
1150 528 1182 566 1,
1209 524 1245 568 4,
1265 524 1297 560 4.
1345 526 1409 560 Est
1430 526 1578 563 infinita
1615 526 1624 535 “

242 574 300 608 sio
328 579 580 618 auctorum,
607 591 652 598 -
675 572 921 617 adjicientibus
946 573 990 605 ad
1018 583 1082 614 ea,
1119 571 1215 615 quod
1240 571 1484 616 invenissent,
1523 571 1728 618 scripto*

241 620 365 654 ribus
389 622 434 662 3,
464 623 505 662 1,
533 623 566 654 7.
608 619 701 653 inter
724 625 887 652 auctores
920 628 994 652 non
1026 617 1197 652 convenit
1225 619 1281 652 ib..
1297 620 1354 653 13.
1400 630 1494 663 quae
1520 617 1560 658 in
1583 616 1728 673 ‹1quoe

241 671 336 700 auct.
370 665 559 709 praecipua
586 665 701 700 virtus
738 667 802 708 10,
841 667 880 706 1,
915 666 972 698 37.
1010 670 1103 698 auct.
1137 663 1228 698 alios
1255 662 1296 698 in
1325 664 1490 699 ordinem
1635 667 1728 703 enni

237 711 391 755 (veteres
413 710 664 754 grammatici),
694 711 782 744 alios
808 709 955 745 omnino
979 709 1180 744 exemerint
1201 721 1351 744 numero
1375 713 1408 751 1,
1432 709 1467 753 4,
1484 713 1519 745 3.
1550 721 1622 747 evo
1636 722 1728 753 [en-

240 757 296 791 dis
323 758 462 802 penitus
488 764 578 791 auct.
606 760 658 797 12,
682 760 717 799 2,
741 758 774 792 8.
823 755 868 800 β)
893 770 922 790 c.
945 759 1087 790 Aurum
1111 756 1238 790 turbae
1261 756 1426 800 quamvis
1447 757 1625 791 bonorum
1647 762 1728 801 post

238 813 304 838 eos
343 809 525 837 auctorum
552 803 727 836 eximatur
760 805 823 845 10,
851 806 893 844 1,
922 802 980 836 74.
1020 801 1175 847 optimus
1203 808 1330 837 auctor
1364 803 1404 845 5,
1434 805 1497 845 11,
1529 806 1587 838 17.
1633 813 1726 848 quoe

237 850 284 884 ab
301 855 393 883 auct.
417 848 521 883 claris
547 850 731 882 traduntur
753 850 789 889 9,
813 850 849 892 3,
876 850 935 884 90.
974 847 1020 890 cs.
1054 851 1070 882 1
1087 874 1098 891 ,
1131 850 1174 890 8,
1202 850 1259 884 18.
1293 850 1335 892 3,
1359 851 1402 893 1,
1429 851 1488 886 21.
1530 849 1578 893 5,
1605 850 1666 884 Pr.
1691 851 1728 885 1.

236 896 273 937 9,
301 897 334 938 1,
359 897 392 929 3.
428 896 562 928 clarum
586 901 679 928 auct.
709 893 769 938 (a.
795 899 816 928 1.
842 893 1026 938 actorem)
1048 894 1190 939 juvenis
1219 894 1340 930 audivi
1362 896 1399 938 8,
1413 894 1523 938 5,21.
1558 900 1727 938 auctores

234 940 419 984 utriusque
445 940 586 987 linguae
609 941 823 975 clarissimos
844 942 902 974 Pr.
930 944 962 974 1.
1002 939 1047 982 cs.
1075 942 1115 981 8,
1139 940 1182 984 5,
1208 941 1267 976 35.
1304 941 1464 976 lectione
1490 939 1608 988 dignis
1630 946 1728 977 auot-

235 989 293 1027 10,
319 989 354 1028 2,
380 990 411 1021 1.
442 993 557 1020 tersus
581 993 686 1031 atque
709 989 854 1034 elegans
882 986 1036 1021 maxime
1061 993 1156 1021 auct.
1191 989 1257 1030 10,
1287 989 1320 1030 1,
1345 987 1404 1022 93.
1443 991 1536 1022 auct.
1561 986 1728 1022 ontinen-

234 1032 361 1066 tissimi
390 1035 422 1075 1,
436 1036 471 1075 2,
495 1036 528 1067 2.
558 1036 592 1075 1,
614 1036 670 1076 10,
686 1036 740 1068 10.
770 1034 934 1067 exoletos
959 1038 1052 1067 auct.
1077 1034 1113 1076 8,
1137 1035 1173 1076 2,
1191 1035 1247 1067 12.
1289 1032 1418 1068 Graeci
1441 1036 1536 1067 auct.
1559 1035 1618 1074 10,
1634 1033 1668 1075 5,
1686 1031 1727 1070 3ο·

235 1078 394 1113 incertus
409 1085 532 1113 auctor
547 1081 580 1122 5,
592 1078 714 1122 11,41.
739 1079 880 1113 idoneis
895 1085 988 1113 auct.
1011 1078 1088 1122 1‚4,
1097 1081 1154 1113 20.
1183 1084 1276 1114 auct.
1293 1078 1488 1126 ingeniosis
1499 1079 1645 1124 quidem
1660 1076 1725 1113 sed

234 1130 311 1158 arte
329 1125 528 1158 carentibus
561 1127 616 1168 10,
639 1128 672 1168 1,
693 1126 740 1159 40
761 1127 808 1160 N.
838 1126 969 1165 om'nia.
998 1137 1089 1169 quae
1109 1125 1229 1172 magni
1253 1125 1390 1167 (Codd.
1413 1125 1526 1168 omni,
1547 1127 1608 1159 Fr.
1636 1125 1726 1169 coni·

232 1170 380 1214 optimi)
413 1177 504 1205 auct.
533 1171 706 1210 dixerint,
737 1183 816 1206 esse
839 1171 963 1216 utique
989 1172 1152 1215 perfecta
1188 1173 1232 1204 ib.
1255 1169 1314 1206 24.
1352 1171 1391 1204 in
1416 1169 1554 1218 magnis
1580 1181 1726 1216 quoque

231 1216 436 1250 auctoribus
468 1217 628 1251 incidunt
659 1217 778 1262 aliqua
809 1217 942 1261 vitiosa
976 1220 1039 1258 10,
1071 1220 1115 1259 2,
1143 1219 1199 1252 15.
1239 1218 1433 1262 quamlibet
1455 1227 1605 1264 magnus
1632 1221 1726 1254 auct.

231 1264 269 1305 9,
295 1261 333 1306 4,
362 1264 416 1298 16.
453 1263 621 1298 historiae
643 1265 759 1307 major
782 1269 836 1297 est
861 1270 953 1298 auct.
986 1266 1022 1305 2,
1049 1263 1083 1306 5,
1109 1264 1152 1298 19
1181 1263 1228 1297 N.
1269 1262 1416 1297 maximi
1437 1267 1532 1296 auct.
1561 1265 1595 1305 1,
1610 1263 1645 1306 5,
1665 1264 1725 1299 39.

234 1309 271 1351 9,
297 1311 330 1347 1,
357 1311 414 1343 25.
446 1310 601 1344 maximo
625 1315 828 1354 tempor-mn
854 1316 1059 1344 nostrorum
1088 1314 1234 1343 auctore
1267 1311 1332 1352 (Ζ.
1359 1310 1492 1342 videtur
1517 1309 1629 1343 dicere
1651 1311 1724 1343 1³11·-

233 1357 324 1388 nium
347 1355 447 1398 maj.)
475 1358 516 1399 3,
541 1355 582 1398 4,
610 1358 643 1391 2.
684 1362 724 1389 ut
758 1355 900 1400 plurimi
926 1355 1144 1399 maximique
1178 1360 1271 1390 auct.
1297 1354 1518 1389 tradiderunt
1549 1356 1589 1393 3.
1612 1355 1667 1397 3,-
1686 1357 1723 1390 1.

233 1407 327 1434 auct.
354 1401 499 1434 maximi
527 1405 572 1443 (i.
600 1415 628 1435 e.
656 1415 768 1435 eorum
794 1404 942 1446 scripia)
963 1402 1015 1435 sic
1039 1401 1243 1448 diligentius
1266 1405 1534 1448 cognoscuntur
1563 1401 1670 1444 10,5‚'
1685 1401 1722 1435 8·

230 1456 307 1480 non
344 1447 526 1494 negligens
561 1454 686 1482 auctor
719 1449 763 1491 9,
795 1451 837 1489 2,
875 1451 953 1482 101.
995 1458 1070 1482 non
1111 1448 1286 1481 obscurus
1319 1447 1576 1491 professor
1613 1450 1722 1490 atque

232 1498 366 1526 aucto
378 1505 396 1526 r
409 1496 443 1534 2,
467 1495 520 1536 15,
537 1495 581 1528 36
598 1495 643 1527 N.
669 1496 866 1528 secundum
881 1494 1055 1538 plurimos
1073 1499 1165 1528 auct.
1188 1495 1224 1536 3,
1243 1494 1280 1536 6,
1299 1493 1356 1528 66.
1383 1491 1430 1534 cs.
1449 1494 1484 1534 3,
1503 1494 1538 1535 1,
1553 1491 1587 1527 5.
1614 1491 1722 1526 nobis

230 1538 441 1572 tutissimum
469 1545 541 1582 est,
579 1545 672 1574 auct.
700 1541 872 1584 plurimos
898 1540 1000 1584 sequi
1029 1543 1063 1581 3,
1086 1538 1120 1581 4,
1141 1542 1182 1574 11
1208 1543 1252 1574 Z.
1291 1544 1385 1577 auct.
1406 1537 1722 1583 praestantissimis

231 1585 269 1627 3,
295 1585 328 1626 5.
352 1587 385 1619 3.
427 1592 517 1619 auct.
545 1586 671 1621 summi
698 1589 730 1626 1,
757 1588 791 1628 6,
823 1590 876 1620 11.
900 1586 958 1620 42.
994 1587 1029 1627 8,
1053 1588 1089 1629 3,
1113 1587 1170 1620 51.
1207 1590 1300 1619 auct„
1326 1583 1574 1620 vetustissimis
1601 1585 1657 1623 10.
1684 1585 1722 1628 1,

228 1628 295 1673 403
343 1633 385 1664 de
403 1634 603 1675 pictoribus.-
627 1638 666 1666 ut
688 1632 750 1666 illa
772 1644 885 1677 prope
908 1632 1028 1674 rudia,
1063 1643 1106 1666 ac
1127 1633 1230 1666 velut
1251 1633 1392 1665 futurae
1414 1641 1504 1665 mox
1531 1629 1617 1664 artis
1644 1628 1722 1675 pri-

229 1676 368 1710 mordia
384 1702 396 1719 ,
443 1678 606 1712 maximis
621 1704 633 1722 ,
675 1679 736 1723 qui
772 1685 856 1723 post
898 1689 964 1713 eos
1005 1678 1225 1719 extiterunt,
1265 1676 1471 1712 auctoribus
1513 1676 1721 1722 praeferant

228 1723 286 1763 12,
312 1725 367 1765 10,
396 1725 429 1757 3.

182 1799 437 1842 Auctoritas.
484 1813 579 1848 circa
611 1814 859 1849 auctoritatem
881 1813 972 1848 ratio
1005 1815 1047 1855 1,
1075 1812 1118 1854 6,
1141 1809 1200 1845 42.
1245 1808 1289 1854 ο)
1312 1810 1505 1845 Nominat„-
1533 1810 1635 1854 cujns
1658 1822 1724 1860 ap.-

228 1869 286 1892 me
311 1870 444 1893 summa
467 1866 519 1894 est
546 1862 736 1894 auctoritas
758 1865 793 1899 7,
821 1859 858 1903 4,
881 1859 940 1894 40.
971 1859 1068 1892 unde
1096 1856 1204 1892 etiam
1229 1855 1374 1893 senibus
1401 1862 1497 1891 auct.
1524 1857 1641 1900 major
1661 1856 1717 1891 est

229 1906 297 1944 12,
320 1903 362 1943 4,
386 1908 419 1939 2.
457 1917 542 1949 eos,
578 1906 615 1939 in
638 1908 766 1951 quibus
794 1912 848 1940 est
875 1911 967 1939 auct.
997 1907 1032 1946 8,
1060 1905 1094 1946 5,
1120 1904 1154 1937 8.
1185 1901 1377 1946 praecipua
1402 1902 1440 1936 in
1467 1903 1539 1936 hoc
1565 1901 1717 1937 dicentis

226 1955 320 1983 auct.
347 1949 381 1990 4,
406 1954 436 1991 1,
453 1953 487 1987 8.
522 1958 617 1986 tanta
642 1953 680 1986 in
699 1952 861 1987 oratione
887 1957 992 1993 auct.,
1017 1952 1051 1992 5,
1070 1951 1126 1988 13,
1146 1950 1203 1983 52.
1238 1948 1357 1992 (Cic.)
1383 1949 1469 1983 vult-
1485 1959 1565 1983 esse
1592 1954 1717 1983 aucto-

225 1995 365 2029 ritatem
391 1996 428 2030 in
453 1999 573 2032 verbis
596 2000 630 2039 S,
662 2002 695 2040 3,
717 1998 774 2033 43.
812 1999 975 2031 Deonun
999 2001 1092 2029 auct.
1117 2005 1208 2038 quae
1233 2000 1287 2029 est
1310 2005 1359 2028 ex
1380 1988 1564 2038 responsis
1602 1995 1635 2035 5,
1657 1996 1716 2036 11,

224 2040 282 2075 42.
311 2044 348 2075 in
367 2044 542 2086 omnibus,
566 2056 656 2089 quae
680 2045 778 2087 dicit,
801 2049 900 2077 tanta
926 2048 1018 2076 auct.
1049 2041 1142 2074 inest
1171 2042 1227 2082 10,
1252 2044 1286 2078 1,
1311 2042 1390 2074 ¹11.
1422 2040 1455 2075 si
1482 2040 1575 2076 auct.
1594 2040 1717 2076 subest

225 2090 291 2124 11.
319 2090 357 2128 3,
382 2091 462 2123 155.
512 2097 678 2134 quantam
712 2090 835 2124 afferat
860 2089 997 2123 fidem
1020 2086 1239 2131 expositioni
1260 2080 1446 2121 narrantis
1462 2090 1578 2121 auct.
1609 2084 1648 2128 4,
1677 2089 1715 2130 2,

225 2134 304 2167 125-
338 2135 461 2177 matri,
495 2136 595 2179 cujus
619 2137 729 2170 filium
750 2136 934 2180 premebat
961 2133 1249 2175 auctoritas,
1284 2132 1430 2167 abstulit
1446 2132 1600 2169 fidem
1621 2131 1715 2175 65⁴5,

224 2180 258 2213 9.
284 2190 350 2212 nec
369 2181 584 2215 audientium
607 2182 862 2216 auctoritas
885 2183 978 2214 ultra
994 2179 1149 2214 debitam
1173 2177 1483 2213 reverentiam
1502 2183 1639 2212 terreat
1655 2179 1728 2220 12,

226 2226 261 2266 5,
288 2228 319 2258 1.
357 2237 428 2260 non
454 2229 717 2262 auctoritas
742 2231 848 2262 modo
871 2226 994 2262 verbis
1021 2227 1085 2259 sed
1109 2231 1145 2259 et
1167 2225 1292 2259 fides
1315 2223 1408 2258 desit
1437 2226 1483 2257 ib.
1501 2223 1561 2258 67.
1593 2223 1714 2257 minus

226 2280 381 2312 pressus,
406 2284 509 2315 quam
535 2274 706 2308 historiae
731 2280 823 2308 auct.
847 2275 1004 2316 postulat
1034 2274 1090 2314 10,
1113 2274 1147 2313 1,
1163 2273 1244 2304 102.
1277 2270 1444 2314 qnibmd.
1466 2268 1598 2302 sufficit
1619 2272 1714 2310 anm.

225 2316 260 2356 3,
287 2316 322 2356 8,
350 2317 406 2350 48-
441 2321 536 2352 valet
559 2319 596 2352 in
623 2320 782 2354 consiliis
810 2325 901 2353 auct.
924 2318 1116 2362 plurimum
1138 2317 1175 2359 3,
1193 2318 1236 2358 8,
1261 2318 1315 2348 12.
1354 2313 1638 2357 sublimitas,
1675 2319 1714 2349 et

225 2362 613 2407 magnificentia,
643 2372 677 2399 et
702 2366 847 2407 nitor,
885 2371 921 2398 et
946 2370 1058 2397 auct.
1083 2361 1261 2404 expressit
1283 2360 1384 2394 illu'm
1406 2360 1588 2408 fragorem
1613 2361 1650 2404 8,
1673 2361 1711 2406 3,

226 2406 262 2439 3.
304 2411 514 2451 exempla
551 2417 585 2442 et
619 2413 681 2443 hus
714 2410 1028 2444 auctoritates
1059 2406 1333 2441 inartificialium
1355 2406 1608 2450 probationum
1630 2412 1713 2441 esse

226 2452 262 2490 5,
289 2453 345 2492 11,
370 2452 425 2484 43.
472 2453 509 2495 ῥ’)
543 2458 649 2489 Gemit.
675 2465 705 2489 e!
729 2461 834 2490 l)a1..-
862 2466 1019 2490 suunmae
1044 2466 1100 2496 ap.
1127 2452 1291 2496 antiquos
1316 2452 1533 2487 auctoritatis
1555 2446 1725 2495 scriptoe·

227 2495 325 2528 ribus
346 2499 379 2537 3,
397 2497 429 2538 4,
452 2502 482 2531 1.
523 2501 663 2543 quidam
686 2503 734 2535 ita
761 2509 842 2535 sunt
866 2506 1030 2543 receptae
1054 2504 1163 2532 auct.
1191 2510 1232 2531 ac
1258 2503 1364 2532 notae
1386 2498 1710 2540 verecundiae,

226 2546 267 2573 ut
291 2543 448 2574 nocitum
479 2544 519 2576 sit
545 2546 580 2577 in
607 2557 667 2579 vos
693 2547 832 2582 dicendi
860 2545 1052 2591 petulantia
1074 2545 1110 2586 6,
1134 2546 1168 2586 3,
1196 2547 1240 2578 33
1273 2545 1314 2576 N.
1350 2544 1391 2577 fit
1415 2545 1562 2588 plenum
1584 2548 1710 2577 miclo-

225 2586 338 2620 ritatis
363 2589 426 2630 (dc
448 2594 620 2630 olaus-uia)
644 2595 678 2633 9,
702 2594 736 2634 4,
765 2596 841 2629 108.
874 2593 925 2626 sic
949 2591 1111 2624 habenda
1136 2596 1189 2623 est
1214 2588 1432 2623 auctoritatis
1454 2589 1567 2631 ratio,
1596 2599 1642 2623 ne
1664 2587 1711 2623 sit

226 2631 343 2666 invisa
377 2634 546 2667 securitas
580 2638 619 2677 6,
655 2641 693 2679 1,
727 2638 783 2671 34.
827 2636 1029 2672 auctoritati
1061 2636 1250 2679 plurimum
1281 2637 1472 2669 detrahunt
1502 2632 1544 2677 4,
1577 2635 1620 2676 5,
1651 2635 1711 2669 25.

225 2677 263 2720 y)
287 2682 462 2711 ficemur.¹
491 2687 629 2722 praeter
653 2685 856 2717 auctorit
867 2690 978 2717 atem
1001 2688 1182 2715 oratorum
1207 2687 1312 2725 atque
1329 2680 1583 2714 historicorum
1606 2691 1710 2713 ana-

227 2723 355 2768 logia
384 2735 526 2769 quoque
544 2726 673 2759 dictum
693 2730 877 2763 tuebamur
902 2732 936 2772 1,
950 2731 988 2771 6,
1005 2732 1059 2761 11·
1094 2731 1209 2762 cultus
1231 2736 1428 2769 concessus
1447 2731 1554 2770 atque
1574 2725 1710 2774 mgni*
