1728 3002
551 130 795 181 Oonsimilis
822 158 878 167 —-
906 128 1116 178 Consono'
1132 137 1143 162 ν’
1511 135 1592 177 165

112 255 152 291 et'
172 251 373 293 con-ilia
397 252 550 297 lateant,
579 255 628 288 vet
652 250 840 297 quidquid,
884 248 916 286 si
938 244 1236 296 deprehenditur,
1265 245 1361 293 perit
1384 249 1449 290 12,
1477 246 1525 292 9,
1551 248 1586 283 5.

109 313 145 336 ν.
171 299 263 336 Ars
284 301 340 344 11,
362 302 403 346 β.
450 308 526 333 non
550 303 684 333 tantum
713 301 907 341 nocerent,
945 296 975 331 si
1006 295 1125 330 omnia
1150 294 1369 337 scriberent,
1405 293 1456 327 uti
1486 299 1586 341 gesta

79 351 207 389 ἀιπιτς
235 351 333 381 nunc
355 342 600 381 c'on'siliutn
622 349 659 379 et
679 345 866 379 colores
889 342 1060 387 adjiciunt
1078 344 1135 383 12,
1157 342 1194 385 Β,
1215 341 1251 376 6.
1281 340 1382 383 cuius
1405 339 1460 374 rei
1482 349 1583 374 cons.

96 391 278 427 πέρσεται
292 402 342 427 ex
363 401 471 426 causa
491 393 527 432 7,
551 394 587 434 2,
611 391 670 426 51.
712 389 861 438 singulis
883 398 983 424 cons.
1010 399 1059 424 ex
1084 386 1229 433 propria
1253 386 1395 422 ratione
1419 391 1584 420 nascetur

165 440 182 472 1
219 437 279 474 44-

60 437 319 535 csilbi’mfflsso
366 502 446 549 quis
471 502 564 538 ferat
596 519 640 528 -—
674 501 844 548 pariter
877 500 1146 537 cadentibus
1182 506 1220 536 et
1254 497 1580 536 consimilibus

103 549 318 598 irascentem
339 556 402 585 etc.
426 550 462 592 9,
486 550 521 592 3,
549 550 627 583 102.

59 604 269 648 consisto·
302 606 335 662 1)
358 619 510 662 proprie.-
536 615 566 650 si
588 617 631 650 ad
649 617 773 650 horam
789 615 886 650 forte
901 614 1097 651 constiterit
1114 617 1170 658 12,
1184 614 1219 657 3,
1236 613 1258 648 5
1273 614 1320 648 Ν.
1350 623 1405 648 ex
1432 611 1577 648 diverso

103 663 300 698 consistens
326 669 498 708 patronus
521 662 557 705 4,
582 665 615 707 1,
640 661 697 698 42.
726 662 924 696 consistens
945 667 1026 706 post
1045 673 1125 696 eum
1139 659 1293 694 musicus
1317 662 1350 697 1,
1378 661 1432 697 10.
1449 661 1507 694 27.
1532 658 1578 700 cf.

102 711 159 752 11,
181 710 217 752 3,
244 710 323 754 118·
368 705 428 788 113¹
441 710 554 742 transt.
593 711 631 750 α)
658 710 699 742 in
722 712 835 753 aliqua
858 720 906 743 re.
941 707 976 749 a)
994 708 1037 740 de
1053 709 1218 751 personis.-
1242 705 1281 739 in
1303 715 1369 739 suo
1385 705 1464 749 jure
1489 715 1577 740 con-

100 753 200 788 sistat
212 757 252 801 7,
272 756 306 798 5,
327 755 360 788 1.
390 795 393 798 Α
440 753 510 788 hac
524 753 610 798 ipsa,
636 758 709 798 'qua
733 754 957 788 consistimus
982 753 1086 795 (lege)
1107 755 1144 794 7,
1167 755 1199 794 1,
1218 751 1264 787 49
1281 753 1329 786 Ν.
1358 757 1424 793 est,
1446 755 1486 784 ut
1498 750 1573 791 Cic.

97 799 168 844 ait,
202 800 388 844 pulchrum
404 799 453 834 in
475 800 640 834 secundis
665 800 848 844 tertiisque
872 799 1067 833 consistere
1094 801 1159 840 12,
1187 801 1250 841 11,
1274 798 1330 832 26.
1388 796 1429 840 li)
1454 799 1498 830 de
1519 808 1575 830 re-

94 847 179 879 bus.-
206 854 290 880 cum
310 846 350 880 in
372 846 616 890 propositione
639 857 680 880 ac
702 845 917 880 refutatione
934 856 1040 879 causa
1060 844 1228 878 consistat
1252 845 1308 886 12,
1332 844 1369 886 9,
1395 844 1451 877 19.
1483 841 1575 886 judi-

95 891 238 925 cialium
263 895 450 926 causarum
477 891 563 925 alias
584 892 624 925 iu
647 891 817 939 angulis,
852 891 937 924 alias
960 891 998 924 in
1022 890 1180 934 pluribus
1201 888 1457 922 controversiis
1484 899 1575 936 con-

93 937 220 978 sistere
246 938 294 980 8,
320 938 379 972 Pr.
402 939 437 973 9.
468 937 513 979 cf.
540 939 583 982 3,
606 938 653 980 6,
670 936 706 972 4.
732 938 768 972 9.
802 937 845 971 iu
867 937 993 981 quibus
1022 947 1103 980 pars
1127 934 1283 970 maxima
1305 933 1574 968 contentionum

93 981 291 1017 forensium
313 981 474 1016 consistit
496 983 540 1025 5,
565 985 605 1026 1,
627 986 661 1017 2.
706 978 955 1018 controversia
979 981 1123 1016 consist.
1156 980 1194 1015 in
1223 980 1370 1014 nomine
1394 983 1438 1023 7,
1463 981 1510 1022 3,
1535 982 1570 1014 7.

93 1027 192 1073 quod
213 1030 346 1063 vocant
371 1029 474 1062 duale
495 1027 534 1062 in
556 1028 619 1062 illo
642 1029 721 1063 solo
743 1039 875 1083 genere
899 1029 1044 1073 consist.
1070 1030 1111 1070 1,
1137 1029 1171 1070 5,
1196 1024 1255 1061 42.
1294 1025 1570 1060 emolumentum

92 1073 131 1108 in
153 1073 231 1108 sola
254 1074 361 1109 laude
388 1073 532 1108 consist.
559 1076 594 1118 3,
617 1075 652 1117 8,
677 1077 711 1109 7.
752 1086 791 1109 m
814 1074 991 1108 narrando
1015 1072 1209 1107 consistere
1234 1071 1401 1114 facetias,
1441 1068 1571 1104 dicaci-

92 1125 205 1167 tatem
222 1118 260 1152 in
300 1119 450 1154 aciendo
474 1120 518 1162 6,
545 1121 588 1162 3,
611 1118 669 1154 42.
702 1119 740 1153 id
763 1121 857 1164 qnod
885 1119 1051 1162 objicitur
1081 1117 1119 1152 in
1145 1118 1222 1152 sola
1247 1116 1334 1162 juris
1361 1116 1570 1170 quaestione

91 1164 253 1200 consistit
305 1191 317 1208 ,
340 1168 382 1209 2,
404 1166 440 1200 8.
475 1164 668 1199 maximam
694 1171 829 1210 partem
856 1164 1028 1200 orationis
1050 1164 1088 1206 in
1110 1168 1260 1198 tractatu
1285 1173 1391 1207 aequi
1412 1161 1568 1206 bonique

90 1210 286 1247 consistere
311 1212 380 1254 12,
407 1213 448 1254 1,
471 1211 505 1246 8.
541 1209 584 1252 ej:
612 1213 653 1253 1,
682 1213 742 1254 10,
767 1212 823 1246 26.
866 1216 1032 1255 corrupta
1062 1209 1177 1245 oratio
1202 1209 1240 1243 in
1266 1208 1387 1243 verbis
1413 1207 1569 1242 maxime

89 1255 251 1292 consistit
271 1257 306 1299 8,
330 1257 365 1298 3,
389 1257 445 1291 57.
472 1255 633 1300 quaestio
650 1257 687 1290 iu
710 1268 755 1291 eo
779 1255 943 1300 consist.‚
972 1257 1067 1301 quod
1091 1256 1224 1303 figurae
1246 1260 1371 1299 petunt
1391 1255 1428 1298 9,
1451 1257 1486 1296 2,
1510 1255 1568 1289 93.

89 1302 292 1347 qualitatem
318 1306 379 1335 aut
402 1301 442 1336 in
463 1312 600 1345 smmno
627 1313 759 1349 genere
786 1303 982 1337 consistere
1010 1307 1070 1336 aut
1095 1301 1132 1335 in
1159 1299 1431 1336 succedentibus
1456 1301 1502 1343 3,
1531 1300 1567 1342 6,

87 1348 146 1383 39.
176 1345 441 1381 rhetoricen'in
465 1354 544 1381 actu
568 1348 710 1382 consist.
735 1352 770 1391 2,
795 1349 851 1391 18,
875 1352 918 1391 2;
956 1349 1040 1382 illo
1068 1346 1234 1381 subtili
1261 1345 1452 1391 praecipue
1473 1344 1566 1379 ratio

75 1393 253 1429 ,narrandi
275 1393 518 1438 probandique
542 1394 711 1428 consistet
737 1398 792 1436 12,
818 1397 873 1436 10,
898 1396 954 1429 59.
1002 1394 1047 1438 β)
1071 1394 1141 1437 adj.
1164 1396 1300 1435 inter,
1324 1395 1461 1434 intra,
1486 1394 1566 1424 cir-

89 1451 164 1473 ca.-
197 1437 355 1483 quaestio
381 1437 514 1472 inter
537 1439 623 1473 utile
648 1445 753 1484 atque
772 1441 960 1474 honestum
979 1439 1149 1475 consistet
1171 1441 1206 1480 3,
1229 1439 1264 1481 8,
1289 1436 1356 1481 24;
1384 1436 1565 1481 impolitus

84 1504 131 1510 —
155 1484 279 1518 intra
302 1484 417 1528 haec,
453 1496 544 1530 quae
570 1485 809 1529 profitentium
835 1485 1135 1520 commentariolis
1159 1485 1305 1531 vulgata
1333 1489 1436 1526 sunt,
1475 1493 1564 1517 con-

86 1529 187 1564 sistet
210 1531 253 1572 1,
277 1530 320 1573 5,
347 1532 383 1565 7.
422 1529 466 1572 cs.
491 1533 535 1572 3,
563 1531 608 1575 4,
636 1533 691 1566 13.
737 1532 869 1566 intra
896 1543 1001 1577 quam
1029 1531 1285 1575 (appessutiom's
1311 1526 1563 1574 paupertatem)

84 1575 190 1620 primi
211 1573 266 1608 issi
286 1575 552 1610 constitere
575 1578 611 1620 2,
635 1580 669 1620 1,
694 1575 728 1611 4.
763 1577 886 1612 intra
912 1589 1017 1622 quem
1034 1578 1180 1610 modum
1202 1575 1364 1620 plerique
1390 1574 1563 1609 consti-

82 1626 245 1670 terunt
266 1622 308 1664 3,
333 1623 375 1664 1,
403 1623 422 1655 1
446 1623 521 1665 M,-
559 1632 632 1656 non
655 1628 793 1656 tantmn
815 1623 947 1658 circa
976 1623 1126 1657 ridicula
1150 1621 1346 1656 consistere
1368 1622 1409 1664 6,
1436 1623 1476 1664 3,
1505 1621 1559 1656 19.

82 1666 199 1701 omnis
223 1666 384 1712 quaestio
408 1666 533 1701 circa
553 1679 614 1702 res
634 1679 877 1714 personasque
904 1670 1099 1703 consistere
1123 1668 1267 1704 videtur
1288 1669 1324 1710 3,
1349 1667 1385 1712 5,
1411 1669 1448 1701 7.

37 1721 294 1764 Consolatio.
339 1734 385 1769 de
413 1735 718 1771 consolationibus
742 1739 799 1780 10,
827 1739 862 1781 1,
886 1735 942 1772 47.
973 1740 1029 1780 11,
1052 1738 1088 1779 3,
1114 1737 1194 1771 153.

39 1788 259 1842 (3011801οῐ·
300 1813 384 1836 cum
409 1804 638 1838 consolamur
660 1806 703 1848 3,
727 1803 772 1848 4,
797 1806 830 1840 3.
873 1804 1064 1839 scribendo
1087 1803 1172 1838 talia
1197 1803 1426 1838 consolemur
1449 1800 1558 1836 otium

80 1850 241 1879 nostrum
261 1849 297 1892 2,
323 1851 380 1892 12,
405 1851 461 1882 12.
497 1850 756 1885 consolantium
782 1851 903 1898 gravis
928 1849 1029 1894 (vox)
1054 1852 1110 1892 11,
1135 1852 1171 1892 3,
1193 1849 1257 1884 64.

37 1900 301 1964 COD-sonans·
344 1916 497 1950 mediam
526 1917 663 1951 literam
697 1923 952 1953 consonantem
982 1917 1093 1962 priori
1123 1929 1170 1951 an
1198 1915 1362 1961 sequenti
1397 1915 1558 1960 syllabae

84 1959 255 2009 adjungas
278 1961 322 2001 1,
345 1963 388 2003 7,
410 1962 444 1996 9.
495 1969 804 1998 consonantes
832 1975 853 1997 a
878 1963 1128 1998 vocalibus
1160 1962 1363 1996 discernere
1389 1964 1428 2003 1,
1452 1960 1494 2002 4,
1521 1961 1555 1994 6·

81 2015 128 2038 ³11
157 2005 292 2047 aliquas
315 2004 424 2049 (voc.)
450 2017 517 2050 pro
544 2009 877 2043 consonantib.
905 2020 991 2042 usus
1013 2008 1191 2053 acceperit
1215 2011 1258 2042 ib.
1285 2011 1342 2051 10,
1376 2006 1556 2050 quomodo

82 2049 219 2083 duabus
241 2049 383 2083 demum
406 2052 655 2087 vocalibus
679 2053 719 2087 iu
740 2065 780 2088 se
804 2053 898 2098 ipsas
922 2053 1076 2087 coeundi
1099 2059 1224 2086 natura
1247 2053 1313 2095 sit,
1342 2063 1422 2086 cum
1447 2061 1554 2084 con-

82 2095 342 2129 sonantium
363 2097 473 2139 nulla,
490 2097 557 2130 nisi
585 2099 731 2131 alteram
755 2099 897 2145 frangat
920 2101 962 2132 ib.
982 2102 1022 2132 11
1046 2100 1095 2133 N.
1115 2111 1160 2132 cr.
1193 2097 1237 2138 cs.
1258 2100 1316 2139 12,
1332 2100 1389 2140 10,
1406 2098 1463 2133 29.
1493 2095 1554 2129 diu

74 2146 281 2182 servatum,
304 2152 351 2174 ne
376 2141 624 2176 consonantib.
648 2143 845 2186 aspirarent
871 2147 905 2186 1,
927 2145 961 2186 5,
985 2146 1031 2177 20
1053 2147 1097 2177 Z.
1131 2148 1370 2176 consonantes
1395 2141 1434 2175 in
1456 2151 1557 2175 com-

74 2185 230 2221 missura
244 2187 438 2220 verborum
450 2187 613 2221 rixantur
632 2189 667 2231 9,
686 2188 723 2231 4,
740 2190 797 2223 37.
832 2194 869 2223 et
890 2190 1078 2224 vocales
1101 2187 1386 2232 frequentissime
1409 2191 1554 2229 coeunt,

79 2237 117 2267 et
142 2233 511 2266 consonantium
541 2235 670 2277 quaed.
696 2233 906 2278 insequente
930 2233 1048 2267 vocali
1071 2233 1309 2267 dissimulatur
1335 2236 1396 2276 11,
1426 2235 1467 2275 3,
1496 2232 1555 2267 34.

79 2277 262 2311 dtu-iorum
283 2276 452 2322 (consen.)
475 2279 568 2312 iuter
588 2290 628 2313 se
650 2290 863 2325 congressus
885 2282 927 2314 ib.
952 2279 1010 2313 35.
1043 2278 1311 2323 jucundissimas
1336 2290 1384 2313 ex
1408 2277 1555 2312 Graecis

78 2322 213 2365 literas,
236 2325 440 2358 vocalem
464 2326 623 2367 alteram,
647 2326 794 2359 alteram
818 2334 1011 2360 conson.
1034 2334 1108 2359 non
1129 2325 1300 2359 habemus
1327 2328 1383 2369 12,
1410 2327 1468 2368 10,
1493 2327 1551 2359 27.

35 2377 247 2420 consono·
301 2390 337 2432 1)
362 2390 401 2426 in
426 2391 546 2426 verbis
574 2397 709 2425 tantum
736 2392 944 2426 distantibus
970 2393 1125 2437 jucunde
1150 2398 1322 2428 consonat
1342 2402 1421 2427 vox
1442 2391 1487 2434 9,
1516 2392 1553 2434 3,

78 2434 136 2487 73.
173 2434 362 2478 aliquando
389 2436 492 2470 initia
524 2446 667 2482 quoqne
698 2443 734 2471 et
765 2439 942 2471 clausulae
971 2439 1223 2474 sententiarum
1251 2438 1350 2481 aliis,
1388 2438 1451 2472 sed
1477 2446 1550 2470 non

81 2481 155 2513 abo
186 2480 412 2515 tendentibus
439 2483 582 2524 verbis,
619 2483 715 2517 inter
739 2494 777 2517 se
808 2490 1006 2518 consonant
1030 2487 1074 2519 ib.
1097 2483 1155 2520 45.
1191 2490 1231 2519 ut
1252 2495 1393 2529 semper
1418 2482 1550 2516 ultimis

20 2530 22 2532 '
80 2529 279 2559 consonent
302 2526 438 2568 (verba)
459 2529 501 2561 ib.
526 2531 583 2563 77.
621 2529 760 2573 quoties
775 2531 924 2563 verbum
947 2530 1062 2569 verbo
1083 2530 1259 2574 simile,
1285 2535 1345 2564 aut
1367 2539 1442 2563 non
1465 2528 1550 2562 dis-

79 2571 234 2606 simile
266 2573 372 2606 valde
400 2573 581 2616 quaeritur
609 2591 666 2608 ——.
719 2574 794 2608 Aut
831 2581 928 2609 certe
961 2587 1045 2620 par
1078 2581 1133 2610 est
1146 2601 1158 2620 ,
1203 2574 1372 2611 extremis
1405 2573 1550 2618 syllabis

81 2626 339 2652 consonans
365 2617 414 2660 (ι’.
441 2631 469 2652 e.
495 2620 667 2662 pariter
693 2622 840 2662 cadit,
871 2623 1088 2655 extremis
1116 2624 1298 2666 syllabis
1323 2632 1550 2654 consonan-

81 2663 216 2696 tibus.
252 2675 284 2697 v.
309 2662 424 2707 Par.)
451 2665 493 2697 ib.
518 2665 563 2698 75
587 2665 634 2699 Ν.
652 2678 698 2700 cr.
770 2665 822 2710 11)
842 2669 980 2702 τηρεῖ..-
1007 2675 1206 2704 consonare
1229 2666 1296 2703 sibi
1315 2666 1353 2701 in
1377 2665 1552 2700 faciendis

79 2717 123 2741 ac
148 2715 221 2742 non
243 2706 415 2743 faciendis
437 2710 472 2753 2,
495 2711 554 2752 20,
580 2710 612 2744 5.
