1742 2964
196 123 307 162 1020

237 233 432 271 memoriae
456 233 591 280 primns
607 231 806 268 ostendisse
831 231 920 267 dici-

237 301 298 330 tur
325 298 388 338 11,
415 297 456 338 2,
486 296 542 327 11.
593 295 726 328 fabula
749 294 791 326 de
816 294 873 325 illo
899 303 921 324 α

242 358 380 388 Castore
403 359 435 386 et
458 356 595 386 Polluce
627 358 758 385 servato
795 352 861 393 11,
885 353 920 393 2,

238 416 281 448 11
308 426 378 458 sqq.
415 411 483 446 Cui
507 422 650 445 carmen
675 410 762 444 illud
792 409 922 444 inscri-

235 478 338 517 ptum
364 470 433 514 sit,
473 482 601 517 magna
637 470 731 504 inter
759 475 922 504 auctores

238 530 415 566 dissensio
439 531 482 564 ib.
516 528 571 563 14.

194 590 411 626 Sirenum
436 594 543 623 cantu
567 587 704 622 deliniti
729 587 761 629 5,
790 589 825 632 8,
851 590 886 623 1.

194 651 406 685 Sisenna.
431 649 644 682 historiarum
662 650 804 693 scriptor
827 650 862 693 1,
886 647 921 692 5,

239 712 296 744 13.
329 709 365 752 8,
389 709 424 751 3,
452 707 499 742 35
522 707 570 742 Ν.

191 770 438 805 Socrates.
468 767 503 809 3,
534 768 566 808 1,
593 765 629 801 9.
667 767 723 809 11,
749 768 784 808 1,
807 767 829 802 9
852 779 921 811 sqq.

237 828 332 872 apud
357 828 540 861 Platonem
573 827 619 868 2,
648 825 692 867 5,
723 826 768 860 26
791 839 840 870 sq.
884 828 920 868 2,

233 891 292 926 2¹.
309 886 342 921 4.
370 886 495 921 Sermo
518 895 598 918 cum
616 884 805 917 Parrhasio
827 885 921 928 apud

230 947 517 990 Xenophontem
537 946 593 986 12,
617 945 674 986 10,
699 941 736 978 4.
767 943 922 987 Sapien-

233 1006 393 1040 tissimus
423 1004 471 1047 5,
503 1005 568 1045 11,
599 1000 658 1036 42.
703 1005 766 1043 11,
795 1005 836 1045 1,
863 1005 918 1037 10.

231 1067 330 1101 Fons
361 1062 662 1106 Philosophorum
697 1063 736 1104 1,
763 1063 830 1105 10,
858 1063 917 1096 12.

233 1126 316 1159 Jam
339 1133 454 1158 senex
473 1121 610 1156 institui
633 1122 713 1166 lyra
734 1131 810 1155 non
833 1131 918 1155 eru-

231 1183 404 1219 bescebat
426 1183 472 1215 ib.
521 1179 754 1216 chironomia
774 1180 832 1223 ,ab
871 1189 918 1214 eo

231 1242 382 1288 probata
400 1243 436 1284 1,
459 1242 517 1284 11,
543 1243 600 1275 17.
647 1239 718 1273 Alii
736 1244 819 1274 sunt
840 1250 918 1273 ser·

231 1313 357 1336 mones
382 1298 583 1344 ἕλεγκτικοὶ
613 1298 673 1332 alii
703 1295 916 1342 δογματικοὶ

231 1363 268 1403 2,
291 1359 346 1400 15,
366 1358 424 1392 26.
459 1356 645 1398 Oratione,
670 1368 774 1400 quam
791 1356 918 1400 Lysias

233 1418 268 1453 ei
295 1420 561 1461 composuerat,
584 1415 637 1449 uti
661 1414 775 1448 noluit
799 1417 833 1457 2,
859 1414 916 1456 15,

233 1480 292 1513 30.
324 1480 385 1516 11,
413 1477 452 1518 1,
481 1477 537 1508 11.
572 1473 616 1508 Ei
646 1473 820 1518 objiciunt
847 1472 917 1508 Co-

231 1536 331 1580 mici,
351 1537 482 1569 docere
501 1545 593 1574 eum,
613 1534 794 1577 quomodo
815 1532 918 1576 peio-

231 1608 311 1631 rem
345 1605 487 1629 causam
525 1592 711 1626 meliorem
741 1592 850 1626 faciat
881 1594 917 1634 2,

231 1657 291 1698 16,
315 1657 350 1689 3.
396 1653 596 1688 Accusatus
621 1657 686 1695 est,
713 1652 809 1696 quod
834 1661 917 1684 cor-

232 1719 416 1758 rumperet
438 1714 683 1756 iuventutem‚
727 1715 764 1744 et
798 1719 915 1744 novas

229 1771 502 1816 superstitiones
533 1770 779 1804 introduceret
810 1767 853 1808 4,
878 1767 914 1812 4,

229 1830 265 1866 5.
305 1830 391 1873 Ejus
412 1830 548 1865 invicta
573 1827 793 1864 continentia
819 1829 854 1869 8,
878 1826 915 1870 4,

231 1891 290 1924 23.
334 1888 379 1922 Ei
410 1890 577 1923 collatum
610 1893 664 1923 est
697 1888 742 1921 ad
777 1886 914 1921 victum

232 1950 298 1990 12,
322 1948 358 1991 7,
387 1950 408 1982 9
433 1949 481 1982 N.
533 1948 619 1983 Vita
641 1946 811 1981 universa
837 1945 913 1987 ejus

230 2006 385 2041 imniam
421 2007 546 2042 habuit
578 2008 619 2049 9,
651 2009 698 2049 2,
723 2005 781 2040 46.
830 2005 914 2049 Ejus

167 2090 171 2094 -
232 2069 476 2111 apophthegma
509 2068 676 2111 quoddam
705 2065 746 2107 9,
778 2066 819 2107 3,
853 2064 911 2099 85.

228 2126 454 2160 Socraticum
478 2124 698 2159 defensionis
722 2135 834 2170 genus
856 2125 912 2166 11,

230 2188 277 2228 1,
313 2188 368 2220 12.
416 2186 623 2229 Polycrates
666 2183 912 2227 composuisse

227 2244 440 2288 orationem,
465 2255 555 2287 quae
580 2249 634 2277 est
650 2243 769 2277 habita
787 2248 913 2277 contra

196 2327 197 2331 =
232 2304 430 2347 Socraten,
452 2303 582 2339 dicitur
600 2306 636 2346 2,
654 2306 709 2345 17,
727 2301 762 2336 4.
787 2303 832 2336 de
852 2302 912 2336 in-

196 2384 199 2388 ·
231 2363 415 2407 ductione,
440 2373 604 2408 quausus
621 2368 675 2396 est
692 2363 836 2405 5,11‚3.
852 2364 910 2396 27.

184 2421 441 2459 Socratici.
465 2425 635 2458 Judicn‘um
658 2424 703 2456 de
723 2423 766 2454 iis
791 2422 847 2464 to,
876 2423 910 2462 1,

226 2482 272 2518 81
303 2494 372 2527 sqq-
411 2484 536 2518 Eorum
560 2479 692 2527 dialogi
719 2480 761 2521 5,
789 2479 908 2522 228.

227 2539 531 2587 interrogationes
559 2542 603 2584 5,
631 2543 695 2583 11,
719 2541 776 2574 27.
824 2539 909 2572 Mos

231 2601 289 2640 12,
317 2602 350 2642 1,
377 2603 432 2634 10.
468 2598 772 2636 Altercationibus
797 2603 832 2633 et
855 2597 910 2630 in-

228 2658 527 2704 terrogationibus
551 2664 728 2692 oratorem
752 2658 910 2691 futurum

229 2716 361 2759 optime
385 2724 596 2764 praeparant
623 2720 680 2760 10,
706 2720 740 2761 1,
762 2704 808 2752 35
833 2717 880 2750 Ν.

583 116 723 160 Index
762 114 995 159 Nominum
1027 116 1321 174 propriorum.
1356 106 1359 116 Α

988 232 1083 267 801.
1110 232 1171 278 qui
1198 233 1330 271 colitur
1355 234 1454 279 juxta
1476 235 1599 280 aedem
1622 234 1712 282 Qni-

1032 290 1114 334 rini,
1139 292 1276 338 ejusque
1299 293 1469 328 Pulvinar
1492 297 1526 339 1,
1550 298 1586 338 7,
1611 297 1666 330 12.

988 351 1304 387 Solitaurilia.
1332 355 1365 396 1,
1390 355 1424 396 5,
1446 353 1504 388 67.

989 411 1263 455 Sophocles.
1311 413 1354 445 de
1388 424 1451 456 quo
1481 412 1645 455 judicium
1679 418 1710 445 et

1036 474 1194 505 contentio
1217 483 1290 504 cum
1316 469 1486 514 Euripide
1509 473 1574 511 m,
1601 473 1642 511 1,
1666 470 1712 504 67

1034 541 1103 574 seq.
1147 531 1319 563 Tribuitur
1343 532 1374 564 ei
1405 528 1563 576 gravitas
1591 535 1622 561 ei
1651 537 1714 561 co-

1033 589 1205 632 thurnus,
1230 591 1268 621 ii.
1293 598 1403 622 sonus
1426 591 1470 622 ib.
1496 588 1553 624 68.

989 647 1014 683 S
1024 659 1045 682 ο
1055 660 1078 691 p
1089 649 1166 681 hro
1175 659 1210 680 n.
1231 646 1419 681 mimorum
1431 646 1596 691 scriptor,
1609 640 1715 690 quem

1033 709 1136 742 Plato
1160 708 1250 741 adeo
1274 706 1463 751 probavit,
1487 711 1526 739 ut
1549 703 1715 749 supposi-

1033 772 1091 801 tos
1115 766 1221 811 capiti
1246 766 1358 800 libros
1377 766 1466 810 ejus,
1493 752 1574 799 cum
1593 773 1714 796 more-

1033 831 1143 869 retur,
1167 825 1332 860 habuisse
1346 826 1510 860 credatur
1530 826 1563 867 1,
1585 824 1640 864 10,
1657 824 1714 855 17.

988 884 1259 929 Sosipater.
1282 888 1317 929 7,
1341 888 1377 929 2,
1400 883 1435 919 4.

988 943 1198 979 Sotadei.
1225 946 1258 987 1,
1284 946 1319 987 8,
1343 944 1378 978 6.
1407 945 1441 986 9,
1467 940 1503 984 4,
1526 941 1550 975 6
1575 947 1607 974 et
1628 940 1688 975 90.

987 1004 1190 1049 Spatale.
1230 1004 1302 1037 Pro
1335 1013 1376 1037 ea
1399 1001 1527 1036 Vibius
1551 999 1711 1044 Crispus,

1033 1069 1159 1098 contra
1182 1062 1382 1097 Trachalus
1405 1060 1496 1096 dixit
1518 1060 1564 1103 8,
1586 1060 1630 1102 5,
1656 1057 1713 1092 17.

1031 1123 1090 1159 19.

984 1181 1236 1228 Sphingem
1258 1190 1407 1215 aeneam
1431 1187 1581 1225 magnae
1599 1186 1715 1222 peon-

1028 1242 1110 1277 niae
1135 1240 1352 1276 Hortensius
1377 1251 1398 1274 a
1420 1239 1537 1273 Verre
1562 1246 1712 1280 accepe-

1028 1308 1084 1335 rat
1109 1302 1144 1344 G,
1172 1303 1208 1344 3,
1239 1301 1297 1335 98.

985 1359 1228 1403 Spinther.
1261 1369 1294 1390 υ.
1320 1357 1505 1390 Lentulus·

985 1417 1237 1461 Spiridion.
1263 1427 1297 1450 υ.
1327 1415 1458 1459 Glyco.

985 1481 1254 1516 Sthenelus.
1289 1477 1408 1513 sciens
1431 1486 1574 1522 pugnae
1599 1476 1646 1518 9,
1671 1475 1707 1518 3,

1031 1542 1087 1574 10.

985 1596 1266 1634 Stertinius.
1289 1597 1399 1630 rhetor
1426 1595 1462 1638 3,
1490 1596 1524 1638 1,
1547 1594 1607 1627 21.

983 1669 1310 1706 Stesichorus.
1352 1674 1455 1712 poeta
1489 1668 1630 1710 lyricus,-
1665 1666 1710 1698 de

1029 1743 1092 1776 quo
1112 1730 1220 1774 judic.
1251 1730 1307 1769 10,
1338 1733 1372 1771 1,
1395 1727 1454 1761 62.

983 1788 1124 1831 Stilo,
1152 1788 1192 1820 L.
1214 1786 1351 1821 Aelius.
1378 1787 1447 1829 10,
1471 1787 1513 1825 1,
1536 1784 1595 1819 99.

982 1859 1147 1896 Stoici.
1173 1856 1382 1901 Philosophi
1407 1858 1439 1899 1,
1462 1854 1498 1898 4,
1523 1856 1580 1890 19.
1606 1857 1641 1900 2,
1671 1853 1706 1898 5,

1025 1922 1083 1954 20.
1106 1922 1142 1962 2,
1171 1921 1225 1959 17,
1251 1919 1285 1949 2.
1324 1918 1359 1956 3,
1384 1918 1417 1958 1,
1442 1917 1499 1950 15.
1523 1917 1559 1958 5,
1582 1917 1616 1957 7,
1646 1916 1704 1949 33.

1027 1980 1061 2022 6,
1086 1968 1122 2020 3,
1144 1978 1201 2012 78.
1234 1979 1296 2018 10,
1322 1977 1356 2017 1,
1381 1973 1459 2009 124.
1498 1977 1558 2016 12,
1584 1976 1625 2017 1,
1650 1975 1705 2009 18.

1025 2037 1229 2073 Stoicorum
1266 2033 1452 2079 asperrimi
1485 2036 1548 2076 12,
1581 2034 1620 2076 1,
1645 2035 1704 2068 38.

1025 2096 1146 2131 Stoica
1170 2099 1267 2128 secta
1291 2096 1348 2136 11,
1374 2095 1408 2135 1,
1430 2094 1487 2127 70.
1536 2093 1705 2127 Iudicium

1025 2158 1066 2189 ‹le
1092 2153 1221 2189 Stoicis
1248 2155 1303 2196 10,
1330 2155 1363 2195 1,
1388 2150 1444 2186 84.
1475 2154 1533 2195 12,
1555 2154 1590 2195 2,
1612 2152 1670 2186 26.

980 2212 1269 2249 Stratocles.
1305 2210 1483 2245 maximus
1519 2218 1612 2244 actor
1644 2223 1704 2246 co-

1023 2274 1226 2307 moediarum
1257 2273 1320 2313 11,
1345 2272 1387 2312 3,
1413 2270 1482 2304 178
1499 2282 1567 2315 sqq.

979 2333 1169 2369 Subura.
1196 2333 1237 2373 1,
1259 2334 1295 2373 7,
1320 2331 1366 2365 29
1390 2330 1438 2363 Ν.

978 2406 1003 2442 S
1015 2418 1040 2439 n
1050 2406 1091 2440 el
1100 2404 1113 2438 i
1121 2415 1145 2437 u
1154 2415 1185 2447 s,
1210 2402 1294 2446 (Sp.
1312 2398 1485 2456 Suellips)
1507 2400 1542 2443 6,
1554 2400 1587 2440 3,
1598 2401 1644 2434 78
1654 2400 1702 2434 Ν.

977 2478 1134 2520 Sulla,
1159 2477 1198 2510 P.
1236 2477 1300 2518 11,
1328 2476 1370 2516 1,
1395 2475 1451 2506 12.
1490 2470 1700 2505 dictaturam

1022 2537 1204 2579 deponens
1231 2536 1264 2577 3,
1289 2534 1323 2575 8,
1350 2533 1406 2566 53.
1437 2543 1510 2564 eum
1534 2540 1607 2563 non
1634 2529 1702 2561 do-

1021 2592 1226 2629 minationis
1259 2602 1365 2626 causa
1400 2599 1495 2624 arma
1533 2586 1699 2621 sumsisse

1023 2656 1056 2695 5,
1083 2656 1137 2694 10,
1162 2655 1217 2687 71.
1250 2649 1314 2694 (es.
1340 2649 1373 2690 5.
1401 2651 1456 2690 10,
1481 2650 1527 2682 30
1549 2644 1607 2688 s.)

977 2711 1261 2757 Sulpiciana
1288 2707 1416 2744 seditio
1438 2708 1475 2750 6,
1501 2709 1537 2749 3,
1562 2707 1606 2740 75
1627 2705 1674 2739 Ν.
