1728 3002
180 253 263 293 708
658 248 968 307 Propemodum
992 255 1052 282 '-—
1080 248 1256 309 Propior

230 369 349 399 santes
378 364 416 397 in
439 364 577 398 laevam
605 367 740 406 partem
766 364 865 398 velut
888 365 1126 409 propellemus
1149 375 1290 399 mamuu
1316 367 1370 407 11,
1394 366 1428 407 3,
1452 366 1530 399 113.

183 409 508 502 Ρῐὲρζῐῐὶῡξῦῐῐὶ·
571 420 661 454 haec
705 426 832 455 cuncta
867 437 911 445 —
953 432 1008 465 pr.
1052 420 1169 465 perdit
1208 420 1376 456 indecora
1401 441 1446 447 —
1478 420 1717 465 pronuntiatio

265 493 276 510 2
340 492 351 509 2
413 491 421 500 ’

187 513 444 568 Propensus.
490 522 541 556 in
569 533 675 566 quam
699 519 858 565 (partem)
883 523 1096 568 propensior
1121 521 1157 566 4,
1182 526 1215 567 1,
1240 524 1297 559 18.
1342 522 1562 559 credibilium
1585 533 1718 570 genera

235 576 317 603 sunt
348 569 433 602 tria:
476 579 585 602 unum
614 568 929 602 firmissimum
961 589 1007 595 -
1055 571 1202 604 alterum
1233 571 1333 606 velut
1370 569 1650 615 propensius
1673 586 1718 594 —

231 615 374 649 tertium
396 619 532 650 tantum
556 624 647 648 non
682 625 952 662 repugnans
979 617 1014 659 5,
1040 618 1094 658 10,
1120 617 1164 650 16
1189 616 1234 649 Ν.

184 662 383 716 Propero·
429 671 467 705 in
490 671 645 706 lectione
667 682 742 706 non
765 682 959 716 properare
983 674 1017 714 1,
1036 675 1070 716 1,
1088 674 1145 707 31.
1186 678 1376 718 properata
1392 683 1490 708 mors
1515 674 1571 715 10,
1588 674 1623 715 1,
1639 670 1717 706 115.

229 718 268 752 in
295 717 377 751 stilo
407 718 600 763 quamlibet
621 725 811 763 properato
835 720 891 762 10,
914 720 949 760 3,
974 719 1030 754 19.

186 774 496 829 Propinquitas·
543 784 669 832 dignus
693 784 754 819 illa
776 797 832 830 pr.
864 787 928 828 10,
952 787 996 828 3,
1023 787 1079 819 13.
1123 785 1288 831 personis
1319 786 1542 830 applicantur
1574 783 1720 836 propin3

232 831 383 876 quitates
406 829 442 875 4,
469 833 501 874 1,
524 833 582 866 30.
629 829 668 865 in
694 831 772 865 aliis
799 831 1120 876 propinquitatibus
1152 831 1423 868 custodiendum
1445 837 1522 876 est,
1552 837 1592 865 ut
1615 830 1720 866 invm

232 885 294 912 etc.
316 877 515 921 judicemur
539 877 673 912 dixisse
702 881 757 918 11,
782 881 816 921 1,
839 878 897 913 66.

186 923 468 978 Propinquus·
532 934 566 975 1)
597 933 883 980 propinquus
913 945 960 968 an
994 939 1198 969 remotus
1220 932 1342 978 (locus)
1366 934 1402 979 5,
1422 935 1480 978 10,
1502 935 1560 970 37.
1606 931 1654 976 ΙΙ)
1678 935 1721 966 de

231 982 540 1014 necessitudinibus.-
570 983 626 1024 11,
653 984 688 1023 2,
713 983 768 1015 13.
815 980 1094 1026 propinqui,
1118 980 1255 1016 amici
1276 984 1312 1024 7,
1334 979 1371 1024 4,
1396 981 1452 1015 18.
1465 992 1499 1014 v.
1517 979 1718 1014 Amicus.

231 1027 312 1061 adv.
337 1026 566 1068 alienum,
601 1037 733 1071 prop.
757 1027 803 1069 5,
832 1030 895 1069 12,
921 1030 957 1061 7.
1013 1026 1164 1070 imperat
1195 1026 1232 1061 ei
1253 1027 1393 1071 nuptias
1415 1025 1602 1070 locupletis
1631 1035 1728 1071 pro-⁴

233 1071 386 1116 pinquae
408 1075 444 1115 7,
473 1075 505 1115 1,
530 1074 574 1106 14
602 1073 647 1106 Ν.
690 1073 973 1117 propinquorum
994 1073 1151 1107 habitum
1179 1072 1256 1108 scio
1278 1072 1457 1118 profuisse
1486 1071 1596 1117 (reo)
1625 1072 1661 1115 6,
1686 1073 1720 1114 1,

232 1120 291 1152 33.
315 1117 535 1163 propinquos
563 1120 762 1162 producere
791 1122 847 1163 11,
870 1121 906 1162 3,
933 1117 1012 1154 174.
1197 1149 1202 1154 .
1258 1128 1261 1131 ·

185 1173 377 1229 Propior·
431 1186 465 1227 1)
491 1188 669 1230 Campam:
696 1198 747 1221 ex
766 1187 906 1232 longe
928 1185 1104 1230 positis
1135 1187 1182 1220 ad
1211 1185 1441 1232 propiora
1473 1184 1552 1220 ead.
1580 1182 1720 1218 ratione

229 1235 435 1277 argumenta
458 1233 634 1267 ducuntur
658 1231 691 1276 5,
719 1235 775 1276 10,
801 1233 860 1269 90.
903 1232 966 1266 illa
991 1232 1159 1278 propiora
1182 1232 1243 1278 (so.
1266 1231 1387 1276 sunt)
1410 1231 1445 1275 5,
1470 1233 1528 1274 11,
1548 1230 1620 1271 26;
1657 1228 1721 1263 iun

230 1276 424 1310 mentiendi
446 1289 501 1321 pr.
525 1277 667 1312 occasio
694 1282 751 1322 12,
775 1281 832 1322 10,
858 1279 913 1313 13.
954 1278 1204 1323 propiores
1226 1278 1268 1322 (ἰ.
1291 1291 1322 1312 ε.
1345 1280 1449 1312 aetati
1473 1274 1624 1319 nostrae)
1646 1274 1721 1318 alii,

231 1327 301 1366 atq.
326 1323 370 1355 ad
392 1324 485 1365 hoc,
518 1324 563 1358 de
587 1334 659 1366 quo
680 1324 882 1368 loquimur,
913 1324 1055 1371 magis
1087 1324 1234 1359 utiles
1267 1326 1333 1367 10,
1359 1325 1406 1367 1,
1429 1325 1495 1367 88;
1547 1335 1577 1356 1:-
1610 1324 1728 1358 Dat-:s

231 1368 466 1402 secundus
498 1374 552 1402 est
574 1368 766 1414 Virgilius,
810 1369 1006 1413 propior
1037 1375 1157 1403 tamen
1178 1371 1294 1414 primo
1318 1381 1424 1412 quam
1446 1368 1572 1403 tertius
1593 1369 1636 1400 ib.
1662 1366 1728 1407 86η

231 1412 358 1457 Lysias
380 1433 427 1439 —-
455 1424 545 1458 puro
580 1414 672 1447 fonti
698 1426 803 1458 quam
824 1425 953 1460 magno
982 1415 1116 1448 flumini
1142 1426 1196 1458 pr.
1221 1417 1266 1448 ib.
1290 1415 1348 1452 ’7,8.
1375 1419 1457 1448 uter
1483 1413 1530 1448 sit
1553 1412 1728 1448 intestato:

231 1470 286 1503 pr.
312 1458 348 1503 4,
372 1457 408 1502 4,
431 1460 475 1501 8,
520 1460 615 1504 quod
649 1466 704 1494 est
722 1460 806 1494 huic
828 1459 1043 1494 deformitati
1067 1460 1213 1504 propius
1241 1460 1338 1504 quod
1373 1465 1428 1494 est
1458 1458 1606 1503 propius
1629 1450 1728 1493 verni

231 1507 266 1547 3,
290 1505 325 1547 6,
351 1503 407 1539 14.
453 1504 505 1549 11)
530 1507 660 1548 Superl.
718 1508 759 1543 α)
787 1507 829 1539 de
855 1510 966 1540 loco.
1018 1505 1051 1546 a)
1077 1509 1218 1540 incerto.-
1251 1504 1434 1549 proximas
1464 1503 1550 1540 vitis
1582 1497 1728 1543 radices}

231 1556 412 1595 amputant
430 1553 485 1593 10,
502 1554 535 1593 7,
553 1552 613 1588 28.
631 1550 752 1595 pollici
771 1551 958 1595 proximus
974 1551 1102 1599 digitus
1123 1554 1179 1594 11,
1195 1553 1230 1593 3,
1250 1553 1330 1586 101.
1352 1549 1539 1595 proximos
1553 1560 1679 1596 sparge
1707 1564 1711 1578 ι

233 1599 275 1631 ib.
295 1597 350 1631 56.
372 1595 417 1637 cs.
441 1599 519 1631 118.
545 1597 606 1640 qui
620 1597 779 1641 proximi
796 1597 979 1631 astiterant
1000 1600 1084 1632 Cic.
1103 1598 1139 1640 8,
1148 1595 1194 1639 ,4,
1217 1597 1264 1631 28
1281 1597 1329 1630 N.
1347 1595 1535 1640 proximae
1549 1597 1698 1640 cujunqu

233 1643 364 1677 collum
382 1644 548 1686 amplexu
564 1644 708 1686 petebat
728 1646 781 1678 Co
792 1647 839 1678 el.
860 1642 896 1686 4,
911 1647 947 1685 2,
960 1642 1037 1677 124.
1063 1640 1104 1686 b)
1119 1644 1161 1676 de
1175 1643 1400 1676 antecedenti.-
1421 1653 1475 1686 pr.
1495 1642 1661 1686 exemplo
1688 1654 1693 1661 ¹

232 1691 267 1731 2,
279 1690 334 1722 61.
366 1687 412 1729 cf.
429 1689 462 1730 5,
482 1691 538 1731 11,
554 1690 588 1724 9.
611 1689 704 1723 libro
719 1701 771 1733 pr.
789 1690 824 1732 9,
839 1692 874 1732 2,
896 1688 956 1723 40.
983 1690 1018 1732 9,
1037 1690 1072 1732 3,
1089 1689 1146 1724 58.
1174 1700 1210 1722 υ.
1227 1687 1308 1722 Lib
1321 1699 1380 1722 er.
1403 1689 1494 1722 haec
1518 1686 1707 1732 propositi

234 1735 399 1768 confessa
422 1739 496 1777 est,
523 1740 564 1768 ut
589 1736 753 1779 proxima
787 1737 822 1778 5,
846 1733 903 1778 14,
929 1737 986 1770 13.
1031 1735 1115 1768 dum
1151 1733 1362 1778 proxima
1388 1733 1557 1776 dicimus,
1580 1738 1670 1766 stru·
1704 1746 1719 1761 ‘a

233 1779 464 1814 ulter-icra
487 1782 544 1823 10,
566 1783 603 1824 7,
626 1782 661 1815 8.
709 1780 754 1822 cs.
787 1781 843 1816 25.
868 1782 1049 1825 paululum
1071 1777 1195 1814 morae
1223 1781 1346 1814 damus
1371 1779 1465 1814 inter
1499 1778 1674 1813 ultima
1690 1794 1706 1807 ιι

233 1837 274 1860 ac
294 1835 431 1870 prox.
454 1827 605 1862 verbum
628 1828 662 1870 9,
686 1825 720 1869 4,
746 1828 814 1862 108
855 1839 889 1861 v.
913 1826 1139 1869 Ultimus;
1176 1837 1266 1870 quae
1291 1825 1494 1870 proximam
1516 1825 1569 1859 ab
1598 1822 1688 1858 ultim

229 1872 368 1914 literam
383 1873 412 1905 E
431 1873 613 1906 habebunt
639 1875 670 1915 1,
696 1876 731 1916 7,
761 1873 814 1908 16.
845 1878 904 1906 aut
926 1884 979 1916 pr,
1006 1871 1160 1916 (syllaba)
1186 1877 1244 1906 aut
1269 1873 1323 1905 ab
1351 1882 1395 1905 ea
1421 1870 1527 1906 tertia
1549 1873 1581 1912 1,
1604 1870 1639 1912 5,
1691 1876 1699 1897 t

232 1918 270 1959 c)
296 1919 338 1951 tle
364 1921 532 1962 sequen'ii:
570 1918 735 1962 proxima
760 1919 972 1953 subnectens
995 1922 1031 1962 7,
1057 1921 1113 1960 10,
1137 1921 1172 1952 7.
1215 1923 1255 1951 ut
1278 1918 1444 1961 quodque
1469 1914 1584 1952 oritur
1615 1918 1684 1959 (ve
1710 1916 1716 1957 ᾗ

230 1963 344 2007 bum),
372 1963 420 1997 ita
441 1963 789 2008 proximis‚,etia111si
810 1964 939 2000 vinciri
963 1969 1198 2008 nonpotest,
1222 1963 1387 2010 alligetur
1411 1964 1446 2005 8,
1472 1963 1508 2006 6,
1525 1963 1590 1997 ⁷62.
1622 1972 1706 2006 qu·>

231 2010 293 2044 vel
318 2020 364 2043 ex
388 2010 554 2053 proxima
578 2009 635 2052 (sc.
659 2012 802 2053 figura‚-
828 2023 861 2044 a.
889 2013 911 2044 Ι.
934 2009 1113 2054 proximo)
1140 2009 1263 2043 doceri
1285 2014 1403 2054 potest
1423 2010 1459 2052 9,
1482 2012 1517 2051 2,
1541 2009 1576 2043 5.
1622 2018 1685 2051 qu·

229 2066 281 2098 pr.
309 2055 399 2089 liber
423 2055 604 2089 inchoabit
622 2059 660 2099 7,
687 2059 743 2099 10,
774 2059 828 2091 17.
863 2067 954 2100 quae
978 2056 1017 2090 in
1039 2067 1092 2099 pr.
1116 2055 1271 2099 quinque
1296 2054 1407 2089 libros
1428 2055 1555 2088 collata
1578 2057 1661 2087 sunt
1687 2056 1697 2081 :

227 2102 285 2135 Pr.
314 2104 343 2135 1.
385 2100 429 2142 cs.
454 2104 486 2143 1,
512 2104 568 2144 12,
595 2104 649 2136 19.
687 2104 721 2145 3,
750 2105 805 2145 11,
827 2103 885 2137 28.
909 2104 965 2144 10,
988 2105 1023 2144 7,
1047 2103 1103 2135 33.
1140 2101 1266 2135 ordine
1287 2100 1470 2145 proximus
1498 2101 1599 2134 locus
1620 2101 1656 2141 7,
1698 2130 1704 2135 .

229 2148 285 2181 36.
311 2159 343 2180 v.
357 2147 476 2180 Locu
488 2158 517 2180 s.
535 2159 589 2191 pr.
608 2153 745 2191 partem
764 2149 808 2182 de
823 2147 935 2191 tropis
951 2149 986 2190 8,
997 2150 1030 2190 5,
1043 2147 1099 2181 35.
1120 2159 1172 2190 pr-
1190 2152 1244 2181 est
1259 2158 1306 2181 ex
1320 2147 1436 2181 causis
1456 2143 1621 2190 probatio
1631 2146 1668 2187 7,

228 2193 287 2227 35.
312 2192 479 2226 Proxima
497 2192 687 2228 discendae
702 2205 830 2228 causae
844 2193 934 2227 ratio
956 2197 1009 2236 12,
1023 2195 1057 2235 8,
1070 2196 1100 2226 1.
1131 2204 1211 2226 cum
1229 2194 1393 2227 vocalem
1409 2192 1572 2236 proxima
1586 2190 1662 2225 acci
1673 2191 1700 2219 ··‘

225 2239 295 2280 (lii.
323 2237 379 2279 F.)
405 2252 483 2282 opp.
502 2239 665 2283 quotiens
697 2239 850 2284 aliquam
879 2243 1136 2274 consonantem
1162 2238 1294 2284 frangit
1310 2241 1364 2281 12,
1392 2241 1446 2280 10,
1469 2239 1516 2273 29
1534 2238 1609 2278 N.,·
1632 2241 1700 2269 ut

231 2294 320 2327 que
338 2284 559 2328 prooemium
584 2290 619 2318 et
642 2285 677 2318 id
697 2287 813 2330 quale,
838 2285 1046 2330 proxima
1066 2284 1149 2317 huic
1163 2284 1330 2325 narratio,
1355 2295 1445 2328 quae
1466 2285 1528 2317 lex
1547 2281 1686 2316 deind

231 2330 412 2373 narrandi,
445 2331 640 2374 propositio
670 2337 775 2375 post
800 2333 942 2373 hanc,
977 2336 1064 2364 tum
1099 2335 1216 2363 certus
1243 2331 1333 2363 ordo
1357 2328 1620 2373 quaestionum,
1684 2350 1688 2354 ›

230 2380 375 2420 teraque
407 2383 469 2410 eie.
505 2380 552 2420 2,
586 2378 650 2418 13,
690 2380 722 2410 1.
769 2387 920 2421 quornm
946 2387 1027 2420 pars
1064 2375 1208 2420 prima
1243 2375 1444 2420 superiores
1459 2400 1470 2418 ,
1501 2373 1684 2419 proxim

229 2433 354 2464 pares,
398 2421 548 2455 tertia
578 2422 785 2456 humiliores
818 2422 945 2467 premit
977 2424 1041 2465 12,
1076 2422 1118 2464 8,
1159 2421 1214 2454 14.
1261 2434 1293 2455 v.
1324 2421 1501 2455 Primus
1535 2427 1566 2454 et
1594 2419 1665 2453 An

230 2468 384 2500 omnia
419 2468 484 2500 sub
507 2467 641 2502 Ante.
690 2468 814 2512 β)(1ε
841 2476 1048 2511 tempor-c.
1092 2469 1130 2509 a)
1157 2467 1328 2501 excidere
1361 2466 1599 2511 proxima,
1639 2474 1682 2499 v
1714 2487 1719 2516 ἲ

228 2518 328 2546 tera
362 2512 549 2548 inhaerere
576 2516 631 2556 11,
655 2516 690 2556 2,
719 2514 753 2549 6.
799 2524 931 2558 prox.
959 2518 1097 2557 tempus
1122 2514 1309 2557 lucemque
1332 2517 1630 2556 praesentem

228 2560 262 2597 2,
287 2560 343 2591 31.
389 2570 445 2602 ap.
470 2558 636 2592 Asinium
659 2565 695 2592 et
719 2565 878 2602 ceteros,
915 2558 975 2603 qui
997 2564 1079 2592 sunt
1101 2558 1256 2603 proximi
1284 2561 1317 2601 1,
1341 2559 1376 2601 8,
1401 2561 1457 2591 11.
1505 2557 1670 2600 Theopo
1686 2588 1690 2592 .
1709 2594 1717 2606 ⁴

228 2613 293 2643 pus
316 2603 371 2636 his
397 2614 503 2648 prox.
529 2608 586 2648 10,
614 2607 645 2646 1,
669 2603 726 2640 74.
773 2604 811 2648 b)
842 2607 961 2638 latiore
984 2608 1172 2638 intellectu.-
1200 2610 1320 2648 parata
1344 2604 1511 2637 facultate
1535 2601 1665 2636 scrib.-
1708 2607 1714 2618 ·“

229 2654 290 2679 etc.
321 2650 486 2691 proxima
509 2657 562 2685 est
583 2662 690 2693 cura,
727 2657 766 2684 ut
796 2651 952 2685 dicamus
976 2657 1056 2694 apte
1080 2653 1135 2693 11,
1166 2653 1198 2693 1,
1224 2653 1264 2692 13
1309 2648 1348 2683 hi
1373 2655 1476 2691 sunt,
1513 2647 1574 2692 qui
1604 2658 1639 2691 p

226 2692 331 2726 facile
357 2695 512 2738 faciunt,
538 2702 687 2740 possunt
709 2702 826 2731 autem
849 2697 884 2730 id
909 2697 1070 2738 demum,
1104 2696 1226 2740 quod
1255 2695 1299 2729 in
1329 2693 1541 2738 proximo
1572 2692 1710 2738 est

227 2739 262 2778 3,
288 2736 323 2770 4.
348 2738 399 2771 illi
426 2741 551 2782 quibus
577 2742 796 2786 propositum
830 2742 973 2787 quidem
1005 2741 1167 2776 melius
1202 2742 1265 2774 sed
1297 2751 1382 2773 cura
1416 2740 1461 2773 in
1494 2735 1725 2785 proximus-’³

227 2787 280 2815 est
305 2786 339 2825 7,
369 2787 401 2825 1,
429 2784 487 2817 44.
534 2788 738 2829 proximum
761 2794 836 2830 est,
862 2789 906 2822 de
928 2787 1067 2834 legibus
1091 2785 1277 2821 contrariis
1301 2785 1420 2819 dicere
1444 2789 1479 2828 7,
1507 2789 1540 2829 7,
1566 2787 1606 2827 15
1672 2819 1685 2835 .—
1705 2788 1725 2810 ’ἱ

227 2838 300 2861 non
322 2834 438 2871 potest
461 2830 580 2865 dicere
603 2833 691 2865 nihil
718 2833 868 2875 fecisse,
902 2833 1102 2876 proximum
1135 2831 1298 2874 habebit,
1332 2837 1381 2865 ut
1417 2831 1533 2875 dicat,
1565 2840 1639 2863 non
1720 2833 1724 2847 ³*
