1728 3002
137 209 220 249 368
672 205 861 249 Grandis
903 231 961 240 —-
996 206 1146 250 Gratia

138 309 340 353 Grandis.
374 320 408 365 1)
433 320 568 368 grande
592 320 802 357 convivium
828 324 886 366 11,
909 324 945 365 2,
969 324 1027 358 12.
1058 321 1099 356 in
1120 319 1246 357 coenis
1268 321 1463 370 grandibus
1488 324 1547 366 10,
1565 325 1599 366 1,
1627 323 1687 359 58.

186 367 378 415 grandia
407 374 442 402 et
466 367 660 412 antiqua
684 369 821 402 robora
843 371 887 405 ib.
912 370 970 404 88.
993 369 1128 416 grande
1153 369 1331 412 quoddam
1359 370 1545 415 speculum
1569 372 1626 413 11,
1651 372 1688 414 3,

183 417 254 457 (583
292 413 487 460 grandis
511 419 572 447 aut
599 413 683 448 exi
699 425 788 461 gua
812 413 912 459 (vox)
936 417 981 449 ib.
1001 410 1056 450 15.
1104 413 1152 458 ΙΙ)
1178 418 1212 448 in
1229 417 1382 450 «licendo.
1409 414 1456 471 a)
1473 418 1685 460 simpliciter.-

184 461 318 505 aliquid
354 461 527 506 grande
562 459 747 504 inveniat,
795 461 858 505 qni
891 472 1032 505 semper
1068 461 1228 505 quaerit,
1274 460 1600 506 quod'nlmitun
1631 467 1687 496 est

183 511 220 550 2,
240 510 298 549 12,
322 509 355 541 5.
389 506 578 553 grandia
602 508 706 550 elate,
730 508 937 551 jucunda
962 507 1128 551 dulciter,
1161 508 1396 543 moderata
1429 507 1559 543 leniter
1587 508 1685 542 canit

187 557 221 596 1,
247 555 303 594 10,
331 550 388 587 24.
426 552 618 599 grandia
645 552 698 597 (a.
726 558 749 587 Ζ.
775 553 884 588 fortia
908 558 955 588 al.
975 556 1098 599 plena)
1131 564 1206 588 non
1227 554 1404 588 tumida
1430 553 1482 598 (a.
1500 558 1521 588 1.
1544 553 1684 596 timida)

184 603 242 641 12,
269 601 325 641 10,
350 600 396 633 80
419 600 489 642 Ν.;
519 601 562 632 «le
578 601 813 643 scriptoribus.-
837 600 926 634 fiunt
947 611 1014 644 pro
1039 599 1294 647 grandibus
1317 600 1484 634 tumidi
1508 601 1681 644 10,2,16.

184 646 381 690 plenior
405 644 630 688 Aeschines,
666 651 701 679 et
727 646 873 692 magis
905 647 1045 681 fusus
1080 651 1116 680 et
1149 645 1401 693 grandiori
1432 645 1576 687 similis,
1611 656 1684 690 quo

182 692 300 726 minus
325 692 533 726 strictus
558 697 612 726 est
641 694 697 735 10,
724 695 757 736 1,
793 696 850 728 77.
875 692 924 739 β)
957 706 984 727 c.
1012 693 1231 727 Nominibus.-
1256 691 1288 727 si
1307 703 1420 740 genus
1444 691 1595 727 sublime
1628 691 1686 726 di-

184 738 290 772 cendi
313 737 490 782 parvis
519 738 558 772 in
582 737 718 782 causis,
750 749 937 783 parvum
969 738 1200 783 limatumque
1231 739 1489 787 grandibus
1512 755 1558 764 —
1580 737 1686 772 adhi-

183 786 330 819 beamus
359 787 424 827 11,
452 787 495 827 1,
519 785 554 821 3.
589 785 808 832 grandes,
840 785 1051 829 pusillae
1080 785 1234 829 (causae)
1265 788 1323 829 11,
1348 785 1492 829 3‚‘151.
1516 789 1553 819 et
1575 794 1685 831 gran-

183 831 237 865 dis
261 836 297 865 et
320 832 464 877 elegans
489 836 525 865 et
547 836 701 866 venusta
729 831 878 877 (antiqua
907 830 1094 875 comoedia)
1119 834 1176 875 10,
1200 835 1234 875 1,
1259 831 1318 866 65.
1352 842 1462 865 unum
1493 829 1686 864 subtile

183 878 300 923 (genus
323 875 471 921 dicendi)
487 895 531 903 —
546 878 696 911 alterum
723 880 896 924 grande
928 884 1035 922 atque
1057 877 1310 921 robustum,
1334 878 1431 922 quod
1454 871 1568 920 ᾰὸρὸν
1594 886 1686 910 con-

182 924 333 958 stituunt
365 926 432 967 12,
465 925 532 966 10,
562 925 620 958 58.
669 924 860 970 grandia
883 930 930 959 et
958 923 1134 959 tumida
1165 922 1349 969 (themata)
1371 927 1407 967 2,
1442 924 1502 966 10,
1532 922 1568 958 6.
1597 933 1684 957 sen-

181 970 303 1004 tentiis
325 969 519 1017 grandibus
549 972 585 1012 2,
611 972 668 1010 11,
692 972 728 1006 3.

136 1014 326 1057 Grando·
356 1027 527 1062 universa
539 1028 663 1062 valent
687 1025 773 1071 (Sp.
798 1024 974 1072 nocent),
997 1025 1136 1062 etiamsi
1156 1036 1233 1062 non
1253 1031 1295 1062 ut
1315 1024 1538 1070 fulmine,
1562 1030 1684 1060 tamen

180 1079 220 1107 ut
249 1073 487 1120 grandine
516 1074 561 1117 5,
587 1076 644 1117 12,
671 1074 694 1109 5
723 1075 773 1109 N.

135 1117 341 1160 Granum·
388 1142 499 1177 grana
522 1129 651 1165 ciceris
676 1134 713 1175 2,
739 1133 796 1174 20,
821 1132 857 1166 3.

135 1175 378 1218 Grassator.
413 1187 444 1222 si
468 1188 511 1221 ab
536 1188 684 1223 homine
707 1189 908 1223 occidendo
926 1192 1107 1235 grassator
1128 1187 1345 1224 avertendus
1368 1185 1415 1222 sit
1437 1187 1495 1231 12,
1521 1187 1555 1230 1,
1577 1184 1637 1222 39.

135 1242 334 1334 Εῗὶεῗὲἷ.
376 1266 504 1300 aspera
537 1261 574 1290 et
605 1256 783 1290 maledica
816 1256 924 1291 etiam
956 1256 996 1290 in
1028 1255 1186 1290 carmine
1221 1256 1293 1290 iam
1321 1255 1377 1290 bis
1408 1259 1616 1301 grassantur
1644 1253 1683 1297 9,

213 1327 224 1343 ,
320 1324 330 1334 .

135 1345 281 1388 Grale·
329 1358 502 1401 quaedam
526 1363 652 1393 vetera
680 1363 859 1395 vetustate
882 1356 961 1402 ipsa
986 1356 1122 1405 gratius
1143 1355 1260 1391 nitent
1291 1357 1334 1400 8,
1357 1358 1400 1399 3,
1425 1357 1484 1390 27.
1517 1355 1616 1400 quod
1641 1354 1682 1390 fit

179 1404 324 1449 gratius,
351 1404 381 1437 si
406 1411 465 1438 etc.
489 1405 525 1447 6,
548 1407 582 1448 3,
607 1405 667 1441 96.

68 1484 75 1494 .
135 1448 298 1490 Gratia·
329 1459 403 1504 1)1·.
430 1474 463 1506 ‹1-
487 1469 717 1504 venusias,
738 1461 1023 1504 jucunditas.
1048 1458 1085 1498 a)
1098 1472 1128 1493 c.
1151 1457 1502 1495 Gaiae-actionis
1530 1457 1681 1502 12,5‚1.

179 1524 226 1531 --
251 1506 439 1541 brevitatis
467 1508 710 1552 novitatisque
735 1508 781 1550 9,
804 1509 848 1549 3,
874 1507 920 1541 58
955 1524 1002 1530 —
1025 1504 1160 1540 coloris
1182 1507 1218 1549 9,
1241 1505 1278 1549 4,
1305 1509 1362 1541 17.
1401 1503 1493 1539 recti
1516 1504 1682 1548 corporis

175 1553 242 1587 'vel
269 1552 416 1586 minima
440 1564 494 1602 gr.
516 1557 553 1598 2,
580 1557 635 1597 13,
652 1555 685 1589 8.
712 1571 757 1578 -
774 1552 917 1586 dicendi
939 1553 974 1594 9,
997 1554 1033 1594 3,
1057 1551 1116 1587 74.
1140 1553 1256 1586 omnis
1274 1563 1328 1600 gr.
1351 1550 1523 1598 novitatis
1545 1549 1581 1592 4,
1595 1551 1630 1592 5,
1641 1549 1679 1583 4.

178 1608 232 1645 gr.
263 1599 436 1633 orationis
460 1601 495 1643 6,
523 1603 560 1644 1,
582 1599 640 1634 40.
668 1610 813 1634 omnem
838 1600 930 1633 bene
954 1598 1170 1642 scriptorum
1191 1609 1246 1645 gr.
1273 1602 1331 1641 11,
1353 1600 1390 1641 2,
1413 1598 1472 1632 46.
1500 1597 1679 1631 sinceram

178 1646 277 1679 illam
300 1645 478 1679 sermonis
504 1645 617 1680 Attici
640 1645 787 1693 gratiam
813 1648 869 1688 10,
899 1648 932 1688 1,
962 1645 1021 1679 65.
1057 1643 1104 1685 qs.
1130 1646 1187 1686 12,
1223 1646 1289 1687 10,
1318 1644 1377 1678 35.
1415 1643 1456 1677 in
1478 1652 1552 1687 quo
1573 1641 1683 1677 trium

178 1691 358 1736 permixta
383 1698 437 1726 est
464 1703 530 1740 gr„
577 1691 832 1733 similitudinis,
865 1689 1071 1737 allegoriae,
1106 1689 1348 1724 translationis
1378 1689 1415 1732 8,
1444 1689 1481 1731 6,
1499 1686 1560 1724 49.
1594 1697 1684 1723 ver-

178 1739 307 1773 borum
331 1749 384 1785 gr.
411 1741 467 1781 12,
493 1740 550 1782 10,
585 1740 641 1773 38.
675 1749 728 1786 gr.
762 1737 946 1772 varietatis
969 1737 1012 1779 9,
1045 1737 1089 1779 3,
1112 1734 1149 1770 4.
1183 1736 1227 1780 9,
1261 1736 1304 1779 4,
1339 1733 1397 1770 43.
1433 1733 1478 1780 β)
1509 1734 1697 1768 Nominat.-

181 1791 213 1817 et
238 1786 344 1818 Genii.
362 1800 372 1818 .-
406 1796 470 1819 sua
501 1784 670 1819 brevitati
703 1783 834 1832 gratia,
873 1795 937 1817 sua
961 1780 1085 1827 copiae
1116 1785 1174 1826 10,
1199 1785 1233 1825 5,
1269 1782 1304 1816 8.
1341 1780 1382 1815 ἰιι
1418 1780 1547 1826 quibus
1569 1778 1682 1821 (vultu

179 1830 357 1875 gestuque)
386 1837 441 1864 est
474 1842 612 1865 summa
647 1842 699 1878 gr.
742 1831 785 1873 6,
815 1832 858 1872 3,
894 1830 954 1864 26.
987 1834 1043 1863 est
1073 1833 1110 1862 et
1142 1828 1182 1862 in
1214 1826 1417 1862 nominibus
1451 1837 1503 1861 ex
1535 1825 1682 1860 diverso

181 1877 368 1910 collocatis
397 1888 460 1910 sua
486 1888 538 1924 gr.
568 1879 605 1920 9,
630 1879 665 1920 3,
690 1877 747 1911 86.
781 1881 878 1909 tanta
901 1875 939 1909 in
965 1873 1185 1918 explicando
1210 1886 1263 1921 gr.
1291 1875 1348 1916 10,
1372 1876 1407 1916 1,
1431 1875 1510 1910 121.
1541 1870 1683 1906 accedit
1712 1912 1717 1916 Ι

179 1922 274 1967 ((1.1.
302 1922 452 1966 accidit)
485 1929 521 1958 et
548 1934 599 1958 ex
629 1923 692 1957 illa
718 1923 831 1969 figura
859 1933 912 1968 gr.
942 1922 983 1964 9,
1013 1923 1053 1963 3,
1077 1921 1138 1956 80.
1173 1919 1298 1955 similis
1322 1919 1362 1953 in
1382 1917 1543 1953 historiis
1566 1926 1685 1961 expo-·

178 1968 290 2003 nendi
314 1968 366 2013 (a.
384 1973 406 2005 l.
431 1968 672 2014 exponendis)
695 1969 809 2015 gratia
830 1966 1003 2012 consequi
1026 1967 1119 2000 solet
1145 1967 1181 2010 6,
1209 1969 1245 2010 3,
1269 1964 1334 2008 44;
1370 1966 1521 1999 multum
1546 1963 1682 2017 gratiae

180 2015 334 2050 exordio
362 2021 416 2050 est
438 2015 473 2058 4,
503 2019 535 2057 1,
559 2014 614 2051 54.
650 2016 735 2060 quid
760 2015 822 2049 ille
846 2013 1028 2060 gratiae
1051 2012 1090 2046 in
1112 2014 1229 2056 vultu,
1253 2011 1340 2056 quid
1361 2010 1681 2056 jucunditatis

179 2061 218 2095 in
244 2062 435 2096 sermone?
462 2062 496 2105 6,
524 2063 582 2096 Pr.
604 2065 640 2097 7.
666 2063 794 2106 plenus
818 2067 873 2095 est
896 2058 1201 2104 jucunditatis
1225 2064 1262 2092 et
1285 2057 1459 2106 gratiae
1484 2053 1679 2109 (Horatius)

181 2110 239 2151 10,
257 2111 291 2150 1,
310 2108 368 2143 96.
417 2109 453 2152 y)
477 2111 603 2142 Aecus.
618 2122 628 2142 .-
653 2107 805 2154 gratiam
829 2105 972 2141 dicendi
997 2111 1034 2139 et
1055 2104 1200 2149 paribus
1224 2110 1260 2138 et
1283 2101 1470 2139 contrariis
1493 2103 1687 2147 acquirere*

178 2155 215 2197 9,
240 2156 275 2196 3,
299 2152 358 2188 74.
392 2153 479 2197 ipsis
506 2154 669 2188 sensibus
695 2165 775 2188 cum
799 2152 998 2200 gratiam
1032 2156 1108 2184 tum
1131 2150 1238 2184 etiam
1265 2150 1403 2185 vires
1432 2149 1680 2184 accommodat

179 2202 223 2234 ib.
248 2201 307 2234 28.
343 2201 501 2233 clausula
523 2221 570 2226 -
597 2200 732 2234 addidit
756 2199 905 2246 gratiam
927 2199 971 2241 8,
996 2199 1042 2240 3,
1068 2198 1126 2231 20.
1162 2195 1306 2240 optimis
1332 2199 1516 2240 poetarum
1541 2200 1679 2228 tantum

178 2245 352 2289 adjiciunt
377 2246 511 2292 gratiae
538 2249 594 2289 11,
614 2249 648 2289 3,
673 2246 709 2280 4.
742 2245 941 2291 gratiam
966 2249 1003 2278 et
1025 2242 1391 2276 delectationem
1414 2241 1566 2275 afferunt
1586 2241 1680 2287 figu-

178 2303 241 2325 rae
264 2295 299 2334 2,
326 2294 382 2334 13,
409 2295 465 2326 11.
489 2291 534 2333 cf.
559 2293 594 2334 6,
610 2295 645 2336 3,
663 2293 720 2327 26.
747 2293 861 2336 ipsam
884 2291 980 2325 illam
1004 2287 1152 2336 gratiam
1174 2287 1360 2323 varietatis
1383 2287 1519 2321 amittet
1540 2287 1576 2328 9,
1590 2288 1624 2330 3,
1639 2285 1676 2321 4.
1709 2288 1711 2291 ⁴

177 2338 375 2372 verborum
398 2339 521 2385 gratia,
548 2350 652 2382 quam
675 2338 714 2371 in
736 2338 823 2382 ipsis
843 2348 918 2372 non
941 2335 1124 2376 habemu8‚
1151 2334 1376 2368 extrinsecus
1400 2332 1600 2367 condienda
1622 2338 1679 2368 est

179 2385 238 2425 12,
269 2386 325 2426 10,
351 2385 398 2418 38
424 2385 470 2418 Ν.
505 2384 695 2427 plurimum
721 2383 877 2419 orationi
901 2380 1028 2416 lucis
1054 2385 1090 2414 et
1116 2380 1297 2426 gratiae
1322 2380 1464 2415 confert
1486 2378 1533 2422 4,
1557 2379 1593 2422 5,
1615 2381 1676 2414 22.

180 2428 330 2474 gratiam
354 2429 407 2462 rei
432 2430 690 2464 consumsimus
722 2431 765 2474 8,
793 2430 840 2472 6,
870 2431 926 2464 51.
967 2425 1028 2471 qui
1052 2436 1072 2459 a
1094 2425 1230 2460 Latinis
1254 2426 1378 2474 exiget
1402 2425 1499 2459 illam
1527 2425 1677 2472 gratiam

180 2475 356 2508 sermonis
380 2476 490 2509 Attici
519 2479 575 2519 12,
605 2478 662 2519 10,
686 2478 742 2511 35.
784 2476 919 2510 habent
941 2471 1135 2515 (schemata)
1164 2474 1341 2515 quandam
1363 2483 1415 2507 ex
1436 2470 1500 2505 illa
1522 2470 1603 2506 vitii
1625 2471 1677 2506 si-

180 2519 380 2553 militudine
405 2521 552 2567 gratiam
574 2523 609 2565 9,
639 2524 675 2564 3,
702 2525 760 2557 27.
798 2522 840 2555 iu
861 2518 1069 2565 quibusdam
1092 2519 1241 2564 gratiam
1266 2519 1418 2554 virtutes
1444 2527 1519 2550 non
1541 2517 1677 2551 habent

182 2569 240 2607 11,
266 2567 300 2606 3,
328 2567 405 2600 178.
439 2567 483 2607 cf.
511 2571 546 2609 7,
571 2567 606 2611 4,
630 2571 677 2601 22
699 2572 743 2602 Ζ.
782 2569 819 2610 9,
843 2566 879 2610 4,
909 2564 987 2599 145.
1026 2565 1083 2605 10,
1112 2567 1147 2606 1,
1170 2566 1227 2600 99.
1268 2569 1304 2598 et
1330 2561 1674 2598 auctoritatem

182 2610 399 2654 antiquitatis
423 2612 573 2655 habent,
606 2619 642 2647 et
665 2613 862 2659 gratiam
886 2608 1038 2645 novitati
1061 2609 1212 2643 similem
1237 2615 1361 2652 parant
1387 2611 1420 2652 1,
1443 2608 1478 2650 6,
1501 2608 1559 2642 39.
1592 2619 1677 2652 per-

183 2657 332 2690 didisset
351 2657 498 2702 gratiam
525 2660 559 2700 9,
583 2658 619 2701 4,
647 2663 702 2694 17.
735 2658 779 2700 cfi
805 2661 848 2692 ib.
873 2658 930 2693 63.
963 2657 1020 2697 11,
1047 2657 1082 2698 1,
1111 2656 1170 2691 91.
1207 2658 1264 2698 11,
1287 2658 1323 2697 2,
1342 2653 1401 2688 46.
1432 2653 1566 2700 figurae
1590 2654 1676 2689 bre-

181 2701 302 2738 vitatis
329 2702 570 2746 novitatisque
599 2704 755 2739 maxime
783 2702 932 2751 gratiam
954 2706 1079 2747 petunt
1103 2700 1156 2744 (a.
1181 2705 1204 2738 Ζ.
1230 2700 1343 2747 gratia
1368 2699 1554 2744 pemnfflr)
1576 2701 1612 2744 9,
1637 2701 1676 2744 3,

184 2749 242 2783 58.
281 2759 337 2781 ars
366 2747 529 2782 variandi
560 2749 709 2794 gratiam
731 2751 878 2794 praebet
906 2760 948 2782 ac
970 2752 1125 2782 renovat
1147 2756 1252 2781 aures
1277 2749 1334 2789 11,
1358 2747 1394 2788 3,
1416 2743 1476 2779 44.
1501 2744 1675 2791 (figurae)

184 2799 222 2829 et
247 2793 322 2830 vim
343 2794 451 2829 rebus
478 2792 670 2838 adjiciunt,
713 2802 750 2830 et
780 2794 982 2844 gratiam
1016 2797 1200 2838 praestant
1228 2792 1273 2837 9,
1303 2794 1344 2836 1,
1367 2793 1401 2826 2.
1460 2786 1505 2836 δ)
1534 2793 1674 2828 Abla..-
