1794 2976
1177 142 1198 161 Ι

546 175 823 260 1νειιιιείίιιῖιιιιι
852 236 907 248 -
935 212 1079 258 Venio
1498 207 1576 254 941

55 318 345 381 Veneffipln-
365 329 420 378 Κ8,
442 333 481 376 2,
502 332 565 368 21.
587 342 636 367 su
658 329 814 366 carmina
834 340 1020 378 magorum
1046 340 1132 367 ven.
1156 333 1193 374 7,
1216 331 1252 375 3,
1274 331 1310 366 7.
1334 340 1419 366 ven.
1443 326 1586 381 facilius

101 372 295 416 inmun
317 377 509 423 modus,
532 380 600 422 10,
621 378 679 413 25.
703 376 870 412 veneficii
894 388 999 412 mma
1022 378 1057 421 5,
1086 379 1141 420 11,
1167 378 1224 413 39.
1247 378 1284 420 ⁷,
1309 379 1346 419 2,
1370 379 1427 410 11.
1456 385 1587 410 com-1-

94 423 173 465 ’ᾧ
189 424 355 465 veneficii
376 423 422 467 4,
443 426 491 468 2,
511 426 559 459 27
574 424 622 458 N.
645 423 782 458 crimen
802 423 969 460 veneficii
992 424 1037 468 5,
1061 426 1083 458 7
1095 448 1107 467 ,
1135 425 1193 457 37.
1216 423 1342 459 venes.
1362 421 1463 469 signa
1485 422 1526 463 5,
1548 422 1585 463 9,

101 472 171 519 1Ῐῇ
190 472 230 506 in
252 469 436 506 veneficiis
455 469 493 514 4,
515 473 551 514 2,
575 470 633 505 54.

57 504 298 560 vfflum·
322 538 412 574 quse
435 525 561 572 (pono)
585 526 616 560 si
639 525 773 562 veneni
795 525 864 560 fuit
885 527 920 569 7,
944 528 979 570 2,
1004 527 1059 560 18.
1084 526 1130 560 de
1153 524 1323 572 ambiguis
1350 523 1461 571 signis
1490 532 1587 576 cru-

52 604 58 607 ,
106 573 274 608 ditatis
300 579 336 608 et
352 573 533 610 'veneni
569 575 615 607 fb.
643 575 699 607 13.
729 571 875 607 bibisset
900 583 984 607 ven.
1010 574 1053 615 8,
1078 572 1118 615 5,
1142 574 1199 606 31.
1231 582 1409 606 venenum
1442 569 1586 616 arguis?
1635 603 1640 609 K

105 620 168 655 ubi
191 619 290 655 emi?
323 631 344 654 a
367 619 474 664 quot.
499 618 647 664 quanti?
680 629 745 663 per
768 629 872 663 quem
898 617 1010 652 dedi?
1044 618 1087 660 5,
1112 621 1152 661 7,
1178 619 1234 651 37.
1269 615 1315 659 cs.
1343 620 1379 660 7,
1405 619 1440 659 2,
1463 616 1521 651 25.
1547 627 1588 650 v.

106 665 232 710 objicis
254 669 298 709 7,
322 668 365 708 2,
389 662 446 700 54.
466 676 504 700 v.
529 665 598 700 sibi
619 669 777 710 paratum
805 667 888 698 Cic.
911 665 952 707 5,
983 665 1044 704 13,
1074 666 1130 698 30.
1162 675 1262 697 sume
1285 675 1322 698 v.
1348 664 1383 703 8,
1407 665 1441 705 5,
1467 664 1523 696 23.
1548 662 1587 694 in

105 710 255 747 medicis
275 722 419 747 venena
438 721 689 757 nonnunquam
714 711 934 755 deprehensa
958 715 1039 743 sunt
1062 713 1105 753 2,
1130 711 1195 752 16,
1220 710 1253 744 5.
1283 718 1428 746 veneno
1453 719 1589 741 armare

106 755 292 792 translatio
314 762 369 791 est
391 758 428 800 8,
455 757 491 799 6,
517 760 572 791 12.
604 768 645 792 v.
669 757 971 791 Amatorium.
998 755 1236 790 Cruditas.

58 812 227 863 veneo.
268 825 363 865 hona
389 825 468 869 ejus
492 824 662 860 vem'bant
681 825 727 869 6,
751 826 792 865 3,
816 827 872 859 51.
898 835 920 858 a
944 823 1024 858 cive
1048 835 1087 858 se
1110 821 1310 868 spoliari
1334 821 1461 863 malle,
1484 831 1591 872 quam

64 904 67 906 .
102 872 151 912 sb
172 872 276 910 hoste
295 868 475 908 'venire
500 874 567 914 12,
593 874 634 914 1,
657 870 715 905 43.
740 882 813 905 non
840 870 956 913 enim,
982 869 1063 914 quia
1086 869 1262 906 venire
1284 870 1356 904 hoc
1379 867 1591 902 beneficium

59 920 180 958 „mon
203 923 245 958 o¹
275 919 364 961 rtet,
387 916 546 961 perire
569 923 709 961 oportet
737 920 801 959 12,
824 920 859 959 7,
886 919 939 950 12.

25 959 40 978 ”’
59 960 234 1005 venera
263 959 348 1004 ssis·
394 984 583 1021 magnos
605 974 687 1008 illos
713 985 755 1008 ac
775 972 1090 1010 venerabiles
1115 974 1171 1015 12,
1196 974 1231 1015 1,
1256 972 1315 1006 18.

59 1026 311 1071 veneratio·
356 1046 492 1075 tantum
522 1041 764 1076 venerationis
792 1041 927 1076 musice
956 1041 1079 1074 habuit
1104 1043 1121 1074 1
1136 1067 1145 1083 ‚
1173 1042 1236 1083 10,
1260 1041 1296 1076 9.
1325 1037 1454 1074 sentiet
1483 1036 1591 1074 vivus

108 1098 207 1128 eam,
231 1096 322 1132 quse
345 1093 429 1132 post
453 1087 525 1121 fata
546 1088 716 1132 praestari
738 1089 850 1134 magis
875 1089 986 1130 solet,
1010 1099 1095 1122 ven.
1122 1089 1177 1128 12,
1200 1088 1256 1127 11,
1280 1089 1314 1120 7.

26 1134 27 1138 Ἰ
55 1129 300 1189 'venerquss-
335 1141 459 1189 (oculi)
479 1143 586 1178 limi
610 1150 666 1189 et,
690 1150 731 1178 ut
751 1145 802 1179 sic
829 1144 956 1188 dicam,
982 1143 1183 1180 venerei
1212 1146 1268 1183 11,
1291 1144 1327 1186 3,
1350 1142 1408 1177 76.

62 1198 275 1259 Venerin}¹
305 1211 344 1245 in
361 1211 438 1246 deis
456 1212 611 1264 primum
634 1212 851 1255 majestatem
873 1204 985 1256 ipsius
1010 1222 1133 1246 eorum
1155 1217 1303 1244 naturae
1327 1208 1591 1251 venerabimur,

77 1280 91 1306 ς
143 1257 164 1264 ’”
191 1253 404 1306 ‹lt-”proprie
425 1269 504 1294 vim
527 1258 697 1305 cujusque
723 1265 760 1293 et
781 1258 928 1294 inventa
952 1260 986 1301 3,
1011 1261 1046 1301 7,
1070 1261 1107 1292 7.

78 1369 83 1372 .
171 1364 184 1371 ..
202 1311 213 1337 '¹'
245 1308 416 1373 σιῇἷισιι
438 1322 485 1359 sit
505 1324 644 1360 venia?
678 1328 719 1369 1,
743 1325 790 1368 6,
814 1327 872 1360 37.
904 1325 1030 1369 quibus
1058 1323 1216 1368 paratior
1245 1334 1283 1358 v.
1304 1327 1359 1358 est
1381 1325 1445 1369 12,
1472 1323 1530 1355 Pr.
1554 1320 1596 1355 4.

99 1364 219 1415 [thui
244 1376 283 1414 et
307 1368 440 1409 'veniae
464 1369 582 1413 (Libri
605 1384 690 1405 omn.
718 1371 826 1407 venia
849 1371 909 1413 et)
941 1383 1023 1415 spes
1057 1376 1109 1404 est
1137 1373 1199 1411 12,
1227 1370 1268 1411 6,
1294 1370 1317 1403 3
1340 1369 1388 1403 Ν.
1414 1366 1501 1411 cr.];
1535 1368 1593 1400 fa-

104 1412 268 1457 oiffirm
302 1412 392 1459 mihi
429 1416 572 1452 veniam
606 1428 709 1451 meae
746 1417 1005 1461 deprecationis
1038 1417 1118 1450 fore
1162 1417 1220 1448 Pr.
1245 1418 1280 1448 2.
1315 1420 1438 1448 nostro
1476 1413 1593 1447 labori

97 1463 193 1507 lh!
213 1461 357 1502 veniam
386 1465 452 1505 11,
475 1464 516 1505 3,
540 1465 598 1497 118
627 1464 737 1507 paulo
765 1463 926 1507 pluribus
956 1462 1078 1498 verbis
1114 1462 1219 1495 debet
1251 1460 1374 1494 haberi
1403 1459 1511 1494 venia
1535 1463 1594 1502 11,

94 1502 150 1552 Ἑ,
170 1509 207 1542 5.
231 1515 305 1552 «[οο
409 1507 418 1515 ”
464 1507 683 1550 impetranda
705 1509 773 1542 erit
797 1521 838 1543 v.
861 1510 917 1542 Pr.
947 1512 1003 1542 21.
1030 1520 1069 1542 v.
1091 1513 1247 1540 meretur
1274 1508 1317 1548 5,
1344 1508 1408 1543 10.
1431 1508 1488 1540 73.
1519 1515 1595 1538 nou

105 1548 238 1596 injuste
260 1553 333 1596 peti
360 1553 384 1590 ,”
442 1563 564 1586 morae
588 1553 732 1586 veniam
753 1554 798 1595 6,
821 1554 879 1586 Pr.
902 1552 958 1586 14.
982 1553 1026 1594 cs.
1054 1555 1095 1594 3,
1122 1551 1163 1593 4,
1189 1551 1222 1584 4.
1249 1552 1283 1592 6,
1309 1554 1344 1592 2,
1373 1552 1428 1584 15.
1461 1550 1594 1584 delicto

106 1616 154 1624 --
173 1596 396 1642 tribueresv.
420 1600 467 1640 7·,
489 1597 536 1640 4,
559 1600 619 1635 20.
653 1609 744 1643 quae
775 1599 918 1632 interim
954 1600 999 1632 ad
1032 1597 1174 1633 veniam
1205 1597 1328 1630 valent
1360 1599 1404 1639 5,
1431 1599 1495 1635 10,
1524 1595 1594 1639 343

108 1634 259 1690 dig'i‘mm
275 1641 385 1679 venia
411 1646 453 1686 1,
479 1643 520 1686 5,
546 1645 603 1677 11.
634 1643 783 1687 comici,
816 1643 848 1679 si
872 1655 952 1678 cum
981 1643 1089 1680 venia
1121 1645 1288 1689 leguntur
1313 1644 1378 1685 10,
1403 1645 1447 1685 1,
1472 1645 1519 1678 72
1546 1643 1595 1676 N.

43 1734 45 1736 q
107 1702 141 1724 v.
166 1687 439 1725 Excusatio.
1251 1732 1255 1736 ⁴

61 1730 222 1786 venio·
264 1744 307 1790 1)
329 1747 481 1789 proprie.-
514 1742 769 1789 (soloecismus)
798 1745 829 1780 si
850 1757 960 1778 unum
986 1744 1064 1789 quis
1094 1744 1139 1777 ad
1169 1755 1207 1777 se
1231 1754 1368 1778 vocans
1396 1742 1490 1776 dicat
1523 1755 1596 1777 ve-

105 1794 196 1825 nite
222 1793 264 1834 1,
288 1791 332 1834 5,
356 1789 414 1826 36.
442 1791 530 1825 veni
553 1791 598 1825 de
624 1791 723 1825 Susis
742 1790 784 1825 in
803 1791 1059 1826 Alexandriam
1082 1810 1128 1816 —
1155 1789 1323 1836 Aegypto
1354 1789 1464 1823 venio
1491 1788 1596 1832 (bar-

107 1838 265 1880 taz-imi)
293 1839 336 1870 ib.
364 1839 421 1871 38.
446 1836 554 1882 legati
575 1843 673 1872 retro
697 1839 861 1881 domum,
882 1838 979 1871 unde
1008 1841 1202 1878 venerant,
1238 1836 1400 1869 abierunt
1430 1838 1530 1869 Liv.
1557 1836 1594 1878 8,

110 1884 155 1924 3,
183 1883 240 1916 53.
274 1893 356 1916 cum
378 1902 423 1908 —-
444 1882 587 1925 veniret
621 1888 747 1917 contra
777 1883 827 1926 (ἰ.
855 1896 886 1918 e.
918 1886 960 1916 ἰη
993 1880 1299 1925 conspectum)
1330 1882 1375 1921 6,
1407 1883 1447 1923 3,
1478 1881 1524 1916 95
1546 1881 1594 1914 N.

111 1927 171 1968 ΙΙ)
191 1931 310 1962 Mul.
342 1928 393 1970 α)
413 1927 608 1963 venisse
636 1933 876 1971 commeatus,
912 1928 973 1973 qui
1002 1929 1285 1962 afferantur
1308 1926 1534 1970 (translaiio)
1557 1927 1592 1968 8,

90 1986 98 2007 ί
109 1973 148 2018 6,
171 1973 219 2008 26
239 1974 312 2015 Ν.;
335 1978 526 2016 venturum
548 1979 688 2018 tempus
710 1977 746 2016 2,
769 1974 806 2018 4,
829 1974 886 2009 14.
908 1974 1033 2011 veniet
1059 1985 1182 2007 eorum
1207 1973 1304 2006 laudi
1327 1984 1429 2006 suum
1456 1978 1595 2015 tempus

112 2020 158 2062 3,
182 2020 228 2062 1,
250 2019 308 2054 21.
341 2024 418 2052 tum
445 2019 588 2066 dignum
617 2030 749 2063 operae
770 2020 924 2064 pretium
950 2020 1052 2055 venit
1078 2023 1118 2053 12
1133 2045 1143 2061 ,
1167 2020 1211 2061 6,
1236 2022 1270 2053 7.
1304 2030 1384 2051 cum
1407 2018 1508 2053 venit
1530 2029 1595 2051 ex-

111 2070 224 2099 trema
246 2064 430 2099 conclusio
452 2066 506 2109 9„
523 2065 567 2108 4,
592 2068 671 2100 123.
700 2067 792 2110 hoc,
823 2068 918 2111 quod
940 2065 1090 2100 naturali
1115 2065 1216 2098 initio
1239 2064 1341 2099 venit
1366 2067 1431 2106 11,
1456 2066 1504 2107 3,
1528 2065 1594 2106 6ος

112 2109 307 2144 Pessimum
330 2120 442 2152 vero,
469 2114 595 2144 Raro
623 2115 771 2145 evenit
799 2114 881 2146 sed
904 2114 1182 2146 vehementer
1204 2113 1325 2143 venii
1360 2108 1464 2152 (fig.)
1488 2110 1531 2151 9,
1560 2111 1597 2149 3,

113 2158 171 2189 72.
206 2155 253 2200 β)
269 2159 381 2188 alicu
394 2157 491 2190 nde.-
516 2155 732 2191 celeritatem
749 2157 968 2202 percipiendi
990 2157 1118 2192 venire
1144 2157 1252 2190 inde
1277 2159 1310 2198 1,
1331 2158 1385 2198 10,
1407 2155 1461 2189 34.
1490 2155 1595 2189 inde

112 2201 223 2234 multa
250 2201 409 2247 cognitio
426 2201 535 2236 *venit
558 2204 592 2245 2,
616 2202 652 2246 4,
676 2205 731 2238 20.
755 2203 908 2250 mugitus
935 2209 971 2238 et
994 2203 1115 2236 sibilus
1139 2207 1174 2236 et
1196 2213 1356 2235 murmur
1383 2201 1501 2234 inde
1528 2212 1596 2235 ve-

110 2252 240 2281 nerunt
263 2248 298 2286 8.
321 2247 355 2289 6,
380 2249 436 2282 31.
459 2248 573 2282 uude
595 2249 698 2292 copia
722 2261 763 2283 ac
790 2249 940 2283 facilitas
963 2249 1117 2282 maxime
1142 2248 1263 2282 veniat
1288 2250 1343 2289 10,
1366 2249 1398 2289 5,
1422 2250 1454 2281 1.
1477 2247 1595 2281 unde

114 2293 223 2326 etism
252 2293 368 2326 miuus
400 2293 535 2337 cupidis
567 2294 746 2337 opinionis
769 2297 848 2339 plus
874 2297 1010 2329 fructus
1032 2293 1135 2329 venit
1162 2297 1225 2336 12,
1251 2295 1296 2336 9,
1320 2293 1355 2327 4.
1390 2303 1465 2326 non
1490 2303 1596 2326 omne

114 2344 359 2390 argumentum
391 2339 602 2383 undique
632 2341 731 2375 venit
757 2343 801 2383 5,
826 2343 891 2382 10,
914 2344 981 2382 21;
1020 2342 1131 2374 decor
1154 2351 1174 2372 a
1197 2345 1298 2386 gestu
1323 2344 1429 2382 atque
1454 2350 1474 2371 a
1496 2345 1596 2372 motu

112 2384 215 2419 venit
238 2386 293 2426 11,
318 2385 359 2426 3,
383 2384 446 2423 67.
471 2385 579 2427 furti,
604 2386 754 2429 depositi
779 2394 840 2420 eut.
866 2392 901 2420 et
925 2398 945 2420 a
966 2386 1192 2419 facultatibus
1216 2390 1422 2430 argumenta
1443 2384 1595 2419 veniunt

112 2446 157 2454 —
177 2435 213 2463 et
235 2439 256 2462 a
278 2429 440 2473 personis
461 2433 498 2472 7,
522 2433 557 2470 2,
581 2432 636 2465 50.
659 2432 833 2475 probatio,
858 2443 947 2476 quae
972 2432 1090 2476 aliquo
1116 2432 1224 2464 modo
1248 2431 1347 2465 venit
1376 2431 1428 2463 ab
1452 2436 1594 2464 oratore

114 2477 169 2516 11,
196 2476 231 2517 3,
255 2477 300 2516 23
335 2475 424 2509 lenis
448 2475 584 2510 derisus
612 2488 670 2510 ex
695 2478 761 2511 hac
784 2479 900 2511 forma
923 2478 1025 2511 venit
1046 2478 1082 2519 6,
1109 2479 1145 2519 2,
1170 2477 1226 2511 15.
1250 2488 1307 2510 ex
1335 2476 1403 2510 alia
1425 2476 1596 2510 memoria

111 2519 213 2555 venit
247 2521 314 2554 alia
340 2524 401 2562 11,
424 2523 466 2563 2,
494 2523 550 2555 30.
576 2522 757 2556 miseratio
782 2534 841 2556 ex
867 2525 942 2557 ead.
971 2521 1120 2567 (causa)
1143 2521 1244 2556 venit
1266 2521 1309 2565 4,
1335 2525 1376 2562 1,
1401 2525 1457 2556 27.
1483 2533 1596 2565 prava

114 2577 174 2600 ex
210 2566 309 2600 falsis
340 2566 567 2610 opinionibus
601 2568 750 2602 veniunt
778 2571 818 2609 5,
845 2572 909 2610 10,
933 2569 990 2602 34.
1021 2568 1246 2612 pulchritudo
1274 2567 1435 2611 corporis
1467 2568 1595 2602 venire

113 2611 278 2647 videatur
302 2623 359 2646 ex
382 2612 485 2646 malis
506 2613 664 2646 moribus
687 2617 723 2656 2,
751 2616 784 2657 5,
813 2617 868 2648 12.
896 2614 1031 2657 species
1056 2625 1112 2648 ex
1141 2613 1317 2647 arcessitis
1350 2613 1471 2648 verbis
1493 2614 1596 2648 venit

114 2663 150 2691 et
176 2657 375 2692 intellectus
400 2669 458 2692 ex
487 2658 639 2702 propriis
663 2660 707 2701 8,
732 2661 773 2701 6,
799 2659 857 2693 48.
891 2660 1019 2694 vitium
1042 2679 1087 2685 —
1113 2660 1235 2702 pejus,
1270 2660 1364 2704 quod
1393 2670 1450 2693 ex
1473 2659 1595 2702 inopia

113 2713 215 2746 quam
243 2705 336 2747 quod
361 2714 417 2737 ex
441 2705 544 2747 copia
565 2705 666 2739 venit
688 2708 732 2748 2,
757 2705 797 2748 4,
823 2704 857 2739 4.
905 2707 949 2750 y)
975 2707 1021 2738 ad
1046 2707 1195 2750 aliquid.-
1219 2715 1293 2739 non
1312 2705 1444 2747 injusto
1468 2706 1594 2739 dolore

111 2755 259 2782 venerat
293 2750 345 2782 ad
378 2751 612 2783 accusandum
640 2753 703 2793 11,
732 2754 772 2794 1,
801 2751 859 2785 68.
894 2757 974 2784 nter
1007 2752 1057 2784 ad
1093 2752 1267 2796 agendum
1297 2752 1409 2797 magis
1440 2751 1594 2784 idoneus

111 2794 251 2829 veniret
279 2798 341 2838 11,
371 2798 408 2836 1,
432 2797 490 2833 20.
515 2794 565 2837 cs.
591 2795 637 2839 4,
664 2800 705 2839 1,
730 2800 764 2830 7.
790 2797 954 2842 quotiens
976 2798 1019 2831 ad
1044 2808 1119 2832 eam
1145 2795 1438 2840 (lucubrationem)
1462 2796 1592 2843 integri
