1728 3002
658 211 753 255 Dea
776 235 834 244 —
859 209 1011 255 Debeo
1028 270 1030 273 ἡ
1517 216 1595 255 201

122 326 245 373 positis
271 325 424 360 refertur
452 327 505 360 ad
530 325 668 374 singula
689 327 731 370 9,
755 327 796 369 3,
822 327 867 362 83
896 327 942 361 Ν.
978 324 1163 370 [emutatis
1190 324 1227 360 in
1250 335 1461 371 perversum
1483 324 1600 368 dictis,

54 402 58 405 .
121 375 167 408 de
194 372 254 417 (Ζ.
281 371 438 415 dicendi)
461 372 581 419 figuris
602 373 697 409 idem
722 372 849 407 vitium
874 377 1140 416 consequuntur
1161 373 1198 414 8,
1221 375 1256 415 2,
1280 370 1375 416 19.];
1405 372 1529 407 eadem
1554 373 1600 406 de

122 430 229 454 causa
255 421 287 461 1,
310 419 346 461 6,
369 419 425 453 36.
460 419 503 452 de
527 418 699 453 industria
719 419 755 462 9,
778 418 813 460 4,
842 418 918 452 144.
989 417 1031 460 ll)
1060 420 1225 460 significat
1249 421 1439 458 materiam,
1467 419 1510 452 ‹le
1532 430 1601 462 qua

123 468 255 508 agitur.-
282 465 338 498 Pr.
364 467 398 498 1.
428 467 462 507 1,
484 465 519 507 6,
542 465 587 499 36
611 473 671 499 etc.
708 465 753 498 de
775 465 831 498 his
855 463 992 509 plenius
1015 464 1240 498 tractabimus
1263 467 1297 506 2,
1322 466 1378 507 13,
1404 460 1458 498 14.
1498 474 1601 508 quo-

123 522 214 546 rnm
242 510 297 544 de
320 509 456 545 ultione
479 511 659 555 quaeritur
682 513 718 554 7,
744 509 781 552 4,
805 513 860 545 33.
898 521 988 554 quae
1016 511 1066 544 de
1094 521 1230 554 aequo,
1256 511 1372 554 justo,
1396 520 1500 552 vero,
1529 511 1601 543 de-

124 567 213 601 que
237 556 300 598 iis,
335 567 425 600 quae
450 563 530 590 sunt
553 563 675 591 contra
698 557 832 601 posita,
866 556 1028 590 dicantur
1051 559 1114 599 12,
1139 561 1180 598 2,
1206 558 1237 590 5.
1279 555 1351 590 illic
1381 557 1432 590 de
1459 555 1602 598 futuris,

123 602 183 636 hic
209 602 262 636 de
287 602 391 636 factis
419 602 534 648 agitur
560 606 604 646 7,
635 602 678 646 4,
708 606 742 636 2.
787 613 859 636 non
889 603 943 636 de
975 602 1234 646 appellatione,
1275 603 1338 636 sed
1366 603 1422 636 de
1449 601 1488 636 vi
1513 601 1603 636 facti

124 649 202 691 ejus
225 647 411 694 ambigitur
436 652 458 683 7
470 675 481 690 ‚
505 650 547 690 3,
568 649 602 683 6.
642 660 698 683 me
727 650 778 682 de
805 654 902 691 arte,
943 649 999 682 de
1026 649 1180 691 artifice,
1211 649 1265 683 de
1289 658 1400 692 opere
1425 648 1603 682 dicturum
1624 674 1629 678 .

126 697 191 737 12,
221 695 286 736 10,
315 697 346 728 1.
391 700 427 728 et
457 695 510 728 de
544 694 666 737 justis,
703 694 886 737 honestis,
923 693 1090 738 utilibus,
1126 694 1398 739 iisque‚w1uae
1428 694 1500 728 sint
1524 693 1603 728 istis

122 740 321 782 contraria,
361 745 398 774 et
431 741 487 773 de
514 742 619 774 rebus
647 740 776 775 divinis
806 741 927 774 dicunt
955 742 1018 782 10,
1047 743 1088 783 1,
1118 742 1174 776 35.
1218 739 1414 774 finitionem
1438 751 1518 775 esse
1545 741 1603 774 de

125 786 252 820 eodem
279 790 315 819 et
339 785 393 820 de
421 787 534 820 altero
560 789 636 821 Cic.
661 790 702 830 7,
725 788 768 829 3,
793 787 828 821 8.
878 787 973 831 quod
1000 786 1176 830 (signum)
1204 797 1283 820 esse
1305 787 1369 820 vel
1395 797 1443 820 ex
1464 798 1505 821 re
1528 791 1604 820 tota

124 837 260 876 potest,
286 836 326 864 ut
350 832 402 866 de
426 831 672 879 navigatione,
703 831 848 875 militiu‚·
878 834 939 867 vel
962 843 1009 866 ex
1032 833 1145 866 verbo
1169 832 1287 876 aliquo
1314 835 1370 874 11,
1394 835 1428 875 2,
1455 834 1510 867 19.
1547 833 1604 866 de

123 877 235 911 altera
258 876 439 921 (figura),
475 890 564 922 quae
589 878 805 912 detractione
832 878 900 921 (sc.
927 881 1077 911 vitium
1104 879 1217 921 esi),
1250 878 1410 922 pluribus
1435 877 1605 922 adjicien-

123 923 208 956 dum
230 928 285 957 est
305 924 341 966 9,
364 925 399 966 3,
426 925 470 959 19
493 925 539 958 N.
564 938 611 958 cr.
624 937 638 965 ,-
674 923 800 969 quibus
820 926 864 958 de
881 925 988 958 rebus
1013 920 1262 970 (α’ναστροφή)
1285 925 1320 966 8,
1341 925 1372 967 6,
1395 924 1453 959 65.

77 970 473 1034 Deae⁸praesidentes
497 990 621 1025 studiis
645 992 732 1026 deae
757 994 812 1033 10,
837 995 869 1034 1,
893 993 951 1027 91.
991 993 1170 1035 Deamm,
1199 1003 1286 1037 quas
1309 991 1514 1036 praesidere
1536 971 1607 1026 va-

122 1035 216 1113 tibus
243 1035 416 1116 cgedgtzum
442 1043 496 1071 est
527 1040 571 1071 ib.
593 1038 653 1072 48.
702 1037 741 1071 in
763 1038 872 1072 labris
898 1038 974 1082 ejus
1002 1038 1137 1072 sedisse
1165 1039 1340 1083 quandam
1369 1037 1606 1082 persuadendi

149 1091 228 1114 eam
255 1095 265 1114 1
288 1105 298 1114 .
347 1088 354 1097 ⁴
371 1107 380 1116 .

78 1136 243 1180 Debeo·
269 1149 306 1194 α)
323 1161 397 1185 non
414 1149 509 1184 enim
530 1150 642 1186 satis
666 1151 789 1195 efficit,
813 1162 930 1196 neque
952 1157 998 1185 ut
1021 1150 1166 1194 debet,
1189 1152 1295 1195 plene
1311 1150 1514 1185 dominatur
1524 1161 1608 1185 ora-

122 1195 175 1230 tio
193 1197 228 1239 8,
243 1197 277 1239 3,
292 1197 349 1232 62.
395 1197 439 1242 β)
464 1210 493 1230 c.
513 1199 660 1238 infinit„-
687 1197 746 1233 vir
767 1198 870 1231 fortis
895 1209 953 1240 an,
982 1197 1153 1242 quidquid
1175 1197 1323 1241 optarit,
1351 1197 1513 1241 accipere
1539 1198 1604 1231 de-

123 1241 206 1275 beat
227 1245 262 1284 7,
285 1246 320 1286 7,
341 1241 366 1276 4
387 1246 430 1276 Ζ.
469 1248 615 1287 propter
637 1245 732 1288 quod
756 1245 858 1278 nobis
883 1244 976 1277 bona
999 1243 1192 1288 adjudicari
1217 1244 1367 1277 debeant
1391 1244 1432 1286 5,
1459 1242 1519 1286 14,
1548 1245 1603 1278 16.

123 1286 184 1321 hio
198 1286 342 1322 'tantum
365 1288 557 1332 concitari,
589 1289 663 1323 illic
690 1289 783 1324 affici
813 1290 948 1324 debet
974 1293 1068 1331 (sine
1092 1297 1179 1323 certo
1205 1290 1320 1331 Subi.)
1346 1290 1387 1332 6,
1414 1293 1457 1332 2,
1484 1288 1528 1323 14
1557 1291 1603 1324 ΝΖ

125 1339 159 1366 et
184 1334 220 1368 S.
255 1334 317 1378 qui
337 1335 428 1368 haec
457 1334 549 1377 edit,
585 1336 690 1370 debet
713 1337 783 1370 hoc
809 1336 931 1370 bibere
953 1337 997 1379 8,
1023 1338 1066 1377 5,
1093 1337 1150 1370 23.
1179 1334 1240 1380 qui
1262 1335 1323 1369 illa
1348 1335 1504 1382 cogitare
1533 1336 1608 1369 de-

125 1379 301 1423 bemus,
339 1386 375 1414 et
403 1381 542 1415 moveri
569 1392 814 1425 possumus
840 1383 883 1425 6,
914 1385 960 1425 2,
992 1384 1048 1416 23.
1085 1392 1161 1415 non
1186 1387 1305 1415 tamen
1330 1381 1534 1426 potuine
1558 1393 1605 1416 ne

127 1425 263 1458 debui
288 1426 431 1470 quidem
453 1426 559 1460 istum
582 1428 702 1461 lociun
723 1428 763 1461 in
785 1439 891 1462 unam
911 1428 1067 1472 speciem
1085 1429 1301 1462 concludere
1326 1430 1370 1461 ib.
1386 1431 1418 1461 1.
1450 1427 1606 1462 maxime

126 1469 166 1504 in
188 1471 256 1505 hac
279 1477 380 1516 parte
405 1473 510 1506 debet
534 1484 697 1508 crescere
723 1474 837 1508 oratio
862 1475 904 1518 6,
936 1477 954 1508 1
968 1500 979 1517 ,
1007 1475 1063 1509 29.
1107 1485 1208 1508 mens
1236 1484 1380 1518 quoque
1408 1473 1605 1507 Alexandri

127 1516 209 1550 duci
239 1517 345 1552 debet
372 1517 411 1551 in
441 1518 586 1552 dubium
613 1522 655 1563 5,
689 1522 750 1561 10,
782 1521 860 1555 118.
909 1530 983 1554 non
1018 1519 1100 1564 quia
1135 1519 1226 1554 comi
1254 1519 1484 1564 expolirique
1517 1530 1607 1554 non

127 1562 295 1596 debeat
325 1562 475 1607 (oratio)
507 1565 548 1607 8,
575 1567 617 1608 3,
645 1565 704 1599 42.
748 1567 854 1610 paulo
878 1567 1036 1610 pluribus
1059 1566 1181 1600 verbis
1210 1566 1316 1600 debet
1342 1565 1400 1609 (a.
1426 1570 1449 1599 1.
1476 1564 1607 1609 decet)

125 1608 250 1642 haberi
271 1609 379 1644 venia
403 1612 467 1652 11,
493 1613 532 1653 1,
558 1612 591 1645 5.
643 1611 755 1656 Atqui
778 1613 887 1646 debes
912 1611 1153 1656 (intelligere),
1187 1623 1266 1646 cum
1292 1611 1486 1658 Sphingem
1509 1611 1609 1645 domi

126 1653 260 1688 habeas
288 1657 374 1690 Cic.
396 1657 439 1698 6,
462 1658 504 1699 3,
530 1657 586 1692 98.
632 1658 747 1691 bonus
770 1665 983 1703 praeceptor
1010 1669 1084 1692 non
1106 1658 1222 1692 minus
1245 1659 1389 1692 laudare
1414 1658 1609 1702 discipulos

129 1700 236 1734 debet
257 1702 298 1744 5,
326 1703 388 1744 13,
409 1700 467 1735 44.
497 1700 541 1743 cs:
564 1706 604 1746 2,
629 1704 672 1746 5,
699 1706 755 1739 13.
794 1715 875 1738 culn
901 1704 1148 1751 grammaticus
1171 1710 1286 1738 totum
1311 1703 1404 1737 diem
1431 1714 1608 1748 occupare

125 1754 202 1778 non
223 1746 390 1790 possit,
416 1758 484 1781 nec
512 1749 676 1783 debeat
700 1753 733 1792 1,
759 1753 815 1790 12,
842 1752 896 1784 13.
929 1750 1012 1795 quid
1038 1750 1187 1794 amplius
1212 1750 1396 1784 debeam
1421 1755 1547 1793 optare
1570 1749 1608 1792 4,

130 1792 173 1832 1,
197 1792 269 1825 51..
290 1792 374 1836 quid
398 1794 526 1827 debeat
550 1795 756 1838 promittere
779 1798 824 1839 3,
851 1797 892 1837 9,
916 1800 950 1830 7.
987 1808 1034 1830 an
1055 1796 1203 1830 tibicina
1224 1796 1350 1829 debeat
1377 1795 1550 1840 publicari
1571 1799 1608 1838 7,

128 1835 165 1878 9,
191 1834 226 1870 4.
256 1839 316 1889 ‹Jui
342 1849 428 1884 ergo
452 1839 570 1882 puniri
593 1842 749 1876 debent?
775 1845 809 1884 7,
833 1843 867 1884 3,
890 1841 947 1876 34.
991 1842 1022 1876 si
1048 1843 1228 1876 rhetorice
1251 1841 1375 1877 vocari
1402 1843 1507 1876 debet
1531 1852 1610 1876 ser-

18 1888 25 1908 ¹
129 1890 189 1914 mo
214 1892 415 1927 qmcunque
438 1888 483 1927 2,
514 1890 578 1929 17,
611 1889 676 1929 103
722 1887 815 1921 filius
840 1899 886 1921 an
908 1889 1022 1922 frater
1043 1889 1170 1922 debeat
1192 1899 1272 1922 esse
1295 1889 1401 1922 heres
1424 1887 1464 1930 4,
1500 1890 1544 1930 2,
1575 1887 1610 1922 5.

129 1937 309 1979 nunquam
339 1929 443 1963 debet
476 1941 554 1965 esse
586 1932 694 1979 longa
723 1933 904 1967 miseratio
931 1935 972 1977 6,
1005 1938 1046 1975 1,
1078 1937 1135 1968 27.
1182 1945 1256 1968 non
1281 1934 1386 1967 debet
1409 1933 1611 1978 quisquam,

130 1972 193 2004 ubi
215 1983 369 2006 maxima
391 1982 570 2026 momenta
590 1985 791 2021 versantur,
821 1980 866 2013 de
889 1979 1010 2014 verbis
1030 1991 1110 2014 esse
1124 1980 1284 2013 solicitus
1308 1981 1342 2018 8.
1366 1982 1400 2021 3,
1426 1981 1470 2012 13
1495 1980 1541 2012 Ν.
1560 1991 1606 2012 cr.

131 2018 262 2051 debent
279 2024 412 2063 oratori
434 2021 486 2053 sic
509 2032 587 2055 esse
611 2024 895 2058 adversariorum
909 2032 994 2060 nota
1012 2025 1160 2059 consilia
1178 2029 1232 2064 12,
1249 2028 1282 2066 1,
1299 2025 1355 2059 35.
1381 2024 1425 2065 cs.
1447 2028 1482 2067 2,
1498 2027 1556 2067 21,
1573 2025 1610 2059 6-

132 2065 175 2106 5,
201 2062 264 2107 14,
287 2066 344 2098 22·
373 2067 408 2106 7,
432 2068 475 2107 2,
501 2069 558 2100 21.
587 2068 631 2110 8,
656 2071 698 2112 3,
723 2071 791 2111 73;
831 2082 876 2103 an
900 2071 936 2104 in
959 2071 1187 2113 praeteritum
1213 2070 1301 2103 ferri
1328 2071 1391 2103 lex
1418 2071 1544 2103 debeat
1571 2072 1609 2113 2,

131 2106 168 2160 4,
191 2110 249 2143 37.
285 2120 331 2142 an
354 2111 534 2154 responsis
558 2123 682 2155 parere
706 2115 867 2148 debuerit
889 2118 923 2157 3,
949 2119 1006 2160 11,
1029 2118 1069 2158 6;
1108 2127 1182 2150 non
1204 2116 1287 2148 ideo
1310 2119 1351 2147 tu
1372 2121 1522 2148 matrem
1545 2125 1611 2148 oc-

132 2154 254 2188 cldere
288 2155 495 2190 debuisti
528 2159 572 2191 ib.
599 2161 655 2193 11.
718 2161 753 2201 y)
782 2173 810 2192 c.
833 2164 982 2194 Aecus..-
1010 2162 1117 2195 fidem
1140 2162 1246 2194 debet
1267 2165 1365 2194 tutor
1388 2162 1430 2203 5,
1458 2163 1522 2203 10,
1548 2162 1608 2195 73.

131 2211 194 2242 ea,
234 2211 324 2244 quae
346 2207 429 2235 sunt
453 2213 473 2236 e
496 2202 643 2249 singulis
666 2203 867 2249 (syllabis),
892 2213 1067 2252 negantur
1090 2207 1221 2240 debere
1243 2205 1419 2239 rationem
1444 2209 1482 2248 1,
1505 2207 1547 2249 6,
1574 2205 1613 2241 4.

131 2246 231 2279 velut
253 2247 430 2290 praesenti
453 2249 574 2283 officio
597 2250 719 2284 functa
742 2250 832 2284 nihil
854 2251 891 2284 in
914 2258 1095 2295 posteriun
1119 2252 1247 2285 debeat
1270 2251 1459 2295 (memoria)
1485 2255 1549 2295 11,
1573 2255 1612 2296 2,

8 2290 38 2325 7.
131 2289 197 2333 443
239 2297 279 2325 ut
304 2299 456 2339 gratus
482 2294 548 2337 sit,
582 2296 627 2329 ad
656 2306 737 2330 eum
762 2297 872 2343 magis
898 2297 1076 2341 pertinet,
1116 2297 1191 2342 qui
1215 2298 1351 2331 debet
1379 2300 1447 2340 12,
1473 2301 1512 2336 7,
1541 2301 1609 2341 ¹23

10 2338 25 2369 ἑ·
133 2338 176 2369 ατ
199 2348 278 2370 aere
303 2341 434 2373 alieno.-
462 2346 503 2374 nt
526 2341 708 2375 dimidium
732 2353 780 2376 ex
803 2353 869 2385 eo,
905 2344 1000 2387 quod
1029 2343 1279 2385 debebant,
1311 2344 1551 2379 solverent
1574 2346 1611 2387 5,

0 2364 30 2468 ff
135 2383 193 2424 10,
220 2385 299 2417 105.
335 2395 381 2417 an
407 2384 466 2428 id,
494 2387 589 2431 quod
615 2387 911 2435 exigebatur,
942 2389 1164 2423 debuerit
1190 2392 1224 2431 7,
1249 2390 1285 2431 4,
1308 2390 1364 2423 38.
1397 2401 1442 2422 an
1466 2391 1612 2433 duplum

9 2427 31 2494 ἶ
134 2428 264 2480 debeat
289 2431 332 2462 ib.
356 2428 414 2463 44.
460 2430 519 2465 Αιι
544 2433 739 2468 debeatur?
767 2437 802 2477 7,
824 2437 865 2476 1,
889 2437 945 2470 21.
978 2446 1042 2469 cur
1065 2446 1107 2469 ea
1129 2445 1202 2469 non
1226 2435 1421 2468 debeantur
1443 2433 1484 2478 4,
1508 2440 1548 2477 2,
1573 2436 1608 2470 6.

134 2469 170 2515 ὃ)
195 2475 264 2517 σᾶ).
290 2477 395 2528 ⁰9¹⁸?
423 2478 487 2510 sed
511 2489 626 2523 neque
652 2485 706 2514 est
729 2480 834 2514 heres
853 2481 947 2523 ejus,
975 2493 995 2514 a
1019 2491 1090 2525 quo
1113 2480 1292 2525 accepisse
1314 2487 1470 2515 mutuam
1488 2481 1609 2515 dicor:

135 2519 199 2553 sed
227 2530 296 2554 nec
322 2531 391 2564 ψει
417 2523 523 2556 debui
546 2525 587 2567 4,
610 2523 654 2567 4,
677 2526 701 2560 6
726 2530 770 2560 Ζ.
817 2536 891 2559 non
916 2526 1012 2560 idem
1037 2527 1167 2561 debere
1193 2526 1325 2560 actioni
1353 2533 1477 2561 contra
1505 2533 1610 2570 caput

136 2566 202 2606 11,
237 2569 254 2598 1
270 2591 283 2608 ‚
306 2566 362 2602 69.
405 2568 465 2611 quj
495 2579 568 2603 non
594 2572 784 2606 clamorem
814 2573 921 2607 modo
952 2584 1055 2607 suum
1082 2572 1218 2616 causis,
1255 2574 1320 2606 sed
1346 2573 1488 2616 omnia,
1520 2584 1611 2617 quae

134 2610 319 2652 profutura
339 2619 439 2656 sunt,
469 2615 574 2649 debet
597 2619 652 2657 12,
678 2619 721 2660 3,
744 2618 788 2659 4;
823 2625 1085 2653 consummatos
1111 2620 1190 2663 plus
1214 2618 1397 2652 doctrinae
1422 2619 1551 2653 debere
1575 2623 1610 2660 2,

136 2655 259 2707 19,·2.
298 2658 378 2700 plus
402 2659 487 2694 voci
510 2672 595 2695 suae
620 2663 746 2698 debeat
769 2674 902 2707 praeco
928 2668 967 2707 1,
993 2668 1054 2707 12,
1080 2667 1139 2699 17.
1173 2663 1230 2698 cui
1259 2675 1327 2711 ego
1356 2664 1476 2699 omnia
1503 2664 1614 2698 meri-

135 2703 272 2735 tusum)
295 2705 402 2738 volo
427 2711 463 2739 et
489 2706 633 2742 debeo
655 2709 697 2750 9,
721 2713 762 2752 2,
784 2710 847 2751 353
885 2711 981 2754 quod
1006 2711 1157 2755 populus
1184 2710 1467 2752 crediderit,
1496 2709 1613 2744 omni-

135 2744 203 2779 bns
225 2747 448 2800 debeatur
470 2753 512 2793 5,
539 2755 601 2796 10,
625 2756 700 2789 117.
735 2754 858 2789 deberi
884 2756 918 2790 ei
941 2755 1121 2800 (legatum)
1144 2757 1178 2798 5,
1205 2758 1268 2797 10,
1291 2756 1350 2790 62.
1380 2767 1426 2788 an
1451 2757 1613 2800 Thrasy-

138 2789 223 2825 bulo
247 2797 391 2840 triginta
414 2797 571 2841 praemia
597 2799 791 2836 debeantur
816 2803 850 2844 3,
877 2803 913 2846 6,
936 2804 993 2839 26.
1032 2801 1077 2844 cs.
1102 2805 1137 2846 7,
1159 2801 1196 2844 4,
1218 2800 1276 2836 44.
1309 2804 1365 2844 11,
1390 2805 1424 2844 1,
1445 2803 1503 2837 88.
1535 2802 1613 2846 qui-
