1728 3002
150 162 151 165 ¹
170 151 227 189 40
882 135 979 192 Ago

221 257 335 305 egisse
358 255 525 290 donando
549 254 582 295 5,
607 254 663 294 10,
688 253 774 294 113;
830 249 877 292 cs.
899 255 1032 282 tamer-2
1066 245 1277 293 quibusdam
1299 243 1398 282 alind
1424 257 1447 282 a
1486 235 1566 283 ere
1594 244 1700 282 vide-

220 315 321 343 mur,
360 302 454 336 aliud
480 299 712 336 efficimus
738 298 774 340 9,
805 298 840 339 2,
862 296 920 330 62.
984 293 1054 336 1V)
1081 296 1105 327 ἰ.
1129 302 1161 335 q.
1189 294 1361 337 contendo,
1503 316 1513 327 .
1565 290 1604 337 a)
1630 305 1701 337 seq.

222 358 289 384 ut:
326 347 387 393 qui
409 347 499 394 agit,
529 351 568 379 ut
595 344 693 388 prior
715 343 761 377 sit
786 344 840 383 10,
867 344 902 382 2,
928 341 985 374 10.
1020 340 1109 374 hoc
1137 338 1230 386 agit,
1267 344 1309 373 ut
1321 338 1397 373 ‘fiat
1425 338 1571 384 utique,
1604 338 1703 383 quod

223 395 393 438 scriptum
418 399 472 427 est
493 395 528 435 7,
554 392 589 433 8,
616 393 648 424 1.
687 388 731 431 cs.
757 390 812 430 10,
841 390 872 428 7,
894 384 929 420 4.
957 387 1014 428 12,
1042 387 1077 429 1,
1104 383 1164 420 44.
1198 395 1275 419 non
1303 383 1349 419 id
1371 390 1478 431 aget,
1510 390 1553 419 ut
1577 379 1725 420 salvus'

225 441 270 475 sit
296 443 351 483 12,
379 443 412 482 1,
439 438 495 472 42.
529 438 574 471 id
603 435 754 483 agimus,
790 439 828 466 ut
861 432 907 466 sit
938 442 1065 466 causae
1098 436 1243 465 nostrae
1269 429 1640 466 conveniens'flnitio
1665 433 1704 474 7,

225 490 260 528 3,
287 487 342 521 28.
374 495 447 519 non
475 483 519 518 id
543 482 674 528 egisse,
702 486 741 514 ut
769 479 818 513 ita
849 478 983 512 diceret
1009 480 1066 520 11,
1094 479 1127 520 1,
1158 478 1217 512 92.
1255 476 1295 511 in
1322 475 1524 521 Oppianico
1555 487 1631 511 non
1658 475 1706 510 id

227 532 344 578 agitur
368 531 406 565 in
429 531 490 563 illa
518 527 801 572 comparatione,
828 530 867 558 ut
893 524 954 558 iut-
981 524 1075 558 male
1096 522 1236 566 fecerit,
1259 523 1326 558 sed
1345 528 1386 556 ut
1410 523 1512 567 pejus
1537 523 1574 566 8,
1592 520 1630 565 4,
1650 524 1707 557 12·

227 588 369 612 omnem
399 575 596 609 orationem
631 573 688 614 (a.
716 576 736 606 l.
763 570 958 609 oratorem)
995 569 1038 603 id
1076 580 1202 616 agere,
1241 574 1281 603 ut
1313 571 1371 612 12,
1403 571 1435 610 1,
1463 571 1518 604 11.
1550 573 1705 613 patrono

226 623 273 658 id
296 624 470 669 agendum
497 626 568 662 est,
593 625 631 652 ut
655 621 696 661 7„
715 620 749 660 2,
772 618 828 652 29.
853 615 898 658 cf.
925 616 959 658 5,
985 616 1019 658 6,
1039 617 1076 649 2.
1105 618 1138 650 5.
1162 616 1197 657 8,
1220 615 1256 659 6,
1283 616 1342 650 28.
1371 615 1406 657 9,
1430 617 1466 658 2,
1490 615 1554 658 62,
1601 612 1707 659 quid

226 670 337 716 magis
371 673 498 714 agunt,
539 676 671 711 quam
708 669 755 697 ut
789 661 829 703 4,
864 665 908 705 2,
946 662 1004 697 80.
1040 660 1125 706 quid
1156 661 1281 707 agebat
1319 660 1449 696 aliud
1485 659 1548 694 illa
1574 658 1707 704 ironia,

227 713 342 759 (Abi.)
370 725 505 758 quam
526 717 570 746 ut
594 710 629 754 4,
653 713 685 753 1,
709 711 764 745 39.
793 708 901 753 quid
926 707 1125 754 agendum,
1148 707 1238 742 nisi
1261 711 1307 742 ut
1331 707 1369 751 6,
1391 705 1428 749 4,
1451 708 1510 741 20.
1565 707 1609 752 ῥ’)
1637 717 1706 751 seq.

228 773 297 794 ne.-
334 760 377 793 id
406 757 562 805 agentis,
596 767 650 790 ne
682 754 715 789 ei
742 754 871 789 Caesar
900 753 1066 800 ignoscat
1093 754 1129 795 5,
1156 755 1211 794 13,
1236 755 1293 790 20.
1330 752 1370 787 in
1396 752 1560 788 omnibus
1590 750 1710 786 statim

229 805 510 842 accusationibus
536 803 727 848 agendum,
766 811 817 835 ne
850 800 892 834 ad
921 811 979 834 eas
1004 799 1158 834 libenter
1185 798 1412 834 descendisse
1437 797 1625 833 videamur
1651 799 1713 839 11,

231 855 264 895 1,
291 853 346 886 57.
371 851 454 895 quid
480 848 573 884 aliud
597 847 730 895 agimus
755 847 918 880 docendo
947 856 1033 889 eos,
1062 857 1197 890 quam
1224 856 1276 880 ne
1306 853 1370 880 etc.
1398 847 1435 888 2,
1462 845 1498 885 5,
1526 845 1581 879 13.

317 896 368 940 V)
400 898 584 938 Praecipue
608 895 699 937 apud
726 900 869 926 nostrum
898 898 944 925 est
970 894 1105 925 verbum
1137 893 1279 926 dicendi.
1333 889 1374 936 a)
1399 902 1461 931 ea,
1487 897 1598 935 qnae,
1628 899 1712 925 cum

230 948 328 988 aget,
357 953 433 976 esse
460 941 498 974 in
524 946 629 974 causa
650 939 738 973 velit
763 941 819 980 12,
846 940 881 978 3,
903 938 936 972 5.
969 949 1070 981 cum,
1107 944 1237 985 agente
1257 936 1342 980 illo,
1376 936 1436 971 alii
1458 935 1618 970 riderent
1646 941 1709 969 eto.

230 981 287 1026 12,
312 991 368 1031 11,
395 990 428 1023 3.
463 986 600 1032 quoties
637 985 739 1019 aliter
774 983 830 1031 agi
862 989 981 1028 potest
1007 987 1043 1027 7,
1066 981 1101 1024 4,
1126 985 1184 1019 28.
1219 982 1286 1018 sic
1318 982 1389 1030 egit
1417 979 1642 1028 (Socrates),
1671 984 1714 1015 ut

233 1034 293 1079 qui
324 1045 474 1078 poenam
505 1043 601 1066 suam
634 1030 828 1065 honoribus
859 1029 1003 1064 summis
1033 1035 1130 1064 esset
1160 1029 1406 1064 aestimaturus
1433 1030 1490 1069 11,
1514 1030 1550 1071 1,
1578 1028 1636 1062 10.
1665 1024 1712 1068 cf.

232 1083 265 1121 9,
291 1083 324 1120 2,
350 1079 405 1114 74.
434 1078 546 1124 egisse
572 1089 652 1111 eum
677 1078 798 1110 salso
830 1079 882 1116 10,
907 1079 940 1118 1,
965 1078 1022 1110 23.
1048 1086 1122 1110 non
1145 1081 1276 1110 recte
1303 1075 1378 1122 agis
1402 1076 1437 1119 3,
1460 1074 1497 1118 6,
1523 1075 1591 1116 75;
1639 1072 1715 1106 tuni

235 1125 426 1171 agendi,
452 1131 527 1158 tum
552 1124 656 1159 etiam
682 1121 912 1167 loquendi
941 1128 1156 1166 praeceptor
1177 1125 1213 1165 2,
1241 1125 1298 1165 17,
1323 1123 1358 1157 8.
1383 1120 1423 1155 in
1446 1130 1504 1163 eo,
1533 1117 1716 1165 quomodo

235 1172 540 1212 declamatur,
568 1169 720 1214 positum
745 1174 798 1203 est
823 1168 948 1211 etiam,
975 1169 1157 1212 quomodo
1187 1173 1350 1214 agatur
1371 1168 1408 1210 9,
1434 1168 1469 1207 2,
1492 1167 1550 1201 81.
1579 1175 1622 1198 ea
1646 1164 1716 1197 di-

235 1228 341 1251 cere
374 1223 523 1250 stantem
556 1217 670 1256 clare,
711 1221 746 1249 et
784 1215 1080 1258 quemadmodum
1114 1224 1254 1261 agere
1288 1210 1468 1257 oportebit
1506 1214 1539 1253 1.
1572 1212 1628 1252 11,
1660 1207 1722 1244 14.

236 1263 393 1296 dicere
421 1262 594 1307 quotidie,
628 1261 718 1295 sicut
744 1262 916 1307 agimus
945 1263 1001 1302 11,
1025 1262 1060 1302 3,
1087 1262 1143 1295 29.
1167 1270 1258 1304 quos
1286 1258 1335 1293 ait
1361 1255 1520 1303 (cicero)
1544 1257 1718 1290 latrare

236 1309 346 1354 magis
380 1320 483 1352 quam
510 1318 638 1354 agere
673 1309 714 1342 ib.
740 1309 796 1341 31.
831 1308 980 1340 multum
1014 1305 1052 1339 in
1079 1307 1220 1352 agendo
1254 1305 1512 1339 discursantem
1542 1310 1605 1336 eto.
1641 1310 1719 1335 non

239 1365 345 1400 agere
381 1354 470 1387 dixit
499 1355 647 1395 (Domit.
673 1351 779 1397 Af.),
819 1353 882 1386 sed
914 1358 1136 1399 satagere
1165 1352 1212 1394 6,
1246 1353 1287 1393 3,
1320 1350 1377 1386 54.
1414 1359 1490 1384 non
1524 1346 1718 1382 narrari

238 1411 296 1434 res
322 1401 384 1434 sed
409 1399 477 1446 agi
501 1399 559 1444 (α.
587 1404 607 1432 l.
632 1398 751 1446 argui)
781 1398 924 1433 videtur
946 1399 981 1441 9,
1009 1402 1044 1441 2,
1067 1397 1114 1432 43
1138 1399 1186 1432 N.
1217 1410 1263 1432 cr.
1291 1396 1336 1438 cs.
1362 1398 1398 1439 7,
1425 1398 1459 1439 1,
1486 1395 1544 1430 26.
1580 1393 1642 1439 qui
1663 1403 1721 1427 se-

239 1447 362 1480 dentes
394 1450 498 1492 agunt
527 1448 582 1486 11,
606 1447 640 1487 3,
668 1444 745 1479 134,
775 1449 1019 1489 praetextatos
1047 1444 1163 1490 egisse
1198 1444 1369 1489 quosdam
1393 1445 1449 1484 12,
1472 1441 1513 1484 6,·
1538 1443 1572 1475 1.
1593 1444 1719 1485 ‘agere

240 1492 435 1535 advocato,
473 1503 576 1535 quam
607 1489 788 1538 litigatori,
824 1490 963 1524 facilius
995 1488 1031 1530 4,
1060 1492 1093 1534 1,
1118 1489 1177 1525 45.
1211 1495 1252 1524 ut
1287 1498 1425 1536 agere
1452 1497 1528 1521 non
1559 1484 1721 1531 potueris

242 1537 444 1573 assidere
471 1536 612 1582 potuisti
643 1540 677 1579 7,
705 1539 737 1578 1,
767 1537 823 1572 52.
858 1548 903 1570 an
937 1537 1201 1571 Demosthenes
1230 1537 1324 1570 male
1357 1534 1409 1568 sic
1444 1532 1646 1580 egisset,
1681 1534 1723 1564 ut

242 1583 454 1627 scripsit,
487 1590 543 1616 aut
567 1582 663 1617 Cic?
698 1585 754 1625 12,
783 1584 838 1625 10,
866 1581 923 1618 54.
953 1581 990 1615 in
1017 1582 1115 1626 ipsos
1143 1582 1183 1616 fit
1213 1581 1365 1627 impetus
1391 1580 1622 1624 frequenter,
1660 1574 1724 1621 qui

242 1635 390 1675 egerunt
415 1632 469 1671 12,
495 1630 529 1670 9,
555 1630 588 1664 9.
617 1628 659 1669 efi
683 1629 717 1671 6,
741 1627 776 1671 4,
801 1632 836 1663 7.
869 1628 1048 1662 neminem
1081 1628 1182 1673 pejus
1210 1638 1339 1676 agere,
1376 1637 1482 1672 quam
1516 1624 1579 1670 qni
1602 1621 1724 1667 displi-

243 1680 345 1709 cente
373 1686 475 1710 causa
501 1676 614 1718 placet
641 1677 694 1716 12,
717 1675 751 1716 9,
775 1674 798 1708 6
835 1674 962 1719 aliquis
987 1685 1035 1708 ex
1058 1685 1103 1708 eo
1128 1685 1262 1721 genere
1286 1674 1562 1714 advocatorum,
1594 1669 1655 1714 qui
1683 1677 1725 1702 se

242 1731 316 1754 non
338 1731 441 1765 posse
470 1732 572 1767 agere
597 1720 806 1754 confitentur
834 1723 887 1763 12,
914 1722 949 1762 8,
983 1721 1019 1756 5.
1052 1721 1208 1767 gratisne
1238 1719 1272 1754 ei
1302 1716 1475 1763 (oratori)
1501 1725 1642 1760 semper
1672 1713 1726 1747 'sit

244 1778 263 1799 a
289 1767 442 1800 endum?
471 1770 524 1806 12,
548 1770 581 1808 7,
606 1767 628 1801 8
652 1767 697 1800 Ν.
725 1767 873 1800 multum
905 1771 940 1800 et
965 1766 1165 1811 superciliis
1189 1765 1304 1812 agitur
1334 1766 1398 1807 11,
1422 1765 1456 1805 3,
1482 1762 1543 1799 78.
1572 1777 1617 1785 ·-
1643 1760 1726 1803 pul-

245 1823 264 1845 c
280 1824 330 1845 ira
355 1812 512 1847 oratione
548 1817 651 1846 acta
681 1810 796 1855 (Ace.)
833 1812 982 1846 omnino
1015 1811 1140 1856 (Codd.
1165 1811 1282 1846 oratio
1307 1813 1351 1845 Ζ.
1379 1811 1421 1843 de
1444 1806 1532 1851 conj.
1554 1803 1727 1849 Horatio)

243 1859 373 1902 jactare
408 1860 442 1900 9,
473 1856 507 1901 4,
537 1859 591 1892 36-
627 1857 686 1901 qui
718 1863 858 1892 actums
889 1863 943 1892 est
971 1859 1004 1899 3,
1031 1858 1066 1901 6,
1092 1859 1149 1893 83.
1219 1857 1257 1901 a)
1288 1865 1318 1890 'c-
1344 1858 1534 1899 Praeposs,
1553 1852 1724 1896 junctum:

245 1915 313 1948 qua
341 1905 392 1937 de
417 1915 455 1937 re
484 1903 595 1949 agitur
623 1903 791 1947 (lotorum
817 1902 987 1946 formula)
1014 1905 1049 1947 3,
1077 1906 1135 1947 11,
1163 1903 1208 1939 18
1230 1903 1278 1936 Ν.
1317 1901 1391 1936 illic
1426 1901 1478 1934 de
1505 1897 1636 1932 futuris
1667 1892 1728 1931 hio

246 1951 296 1983 de
331 1949 434 1983 factis
467 1950 577 1996 agitur
599 1952 633 1989 7,
657 1947 692 1991 4,
717 1951 750 1983 2.
789 1960 941 1992 causae,
973 1949 1012 1983 in
1045 1949 1173 1994 quibus
1207 1948 1260 1982 de
1290 1945 1450 1993 praemio
1483 1944 1599 1992 agitur
1624 1945 1660 1986 3,
1689 1942 1728 1987 6,

246 1996 302 2030 85.
337 1995 380 2036 cs.
410 1994 442 2030 4.
475 1997 507 2034 5,
538 1997 593 2030 18.
647 1995 718 2029 Sed
754 1995 809 2029 de
848 2006 918 2040 quo
948 2006 1044 2030 nunc
1077 1995 1208 2042 agitur,
1243 1994 1338 2028 uude
1368 1991 1472 2037 copia
1504 2001 1548 2025 ac
1575 1987 1728 2035 facilitas

245 2040 397 2074 maxime
421 2040 540 2075 veniat
564 2042 618 2078 10,
643 2042 675 2077 5.
701 2042 740 2082 13
811 2041 841 2074 is
874 2040 955 2086 qui
985 2040 1100 2088 agit,
1124 2058 1170 2066 —-
1196 2038 1228 2074 is
1261 2050 1362 2074 cum
1395 2047 1482 2083 quo
1513 2035 1667 2092 agi-tur
1694 2035 1728 2076 3,

246 2088 282 2125 6,
309 2088 362 2120 16.
393 2086 436 2127 cs.
471 2089 514 2120 ib.
541 2088 595 2119 13.
631 2088 664 2126 7,
688 2084 723 2126 4,
751 2088 807 2121 37.
855 2086 999 2130 plurimi
1031 2087 1266 2131 quibuscum
1299 2084 1357 2140 egi
1388 2083 1425 2127 4,
1454 2086 1488 2125 2,
1510 2084 1574 2125 Βὸς
1637 2079 1728 2120 ,ad-

247 2143 411 2166 versus
440 2143 519 2165 eum
546 2131 616 2177 agit
640 2130 690 2174 (a.
717 2136 738 2165 Ι.
765 2131 828 2175 ait)
857 2132 1071 2177 competitor
1091 2135 1125 2170 9.
1147 2135 1184 2172 2,
1209 2133 1268 2167 97.
1303 2142 1356 2166 sic
1379 2131 1482 2166 adv.
1505 2130 1595 2162 tales
1622 2135 1728 2173 agere

251 2181 305 2217 11,
331 2181 363 2219 1,
389 2179 446 2212 66.
484 2189 563 2211 cum
594 2177 718 2211 uxoris
751 2188 834 2212 suae
868 2178 1071 2222 pecuniaria
1101 2178 1164 2213 lite
1198 2179 1297 2213 adv.
1330 2178 1478 2211 tratrem
1507 2174 1584 2218 ejus
1611 2175 1728 2219 ageret

250 2223 307 2262 (a.
332 2228 354 2256 Ι.
379 2223 485 2257 uxori
511 2234 539 2256 s.
562 2240 605 2246 —
634 2222 796 2266 adesset)
821 2224 855 2262 6,
885 2227 917 2266 1,
942 2226 988 2259 50
1016 2225 1063 2260 N.
1095 2236 1163 2267 σας
1223 2229 1351 2271 agente
1378 2222 1425 2256 in
1452 2230 1534 2255 eum
1557 2217 1672 2254 Calvo
1695 2217 1728 2260 6,

251 2270 285 2307 3,
311 2268 374 2310 603
432 2269 491 2312 qui
522 2279 578 2301 ex
612 2268 805 2303 diverso
834 2268 971 2317 agitsss
999 2273 1064 2313 11,
1095 2269 1160 2312 43;
1219 2279 1306 2314 pro
1335 2268 1449 2302 altero
1470 2265 1584 2312 agere
1611 2265 1648 2306 2,
1675 2261 1728 2303 1-5,

252 2315 308 2347 30.
338 2325 444 2359 agens
467 2324 545 2356 pro
570 2319 669 2357 patre
695 2315 730 2352 9,
752 2317 785 2352 2,
814 2316 870 2348 82.
901 2314 945 2356 cf.
973 2318 1030 2355 11,
1056 2319 1088 2356 1,
1111 2315 1174 2358 423
1234 2314 1372 2359 cujus
1402 2311 1588 2346 nomine
1617 2308 1728 2356 agitur

253 2361 287 2398 7,
311 2361 344 2396 1.
375 2361 439 2399 203
498 2360 611 2401 apud
636 2358 919 2403 Amphictyonas
947 2362 1063 2408 agitur
1086 2364 1119 2401 5,
1153 2363 1208 2397 10.
1242 2362 1320 2394 111.
1349 2377 1392 2384 -
1421 2369 1477 2402 ap.
1509 2355 1728 2403 magistratus

256 2405 311 2439 10.
335 2406 367 2442 7,
391 2407 424 2436 2.
454 2421 487 2426 -
528 2415 587 2446 ap.
625 2404 712 2437 alios
744 2405 878 2448 judices
912 2409 968 2447 11,
1001 2410 1034 2448 1,
1065 2409 1124 2442 78.
1171 2405 1267 2450 quis,
1299 2416 1359 2451 ap.
1395 2413 1528 2449 quos,
1565 2400 1728 2447 quibui

256 2447 586 2491 praesentibus
619 2449 679 2481 sit
713 2457 897 2483 acturus
929 2451 1024 2495 (Fui.
1056 2450 1171 2497 Conj.)
1206 2455 1261 2486 11.
1286 2453 1320 2493 3,
1347 2448 1427 2485 150.
1465 2448 1509 2491 cs.
1538 2451 1599 2490 122
1616 2447 1651 2484 8.
1675 2445 1728 2481 15.

255 2492 290 2537 7)
318 2506 347 2526 ⁶·-
376 2495 566 2526 Nominibus
586 2494 745 2535 junctum.
784 2494 816 2534 a}
842 2500 874 2528 in
897 2500 1022 2531 Aecus.
1038 2513 1047 2531 .-
1081 2509 1186 2545 agere
1211 2509 1293 2532 cau
1305 2507 1394 2530 sam
1415 2493 1451 2536 4,
1477 2497 1514 2534 2,
1536 2494 1595 2528 66.
1621 2493 1678 2534 10,
1699 2493 1728 2533 7,

257 2541 314 2572 20·
345 2557 386 2563 —
411 2548 567 2590 causas
592 2537 626 2575 4,
652 2541 685 2580 3,
710 2542 742 2572 2·
771 2543 825 2581 10,
853 2544 883 2584 1,
906 2544 963 2576 23.
993 2546 1045 2585 10,
1071 2545 1104 2585 5,
1127 2546 1185 2578 20.
1214 2561 1259 2568 —
1282 2547 1442 2578 contra
1464 2539 1654 2584 (aliquem)
1678 2539 1728 2579 11,

259 2588 293 2626 1,
321 2585 375 2618 59.
410 2595 508 2626 cujus
536 2589 654 2629 egerat
683 2595 822 2618 causam
843 2589 887 2620 ib.
916 2586 972 2621 74.
1004 2590 1174 2632 optimam
1207 2599 1350 2623 causam
1374 2586 1507 2631 optime
1537 2583 1653 2630 egisse
1679 2584 1728 2622 12,

257 2632 292 2670 9,
321 2631 356 2663 6.
392 2629 534 2663 fastidio
569 2639 689 2661 causas
727 2630 882 2664 minores
917 2634 1045 2678 agendi
1080 2637 1124 2668 ib.
1159 2638 1193 2670 7.
1232 2641 1398 2679 tanquam
1428 2642 1503 2667 non
1535 2630 1728 2663 doceant

259 2686 400 2708 causam
433 2675 494 2708 sed
525 2678 658 2717 agunt
692 2677 744 2711 12.
775 2677 809 2715 8,
839 2678 873 2710 9.
912 2689 1001 2721 quae
1030 2679 1067 2712 in
1101 2677 1446 2724 suscipiendis,
1481 2673 1728 2710 discendis,

260 2719 454 2767 agendis
484 2720 597 2755 causis
628 2718 716 2752 ratio
744 2721 799 2754 Pr.
827 2724 880 2755 22.
918 2723 963 2764 rs.
990 2726 1024 2767 6,
1053 2727 1085 2767 3,
1108 2725 1166 2760 84,
1192 2728 1227 2767 9,
1251 2729 1286 2767 2,
1310 2724 1365 2760 84,
1394 2726 1449 2765 11,
1475 2725 1508 2764 1,
1534 2718 1592 2756 292
1622 2721 1728 2754 bonni
