1728 3002
85 233 166 276 192
336 279 345 282 ,
683 230 805 275 Culte
835 258 893 266 --
922 231 1028 276 Cum

86 334 223 380 Culte.
259 361 308 375 --
329 317 528 382 dicentibus
550 348 587 392 8,
611 346 647 392 3,
673 350 708 382 7.

89 393 271 487 eguus-2
292 405 435 488 ἱι1ι9εοὲο
457 405 615 440 fecundo
637 406 718 450 plus
742 406 881 451 cultor,
910 416 1017 453 quam
1040 405 1119 453 ipsa
1140 416 1208 453 per
1232 417 1272 456 qe
1298 407 1439 447 bonitas
1460 411 1544 458 soli,
1571 413 1631 449 ef-

157 464 210 487 cie
274 479 284 496 ‚
356 478 367 496 ,
392 456 426 485 ‘.

87 496 314 591 Cultura·2⁴
324 507 450 544 rustici
475 508 663 555 probatam
686 507 935 554 experimento
958 510 1132 546 culturam
1156 510 1196 547 'm
1221 514 1427 559 exemplum
1449 508 1633 553 intuentur

135 559 192 599 10,
216 559 251 600 2,
528 590 531 594 ,

92 598 254 644 Cultus.
305 610 336 659 1)
372 631 415 638 —
439 587 606 658 agroifum
631 613 689 646 Pr.
715 612 773 647 26.
807 617 849 646 ut
870 618 1003 647 terram
1035 615 1183 659 cultu,
1222 614 1275 650 sic
1307 616 1463 653 animum
1490 619 1558 655 dis
1571 617 1633 655 ci-

136 659 288 704 plinis
322 658 509 693 meliorem
541 665 578 694 et
612 658 819 693 uberiorem
850 658 929 695 fieri
959 661 1004 702 8,
1032 662 1076 704 3,
1101 662 1168 705 75;
1214 664 1312 708 quod
1342 675 1363 698 a
1395 671 1524 701 natura
1556 667 1635 712 pri-
1690 686 1695 694 v

135 718 234 740 mum
257 711 311 740 est
338 711 480 749 ortum,
518 711 555 739 et
580 706 685 750 quale
714 710 796 740 ante
827 707 961 740 cultum
990 706 1059 740 fuit
1089 708 1131 751 9,
1164 706 1209 753 4,
1244 711 1281 744 3.
1324 710 1410 756 quid
1433 723 1508 747 non
1536 715 1634 749 cultu

136 752 309 786 nitescit?
338 754 380 786 ib.
408 753 440 787 5.
479 751 564 796 quid
589 758 662 786 tam
687 751 989 799 digmuncultu
1013 765 1055 788 ac
1080 754 1250 790 labore
1277 757 1478 793 ducamus?
1504 761 1550 802 2,
1576 761 1636 804 16,
1702 778 1706 782 ·

89 812 100 839 1
139 801 196 834 17.
287 797 334 842 ΙΙ)
363 799 406 832 de
427 800 568 832 vestitu:
603 799 717 832 cultus
745 808 938 833 concessus
965 805 1037 844 atq.
1066 800 1274 848 magnificus
1303 803 1400 838 addit
1429 805 1636 842 hominibus

138 844 407 879 auctoritatem:
459 850 494 879 at
526 844 711 893 muliebris
751 850 788 879 et
823 845 1031 880 luxuriosus
1066 857 1142 882 non
1177 856 1308 893 corpus
1345 857 1522 894 exornat,
1569 854 1635 887 sed

138 891 273 938 detegit
303 896 460 925 mentem
486 892 529 934 8,
568 892 625 926 Pr.
658 893 715 925 20.
762 890 854 926 sicut
882 891 920 926 in
950 893 1082 927 cultu
1115 892 1345 940 victuque
1379 894 1534 932 ‘accessit
1568 894 1636 933 ali-

137 937 217 982 quis
247 937 336 972 citra
360 937 679 982 reprehensionem
714 936 847 972 nitor
878 940 922 981 8,
952 939 994 983 5,
1024 938 1082 974 34.
1131 941 1247 975 cultus
1279 952 1354 976 non
1386 949 1442 978 est
1469 945 1636 988 proprius

137 984 312 1028 oratoris,
341 986 405 1019 sed
428 984 540 1031 magis
564 984 603 1018 iu
628 990 772 1019 oratore
806 983 960 1028 (Sazm.
987 986 1034 1019 ad
1060 987 1163 1021 Solia.
1191 986 1340 1030 defendit
1368 1001 1402 1023 a.
1429 993 1452 1024 1.
1477 990 1516 1024 in
1530 991 1638 1034 hora)

137 1030 370 1075 conspicitur.
419 1031 541 1076 Quare
565 1030 628 1074 sit,
661 1037 700 1064 ut
723 1031 891 1065 omnibus
915 1031 1077 1066 honestis
1105 1033 1212 1068 debet
1236 1045 1337 1078 esse,
1371 1035 1577 1086 splendidus
1601 1043 1639 1071 et

136 1077 254 1112 virilis
281 1080 337 1119 11,
363 1079 397 1118 3,
424 1079 491 1112 137
516 1078 563 1111 Ν.
586 1091 631 1111 cr.
685 1076 754 1120 111)
779 1080 813 1110 in
837 1079 1000 1112 dicendo.-
1025 1078 1151 1113 tertius
1178 1079 1322 1124 (gradus
1345 1084 1454 1115 ornati
1476 1081 1551 1126 est),
1576 1083 1641 1128 qui

136 1124 227 1157 haec
259 1122 482 1157 nitidiora
509 1123 618 1167 facit,
657 1125 753 1169 quod
777 1124 923 1168 proprie
949 1124 1084 1159 dixeris
1110 1127 1282 1163 cultum
1305 1128 1347 1171 8,
1374 1130 1419 1171 3,
1445 1128 1490 1163 61
1518 1130 1567 1163 Ν.
1590 1142 1640 1164 σν.

138 1181 171 1203 v.
202 1170 424 1203 Ornatum
450 1171 508 1202 sub
539 1170 668 1204 Orno.
696 1173 734 1214 β.
782 1170 820 1203 in
843 1170 966 1206 verbis
999 1171 1306 1216 effusiorem,
1340 1179 1380 1208 ut
1401 1173 1471 1219 ipsi
1492 1181 1639 1219 vocant,

140 1217 313 1250 cultum
336 1215 594 1250 affectaverunt
616 1218 650 1258 3,
675 1217 710 1258 8,
739 1215 795 1250 58.
828 1234 875 1240 ·-
897 1226 1040 1260 pressus
1070 1223 1106 1251 et
1128 1220 1231 1253 velut
1254 1219 1442 1264 applicitus
1464 1220 1520 1255 rei
1540 1221 1577 1264 4,
1601 1224 1639 1265 2,
1657 1252 1664 1265 ,

141 1265 220 1296 117.
260 1261 395 1295 nitor
417 1261 479 1295 ille
506 1262 651 1307 (habet)
679 1263 851 1296 cultum
878 1262 1023 1298 virilem
1047 1266 1112 1306 12,
1140 1267 1196 1308 10,
1224 1266 1297 1309 79,
1323 1271 1448 1300 noster
1463 1265 1530 1305 ,hic
1554 1268 1639 1301 culs.

140 1307 271 1342 clarius
304 1306 478 1342 enitescet
502 1311 543 1352 2,
575 1310 616 1351 5,
647 1310 705 1342 23.
753 1314 886 1353 quanto
920 1310 1001 1353 plus
1031 1309 1210 1345 nitoris
1242 1316 1279 1346 et
1309 1313 1457 1346 cultus
1490 1313 1644 1347 demon-

139 1354 319 1389 strativae.
335 1354 504 1389 materiae
532 1354 738 1399 permittant
762 1358 818 1397 11,
842 1358 876 1398 1,
901 1353 960 1390 48.
999 1355 1198 1391 actionibus
1218 1357 1394 1392 ‘adhibere
1420 1359 1500 1402 plus
1527 1361 1642 1394 cultus

139 1403 184 1444 2,
217 1403 281 1443 10,
315 1403 371 1434 11.
418 1401 479 1445 qui
504 1407 627 1435 carent
655 1403 791 1436 cultu
818 1407 889 1446 atq.
917 1402 1196 1438 sententiis
1222 1402 1405 1439 Atticis
1429 1407 1492 1448 10,
1516 1407 1558 1447 2,
1583 1408 1643 1440 17.

139 1446 283 1491 scripsit
308 1458 384 1481 non
414 1448 492 1482 sine
519 1449 649 1482 cultu
675 1459 717 1482 ac
740 1447 898 1482 nitore
923 1451 988 1491 10,
1017 1451 1060 1492 1,
1086 1447 1165 1484 124.
1209 1449 1292 1485 illos
1316 1451 1381 1495 vi,
1413 1451 1645 1496 sublimitate,
1699 1480 1706 1493 ,

140 1493 289 1538 impetu,
320 1495 430 1536 cultu,
458 1494 720 1539 compositione
743 1493 926 1538 superavit
953 1498 1009 1539 12,
1036 1497 1093 1539 10,
1121 1498 1179 1531 23.
1693 1488 1717 1543 ,ζ’

95 1537 217 1581 Cllm·
272 1554 502 1594 Praeposiu'o:
536 1551 598 1585 illa
621 1557 765 1587 servata
788 1557 843 1586 est
866 1563 888 1587 a
911 1552 1032 1587 multis
1059 1552 1282 1597 differentia,
1316 1558 1358 1588 ut
1379 1571 1428 1581 -—
1450 1564 1574 1598 cum,
1612 1553 1647 1590 si
1698 1546 1704 1556 ⁴

139 1603 281 1642 tempus
307 1597 523 1644 significaret
547 1609 614 1642 per
641 1599 672 1644 Q
708 1597 804 1643 (Sp.
832 1609 866 1643 q.
891 1610 928 1632 u.
954 1609 991 1633 o.
1018 1598 1106 1643 m.)‚
1141 1619 1188 1625 —
1215 1599 1247 1634 si
1272 1599 1439 1645 comitem
1461 1612 1529 1645 per
1550 1599 1580 1636 C
1602 1611 1647 1636 ao

141 1645 229 1677 duas
245 1644 477 1689 insequentes
505 1644 571 1688 (sic
597 1647 738 1689 Camp.
764 1647 915 1689 proxime
937 1647 984 1679 ad
1003 1653 1085 1690 opti.
1112 1647 1237 1688 Co‹l‹l.,·
1272 1658 1354 1691 quos
1377 1655 1510 1686 secutus
1607 1647 1645 1682 d.

144 1691 174 1723 U
193 1689 289 1735 seq.)
314 1690 532 1725 scriberetur
553 1694 586 1734 1,
611 1694 647 1734 7,
675 1693 697 1726 5
723 1693 760 1725 S.
790 1702 887 1725 cum
910 1691 1031 1726 notis
1055 1691 1267 1736 (deformiter
1289 1692 1402 1736 sonat)
1426 1693 1463 1736 8,
1481 1694 1517 1737 3,
1597 1693 1648 1727 N.

142 1735 177 1779 1)
207 1739 460 1770 societatem
494 1739 662 1782 quandam
685 1739 879 1780 significat.-
918 1739 1016 1771 solus
1049 1744 1110 1772 aut
1142 1744 1239 1772 certe
1267 1746 1348 1772 cum
1369 1737 1494 1784 paucis
1515 1737 1648 1772 fecisse

142 1784 186 1824 3,
215 1786 259 1825 7,
288 1783 342 1818 16.
383 1795 413 1817 c.
440 1782 580 1817 dicente
605 1795 719 1828 aeque
743 1783 948 1817 audientem
976 1783 1225 1818 inhorrescere
1249 1784 1292 1826 9,
1318 1783 1360 1826 4,
1389 1785 1475 1826 126;
1515 1783 1648 1831 singuli
1714 1807 1715 1810 =

143 1840 224 1862 cum
248 1829 348 1862 ferro
373 1829 534 1876 gladium
556 1830 736 1863 intrarunt
757 1828 792 1872 4,
819 1832 852 1873 2,
876 1833 934 1864 72.
975 1841 1007 1864 c.
1033 1830 1151 1877 gladio
1175 1835 1326 1864 cruento
1349 1832 1483 1873 ib'.13;
1512 1830 1650 1874 operiri

142 1875 333 1908 humerum
360 1887 441 1909 cum
463 1881 541 1910 toto
568 1877 691 1922 jugulo
718 1878 775 1918 11,
800 1877 834 1917 3,
861 1874 940 1909 141.
975 1877 1076 1920 cujus
1099 1876 1191 1910 ratio
1214 1882 1347 1910 mutata
1371 1887 1404 1911 c.
1426 1876 1648 1920 temporibus
1703 1916 1706 1918 v

145 1926 199 1955 est
224 1923 258 1963 1,
284 1921 318 1963 5,
346 1923 399 1957 19.
437 1921 625 1955 exordium
649 1927 790 1955 sumant
815 1933 847 1956 c.
874 1923 1033 1956 clausula
1059 1923 1093 1965 9,
1118 1921 1152 1966 4,
1177 1923 1235 1958 63.
1269 1928 1310 1956 ut
1331 1933 1459 1956 manus
1483 1934 1515 1958 c.
1539 1934 1650 1957 sensu

143 1972 180 2001 et
202 1966 380 2011 inciperet
404 1973 440 2002 et
463 1969 704 2012 deponeretur
729 1971 783 2010 11,
809 1970 844 2011 3,
870 1969 950 2003 106.
987 1968 1026 2002 1ιί
1052 1968 1180 2013 (sonus)
1205 1980 1237 2003 c.
1265 1969 1426 2016 augenda
1447 1968 1649 2004 intentione

145 2013 350 2056 excitandi,
393 2025 424 2048 c.
454 2014 706 2048 summittenda
732 2020 815 2048 sunt
839 2015 1065 2059 temperandi
1092 2017 1123 2048 ib
1158 2013 1218 2049 42.
1266 2026 1298 2050 c.
1324 2014 1569 2060 propositione
1592 2015 1652 2059 ju-
1705 2019 1708 2021 ’

145 2061 218 2094 dex
238 2059 375 2094 crimen
398 2066 505 2094 omne
525 2061 712 2107 cognoscit
732 2060 768 2104 4,
787 2063 823 2104 2,
842 2064 864 2095 7
884 2063 953 2102 N.;
987 2057 1202 2107 οἴναστροφὴ
1226 2077 1271 2086 -
1296 2060 1413 2107 qualia
1435 2065 1520 2099 sunt
1536 2063 1651 2110 *uulgo

144 2117 341 2149 mecum,
370 2117 526 2141 secum
548 2109 583 2151 8,
608 2108 643 2150 6,
667 2108 726 2142 65.
758 2106 1011 2143 nobiscum
1036 2121 1113 2152 opp.
1141 2119 1223 2141 cum
1248 2106 1326 2142 aliis
1345 2110 1402 2150 10,
1425 2109 1460 2151 5,
1484 2110 1518 2143 7.
1551 2109 1652 2153 qui-

145 2153 329 2186 buscum
356 2151 402 2196 4,
429 2156 472 2196 2,
500 2154 556 2188 86.
595 2153 783 2198 quicum
810 2156 872 2196 11,
897 2156 941 2197 2,
966 2154 1025 2189 38.
1099 2153 1150 2197 11)
1179 2155 1348 2187 modum
1372 2161 1405 2189 et
1429 2156 1651 2194 rationem

145 2197 283 2240 signifi.-
313 2210 394 2233 cum
418 2211 503 2233 cura
531 2201 573 2243 5,
600 2203 664 2243 10,
688 2201 749 2235 67.
786 2199 831 2242 qs.
862 2201 929 2243 10,
953 2200 998 2243 7,
1023 2200 1078 2235 29.
1127 2211 1160 2234 c.
1186 2199 1355 2235 convicio
1381 2198 1424 2243 4,
1451 2197 1493 2243 5,
1522 2201 1579 2235 10.
1618 2211 1649 2235 c.
1696 2209 1714 2222 μ

148 2246 302 2288 quadam
327 2245 539 2281 defensione
563 2247 603 2289 5,
633 2248 696 2290 13,
720 2247 779 2281 26.
818 2258 851 2281 c.
879 2245 1132 2290 deprecatione
1156 2249 1218 2289 11,
1244 2248 1385 2289 3,,171.
1424 2256 1455 2280 c.
1480 2244 1652 2293 dignitate
1695 2251 1701 2253 ’

146 2291 298 2324 actionis
324 2292 357 2334 5,
385 2294 439 2335 10,
465 2293 522 2327 54.
546 2292 599 2335 ecs.
626 2292 660 2336 4,
686 2296 722 2336 2,
745 2291 804 2328 64.
841 2304 872 2327 c.
892 2292 1063 2327 indecora
1087 2291 1309 2327 exultatione
1328 2294 1364 2335 2,
1386 2293 1424 2335 2,
1450 2293 1506 2326 12.
1541 2303 1574 2338 9.
1596 2292 1653 2337 fa-

145 2347 237 2371 vore
263 2347 304 2370 ac
330 2337 557 2373 solicitudine
575 2342 631 2382 10,
659 2342 691 2382 1,
718 2340 775 2374 16.
811 2339 951 2383 majore
976 2350 1008 2373 o.
1033 2339 1103 2373 fide
1131 2341 1187 2381 12,
1217 2340 1251 2380 1,
1277 2340 1332 2372 12.
1368 2348 1400 2371 c.
1426 2336 1540 2384 gratia
1563 2349 1654 2384 qua-
1686 2363 1707 2381 f,

147 2383 230 2415 dam
258 2389 293 2416 et
316 2394 452 2418 venere
474 2386 518 2429 6,
543 2388 584 2428 3,
615 2387 671 2420 18.
708 2397 741 2420 c.
766 2386 907 2420 honore
934 2383 970 2427 4,
997 2387 1030 2428 1,
1055 2387 1112 2418 11.
1152 2395 1183 2418 c.
1209 2383 1347 2418 invidia
1373 2384 1553 2419 caedentis
1569 2385 1654 2431 ,ola-
1674 2382 1712 2426 ’ἶέ’

146 2428 259 2462 mavit
286 2427 321 2470 4,
346 2433 380 2472 2,
409 2433 487 2465 113.
527 2431 572 2473 cs:
600 2434 656 2474 11,
682 2433 716 2474 3,
745 2433 822 2466 171.
860 2442 891 2465 c.
916 2429 1050 2474 judicio
1077 2432 1192 2475 1o‚,1,
1217 2431 1252 2465 8.
1295 2441 1326 2464 c.
1353 2429 1455 2464 firma
1478 2427 1655 2466 memoria
1676 2446 1711 2486 ,ἦ

149 2475 183 2516 5,
210 2476 265 2516 10,
294 2473 350 2508 54.
392 2486 424 2508 c.
450 2482 547 2510 metu
573 2480 628 2520 11,
652 2480 686 2521 3,
712 2478 771 2512 78.
799 2487 839 2510 c.
865 2477 974 2510 modo
1001 2474 1045 2519 4,
1071 2477 1112 2519 1,
1138 2477 1193 2511 16.
1229 2487 1260 2510 c.
1287 2477 1444 2521 quodam
1470 2482 1571 2511 motu
1594 2476 1652 2520 11,
1671 2474 1702 2503 ’“-“

150 2521 186 2562 3,
212 2522 290 2553 103.
328 2531 358 2553 c.
386 2521 588 2564 periculosa
605 2522 804 2568 potentium
829 2521 1028 2559 offensione
1048 2525 1082 2564 2,
1108 2524 1166 2564 20,
1192 2523 1226 2557 8.
1265 2533 1296 2556 c.
1326 2527 1455 2556 ornatu
1476 2523 1511 2564 8,
1533 2523 1568 2566 6,
1591 2523 1687 2564 61.,’

149 2577 181 2600 c.
207 2564 368 2609 periculo
392 2565 435 2608 4,
461 2570 500 2610 2,
524 2568 584 2602 44.
632 2581 664 2603 c.
694 2569 854 2613 pondere
882 2567 1002 2612 aliquo
1029 2569 1064 2610 6,
1093 2570 1126 2611 1,
1151 2570 1185 2601 2.
1237 2579 1269 2602 c.
1294 2567 1435 2602 ratione
1452 2568 1502 2610 9,
1529 2572 1568 2611 1,
1593 2568 1651 2603 11.
1672 2591 1674 2594 >
1693 2579 1702 2606 j

145 2621 180 2646 c.
205 2611 489 2655 reprehensione
515 2614 680 2649 diversae
699 2615 810 2658 partis
835 2617 891 2655 11,
917 2616 952 2656 3,
980 2613 1058 2648 165.
1094 2625 1125 2647 e.
1150 2613 1226 2647 risu
1246 2615 1280 2656 5,
1308 2615 1364 2656 10,
1386 2614 1443 2648 67.
1473 2614 1508 2656 6,
1533 2615 1569 2656 3,
1592 2616 1651 2649 21.
1683 2615 1693 2628 ’“

148 2659 184 2701 8,
212 2658 246 2699 6,
272 2658 328 2691 56.
367 2668 397 2691 c.
425 2668 515 2692 sono
544 2662 600 2702 11,
627 2663 661 2702 3,
691 2662 747 2695 53.
785 2671 816 2695 c.
840 2660 993 2693 stridore
1022 2662 1065 2692 ib.
1093 2661 1149 2694 55.
1187 2671 1227 2695 c.
1247 2659 1367 2693 taedio
1395 2657 1431 2702 4,
1459 2661 1493 2700 2,
1519 2658 1577 2693 44.
1619 2671 1685 2722 σιμ,

148 2704 252 2737 turba
275 2704 493 2737 laudantium
516 2705 559 2748 6,
582 2706 617 2745 4,
645 2707 680 2741 6.
718 2717 749 2740 c.
775 2705 885 2740 venia
910 2707 974 2747 10,
1003 2707 1043 2748 1,
1069 2707 1114 2741 72
1141 2706 1187 2739 Ν.
1220 2716 1252 2739 c.
1276 2715 1412 2739 summa
1433 2705 1568 2739 virtute
1595 2705 1671 2740 ina*

149 2749 353 2783 terfectoris
381 2756 416 2783 et
437 2750 553 2797 gloria
579 2750 702 2786 necari
724 2750 759 2794 4,
780 2752 819 2794 5,
848 2753 903 2786 15.
965 2750 1031 2794 ΠΙ)
1061 2765 1089 2786 c.
1117 2755 1273 2785 Pronum.
1304 2753 1326 2784 i.
1353 2763 1383 2795 ‹1-
1412 2763 1490 2794 pra
1501 2759 1655 2785 ereren

149 2799 204 2839 pel
233 2803 567 2840 praeterquam.-
606 2798 664 2831 cui
700 2802 897 2831 eta-ectus
934 2798 1046 2840 ordo,
1083 2802 1128 2832 et
1157 2803 1237 2841 apta
1262 2796 1446 2840 junctura,
1483 2801 1529 2832 et
1555 2800 1655 2831 cum
1695 2837 1703 2840 ,

148 2842 223 2876 his
250 2853 418 2877 numerus
446 2849 648 2888 opportune
677 2843 811 2878 cadens
838 2841 1011 2891 contingit
1037 2844 1077 2887 9,
1106 2841 1152 2887 4,
1181 2846 1227 2878 27
1237 2854 1246 2886 ;
1289 2853 1383 2877 cum
1411 2852 1465 2877 eo
1497 2842 1653 2888 quidem,
1718 2884 1719 2889 ¹
