<?xml version="1.0" encoding="UTF-8"?>
<!DOCTYPE html PUBLIC "-//W3C//DTD XHTML 1.0 Transitional//EN"
    "http://www.w3.org/TR/xhtml1/DTD/xhtml1-transitional.dtd">
<html xmlns="http://www.w3.org/1999/xhtml" xml:lang="en" lang="en">
 <head>
  <title>
</title>
<meta http-equiv="Content-Type" content="text/html;charset=utf-8" />
  <meta name='ocr-system' content='tesseract 3.04.00' />
  <meta name='ocr-capabilities' content='ocr_page ocr_carea ocr_par ocr_line ocrx_word'/>
</head>
<body>
  <div class='ocr_page' id='page_1' title='image "./lexiconquintilia06bonnuoft/lexiconquintilia06bonnuoft_0419.png"; bbox 0 0 1728 3002; ppageno 0'>
   <div class='ocr_carea' id='block_1_1' title="bbox 655 157 1552 217">
    <p class='ocr_par' dir='ltr' id='par_1_1' title="bbox 655 157 1552 217">
     <span class='ocr_line' id='line_1_1' title="bbox 655 157 1552 217; baseline 0 -17"><span class='ocrx_word' id='word_1_1' title='bbox 655 210 667 217; x_wconf 57' lang='lat'>.</span> <span class='ocrx_word' id='word_1_2' title='bbox 720 157 848 201; x_wconf 82' lang='lat' dir='ltr'>Facio</span> <span class='ocrx_word' id='word_1_3' title='bbox 1472 160 1552 201; x_wconf 85' lang='grc'>327</span> 
     </span>
    </p>
   </div>
   <div class='ocr_carea' id='block_1_2' title="bbox 19 259 1550 319">
    <p class='ocr_par' dir='ltr' id='par_1_2' title="bbox 19 259 1550 319">
     <span class='ocr_line' id='line_1_2' title="bbox 19 259 1550 319; baseline -0.004 -6"><span class='ocrx_word' id='word_1_4' title='bbox 19 294 24 301; x_wconf 49' lang='lat'><em>⁷</em></span> <span class='ocrx_word' id='word_1_5' title='bbox 65 277 155 313; x_wconf 77' lang='lat' dir='ltr'>sunt</span> <span class='ocrx_word' id='word_1_6' title='bbox 174 272 452 312; x_wconf 70' lang='lat' dir='ltr'>innumerabiles</span> <span class='ocrx_word' id='word_1_7' title='bbox 478 272 617 319; x_wconf 68' lang='lat' dir='ltr'>speeies</span> <span class='ocrx_word' id='word_1_8' title='bbox 641 259 677 317; x_wconf 78' lang='grc'>’8,</span> <span class='ocrx_word' id='word_1_9' title='bbox 699 274 735 317; x_wconf 83' lang='grc'>6,</span> <span class='ocrx_word' id='word_1_10' title='bbox 759 274 818 308; x_wconf 83' lang='lat'>25.</span> <span class='ocrx_word' id='word_1_11' title='bbox 849 271 894 314; x_wconf 70' lang='lat' dir='ltr'>os.</span> <span class='ocrx_word' id='word_1_12' title='bbox 922 275 957 315; x_wconf 88' lang='lat'>7,</span> <span class='ocrx_word' id='word_1_13' title='bbox 985 274 1017 315; x_wconf 87' lang='lat'>1,</span> <span class='ocrx_word' id='word_1_14' title='bbox 1044 271 1101 308; x_wconf 80' lang='lat'>54.</span> <span class='ocrx_word' id='word_1_15' title='bbox 1128 272 1207 315; x_wconf 73' lang='lat'>7,9,¹</span> <span class='ocrx_word' id='word_1_16' title='bbox 1225 271 1279 306; x_wconf 73' lang='lat'>14.</span> <span class='ocrx_word' id='word_1_17' title='bbox 1304 271 1342 306; x_wconf 80' lang='lat' dir='ltr'>td</span> <span class='ocrx_word' id='word_1_18' title='bbox 1369 273 1550 317; x_wconf 70' lang='lat' dir='ltr'>quomodo</span> 
     </span>
    </p>
   </div>
   <div class='ocr_carea' id='block_1_3' title="bbox 0 318 1550 415">
    <p class='ocr_par' dir='ltr' id='par_1_3' title="bbox 0 318 1550 415">
     <span class='ocr_line' id='line_1_3' title="bbox 0 318 1550 372; baseline -0.003 -16"><span class='ocrx_word' id='word_1_19' title='bbox 0 336 3 338; x_wconf 94' lang='lat'>·</span> <span class='ocrx_word' id='word_1_20' title='bbox 66 319 292 368; x_wconf 44' lang='lat' dir='ltr'>(uunquam)</span> <span class='ocrx_word' id='word_1_21' title='bbox 316 320 486 355; x_wconf 84' lang='lat' dir='ltr'>decenter</span> <span class='ocrx_word' id='word_1_22' title='bbox 506 319 585 354; x_wconf 85' lang='lat' dir='ltr'>fieri</span> <span class='ocrx_word' id='word_1_23' title='bbox 606 318 721 365; x_wconf 78' lang='lat' dir='ltr'><strong>possit</strong></span> <span class='ocrx_word' id='word_1_24' title='bbox 741 319 911 366; x_wconf 73' lang='lat'>11,1‚79.</span> <span class='ocrx_word' id='word_1_25' title='bbox 938 319 1008 353; x_wconf 83' lang='grc'><strong>1100</strong></span> <span class='ocrx_word' id='word_1_26' title='bbox 1023 329 1097 353; x_wconf 89' lang='grc'><strong>11011</strong></span> <span class='ocrx_word' id='word_1_27' title='bbox 1111 318 1182 353; x_wconf 82' lang='lat' dir='ltr'>alio</span> <span class='ocrx_word' id='word_1_28' title='bbox 1204 319 1313 352; x_wconf 90' lang='lat' dir='ltr'>modo</span> <span class='ocrx_word' id='word_1_29' title='bbox 1336 318 1414 353; x_wconf 85' lang='lat' dir='ltr'>fieri</span> <span class='ocrx_word' id='word_1_30' title='bbox 1431 324 1550 372; x_wconf 71' lang='lat' dir='ltr'>potest</span> 
     </span>
     <span class='ocr_line' id='line_1_4' title="bbox 0 363 1548 415; baseline -0.004 -10"><span class='ocrx_word' id='word_1_31' title='bbox 0 380 9 396; x_wconf 70' lang='lat'>=</span> <span class='ocrx_word' id='word_1_32' title='bbox 65 370 103 415; x_wconf 84' lang='lat'>5,</span> <span class='ocrx_word' id='word_1_33' title='bbox 126 370 164 413; x_wconf 86' lang='lat'>7,</span> <span class='ocrx_word' id='word_1_34' title='bbox 194 370 252 403; x_wconf 86' lang='lat'>17.</span> <span class='ocrx_word' id='word_1_35' title='bbox 277 377 321 402; x_wconf 84' lang='lat' dir='ltr'>ea</span> <span class='ocrx_word' id='word_1_36' title='bbox 348 364 498 411; x_wconf 74' lang='lat' dir='ltr'>(figura)</span> <span class='ocrx_word' id='word_1_37' title='bbox 530 375 605 400; x_wconf 86' lang='lat' dir='ltr'>non</span> <span class='ocrx_word' id='word_1_38' title='bbox 627 375 701 400; x_wconf 88' lang='lat' dir='ltr'>uno</span> <span class='ocrx_word' id='word_1_39' title='bbox 727 365 836 399; x_wconf 90' lang='lat' dir='ltr'>modo</span> <span class='ocrx_word' id='word_1_40' title='bbox 859 364 938 399; x_wconf 88' lang='lat' dir='ltr'>fieri</span> <span class='ocrx_word' id='word_1_41' title='bbox 962 365 1054 399; x_wconf 73' lang='lat' dir='ltr'>nolet</span> <span class='ocrx_word' id='word_1_42' title='bbox 1080 366 1115 410; x_wconf 91' lang='lat'>9,</span> <span class='ocrx_word' id='word_1_43' title='bbox 1133 367 1168 408; x_wconf 85' lang='lat'>3,</span> <span class='ocrx_word' id='word_1_44' title='bbox 1188 364 1246 399; x_wconf 87' lang='lat'>66.</span> <span class='ocrx_word' id='word_1_45' title='bbox 1271 363 1316 406; x_wconf 78' lang='lat' dir='ltr'>cs.</span> <span class='ocrx_word' id='word_1_46' title='bbox 1342 367 1385 399; x_wconf 78' lang='lat' dir='ltr'>ib.</span> <span class='ocrx_word' id='word_1_47' title='bbox 1407 365 1464 400; x_wconf 85' lang='grc'>81.</span> <span class='ocrx_word' id='word_1_48' title='bbox 1485 366 1548 399; x_wconf 71' lang='grc'><strong>11111</strong></span> 
     </span>
    </p>
   </div>
   <div class='ocr_carea' id='block_1_4' title="bbox 8 406 1548 1510">
    <p class='ocr_par' dir='ltr' id='par_1_4' title="bbox 8 406 1548 734">
     <span class='ocr_line' id='line_1_5' title="bbox 19 406 1548 460; baseline -0.003 -10"><span class='ocrx_word' id='word_1_49' title='bbox 19 406 21 410; x_wconf 38' lang='lat'><em>⁴</em></span> <span class='ocrx_word' id='word_1_50' title='bbox 63 426 87 450; x_wconf 74' lang='lat' dir='ltr'>a</span> <span class='ocrx_word' id='word_1_51' title='bbox 110 425 153 450; x_wconf 86' lang='lat' dir='ltr'>re</span> <span class='ocrx_word' id='word_1_52' title='bbox 183 411 357 460; x_wconf 50' lang='lat' dir='ltr'>digressio</span> <span class='ocrx_word' id='word_1_53' title='bbox 388 411 548 456; x_wconf 79' lang='lat' dir='ltr'><strong>plurimis</strong></span> <span class='ocrx_word' id='word_1_54' title='bbox 575 411 617 445; x_wconf 86' lang='lat' dir='ltr'>fit</span> <span class='ocrx_word' id='word_1_55' title='bbox 638 410 754 446; x_wconf 84' lang='lat' dir='ltr'>modis</span> <span class='ocrx_word' id='word_1_56' title='bbox 777 413 819 454; x_wconf 88' lang='grc'>9,</span> <span class='ocrx_word' id='word_1_57' title='bbox 847 413 882 454; x_wconf 87' lang='grc'>2,</span> <span class='ocrx_word' id='word_1_58' title='bbox 900 410 957 446; x_wconf 84' lang='grc'>56.</span> <span class='ocrx_word' id='word_1_59' title='bbox 993 410 1037 453; x_wconf 86' lang='lat' dir='ltr'>cs.</span> <span class='ocrx_word' id='word_1_60' title='bbox 1066 411 1101 454; x_wconf 92' lang='grc'>8,</span> <span class='ocrx_word' id='word_1_61' title='bbox 1128 411 1164 453; x_wconf 98' lang='grc'>6,</span> <span class='ocrx_word' id='word_1_62' title='bbox 1183 410 1240 445; x_wconf 91' lang='grc'>68.</span> <span class='ocrx_word' id='word_1_63' title='bbox 1262 410 1300 444; x_wconf 90' lang='lat' dir='ltr'>id</span> <span class='ocrx_word' id='word_1_64' title='bbox 1322 409 1401 445; x_wconf 85' lang='lat' dir='ltr'>fieri</span> <span class='ocrx_word' id='word_1_65' title='bbox 1423 415 1548 445; x_wconf 83' lang='lat' dir='ltr'>natura</span> 
     </span>
     <span class='ocr_line' id='line_1_6' title="bbox 17 456 1545 505; baseline -0.005 -9"><span class='ocrx_word' id='word_1_66' title='bbox 17 459 19 462; x_wconf 77' lang='grc'><strong>’</strong></span> <span class='ocrx_word' id='word_1_67' title='bbox 66 462 144 505; x_wconf 82' lang='lat'>1,5,</span> <span class='ocrx_word' id='word_1_68' title='bbox 152 461 210 495; x_wconf 88' lang='lat'>70.</span> <span class='ocrx_word' id='word_1_69' title='bbox 234 458 332 505; x_wconf 79' lang='lat' dir='ltr'>prius</span> <span class='ocrx_word' id='word_1_70' title='bbox 346 457 386 492; x_wconf 87' lang='lat' dir='ltr'>fit</span> <span class='ocrx_word' id='word_1_71' title='bbox 408 469 520 505; x_wconf 79' lang='lat' dir='ltr'>genus</span> <span class='ocrx_word' id='word_1_72' title='bbox 538 459 747 502; x_wconf 79' lang='lat' dir='ltr'>plerumque</span> <span class='ocrx_word' id='word_1_73' title='bbox 764 456 976 492; x_wconf 78' lang='lat' dir='ltr'>continuatis</span> <span class='ocrx_word' id='word_1_74' title='bbox 995 456 1284 491; x_wconf 74' lang='lat' dir='ltr'><strong>translationibus</strong></span> <span class='ocrx_word' id='word_1_75' title='bbox 1308 457 1409 498; x_wconf 82' lang='lat' dir='ltr'>(haec</span> <span class='ocrx_word' id='word_1_76' title='bbox 1425 459 1545 500; x_wconf 77' lang='lat' dir='ltr'>omnia,</span> 
     </span>
     <span class='ocr_line' id='line_1_7' title="bbox 38 499 1546 551; baseline -0.002 -12"><span class='ocrx_word' id='word_1_77' title='bbox 38 510 42 511; x_wconf 51' lang='lat'><em>⁷</em></span> <span class='ocrx_word' id='word_1_78' title='bbox 218 504 341 551; x_wconf 88' lang='lat' dir='ltr'>prius,</span> <span class='ocrx_word' id='word_1_79' title='bbox 368 505 396 539; x_wconf 89' lang='lat' dir='ltr'><em>S</em></span> <span class='ocrx_word' id='word_1_80' title='bbox 402 517 438 548; x_wconf 81' lang='lat' dir='ltr'>p·</span> <span class='ocrx_word' id='word_1_81' title='bbox 465 501 548 548; x_wconf 82' lang='lat' dir='ltr'>om.)</span> <span class='ocrx_word' id='word_1_82' title='bbox 579 503 622 546; x_wconf 87' lang='lat'>8,</span> <span class='ocrx_word' id='word_1_83' title='bbox 645 504 681 545; x_wconf 90' lang='lat'>6,</span> <span class='ocrx_word' id='word_1_84' title='bbox 708 502 756 537; x_wconf 81' lang='lat'>44</span> <span class='ocrx_word' id='word_1_85' title='bbox 780 507 824 538; x_wconf 94' lang='grc' dir='ltr'>Ζ.</span> <span class='ocrx_word' id='word_1_86' title='bbox 850 509 886 538; x_wconf 83' lang='grc'>01</span> <span class='ocrx_word' id='word_1_87' title='bbox 909 504 1015 537; x_wconf 88' lang='lat' dir='ltr'>rebus</span> <span class='ocrx_word' id='word_1_88' title='bbox 1042 503 1081 537; x_wconf 90' lang='lat' dir='ltr'>fit</span> <span class='ocrx_word' id='word_1_89' title='bbox 1113 509 1149 538; x_wconf 92' lang='lat' dir='ltr'>et</span> <span class='ocrx_word' id='word_1_90' title='bbox 1178 502 1300 538; x_wconf 84' lang='lat' dir='ltr'>verbis</span> <span class='ocrx_word' id='word_1_91' title='bbox 1323 499 1546 548; x_wconf 73' lang='grc' dir='ltr'>(ὕπερβολή)</span> 
     </span>
     <span class='ocr_line' id='line_1_8' title="bbox 63 548 1545 596; baseline -0.003 -9"><span class='ocrx_word' id='word_1_92' title='bbox 63 553 101 596; x_wconf 89' lang='grc'>9,</span> <span class='ocrx_word' id='word_1_93' title='bbox 117 554 154 595; x_wconf 87' lang='grc'>1,</span> <span class='ocrx_word' id='word_1_94' title='bbox 168 551 204 587; x_wconf 93' lang='grc'>5.</span> <span class='ocrx_word' id='word_1_95' title='bbox 238 549 285 593; x_wconf 68' lang='lat' dir='ltr'>qs.</span> <span class='ocrx_word' id='word_1_96' title='bbox 305 551 349 594; x_wconf 89' lang='grc'>9,</span> <span class='ocrx_word' id='word_1_97' title='bbox 373 551 415 593; x_wconf 81' lang='grc'>3,</span> <span class='ocrx_word' id='word_1_98' title='bbox 435 552 494 585; x_wconf 87' lang='grc'>77.</span> <span class='ocrx_word' id='word_1_99' title='bbox 530 554 567 584; x_wconf 88' lang='lat' dir='ltr'>et</span> <span class='ocrx_word' id='word_1_100' title='bbox 589 548 741 594; x_wconf 83' lang='lat' dir='ltr'>propriis</span> <span class='ocrx_word' id='word_1_101' title='bbox 763 548 885 584; x_wconf 79' lang='lat' dir='ltr'>verbis</span> <span class='ocrx_word' id='word_1_102' title='bbox 910 555 945 583; x_wconf 91' lang='lat' dir='ltr'>et</span> <span class='ocrx_word' id='word_1_103' title='bbox 974 549 1099 584; x_wconf 86' lang='lat' dir='ltr'>ordine</span> <span class='ocrx_word' id='word_1_104' title='bbox 1123 549 1308 583; x_wconf 80' lang='lat' dir='ltr'>collocatis</span> <span class='ocrx_word' id='word_1_105' title='bbox 1330 549 1442 596; x_wconf 79' lang='lat' dir='ltr'>figura</span> <span class='ocrx_word' id='word_1_106' title='bbox 1467 548 1545 583; x_wconf 86' lang='lat' dir='ltr'>fieri</span> 
     </span>
     <span class='ocr_line' id='line_1_9' title="bbox 8 594 1544 644; baseline -0.001 -12"><span class='ocrx_word' id='word_1_107' title='bbox 8 599 11 604; x_wconf 78' lang='grc'>’</span> <span class='ocrx_word' id='word_1_108' title='bbox 62 601 183 642; x_wconf 75' lang='lat' dir='ltr'>potest</span> <span class='ocrx_word' id='word_1_109' title='bbox 201 597 239 640; x_wconf 94' lang='lat'>9,</span> <span class='ocrx_word' id='word_1_110' title='bbox 263 595 466 640; x_wconf 67' lang='lat' dir='ltr'>1,‘7.&#39;fiunt</span> <span class='ocrx_word' id='word_1_111' title='bbox 489 601 526 630; x_wconf 90' lang='lat' dir='ltr'>et</span> <span class='ocrx_word' id='word_1_112' title='bbox 547 594 695 644; x_wconf 82' lang='lat' dir='ltr'>singulis</span> <span class='ocrx_word' id='word_1_113' title='bbox 720 595 841 630; x_wconf 84' lang='lat' dir='ltr'>verbis</span> <span class='ocrx_word' id='word_1_114' title='bbox 867 595 980 629; x_wconf 83' lang='lat' dir='ltr'>incisa</span> <span class='ocrx_word' id='word_1_115' title='bbox 1001 597 1038 639; x_wconf 90' lang='grc'>9,</span> <span class='ocrx_word' id='word_1_116' title='bbox 1055 594 1090 638; x_wconf 94' lang='grc'>4,</span> <span class='ocrx_word' id='word_1_117' title='bbox 1107 598 1185 630; x_wconf 92' lang='grc'><strong>122.</strong></span> <span class='ocrx_word' id='word_1_118' title='bbox 1206 595 1242 629; x_wconf 90' lang='lat' dir='ltr'>id</span> <span class='ocrx_word' id='word_1_119' title='bbox 1266 595 1327 629; x_wconf 86' lang='lat' dir='ltr'>fiet</span> <span class='ocrx_word' id='word_1_120' title='bbox 1350 594 1544 630; x_wconf 82' lang='lat' dir='ltr'>memoriae</span> 
     </span>
     <span class='ocr_line' id='line_1_10' title="bbox 66 640 1544 688; baseline -0.002 -11"><span class='ocrx_word' id='word_1_121' title='bbox 66 642 215 686; x_wconf 68' lang='lat' dir='ltr'>viribus,</span> <span class='ocrx_word' id='word_1_122' title='bbox 237 647 284 677; x_wconf 85' lang='lat' dir='ltr'>ut</span> <span class='ocrx_word' id='word_1_123' title='bbox 308 648 370 678; x_wconf 81' lang='lat' dir='ltr'>etc.</span> <span class='ocrx_word' id='word_1_124' title='bbox 396 643 453 686; x_wconf 87' lang='grc'>10,</span> <span class='ocrx_word' id='word_1_125' title='bbox 468 641 561 684; x_wconf 87' lang='grc'><strong>6,6;</strong></span> <span class='ocrx_word' id='word_1_126' title='bbox 585 643 682 687; x_wconf 80' lang='lat' dir='ltr'>quod</span> <span class='ocrx_word' id='word_1_127' title='bbox 710 641 746 675; x_wconf 81' lang='lat' dir='ltr'>fit</span> <span class='ocrx_word' id='word_1_128' title='bbox 769 647 882 676; x_wconf 88' lang='lat' dir='ltr'>totum</span> <span class='ocrx_word' id='word_1_129' title='bbox 903 641 1077 688; x_wconf 78' lang='lat' dir='ltr'>fingendis</span> <span class='ocrx_word' id='word_1_130' title='bbox 1103 659 1149 666; x_wconf 94' lang='lat'>——</span> <span class='ocrx_word' id='word_1_131' title='bbox 1168 640 1457 686; x_wconf 76' lang='lat' dir='ltr'>persuasionibus</span> <span class='ocrx_word' id='word_1_132' title='bbox 1481 649 1544 675; x_wconf 76' lang='lat' dir='ltr'>etc.</span> 
     </span>
     <span class='ocr_line' id='line_1_11' title="bbox 64 686 1266 734; baseline -0.002 -9"><span class='ocrx_word' id='word_1_133' title='bbox 64 690 101 734; x_wconf 81' lang='lat'>6,</span> <span class='ocrx_word' id='word_1_134' title='bbox 122 690 161 734; x_wconf 73' lang='grc'>3,</span> <span class='ocrx_word' id='word_1_135' title='bbox 186 688 246 724; x_wconf 87' lang='grc'>89.</span> <span class='ocrx_word' id='word_1_136' title='bbox 271 687 361 734; x_wconf 77' lang='lat' dir='ltr'>alios</span> <span class='ocrx_word' id='word_1_137' title='bbox 384 687 621 722; x_wconf 76' lang='lat' dir='ltr'>barbarismos</span> <span class='ocrx_word' id='word_1_138' title='bbox 644 699 659 721; x_wconf 87' lang='lat' dir='ltr'>s</span> <span class='ocrx_word' id='word_1_139' title='bbox 684 687 833 722; x_wconf 84' lang='lat' dir='ltr'>ribendo</span> <span class='ocrx_word' id='word_1_140' title='bbox 861 687 939 721; x_wconf 87' lang='lat' dir='ltr'>fieri</span> <span class='ocrx_word' id='word_1_141' title='bbox 965 690 999 730; x_wconf 92' lang='lat'>1,</span> <span class='ocrx_word' id='word_1_142' title='bbox 1027 688 1061 730; x_wconf 89' lang='lat'>5,</span> <span class='ocrx_word' id='word_1_143' title='bbox 1089 687 1125 723; x_wconf 91' lang='grc'>6.</span> <span class='ocrx_word' id='word_1_144' title='bbox 1161 686 1206 729; x_wconf 82' lang='lat' dir='ltr'>cs.</span> <span class='ocrx_word' id='word_1_145' title='bbox 1230 688 1266 724; x_wconf 87' lang='grc'>9.</span> 
     </span>
    </p>

    <p class='ocr_par' dir='ltr' id='par_1_5' title="bbox 30 732 1545 1373">
     <span class='ocr_line' id='line_1_12' title="bbox 152 732 1544 779; baseline -0.001 -11"><span class='ocrx_word' id='word_1_146' title='bbox 152 735 199 777; x_wconf 77' lang='grc' dir='ltr'>η)</span> <span class='ocrx_word' id='word_1_147' title='bbox 218 734 288 779; x_wconf 77' lang='lat' dir='ltr'>adj.</span> <span class='ocrx_word' id='word_1_148' title='bbox 310 746 409 777; x_wconf 80' lang='lat' dir='ltr'>per.-</span> <span class='ocrx_word' id='word_1_149' title='bbox 445 733 540 779; x_wconf 84' lang='lat' dir='ltr'>quod</span> <span class='ocrx_word' id='word_1_150' title='bbox 566 733 606 768; x_wconf 81' lang='lat' dir='ltr'>fit</span> <span class='ocrx_word' id='word_1_151' title='bbox 631 745 713 779; x_wconf 86' lang='lat' dir='ltr'>per</span> <span class='ocrx_word' id='word_1_152' title='bbox 736 733 972 778; x_wconf 80' lang='lat' dir='ltr'>adjectionem</span> <span class='ocrx_word' id='word_1_153' title='bbox 992 734 1030 776; x_wconf 87' lang='grc'>9,</span> <span class='ocrx_word' id='word_1_154' title='bbox 1044 735 1079 776; x_wconf 83' lang='lat'>3,</span> <span class='ocrx_word' id='word_1_155' title='bbox 1090 734 1147 768; x_wconf 79' lang='lat'>28.</span> <span class='ocrx_word' id='word_1_156' title='bbox 1173 734 1212 767; x_wconf 83' lang='lat' dir='ltr'>fit</span> <span class='ocrx_word' id='word_1_157' title='bbox 1234 732 1442 779; x_wconf 79' lang='lat' dir='ltr'>ambiguitas</span> <span class='ocrx_word' id='word_1_158' title='bbox 1463 743 1544 777; x_wconf 87' lang='lat' dir='ltr'>per</span> 
     </span>
     <span class='ocr_line' id='line_1_13' title="bbox 30 778 1544 826; baseline 0.001 -16"><span class='ocrx_word' id='word_1_159' title='bbox 30 807 32 810; x_wconf 81' lang='grc'>,</span> <span class='ocrx_word' id='word_1_160' title='bbox 59 784 227 822; x_wconf 55' lang='grc' dir='ltr'>ΜΦ·-</span> <span class='ocrx_word' id='word_1_161' title='bbox 246 789 330 824; x_wconf 81' lang='lat' dir='ltr'>per</span> <span class='ocrx_word' id='word_1_162' title='bbox 351 778 624 814; x_wconf 74' lang='lat' dir='ltr'>oouooaffonem</span> <span class='ocrx_word' id='word_1_163' title='bbox 646 782 680 823; x_wconf 92' lang='lat'>7,</span> <span class='ocrx_word' id='word_1_164' title='bbox 692 781 727 820; x_wconf 90' lang='lat'>9,</span> <span class='ocrx_word' id='word_1_165' title='bbox 743 780 777 815; x_wconf 90' lang='grc'>6.</span> <span class='ocrx_word' id='word_1_166' title='bbox 806 791 897 825; x_wconf 74' lang='lat' dir='ltr'>quae</span> <span class='ocrx_word' id='word_1_167' title='bbox 921 790 1000 824; x_wconf 89' lang='lat' dir='ltr'>per</span> <span class='ocrx_word' id='word_1_168' title='bbox 1022 778 1276 814; x_wconf 74' lang='lat' dir='ltr'>detractionem</span> <span class='ocrx_word' id='word_1_169' title='bbox 1299 780 1388 813; x_wconf 87' lang='lat' dir='ltr'>fiunt</span> <span class='ocrx_word' id='word_1_170' title='bbox 1409 779 1544 826; x_wconf 84' lang='lat' dir='ltr'>figurae</span> 
     </span>
     <span class='ocr_line' id='line_1_14' title="bbox 61 824 1544 870; baseline -0.003 -8"><span class='ocrx_word' id='word_1_171' title='bbox 61 827 107 870; x_wconf 81' lang='lat'>9,</span> <span class='ocrx_word' id='word_1_172' title='bbox 130 826 176 870; x_wconf 78' lang='grc'>3,</span> <span class='ocrx_word' id='word_1_173' title='bbox 200 826 256 860; x_wconf 85' lang='grc'>58.</span> <span class='ocrx_word' id='word_1_174' title='bbox 288 824 328 859; x_wconf 82' lang='lat' dir='ltr'>fit</span> <span class='ocrx_word' id='word_1_175' title='bbox 355 836 421 870; x_wconf 87' lang='lat' dir='ltr'>per</span> <span class='ocrx_word' id='word_1_176' title='bbox 441 825 581 860; x_wconf 82' lang='lat' dir='ltr'>flexum</span> <span class='ocrx_word' id='word_1_177' title='bbox 602 826 697 860; x_wconf 90' lang='lat' dir='ltr'>idem</span> <span class='ocrx_word' id='word_1_178' title='bbox 722 829 759 869; x_wconf 91' lang='lat'>7,</span> <span class='ocrx_word' id='word_1_179' title='bbox 774 826 810 869; x_wconf 90' lang='lat'>9,</span> <span class='ocrx_word' id='word_1_180' title='bbox 834 828 869 861; x_wconf 91' lang='grc'>8.</span> <span class='ocrx_word' id='word_1_181' title='bbox 898 824 1151 859; x_wconf 83' lang='lat' dir='ltr'>barbarismum</span> <span class='ocrx_word' id='word_1_182' title='bbox 1173 825 1251 860; x_wconf 89' lang='lat' dir='ltr'>fieri</span> <span class='ocrx_word' id='word_1_183' title='bbox 1305 835 1544 860; x_wconf 86' lang='lat' dir='ltr'>er.numeros</span> 
     </span>
     <span class='ocr_line' id='line_1_15' title="bbox 64 871 1384 915; baseline -0.002 -8"><span class='ocrx_word' id='word_1_184' title='bbox 64 873 103 915; x_wconf 82' lang='grc'>1,·</span> <span class='ocrx_word' id='word_1_185' title='bbox 125 871 160 912; x_wconf 85' lang='grc'>5,</span> <span class='ocrx_word' id='word_1_186' title='bbox 186 871 243 907; x_wconf 85' lang='grc'>16.</span> <span class='ocrx_word' id='word_1_187' title='bbox 266 881 354 915; x_wconf 79' lang='lat' dir='ltr'>quas</span> <span class='ocrx_word' id='word_1_188' title='bbox 379 882 447 915; x_wconf 88' lang='lat' dir='ltr'>per</span> <span class='ocrx_word' id='word_1_189' title='bbox 465 871 775 906; x_wconf 81' lang='lat' dir='ltr'>ratiocinationem</span> <span class='ocrx_word' id='word_1_190' title='bbox 796 871 873 907; x_wconf 88' lang='lat' dir='ltr'>fieri</span> <span class='ocrx_word' id='word_1_191' title='bbox 897 871 1185 915; x_wconf 86' lang='lat' dir='ltr'>amplificationes</span> <span class='ocrx_word' id='word_1_192' title='bbox 1210 873 1246 914; x_wconf 88' lang='grc'>8,</span> <span class='ocrx_word' id='word_1_193' title='bbox 1294 897 1305 914; x_wconf 93' lang='grc'>,</span> <span class='ocrx_word' id='word_1_194' title='bbox 1327 871 1384 906; x_wconf 90' lang='grc'>15.</span> 
     </span>
     <span class='ocr_line' id='line_1_16' title="bbox 74 914 1545 962; baseline 0 -12"><span class='ocrx_word' id='word_1_195' title='bbox 74 933 77 940; x_wconf 61' lang='lat'><em>2</em></span> <span class='ocrx_word' id='word_1_196' title='bbox 155 915 206 960; x_wconf 76' lang='grc' dir='ltr'>θ)</span> <span class='ocrx_word' id='word_1_197' title='bbox 239 917 310 960; x_wconf 76' lang='lat' dir='ltr'>adj.</span> <span class='ocrx_word' id='word_1_198' title='bbox 334 929 407 960; x_wconf 85' lang='lat' dir='ltr'>ex,</span> <span class='ocrx_word' id='word_1_199' title='bbox 433 924 493 950; x_wconf 70' lang='lat' dir='ltr'>aut</span> <span class='ocrx_word' id='word_1_200' title='bbox 515 919 565 951; x_wconf 81' lang='lat' dir='ltr'>de</span> <span class='ocrx_word' id='word_1_201' title='bbox 579 932 591 953; x_wconf 89' lang='lat'>.·</span> <span class='ocrx_word' id='word_1_202' title='bbox 626 928 681 952; x_wconf 78' lang='lat' dir='ltr'>ex</span> <span class='ocrx_word' id='word_1_203' title='bbox 702 917 831 962; x_wconf 85' lang='lat' dir='ltr'>quibus</span> <span class='ocrx_word' id='word_1_204' title='bbox 854 918 933 953; x_wconf 81' lang='lat' dir='ltr'>fere</span> <span class='ocrx_word' id='word_1_205' title='bbox 954 918 1043 951; x_wconf 90' lang='lat' dir='ltr'>fiunt</span> <span class='ocrx_word' id='word_1_206' title='bbox 1065 918 1109 959; x_wconf 87' lang='lat' dir='ltr'>(a.</span> <span class='ocrx_word' id='word_1_207' title='bbox 1123 922 1145 953; x_wconf 70' lang='lat'>1.</span> <span class='ocrx_word' id='word_1_208' title='bbox 1157 921 1248 957; x_wconf 68' lang='lat' dir='ltr'>sunt&gt;</span> <span class='ocrx_word' id='word_1_209' title='bbox 1272 928 1363 961; x_wconf 82' lang='lat' dir='ltr'>quae</span> <span class='ocrx_word' id='word_1_210' title='bbox 1386 914 1545 960; x_wconf 66' lang='grc' dir='ltr'><strong><em>τρίπωλα</em></strong></span> 
     </span>
     <span class='ocr_line' id='line_1_17' title="bbox 64 961 1545 1008; baseline 0 -12"><span class='ocrx_word' id='word_1_211' title='bbox 64 963 188 997; x_wconf 78' lang='grc'><strong>(11011111</strong></span> <span class='ocrx_word' id='word_1_212' title='bbox 203 962 241 1005; x_wconf 88' lang='grc'>9,</span> <span class='ocrx_word' id='word_1_213' title='bbox 250 964 286 1004; x_wconf 84' lang='grc'>3,</span> <span class='ocrx_word' id='word_1_214' title='bbox 295 965 354 996; x_wconf 88' lang='grc'>77.</span> <span class='ocrx_word' id='word_1_215' title='bbox 374 961 415 996; x_wconf 84' lang='lat' dir='ltr'>fit</span> <span class='ocrx_word' id='word_1_216' title='bbox 438 973 494 996; x_wconf 88' lang='lat' dir='ltr'>ex</span> <span class='ocrx_word' id='word_1_217' title='bbox 515 962 571 997; x_wconf 90' lang='lat' dir='ltr'>his</span> <span class='ocrx_word' id='word_1_218' title='bbox 586 964 806 998; x_wconf 79' lang='lat' dir='ltr'>consuetudo</span> <span class='ocrx_word' id='word_1_219' title='bbox 822 966 899 1007; x_wconf 89' lang='lat'>1,2,</span> <span class='ocrx_word' id='word_1_220' title='bbox 910 964 944 998; x_wconf 90' lang='grc'>8.</span> <span class='ocrx_word' id='word_1_221' title='bbox 966 975 1019 998; x_wconf 85' lang='lat' dir='ltr'>ex</span> <span class='ocrx_word' id='word_1_222' title='bbox 1044 974 1114 1008; x_wconf 84' lang='lat' dir='ltr'>quo</span> <span class='ocrx_word' id='word_1_223' title='bbox 1133 962 1247 997; x_wconf 83' lang='lat' dir='ltr'>dubiis</span> <span class='ocrx_word' id='word_1_224' title='bbox 1262 963 1350 997; x_wconf 85' lang='lat' dir='ltr'>fides</span> <span class='ocrx_word' id='word_1_225' title='bbox 1366 962 1427 996; x_wconf 85' lang='lat' dir='ltr'>fiat</span> <span class='ocrx_word' id='word_1_226' title='bbox 1441 964 1476 1005; x_wconf 95' lang='lat'>5,</span> <span class='ocrx_word' id='word_1_227' title='bbox 1487 964 1545 1005; x_wconf 89' lang='lat'>10,</span> 
     </span>
     <span class='ocr_line' id='line_1_18' title="bbox 63 1006 1543 1053; baseline 0 -11"><span class='ocrx_word' id='word_1_228' title='bbox 63 1009 120 1042; x_wconf 66' lang='lat'>123</span> <span class='ocrx_word' id='word_1_229' title='bbox 145 1017 210 1040; x_wconf 86' lang='lat' dir='ltr'>cur</span> <span class='ocrx_word' id='word_1_230' title='bbox 230 1017 288 1042; x_wconf 85' lang='lat' dir='ltr'>ex</span> <span class='ocrx_word' id='word_1_231' title='bbox 310 1006 464 1041; x_wconf 82' lang='lat' dir='ltr'>scamno</span> <span class='ocrx_word' id='word_1_232' title='bbox 480 1008 541 1042; x_wconf 83' lang='lat' dir='ltr'>fiat</span> <span class='ocrx_word' id='word_1_233' title='bbox 564 1009 764 1043; x_wconf 87' lang='lat' dir='ltr'>Scabellum</span> <span class='ocrx_word' id='word_1_234' title='bbox 787 1014 822 1043; x_wconf 85' lang='lat' dir='ltr'>et</span> <span class='ocrx_word' id='word_1_235' title='bbox 841 1021 861 1043; x_wconf 85' lang='lat' dir='ltr'>a</span> <span class='ocrx_word' id='word_1_236' title='bbox 875 1009 983 1053; x_wconf 86' lang='lat' dir='ltr'>pinna</span> <span class='ocrx_word' id='word_1_237' title='bbox 997 1029 1043 1035; x_wconf 93' lang='lat'>-—-</span> <span class='ocrx_word' id='word_1_238' title='bbox 1054 1008 1225 1053; x_wconf 87' lang='lat' dir='ltr'>Bipennis</span> <span class='ocrx_word' id='word_1_239' title='bbox 1238 1008 1316 1051; x_wconf 80' lang='lat'>1,4,</span> <span class='ocrx_word' id='word_1_240' title='bbox 1331 1011 1385 1042; x_wconf 93' lang='lat'>12.</span> <span class='ocrx_word' id='word_1_241' title='bbox 1402 1007 1447 1050; x_wconf 82' lang='lat' dir='ltr'>cs.</span> <span class='ocrx_word' id='word_1_242' title='bbox 1461 1009 1496 1050; x_wconf 90' lang='lat'>8,</span> <span class='ocrx_word' id='word_1_243' title='bbox 1508 1009 1543 1051; x_wconf 85' lang='grc'>3,</span> 
     </span>
     <span class='ocr_line' id='line_1_19' title="bbox 63 1051 1544 1100; baseline -0.001 -11"><span class='ocrx_word' id='word_1_244' title='bbox 63 1052 121 1089; x_wconf 81' lang='lat'>36.</span> <span class='ocrx_word' id='word_1_245' title='bbox 146 1051 307 1097; x_wconf 76' lang='lat' dir='ltr'>plerique</span> <span class='ocrx_word' id='word_1_246' title='bbox 331 1063 390 1086; x_wconf 84' lang='lat' dir='ltr'>ex</span> <span class='ocrx_word' id='word_1_247' title='bbox 413 1053 650 1088; x_wconf 78' lang='lat' dir='ltr'>commissuris</span> <span class='ocrx_word' id='word_1_248' title='bbox 676 1055 739 1089; x_wconf 81' lang='lat' dir='ltr'>vel</span> <span class='ocrx_word' id='word_1_249' title='bbox 763 1054 941 1090; x_wconf 77' lang='lat' dir='ltr'>divisione</span> <span class='ocrx_word' id='word_1_250' title='bbox 963 1055 1052 1089; x_wconf 84' lang='lat' dir='ltr'>fiunt</span> <span class='ocrx_word' id='word_1_251' title='bbox 1072 1056 1181 1100; x_wconf 90' lang='lat' dir='ltr'>pedes</span> <span class='ocrx_word' id='word_1_252' title='bbox 1204 1056 1239 1098; x_wconf 92' lang='grc'>9,</span> <span class='ocrx_word' id='word_1_253' title='bbox 1249 1054 1285 1098; x_wconf 83' lang='grc'>4,</span> <span class='ocrx_word' id='word_1_254' title='bbox 1298 1056 1356 1091; x_wconf 91' lang='grc'>90.</span> <span class='ocrx_word' id='word_1_255' title='bbox 1384 1065 1440 1088; x_wconf 80' lang='lat' dir='ltr'>ex</span> <span class='ocrx_word' id='word_1_256' title='bbox 1466 1053 1544 1098; x_wconf 86' lang='lat' dir='ltr'>epi-</span> 
     </span>
     <span class='ocr_line' id='line_1_20' title="bbox 64 1098 1542 1147; baseline 0.001 -15"><span class='ocrx_word' id='word_1_257' title='bbox 64 1098 157 1132; x_wconf 81' lang='lat' dir='ltr'>stola</span> <span class='ocrx_word' id='word_1_258' title='bbox 177 1108 279 1132; x_wconf 83' lang='lat' dir='ltr'>reum</span> <span class='ocrx_word' id='word_1_259' title='bbox 301 1098 436 1132; x_wconf 83' lang='lat' dir='ltr'>factum</span> <span class='ocrx_word' id='word_1_260' title='bbox 461 1100 496 1142; x_wconf 93' lang='lat'>5,</span> <span class='ocrx_word' id='word_1_261' title='bbox 512 1101 568 1140; x_wconf 78' lang='lat'>13,</span> <span class='ocrx_word' id='word_1_262' title='bbox 582 1102 640 1135; x_wconf 89' lang='lat'>20.</span> <span class='ocrx_word' id='word_1_263' title='bbox 664 1111 755 1145; x_wconf 80' lang='lat' dir='ltr'>quae</span> <span class='ocrx_word' id='word_1_264' title='bbox 779 1099 960 1145; x_wconf 76' lang='lat' dir='ltr'>(repetitio)</span> <span class='ocrx_word' id='word_1_265' title='bbox 982 1101 1022 1135; x_wconf 90' lang='lat' dir='ltr'>fit</span> <span class='ocrx_word' id='word_1_266' title='bbox 1044 1112 1098 1135; x_wconf 78' lang='lat' dir='ltr'>ex</span> <span class='ocrx_word' id='word_1_267' title='bbox 1120 1100 1309 1146; x_wconf 80' lang='lat' dir='ltr'>permixtis</span> <span class='ocrx_word' id='word_1_268' title='bbox 1323 1099 1444 1147; x_wconf 85' lang='lat' dir='ltr'>figuris</span> <span class='ocrx_word' id='word_1_269' title='bbox 1462 1100 1542 1143; x_wconf 87' lang='grc'>9,3,</span> 
     </span>
     <span class='ocr_line' id='line_1_21' title="bbox 62 1141 1543 1191; baseline -0.001 -12"><span class='ocrx_word' id='word_1_270' title='bbox 62 1141 123 1179; x_wconf 75' lang='lat'>41.</span> <span class='ocrx_word' id='word_1_271' title='bbox 150 1144 248 1188; x_wconf 78' lang='lat' dir='ltr'>qnod</span> <span class='ocrx_word' id='word_1_272' title='bbox 270 1154 326 1178; x_wconf 82' lang='lat' dir='ltr'>ex</span> <span class='ocrx_word' id='word_1_273' title='bbox 347 1154 420 1178; x_wconf 88' lang='lat' dir='ltr'>una</span> <span class='ocrx_word' id='word_1_274' title='bbox 441 1145 521 1191; x_wconf 87' lang='lat' dir='ltr'>lege</span> <span class='ocrx_word' id='word_1_275' title='bbox 550 1146 622 1180; x_wconf 89' lang='lat' dir='ltr'>duo</span> <span class='ocrx_word' id='word_1_276' title='bbox 644 1151 755 1180; x_wconf 86' lang='lat' dir='ltr'>status</span> <span class='ocrx_word' id='word_1_277' title='bbox 776 1147 863 1189; x_wconf 63' lang='lat' dir='ltr'>fiant</span> <span class='ocrx_word' id='word_1_278' title='bbox 886 1148 921 1190; x_wconf 89' lang='lat'>3,</span> <span class='ocrx_word' id='word_1_279' title='bbox 945 1147 982 1191; x_wconf 88' lang='lat'>6,</span> <span class='ocrx_word' id='word_1_280' title='bbox 998 1149 1076 1184; x_wconf 90' lang='grc'><strong>101.</strong></span> <span class='ocrx_word' id='word_1_281' title='bbox 1104 1147 1143 1180; x_wconf 83' lang='grc'>111</span> <span class='ocrx_word' id='word_1_282' title='bbox 1156 1147 1421 1191; x_wconf 82' lang='lat' dir='ltr'>sponsionibus,</span> <span class='ocrx_word' id='word_1_283' title='bbox 1452 1156 1543 1190; x_wconf 83' lang='lat' dir='ltr'>quae</span> 
     </span>
     <span class='ocr_line' id='line_1_22' title="bbox 63 1188 1543 1237; baseline 0.001 -13"><span class='ocrx_word' id='word_1_284' title='bbox 63 1199 120 1224; x_wconf 84' lang='lat' dir='ltr'>ex</span> <span class='ocrx_word' id='word_1_285' title='bbox 141 1188 337 1227; x_wconf 81' lang='lat' dir='ltr'>interdictis</span> <span class='ocrx_word' id='word_1_286' title='bbox 363 1189 454 1224; x_wconf 80' lang='lat' dir='ltr'>finnt</span> <span class='ocrx_word' id='word_1_287' title='bbox 475 1193 512 1232; x_wconf 88' lang='lat'>7,</span> <span class='ocrx_word' id='word_1_288' title='bbox 523 1191 558 1233; x_wconf 85' lang='lat'>5,</span> <span class='ocrx_word' id='word_1_289' title='bbox 569 1193 604 1226; x_wconf 86' lang='lat'>3.</span> <span class='ocrx_word' id='word_1_290' title='bbox 628 1191 666 1225; x_wconf 91' lang='lat' dir='ltr'>id</span> <span class='ocrx_word' id='word_1_291' title='bbox 688 1191 767 1226; x_wconf 86' lang='lat' dir='ltr'>fieri</span> <span class='ocrx_word' id='word_1_292' title='bbox 788 1198 906 1236; x_wconf 85' lang='lat' dir='ltr'>potest</span> <span class='ocrx_word' id='word_1_293' title='bbox 927 1203 986 1226; x_wconf 83' lang='lat' dir='ltr'>ex</span> <span class='ocrx_word' id='word_1_294' title='bbox 1007 1193 1119 1227; x_wconf 85' lang='lat' dir='ltr'>tribus</span> <span class='ocrx_word' id='word_1_295' title='bbox 1134 1193 1236 1237; x_wconf 76' lang='lat' dir='ltr'>qnasi</span> <span class='ocrx_word' id='word_1_296' title='bbox 1258 1192 1425 1226; x_wconf 83' lang='lat' dir='ltr'>membris</span> <span class='ocrx_word' id='word_1_297' title='bbox 1447 1191 1484 1233; x_wconf 89' lang='grc'>9,</span> <span class='ocrx_word' id='word_1_298' title='bbox 1506 1190 1543 1234; x_wconf 87' lang='grc'>4,</span> 
     </span>
     <span class='ocr_line' id='line_1_23' title="bbox 65 1234 1544 1282; baseline 0 -12"><span class='ocrx_word' id='word_1_299' title='bbox 65 1237 143 1274; x_wconf 87' lang='grc'><strong>101.</strong></span> <span class='ocrx_word' id='word_1_300' title='bbox 179 1245 238 1280; x_wconf 78' lang='lat' dir='ltr'>ex</span> <span class='ocrx_word' id='word_1_301' title='bbox 260 1234 575 1281; x_wconf 54' lang='lat' dir='ltr'>quibusfflzzaznm)</span> <span class='ocrx_word' id='word_1_302' title='bbox 596 1239 717 1282; x_wconf 23' lang='lat' dir='ltr'>*pedes</span> <span class='ocrx_word' id='word_1_303' title='bbox 738 1238 827 1272; x_wconf 85' lang='lat' dir='ltr'>fiunt</span> <span class='ocrx_word' id='word_1_304' title='bbox 848 1239 884 1281; x_wconf 90' lang='lat'>9,</span> <span class='ocrx_word' id='word_1_305' title='bbox 901 1236 936 1282; x_wconf 85' lang='lat'>4,</span> <span class='ocrx_word' id='word_1_306' title='bbox 953 1239 1009 1273; x_wconf 93' lang='lat'>61.</span> <span class='ocrx_word' id='word_1_307' title='bbox 1033 1239 1106 1274; x_wconf 83' lang='lat' dir='ltr'>hoc</span> <span class='ocrx_word' id='word_1_308' title='bbox 1128 1238 1167 1272; x_wconf 88' lang='lat' dir='ltr'>in</span> <span class='ocrx_word' id='word_1_309' title='bbox 1190 1239 1313 1273; x_wconf 87' lang='lat' dir='ltr'>eadem</span> <span class='ocrx_word' id='word_1_310' title='bbox 1338 1249 1444 1272; x_wconf 87' lang='lat' dir='ltr'>causa</span> <span class='ocrx_word' id='word_1_311' title='bbox 1465 1237 1544 1271; x_wconf 88' lang='lat' dir='ltr'>fieri</span> 
     </span>
     <span class='ocr_line' id='line_1_24' title="bbox 59 1281 1543 1330; baseline 0.001 -14"><span class='ocrx_word' id='word_1_312' title='bbox 59 1291 117 1316; x_wconf 83' lang='lat' dir='ltr'>ex</span> <span class='ocrx_word' id='word_1_313' title='bbox 137 1286 289 1325; x_wconf 82' lang='lat' dir='ltr'>utraque</span> <span class='ocrx_word' id='word_1_314' title='bbox 309 1286 410 1326; x_wconf 85' lang='lat' dir='ltr'>parte</span> <span class='ocrx_word' id='word_1_315' title='bbox 432 1281 596 1317; x_wconf 83' lang='lat' dir='ltr'>similiter</span> <span class='ocrx_word' id='word_1_316' title='bbox 617 1283 650 1326; x_wconf 94' lang='grc'>5,</span> <span class='ocrx_word' id='word_1_317' title='bbox 671 1286 726 1326; x_wconf 91' lang='grc'>12,</span> <span class='ocrx_word' id='word_1_318' title='bbox 745 1286 800 1317; x_wconf 87' lang='grc'>12.</span> <span class='ocrx_word' id='word_1_319' title='bbox 826 1285 1067 1329; x_wconf 81' lang='lat' dir='ltr'>voluptatem,</span> <span class='ocrx_word' id='word_1_320' title='bbox 1093 1296 1184 1330; x_wconf 85' lang='lat' dir='ltr'>quae</span> <span class='ocrx_word' id='word_1_321' title='bbox 1206 1285 1245 1319; x_wconf 89' lang='lat' dir='ltr'>fit</span> <span class='ocrx_word' id='word_1_322' title='bbox 1272 1296 1329 1320; x_wconf 83' lang='lat' dir='ltr'>ex</span> <span class='ocrx_word' id='word_1_323' title='bbox 1353 1283 1543 1320; x_wconf 84' lang='lat' dir='ltr'>virtutibus</span> 
     </span>
     <span class='ocr_line' id='line_1_25' title="bbox 61 1326 1038 1373; baseline 0.003 -11"><span class='ocrx_word' id='word_1_324' title='bbox 61 1330 124 1370; x_wconf 83' lang='lat'>12,</span> <span class='ocrx_word' id='word_1_325' title='bbox 149 1329 211 1370; x_wconf 88' lang='grc'>11,</span> <span class='ocrx_word' id='word_1_326' title='bbox 235 1327 304 1370; x_wconf 82' lang='grc'><strong>29;</strong></span> <span class='ocrx_word' id='word_1_327' title='bbox 343 1326 430 1370; x_wconf 82' lang='lat' dir='ltr'>quid</span> <span class='ocrx_word' id='word_1_328' title='bbox 457 1327 509 1362; x_wconf 92' lang='lat' dir='ltr'>de</span> <span class='ocrx_word' id='word_1_329' title='bbox 532 1338 578 1362; x_wconf 91' lang='lat' dir='ltr'>eo</span> <span class='ocrx_word' id='word_1_330' title='bbox 600 1328 678 1363; x_wconf 90' lang='lat' dir='ltr'>fieri</span> <span class='ocrx_word' id='word_1_331' title='bbox 699 1330 813 1364; x_wconf 81' lang='lat' dir='ltr'>vellet</span> <span class='ocrx_word' id='word_1_332' title='bbox 840 1330 874 1372; x_wconf 84' lang='lat'>5,</span> <span class='ocrx_word' id='word_1_333' title='bbox 900 1331 957 1373; x_wconf 84' lang='lat'>13,</span> <span class='ocrx_word' id='word_1_334' title='bbox 981 1332 1038 1365; x_wconf 83' lang='lat'>28.</span> 
     </span>
    </p>

    <p class='ocr_par' dir='ltr' id='par_1_6' title="bbox 58 1371 1544 1510">
     <span class='ocr_line' id='line_1_26' title="bbox 146 1371 1541 1420; baseline 0.002 -15"><span class='ocrx_word' id='word_1_335' title='bbox 146 1371 180 1416; x_wconf 77' lang='grc' dir='ltr'>ι)</span> <span class='ocrx_word' id='word_1_336' title='bbox 204 1372 282 1416; x_wconf 66' lang='lat' dir='ltr'>adj.v</span> <span class='ocrx_word' id='word_1_337' title='bbox 300 1374 351 1405; x_wconf 80' lang='lat' dir='ltr'>ab</span> <span class='ocrx_word' id='word_1_338' title='bbox 366 1386 377 1407; x_wconf 88' lang='lat'>.-</span> <span class='ocrx_word' id='word_1_339' title='bbox 400 1378 441 1406; x_wconf 90' lang='lat' dir='ltr'>ut</span> <span class='ocrx_word' id='word_1_340' title='bbox 459 1373 666 1409; x_wconf 83' lang='lat' dir='ltr'>aCicerone</span> <span class='ocrx_word' id='word_1_341' title='bbox 682 1375 817 1409; x_wconf 84' lang='lat' dir='ltr'>factum</span> <span class='ocrx_word' id='word_1_342' title='bbox 833 1381 887 1409; x_wconf 88' lang='lat' dir='ltr'>est</span> <span class='ocrx_word' id='word_1_343' title='bbox 910 1377 945 1417; x_wconf 84' lang='grc'>8,</span> <span class='ocrx_word' id='word_1_344' title='bbox 958 1374 993 1419; x_wconf 89' lang='grc'>4,</span> <span class='ocrx_word' id='word_1_345' title='bbox 1011 1377 1065 1412; x_wconf 92' lang='grc'>19.</span> <span class='ocrx_word' id='word_1_346' title='bbox 1090 1375 1127 1410; x_wconf 88' lang='lat' dir='ltr'>id</span> <span class='ocrx_word' id='word_1_347' title='bbox 1151 1374 1187 1420; x_wconf 82' lang='grc' dir='ltr'>(ἱ.</span> <span class='ocrx_word' id='word_1_348' title='bbox 1201 1390 1229 1411; x_wconf 83' lang='lat' dir='ltr'>e.</span> <span class='ocrx_word' id='word_1_349' title='bbox 1251 1373 1541 1420; x_wconf 79' lang='lat' dir='ltr'>persuadere)</span> 
     </span>
     <span class='ocr_line' id='line_1_27' title="bbox 58 1416 1544 1467; baseline 0.002 -15"><span class='ocrx_word' id='word_1_350' title='bbox 58 1416 138 1453; x_wconf 71' lang='lat' dir='ltr'>fieri</span> <span class='ocrx_word' id='word_1_351' title='bbox 157 1423 276 1462; x_wconf 78' lang='lat' dir='ltr'>potest</span> <span class='ocrx_word' id='word_1_352' title='bbox 301 1418 356 1452; x_wconf 81' lang='lat' dir='ltr'>ab</span> <span class='ocrx_word' id='word_1_353' title='bbox 383 1427 430 1453; x_wconf 90' lang='lat' dir='ltr'>eo</span> <span class='ocrx_word' id='word_1_354' title='bbox 457 1430 620 1464; x_wconf 81' lang='lat' dir='ltr'>quoque,</span> <span class='ocrx_word' id='word_1_355' title='bbox 644 1420 706 1464; x_wconf 83' lang='lat' dir='ltr'>qui</span> <span class='ocrx_word' id='word_1_356' title='bbox 724 1421 783 1456; x_wconf 80' lang='lat' dir='ltr'>vir</span> <span class='ocrx_word' id='word_1_357' title='bbox 810 1422 926 1456; x_wconf 86' lang='lat' dir='ltr'>bonus</span> <span class='ocrx_word' id='word_1_358' title='bbox 952 1433 1027 1456; x_wconf 89' lang='lat' dir='ltr'>non</span> <span class='ocrx_word' id='word_1_359' title='bbox 1054 1422 1099 1456; x_wconf 84' lang='lat' dir='ltr'>sit</span> <span class='ocrx_word' id='word_1_360' title='bbox 1121 1426 1157 1466; x_wconf 83' lang='lat'>2,</span> <span class='ocrx_word' id='word_1_361' title='bbox 1179 1423 1236 1466; x_wconf 84' lang='lat'>15,</span> <span class='ocrx_word' id='word_1_362' title='bbox 1258 1425 1292 1457; x_wconf 88' lang='grc'><strong>3.</strong></span> <span class='ocrx_word' id='word_1_363' title='bbox 1325 1424 1395 1456; x_wconf 85' lang='grc'><strong>1100</strong></span> <span class='ocrx_word' id='word_1_364' title='bbox 1420 1432 1500 1467; x_wconf 81' lang='lat' dir='ltr'>cum</span> <span class='ocrx_word' id='word_1_365' title='bbox 1523 1433 1544 1455; x_wconf 83' lang='lat' dir='ltr'>a</span> 
     </span>
     <span class='ocr_line' id='line_1_28' title="bbox 61 1463 1542 1510; baseline 0.002 -13"><span class='ocrx_word' id='word_1_366' title='bbox 61 1463 291 1509; x_wconf 82' lang='lat' dir='ltr'>prudentibus</span> <span class='ocrx_word' id='word_1_367' title='bbox 309 1463 349 1498; x_wconf 82' lang='lat' dir='ltr'>fit</span> <span class='ocrx_word' id='word_1_368' title='bbox 361 1465 396 1508; x_wconf 83' lang='lat'>8,</span> <span class='ocrx_word' id='word_1_369' title='bbox 407 1465 442 1508; x_wconf 83' lang='lat'>3,</span> <span class='ocrx_word' id='word_1_370' title='bbox 451 1465 509 1500; x_wconf 84' lang='lat'>50.</span> <span class='ocrx_word' id='word_1_371' title='bbox 531 1465 639 1510; x_wconf 82' lang='lat' dir='ltr'>idque</span> <span class='ocrx_word' id='word_1_372' title='bbox 664 1467 716 1500; x_wconf 88' lang='lat' dir='ltr'>ab</span> <span class='ocrx_word' id='word_1_373' title='bbox 738 1467 947 1510; x_wconf 87' lang='lat' dir='ltr'>Hortensio,</span> <span class='ocrx_word' id='word_1_374' title='bbox 976 1467 1134 1502; x_wconf 74' lang='lat' dir='ltr'>Lucullis</span> <span class='ocrx_word' id='word_1_375' title='bbox 1158 1475 1220 1502; x_wconf 71' lang='lat' dir='ltr'>etc.</span> <span class='ocrx_word' id='word_1_376' title='bbox 1245 1469 1381 1502; x_wconf 82' lang='lat' dir='ltr'>factum</span> <span class='ocrx_word' id='word_1_377' title='bbox 1406 1472 1460 1501; x_wconf 86' lang='lat' dir='ltr'>est</span> <span class='ocrx_word' id='word_1_378' title='bbox 1486 1470 1542 1510; x_wconf 92' lang='lat'>12,</span> 
     </span>
    </p>
   </div>
   <div class='ocr_carea' id='block_1_5' title="bbox 3 1507 1544 1559">
    <p class='ocr_par' dir='ltr' id='par_1_7' title="bbox 3 1507 1544 1559">
     <span class='ocr_line' id='line_1_29' title="bbox 3 1507 1544 1559; baseline 0.005 -19"><span class='ocrx_word' id='word_1_379' title='bbox 3 1537 6 1540; x_wconf 91' lang='lat'>.</span> <span class='ocrx_word' id='word_1_380' title='bbox 49 1513 98 1550; x_wconf 83' lang='lat'>-7.</span> <span class='ocrx_word' id='word_1_381' title='bbox 120 1507 155 1544; x_wconf 81' lang='grc'>4.</span> <span class='ocrx_word' id='word_1_382' title='bbox 177 1509 348 1554; x_wconf 72' lang='lat' dir='ltr'>varieque</span> <span class='ocrx_word' id='word_1_383' title='bbox 372 1516 427 1544; x_wconf 89' lang='lat' dir='ltr'>est</span> <span class='ocrx_word' id='word_1_384' title='bbox 450 1511 511 1555; x_wconf 31' lang='lat' dir='ltr'>ab,</span> <span class='ocrx_word' id='word_1_385' title='bbox 528 1511 728 1546; x_wconf 86' lang='lat' dir='ltr'>oratoribus</span> <span class='ocrx_word' id='word_1_386' title='bbox 753 1513 889 1547; x_wconf 88' lang='lat' dir='ltr'>factum</span> <span class='ocrx_word' id='word_1_387' title='bbox 905 1517 940 1556; x_wconf 93' lang='lat'>7,</span> <span class='ocrx_word' id='word_1_388' title='bbox 949 1516 983 1556; x_wconf 92' lang='lat'>2,</span> <span class='ocrx_word' id='word_1_389' title='bbox 994 1516 1051 1549; x_wconf 90' lang='grc'>39.</span> <span class='ocrx_word' id='word_1_390' title='bbox 1078 1513 1229 1558; x_wconf 86' lang='lat' dir='ltr'>judiciis,</span> <span class='ocrx_word' id='word_1_391' title='bbox 1254 1514 1373 1559; x_wconf 85' lang='lat' dir='ltr'>qualia</span> <span class='ocrx_word' id='word_1_392' title='bbox 1397 1513 1444 1547; x_wconf 91' lang='lat' dir='ltr'>in</span> <span class='ocrx_word' id='word_1_393' title='bbox 1469 1513 1544 1557; x_wconf 88' lang='lat' dir='ltr'>Op-</span> 
     </span>
    </p>
   </div>
   <div class='ocr_carea' id='block_1_6' title="bbox 4 1553 1558 2789">
    <p class='ocr_par' dir='ltr' id='par_1_8' title="bbox 84 1553 1544 1603">
     <span class='ocr_line' id='line_1_30' title="bbox 84 1553 1544 1603; baseline 0.003 -15"><span class='ocrx_word' id='word_1_394' title='bbox 84 1553 239 1589; x_wconf 87' lang='lat' dir='ltr'>ianicum</span> <span class='ocrx_word' id='word_1_395' title='bbox 260 1556 354 1590; x_wconf 81' lang='lat' dir='ltr'>facta</span> <span class='ocrx_word' id='word_1_396' title='bbox 377 1556 541 1591; x_wconf 83' lang='lat' dir='ltr'>dicuntur</span> <span class='ocrx_word' id='word_1_397' title='bbox 573 1563 610 1592; x_wconf 84' lang='lat' dir='ltr'>et</span> <span class='ocrx_word' id='word_1_398' title='bbox 634 1569 655 1592; x_wconf 79' lang='lat' dir='ltr'>a</span> <span class='ocrx_word' id='word_1_399' title='bbox 684 1564 811 1593; x_wconf 86' lang='lat' dir='ltr'>senatu</span> <span class='ocrx_word' id='word_1_400' title='bbox 836 1560 1007 1594; x_wconf 81' lang='lat' dir='ltr'>adversus</span> <span class='ocrx_word' id='word_1_401' title='bbox 1021 1559 1197 1594; x_wconf 84' lang='lat' dir='ltr'>Milonem</span> <span class='ocrx_word' id='word_1_402' title='bbox 1226 1561 1266 1602; x_wconf 88' lang='grc'>5,</span> <span class='ocrx_word' id='word_1_403' title='bbox 1290 1563 1334 1603; x_wconf 92' lang='grc'>2,</span> <span class='ocrx_word' id='word_1_404' title='bbox 1363 1562 1394 1594; x_wconf 96' lang='grc'>1.</span> <span class='ocrx_word' id='word_1_405' title='bbox 1423 1561 1544 1603; x_wconf 80' lang='lat' dir='ltr'>plures</span> 
     </span>
    </p>

    <p class='ocr_par' dir='ltr' id='par_1_9' title="bbox 6 1601 1546 1786">
     <span class='ocr_line' id='line_1_31' title="bbox 86 1601 1544 1650; baseline 0.003 -16"><span class='ocrx_word' id='word_1_406' title='bbox 86 1601 138 1635; x_wconf 91' lang='lat' dir='ltr'>eri</span> <span class='ocrx_word' id='word_1_407' title='bbox 161 1612 181 1635; x_wconf 80' lang='lat' dir='ltr'>a</span> <span class='ocrx_word' id='word_1_408' title='bbox 205 1601 384 1646; x_wconf 84' lang='lat' dir='ltr'>plerisque</span> <span class='ocrx_word' id='word_1_409' title='bbox 406 1608 525 1646; x_wconf 86' lang='lat' dir='ltr'>partes</span> <span class='ocrx_word' id='word_1_410' title='bbox 549 1606 584 1647; x_wconf 89' lang='lat'>2,</span> <span class='ocrx_word' id='word_1_411' title='bbox 609 1602 645 1645; x_wconf 86' lang='lat'>4,</span> <span class='ocrx_word' id='word_1_412' title='bbox 669 1605 726 1639; x_wconf 83' lang='lat'>38.</span> <span class='ocrx_word' id='word_1_413' title='bbox 756 1610 883 1638; x_wconf 84' lang='lat' dir='ltr'>statum</span> <span class='ocrx_word' id='word_1_414' title='bbox 905 1605 982 1639; x_wconf 84' lang='lat' dir='ltr'>fieri</span> <span class='ocrx_word' id='word_1_415' title='bbox 1006 1617 1026 1639; x_wconf 86' lang='lat' dir='ltr'>a</span> <span class='ocrx_word' id='word_1_416' title='bbox 1040 1607 1279 1650; x_wconf 80' lang='lat' dir='ltr'>respondente</span> <span class='ocrx_word' id='word_1_417' title='bbox 1304 1608 1338 1649; x_wconf 83' lang='lat'>3,</span> <span class='ocrx_word' id='word_1_418' title='bbox 1351 1606 1387 1648; x_wconf 90' lang='lat'>6,</span> <span class='ocrx_word' id='word_1_419' title='bbox 1404 1605 1461 1639; x_wconf 85' lang='lat'>14.</span> <span class='ocrx_word' id='word_1_420' title='bbox 1489 1608 1544 1639; x_wconf 91' lang='lat'>17.</span> 
     </span>
     <span class='ocr_line' id='line_1_32' title="bbox 61 1645 1546 1695; baseline 0.003 -15"><span class='ocrx_word' id='word_1_421' title='bbox 61 1647 158 1691; x_wconf 79' lang='lat' dir='ltr'>qnod</span> <span class='ocrx_word' id='word_1_422' title='bbox 181 1657 224 1681; x_wconf 85' lang='lat' dir='ltr'>ea</span> <span class='ocrx_word' id='word_1_423' title='bbox 242 1645 322 1690; x_wconf 80' lang='lat' dir='ltr'>(lex)</span> <span class='ocrx_word' id='word_1_424' title='bbox 348 1648 483 1692; x_wconf 88' lang='lat' dir='ltr'>puniat,</span> <span class='ocrx_word' id='word_1_425' title='bbox 508 1661 528 1683; x_wconf 91' lang='lat' dir='ltr'>a</span> <span class='ocrx_word' id='word_1_426' title='bbox 550 1649 685 1684; x_wconf 87' lang='lat' dir='ltr'>rustico</span> <span class='ocrx_word' id='word_1_427' title='bbox 707 1650 844 1684; x_wconf 81' lang='lat' dir='ltr'>factum</span> <span class='ocrx_word' id='word_1_428' title='bbox 867 1649 965 1693; x_wconf 83' lang='lat' dir='ltr'>(esse)</span> <span class='ocrx_word' id='word_1_429' title='bbox 980 1650 1131 1695; x_wconf 86' lang='lat'>7,1,48.</span> <span class='ocrx_word' id='word_1_430' title='bbox 1158 1652 1207 1685; x_wconf 88' lang='lat' dir='ltr'>ab</span> <span class='ocrx_word' id='word_1_431' title='bbox 1230 1653 1302 1686; x_wconf 89' lang='lat' dir='ltr'>hoc</span> <span class='ocrx_word' id='word_1_432' title='bbox 1321 1653 1456 1687; x_wconf 85' lang='lat' dir='ltr'>factum</span> <span class='ocrx_word' id='word_1_433' title='bbox 1478 1662 1546 1686; x_wconf 81' lang='lat' dir='ltr'>ve-</span> 
     </span>
     <span class='ocr_line' id='line_1_33' title="bbox 51 1691 1543 1742; baseline 0.003 -15"><span class='ocrx_word' id='word_1_434' title='bbox 51 1691 225 1734; x_wconf 62' lang='lat' dir='ltr'>neficium</span> <span class='ocrx_word' id='word_1_435' title='bbox 245 1696 281 1734; x_wconf 90' lang='lat'>7,</span> <span class='ocrx_word' id='word_1_436' title='bbox 305 1695 349 1736; x_wconf 84' lang='lat'>2,</span> <span class='ocrx_word' id='word_1_437' title='bbox 378 1694 443 1737; x_wconf 82' lang='lat'>153</span> <span class='ocrx_word' id='word_1_438' title='bbox 484 1693 536 1736; x_wconf 84' lang='lat' dir='ltr'>is,</span> <span class='ocrx_word' id='word_1_439' title='bbox 563 1695 638 1728; x_wconf 88' lang='lat' dir='ltr'>cui</span> <span class='ocrx_word' id='word_1_440' title='bbox 659 1695 696 1729; x_wconf 90' lang='lat' dir='ltr'>id</span> <span class='ocrx_word' id='word_1_441' title='bbox 713 1696 847 1730; x_wconf 82' lang='lat' dir='ltr'>factum</span> <span class='ocrx_word' id='word_1_442' title='bbox 869 1697 999 1731; x_wconf 76' lang='lat' dir='ltr'>dicitur</span> <span class='ocrx_word' id='word_1_443' title='bbox 1027 1699 1072 1732; x_wconf 82' lang='lat' dir='ltr'>ib.</span> <span class='ocrx_word' id='word_1_444' title='bbox 1094 1699 1159 1741; x_wconf 83' lang='lat'>533</span> <span class='ocrx_word' id='word_1_445' title='bbox 1186 1698 1240 1732; x_wconf 87' lang='lat' dir='ltr'>ab</span> <span class='ocrx_word' id='word_1_446' title='bbox 1272 1708 1341 1740; x_wconf 89' lang='lat' dir='ltr'>eo,</span> <span class='ocrx_word' id='word_1_447' title='bbox 1368 1698 1467 1742; x_wconf 74' lang='lat' dir='ltr'>quod</span> <span class='ocrx_word' id='word_1_448' title='bbox 1489 1702 1543 1731; x_wconf 86' lang='lat' dir='ltr'>est</span> 
     </span>
     <span class='ocr_line' id='line_1_34' title="bbox 6 1737 1042 1786; baseline 0.007 -16"><span class='ocrx_word' id='word_1_449' title='bbox 6 1778 12 1784; x_wconf 87' lang='lat'>.</span> <span class='ocrx_word' id='word_1_450' title='bbox 58 1737 224 1780; x_wconf 71' lang='lat' dir='ltr'>robur²</span> <span class='ocrx_word' id='word_1_451' title='bbox 254 1739 443 1772; x_wconf 89' lang='lat' dir='ltr'>roboris</span> <span class='ocrx_word' id='word_1_452' title='bbox 473 1739 550 1773; x_wconf 83' lang='lat' dir='ltr'>fieri</span> <span class='ocrx_word' id='word_1_453' title='bbox 576 1743 608 1783; x_wconf 92' lang='lat'>1,</span> <span class='ocrx_word' id='word_1_454' title='bbox 635 1741 675 1781; x_wconf 87' lang='lat'>6,</span> <span class='ocrx_word' id='word_1_455' title='bbox 700 1740 755 1776; x_wconf 78' lang='lat'>24.</span> <span class='ocrx_word' id='word_1_456' title='bbox 795 1741 839 1784; x_wconf 56' lang='lat' dir='ltr'>⁰.st</span> <span class='ocrx_word' id='word_1_457' title='bbox 867 1745 900 1786; x_wconf 95' lang='lat'>1,</span> <span class='ocrx_word' id='word_1_458' title='bbox 924 1741 960 1785; x_wconf 88' lang='lat'>4,</span> <span class='ocrx_word' id='word_1_459' title='bbox 987 1746 1042 1778; x_wconf 92' lang='lat'>12.</span> 
     </span>
    </p>

    <p class='ocr_par' dir='ltr' id='par_1_10' title="bbox 19 1781 1558 2562">
     <span class='ocr_line' id='line_1_35' title="bbox 151 1781 1541 1832; baseline 0.006 -17"><span class='ocrx_word' id='word_1_460' title='bbox 151 1781 190 1824; x_wconf 68' lang='grc' dir='ltr'>κ)</span> <span class='ocrx_word' id='word_1_461' title='bbox 209 1795 236 1816; x_wconf 82' lang='lat' dir='ltr'>c.</span> <span class='ocrx_word' id='word_1_462' title='bbox 249 1786 450 1818; x_wconf 74' lang='lat' dir='ltr'>praedicato</span> <span class='ocrx_word' id='word_1_463' title='bbox 463 1799 473 1819; x_wconf 88' lang='grc'>.-</span> <span class='ocrx_word' id='word_1_464' title='bbox 502 1785 554 1819; x_wconf 89' lang='lat' dir='ltr'>sic</span> <span class='ocrx_word' id='word_1_465' title='bbox 573 1786 667 1820; x_wconf 88' lang='lat' dir='ltr'>enim</span> <span class='ocrx_word' id='word_1_466' title='bbox 690 1787 752 1821; x_wconf 90' lang='lat' dir='ltr'>fiet</span> <span class='ocrx_word' id='word_1_467' title='bbox 769 1788 914 1822; x_wconf 89' lang='lat' dir='ltr'>ultimus</span> <span class='ocrx_word' id='word_1_468' title='bbox 938 1788 1124 1823; x_wconf 84' lang='lat' dir='ltr'>dochmius</span> <span class='ocrx_word' id='word_1_469' title='bbox 1147 1789 1181 1828; x_wconf 84' lang='lat'>9.</span> <span class='ocrx_word' id='word_1_470' title='bbox 1189 1787 1224 1832; x_wconf 85' lang='lat'>4,</span> <span class='ocrx_word' id='word_1_471' title='bbox 1234 1790 1291 1825; x_wconf 87' lang='lat'>99.</span> <span class='ocrx_word' id='word_1_472' title='bbox 1314 1788 1389 1831; x_wconf 90' lang='lat' dir='ltr'>filii,</span> <span class='ocrx_word' id='word_1_473' title='bbox 1412 1794 1541 1832; x_wconf 87' lang='lat' dir='ltr'>patres,</span> 
     </span>
     <span class='ocr_line' id='line_1_36' title="bbox 64 1825 1542 1879; baseline 0.006 -20"><span class='ocrx_word' id='word_1_474' title='bbox 64 1825 192 1870; x_wconf 69' lang='lat' dir='ltr'>divites</span> <span class='ocrx_word' id='word_1_475' title='bbox 215 1829 285 1867; x_wconf 76' lang='lat' dir='ltr'>etc.{</span> <span class='ocrx_word' id='word_1_476' title='bbox 306 1830 395 1862; x_wconf 81' lang='lat' dir='ltr'>fiunt</span> <span class='ocrx_word' id='word_1_477' title='bbox 420 1829 692 1876; x_wconf 75' lang='lat' dir='ltr'>(declamatores)</span> <span class='ocrx_word' id='word_1_478' title='bbox 715 1834 750 1876; x_wconf 88' lang='grc'>3,</span> <span class='ocrx_word' id='word_1_479' title='bbox 774 1835 810 1876; x_wconf 90' lang='grc'>8,</span> <span class='ocrx_word' id='word_1_480' title='bbox 825 1834 880 1868; x_wconf 88' lang='grc'>51.</span> <span class='ocrx_word' id='word_1_481' title='bbox 906 1834 1016 1868; x_wconf 84' lang='lat' dir='ltr'>adulti</span> <span class='ocrx_word' id='word_1_482' title='bbox 1036 1835 1197 1878; x_wconf 84' lang='lat' dir='ltr'>pueri—</span> <span class='ocrx_word' id='word_1_483' title='bbox 1223 1836 1374 1879; x_wconf 84' lang='lat' dir='ltr'>juvenes</span> <span class='ocrx_word' id='word_1_484' title='bbox 1398 1835 1485 1869; x_wconf 80' lang='lat' dir='ltr'>facti</span> <span class='ocrx_word' id='word_1_485' title='bbox 1507 1837 1542 1878; x_wconf 87' lang='lat'>2,</span> 
     </span>
     <span class='ocr_line' id='line_1_37' title="bbox 62 1870 1543 1923; baseline 0.008 -20"><span class='ocrx_word' id='word_1_486' title='bbox 62 1870 147 1923; x_wconf 50' lang='grc'><strong>2,·3.</strong></span> <span class='ocrx_word' id='word_1_487' title='bbox 170 1872 319 1923; x_wconf 68' lang='grc' dir='ltr'><strong>110116οῐ</strong></span> <span class='ocrx_word' id='word_1_488' title='bbox 341 1885 499 1918; x_wconf 78' lang='lat' dir='ltr'>unquam</span> <span class='ocrx_word' id='word_1_489' title='bbox 521 1878 647 1911; x_wconf 84' lang='lat' dir='ltr'>stultus</span> <span class='ocrx_word' id='word_1_490' title='bbox 664 1884 786 1912; x_wconf 88' lang='lat' dir='ltr'>orator</span> <span class='ocrx_word' id='word_1_491' title='bbox 805 1882 861 1922; x_wconf 86' lang='lat'>12,</span> <span class='ocrx_word' id='word_1_492' title='bbox 878 1879 958 1922; x_wconf 85' lang='lat'>1,4.</span> <span class='ocrx_word' id='word_1_493' title='bbox 984 1881 1048 1914; x_wconf 76' lang='lat' dir='ltr'>sed</span> <span class='ocrx_word' id='word_1_494' title='bbox 1060 1881 1098 1914; x_wconf 86' lang='lat' dir='ltr'>fit</span> <span class='ocrx_word' id='word_1_495' title='bbox 1111 1892 1198 1915; x_wconf 81' lang='lat' dir='ltr'>vera</span> <span class='ocrx_word' id='word_1_496' title='bbox 1214 1881 1407 1922; x_wconf 76' lang='lat' dir='ltr'>connexio,</span> <span class='ocrx_word' id='word_1_497' title='bbox 1434 1883 1543 1915; x_wconf 87' lang='lat' dir='ltr'>Recte</span> 
     </span>
     <span class='ocr_line' id='line_1_38' title="bbox 62 1918 1542 1970; baseline 0.007 -23"><span class='ocrx_word' id='word_1_498' title='bbox 62 1921 171 1962; x_wconf 71' lang='lat' dir='ltr'>13¹th</span> <span class='ocrx_word' id='word_1_499' title='bbox 193 1918 387 1969; x_wconf 61' lang='lat' dir='ltr'>insidiator,</span> <span class='ocrx_word' id='word_1_500' title='bbox 410 1925 450 1952; x_wconf 81' lang='lat' dir='ltr'>ut</span> <span class='ocrx_word' id='word_1_501' title='bbox 471 1921 596 1962; x_wconf 85' lang='lat' dir='ltr'>hostis,</span> <span class='ocrx_word' id='word_1_502' title='bbox 618 1923 794 1957; x_wconf 73' lang='lat' dir='ltr'>Occiditur</span> <span class='ocrx_word' id='word_1_503' title='bbox 815 1925 850 1967; x_wconf 87' lang='grc'>5,</span> <span class='ocrx_word' id='word_1_504' title='bbox 864 1925 920 1967; x_wconf 89' lang='lat'>14,</span> <span class='ocrx_word' id='word_1_505' title='bbox 932 1928 995 1967; x_wconf 79' lang='lat'>223</span> <span class='ocrx_word' id='word_1_506' title='bbox 1023 1926 1132 1970; x_wconf 79' lang='lat' dir='ltr'>fitque</span> <span class='ocrx_word' id='word_1_507' title='bbox 1156 1933 1361 1970; x_wconf 78' lang='lat' dir='ltr'>corruptum</span> <span class='ocrx_word' id='word_1_508' title='bbox 1379 1926 1542 1970; x_wconf 79' lang='lat' dir='ltr'>(verbum)</span> 
     </span>
     <span class='ocr_line' id='line_1_39' title="bbox 62 1961 1543 2016; baseline 0.007 -22"><span class='ocrx_word' id='word_1_509' title='bbox 62 1962 99 2010; x_wconf 81' lang='grc'>8,</span> <span class='ocrx_word' id='word_1_510' title='bbox 121 1961 156 2013; x_wconf 74' lang='grc'>3,</span> <span class='ocrx_word' id='word_1_511' title='bbox 182 1962 237 1996; x_wconf 91' lang='grc'>18.</span> <span class='ocrx_word' id='word_1_512' title='bbox 266 1962 467 2008; x_wconf 77' lang='lat' dir='ltr'>dlhgentior</span> <span class='ocrx_word' id='word_1_513' title='bbox 489 1966 550 1999; x_wconf 83' lang='lat' dir='ltr'>fiet</span> <span class='ocrx_word' id='word_1_514' title='bbox 575 1970 619 2009; x_wconf 86' lang='lat'>1,</span> <span class='ocrx_word' id='word_1_515' title='bbox 643 1971 678 2009; x_wconf 85' lang='lat'>1,</span> <span class='ocrx_word' id='word_1_516' title='bbox 707 1971 739 2006; x_wconf 91' lang='lat'>1.</span> <span class='ocrx_word' id='word_1_517' title='bbox 764 1970 865 2013; x_wconf 82' lang='lat' dir='ltr'>cujus</span> <span class='ocrx_word' id='word_1_518' title='bbox 887 1977 1047 2004; x_wconf 85' lang='lat' dir='ltr'>naturam</span> <span class='ocrx_word' id='word_1_519' title='bbox 1074 1982 1147 2005; x_wconf 90' lang='lat' dir='ltr'>non</span> <span class='ocrx_word' id='word_1_520' title='bbox 1169 1971 1278 2016; x_wconf 87' lang='lat' dir='ltr'>ipsius</span> <span class='ocrx_word' id='word_1_521' title='bbox 1300 1972 1390 2006; x_wconf 71' lang='lat' dir='ltr'>vitio</span> <span class='ocrx_word' id='word_1_522' title='bbox 1415 1973 1543 2005; x_wconf 86' lang='lat' dir='ltr'>factam</span> 
     </span>
     <span class='ocr_line' id='line_1_40' title="bbox 64 2007 1541 2060; baseline 0.008 -22"><span class='ocrx_word' id='word_1_523' title='bbox 64 2007 243 2059; x_wconf 67' lang='lat' dir='ltr'>duriorem</span> <span class='ocrx_word' id='word_1_524' title='bbox 267 2010 324 2050; x_wconf 88' lang='lat'>11,</span> <span class='ocrx_word' id='word_1_525' title='bbox 352 2010 386 2049; x_wconf 89' lang='lat'>1,</span> <span class='ocrx_word' id='word_1_526' title='bbox 409 2011 585 2044; x_wconf 69' lang='lat' dir='ltr'>70.,terra</span> <span class='ocrx_word' id='word_1_527' title='bbox 610 2012 713 2046; x_wconf 88' lang='lat' dir='ltr'>altius</span> <span class='ocrx_word' id='word_1_528' title='bbox 739 2014 868 2048; x_wconf 83' lang='lat' dir='ltr'>effossa</span> <span class='ocrx_word' id='word_1_529' title='bbox 890 2016 1080 2051; x_wconf 83' lang='lat' dir='ltr'>fecundior</span> <span class='ocrx_word' id='word_1_530' title='bbox 1100 2017 1139 2050; x_wconf 89' lang='lat' dir='ltr'>fit</span> <span class='ocrx_word' id='word_1_531' title='bbox 1160 2017 1252 2059; x_wconf 76' lang='grc'><strong>(11.1.</strong></span> <span class='ocrx_word' id='word_1_532' title='bbox 1270 2017 1338 2059; x_wconf 90' lang='lat' dir='ltr'>est)</span> <span class='ocrx_word' id='word_1_533' title='bbox 1363 2020 1419 2060; x_wconf 92' lang='lat'>10,</span> <span class='ocrx_word' id='word_1_534' title='bbox 1449 2019 1483 2060; x_wconf 84' lang='grc'>3,</span> <span class='ocrx_word' id='word_1_535' title='bbox 1507 2020 1541 2050; x_wconf 89' lang='grc'>2.</span> 
     </span>
     <span class='ocr_line' id='line_1_41' title="bbox 59 2051 1538 2107; baseline 0.007 -22"><span class='ocrx_word' id='word_1_536' title='bbox 59 2063 118 2086; x_wconf 74' lang='lat' dir='ltr'>sic</span> <span class='ocrx_word' id='word_1_537' title='bbox 141 2063 235 2086; x_wconf 88' lang='lat' dir='ltr'>emm</span> <span class='ocrx_word' id='word_1_538' title='bbox 257 2051 296 2085; x_wconf 83' lang='lat' dir='ltr'>fit</span> <span class='ocrx_word' id='word_1_539' title='bbox 321 2053 415 2086; x_wconf 87' lang='lat' dir='ltr'>forte</span> <span class='ocrx_word' id='word_1_540' title='bbox 436 2070 484 2076; x_wconf 88' lang='lat'>—-</span> <span class='ocrx_word' id='word_1_541' title='bbox 509 2056 618 2089; x_wconf 88' lang='lat' dir='ltr'>molle</span> <span class='ocrx_word' id='word_1_542' title='bbox 639 2077 684 2082; x_wconf 91' lang='lat'>—-</span> <span class='ocrx_word' id='word_1_543' title='bbox 707 2059 849 2092; x_wconf 85' lang='lat' dir='ltr'>mollius</span> <span class='ocrx_word' id='word_1_544' title='bbox 872 2061 907 2102; x_wconf 91' lang='grc'>9,</span> <span class='ocrx_word' id='word_1_545' title='bbox 933 2059 968 2103; x_wconf 86' lang='grc'>4,</span> <span class='ocrx_word' id='word_1_546' title='bbox 991 2063 1051 2096; x_wconf 87' lang='grc'>97.</span> <span class='ocrx_word' id='word_1_547' title='bbox 1084 2063 1181 2104; x_wconf 88' lang='lat' dir='ltr'>quod</span> <span class='ocrx_word' id='word_1_548' title='bbox 1203 2062 1241 2095; x_wconf 91' lang='lat' dir='ltr'>fit</span> <span class='ocrx_word' id='word_1_549' title='bbox 1255 2063 1399 2107; x_wconf 83' lang='lat' dir='ltr'>gratius,</span> <span class='ocrx_word' id='word_1_550' title='bbox 1425 2062 1455 2095; x_wconf 92' lang='lat' dir='ltr'>si</span> <span class='ocrx_word' id='word_1_551' title='bbox 1479 2070 1538 2096; x_wconf 79' lang='lat' dir='ltr'>eie.</span> 
     </span>
     <span class='ocr_line' id='line_1_42' title="bbox 62 2098 1542 2151; baseline 0.007 -21"><span class='ocrx_word' id='word_1_552' title='bbox 62 2099 99 2140; x_wconf 88' lang='grc'>6,</span> <span class='ocrx_word' id='word_1_553' title='bbox 124 2100 159 2140; x_wconf 82' lang='lat'>3,</span> <span class='ocrx_word' id='word_1_554' title='bbox 183 2098 243 2134; x_wconf 89' lang='grc'><strong>96.</strong></span> <span class='ocrx_word' id='word_1_555' title='bbox 277 2109 423 2141; x_wconf 75' lang='lat' dir='ltr'>servus,</span> <span class='ocrx_word' id='word_1_556' title='bbox 454 2110 534 2132; x_wconf 85' lang='lat' dir='ltr'>cum</span> <span class='ocrx_word' id='word_1_557' title='bbox 560 2102 835 2146; x_wconf 87' lang='lat' dir='ltr'>manumittitur,</span> <span class='ocrx_word' id='word_1_558' title='bbox 866 2105 904 2137; x_wconf 91' lang='lat' dir='ltr'>fit</span> <span class='ocrx_word' id='word_1_559' title='bbox 928 2105 1022 2149; x_wconf 87' lang='lat' dir='ltr'>(Sp.</span> <span class='ocrx_word' id='word_1_560' title='bbox 1047 2107 1129 2148; x_wconf 86' lang='lat' dir='ltr'>om.)</span> <span class='ocrx_word' id='word_1_561' title='bbox 1152 2107 1338 2141; x_wconf 86' lang='lat' dir='ltr'>libertinus</span> <span class='ocrx_word' id='word_1_562' title='bbox 1362 2115 1421 2141; x_wconf 79' lang='lat' dir='ltr'>etc.</span> <span class='ocrx_word' id='word_1_563' title='bbox 1448 2111 1482 2150; x_wconf 92' lang='lat'>7,</span> <span class='ocrx_word' id='word_1_564' title='bbox 1507 2110 1542 2151; x_wconf 87' lang='grc'>3,</span> 
     </span>
     <span class='ocr_line' id='line_1_43' title="bbox 65 2142 1541 2195; baseline 0.007 -17"><span class='ocrx_word' id='word_1_565' title='bbox 65 2146 110 2178; x_wconf 83' lang='grc'>27</span> <span class='ocrx_word' id='word_1_566' title='bbox 132 2147 175 2177; x_wconf 92' lang='grc' dir='ltr'><strong>Ζ.</strong></span> <span class='ocrx_word' id='word_1_567' title='bbox 201 2142 368 2187; x_wconf 84' lang='lat' dir='ltr'>deinceps</span> <span class='ocrx_word' id='word_1_568' title='bbox 392 2144 572 2191; x_wconf 87' lang='lat' dir='ltr'>longiores</span> <span class='ocrx_word' id='word_1_569' title='bbox 595 2145 683 2179; x_wconf 89' lang='lat' dir='ltr'>fiunt</span> <span class='ocrx_word' id='word_1_570' title='bbox 706 2147 758 2188; x_wconf 91' lang='grc' dir='ltr'>(α.</span> <span class='ocrx_word' id='word_1_571' title='bbox 771 2152 793 2181; x_wconf 85' lang='lat'>1.</span> <span class='ocrx_word' id='word_1_572' title='bbox 812 2149 910 2193; x_wconf 89' lang='lat' dir='ltr'>sunt)</span> <span class='ocrx_word' id='word_1_573' title='bbox 936 2151 1183 2193; x_wconf 88' lang='lat' dir='ltr'>percussiones</span> <span class='ocrx_word' id='word_1_574' title='bbox 1209 2154 1244 2195; x_wconf 88' lang='lat'>9,</span> <span class='ocrx_word' id='word_1_575' title='bbox 1268 2151 1303 2194; x_wconf 83' lang='grc'>4,</span> <span class='ocrx_word' id='word_1_576' title='bbox 1327 2154 1382 2187; x_wconf 91' lang='grc'>51.</span> <span class='ocrx_word' id='word_1_577' title='bbox 1410 2153 1541 2188; x_wconf 85' lang='lat' dir='ltr'>cotidie</span> 
     </span>
     <span class='ocr_line' id='line_1_44' title="bbox 65 2189 1543 2240; baseline 0.007 -17"><span class='ocrx_word' id='word_1_578' title='bbox 65 2189 178 2232; x_wconf 82' lang='lat' dir='ltr'>majus</span> <span class='ocrx_word' id='word_1_579' title='bbox 204 2189 243 2222; x_wconf 88' lang='lat' dir='ltr'>fit</span> <span class='ocrx_word' id='word_1_580' title='bbox 266 2200 418 2233; x_wconf 83' lang='lat' dir='ltr'>semper,</span> <span class='ocrx_word' id='word_1_581' title='bbox 446 2191 541 2234; x_wconf 77' lang='lat' dir='ltr'>quod</span> <span class='ocrx_word' id='word_1_582' title='bbox 565 2191 684 2225; x_wconf 80' lang='lat' dir='ltr'>ausuri</span> <span class='ocrx_word' id='word_1_583' title='bbox 703 2203 821 2228; x_wconf 86' lang='lat' dir='ltr'>sumus</span> <span class='ocrx_word' id='word_1_584' title='bbox 849 2197 902 2238; x_wconf 90' lang='lat'>12,</span> <span class='ocrx_word' id='word_1_585' title='bbox 925 2195 962 2238; x_wconf 93' lang='grc'>6,</span> <span class='ocrx_word' id='word_1_586' title='bbox 983 2198 1017 2229; x_wconf 88' lang='grc'>3.</span> <span class='ocrx_word' id='word_1_587' title='bbox 1048 2208 1137 2240; x_wconf 83' lang='lat' dir='ltr'>quae</span> <span class='ocrx_word' id='word_1_588' title='bbox 1160 2197 1248 2231; x_wconf 83' lang='lat' dir='ltr'>vitia</span> <span class='ocrx_word' id='word_1_589' title='bbox 1269 2198 1437 2233; x_wconf 86' lang='lat' dir='ltr'>facillime</span> <span class='ocrx_word' id='word_1_590' title='bbox 1454 2199 1543 2233; x_wconf 88' lang='lat' dir='ltr'>fiunt</span> 
     </span>
     <span class='ocr_line' id='line_1_45' title="bbox 65 2234 1543 2289; baseline 0.007 -20"><span class='ocrx_word' id='word_1_591' title='bbox 65 2234 252 2270; x_wconf 80' lang='lat' dir='ltr'>manifesta</span> <span class='ocrx_word' id='word_1_592' title='bbox 276 2234 460 2270; x_wconf 82' lang='lat' dir='ltr'>contrariis</span> <span class='ocrx_word' id='word_1_593' title='bbox 486 2236 676 2270; x_wconf 83' lang='lat' dir='ltr'>virtutibus</span> <span class='ocrx_word' id='word_1_594' title='bbox 700 2239 735 2280; x_wconf 89' lang='grc'>8,</span> <span class='ocrx_word' id='word_1_595' title='bbox 761 2241 796 2282; x_wconf 87' lang='grc'>3,</span> <span class='ocrx_word' id='word_1_596' title='bbox 822 2237 879 2275; x_wconf 87' lang='grc'>49.</span> <span class='ocrx_word' id='word_1_597' title='bbox 910 2239 958 2281; x_wconf 85' lang='lat' dir='ltr'>cs.</span> <span class='ocrx_word' id='word_1_598' title='bbox 983 2243 1047 2284; x_wconf 90' lang='lat'>12,</span> <span class='ocrx_word' id='word_1_599' title='bbox 1073 2245 1115 2285; x_wconf 93' lang='lat'>1,</span> <span class='ocrx_word' id='word_1_600' title='bbox 1138 2242 1194 2276; x_wconf 84' lang='lat'>35.</span> <span class='ocrx_word' id='word_1_601' title='bbox 1221 2243 1349 2277; x_wconf 90' lang='lat' dir='ltr'>melior</span> <span class='ocrx_word' id='word_1_602' title='bbox 1373 2244 1413 2277; x_wconf 89' lang='lat' dir='ltr'>fit</span> <span class='ocrx_word' id='word_1_603' title='bbox 1437 2257 1543 2289; x_wconf 85' lang='lat' dir='ltr'>prae-</span> 
     </span>
     <span class='ocr_line' id='line_1_46' title="bbox 66 2279 1558 2334; baseline 0.009 -21"><span class='ocrx_word' id='word_1_604' title='bbox 66 2281 217 2314; x_wconf 86' lang='lat' dir='ltr'>cedente</span> <span class='ocrx_word' id='word_1_605' title='bbox 241 2281 400 2324; x_wconf 90' lang='lat' dir='ltr'>spondeo</span> <span class='ocrx_word' id='word_1_606' title='bbox 424 2279 622 2326; x_wconf 75' lang='lat' dir='ltr'>(rhythmus)</span> <span class='ocrx_word' id='word_1_607' title='bbox 646 2284 680 2326; x_wconf 92' lang='lat'>9,</span> <span class='ocrx_word' id='word_1_608' title='bbox 704 2282 740 2325; x_wconf 87' lang='lat'>4,</span> <span class='ocrx_word' id='word_1_609' title='bbox 762 2286 840 2318; x_wconf 90' lang='grc'><strong>110.</strong></span> <span class='ocrx_word' id='word_1_610' title='bbox 874 2284 917 2326; x_wconf 80' lang='lat' dir='ltr'>cs.</span> <span class='ocrx_word' id='word_1_611' title='bbox 941 2286 975 2327; x_wconf 92' lang='grc'>9,</span> <span class='ocrx_word' id='word_1_612' title='bbox 999 2289 1035 2327; x_wconf 92' lang='grc'>2,</span> <span class='ocrx_word' id='word_1_613' title='bbox 1059 2289 1116 2322; x_wconf 91' lang='grc'>32.</span> <span class='ocrx_word' id='word_1_614' title='bbox 1143 2289 1190 2321; x_wconf 88' lang='grc' dir='ltr'>Ν.</span> <span class='ocrx_word' id='word_1_615' title='bbox 1217 2301 1262 2322; x_wconf 82' lang='lat' dir='ltr'>cr.</span> <span class='ocrx_word' id='word_1_616' title='bbox 1295 2289 1426 2334; x_wconf 83' lang='lat' dir='ltr'>fietque</span> <span class='ocrx_word' id='word_1_617' title='bbox 1448 2293 1558 2326; x_wconf 61' lang='lat' dir='ltr'>ultro*</span> 
     </span>
     <span class='ocr_line' id='line_1_47' title="bbox 65 2325 1542 2380; baseline 0.007 -21"><span class='ocrx_word' id='word_1_618' title='bbox 65 2325 276 2360; x_wconf 86' lang='lat' dir='ltr'>miserabilis</span> <span class='ocrx_word' id='word_1_619' title='bbox 304 2329 367 2366; x_wconf 88' lang='lat'>11,</span> <span class='ocrx_word' id='word_1_620' title='bbox 396 2329 437 2368; x_wconf 90' lang='lat'>1,</span> <span class='ocrx_word' id='word_1_621' title='bbox 462 2326 520 2362; x_wconf 85' lang='lat'>64.</span> <span class='ocrx_word' id='word_1_622' title='bbox 555 2334 655 2362; x_wconf 90' lang='lat' dir='ltr'>motu</span> <span class='ocrx_word' id='word_1_623' title='bbox 677 2328 828 2374; x_wconf 88' lang='lat' dir='ltr'>intenti,</span> <span class='ocrx_word' id='word_1_624' title='bbox 858 2330 996 2365; x_wconf 86' lang='lat' dir='ltr'>remissi</span> <span class='ocrx_word' id='word_1_625' title='bbox 1020 2340 1081 2366; x_wconf 80' lang='lat' dir='ltr'>etc.</span> <span class='ocrx_word' id='word_1_626' title='bbox 1116 2332 1204 2367; x_wconf 87' lang='lat' dir='ltr'>fiunt</span> <span class='ocrx_word' id='word_1_627' title='bbox 1225 2334 1322 2369; x_wconf 85' lang='lat' dir='ltr'>oculi</span> <span class='ocrx_word' id='word_1_628' title='bbox 1346 2339 1402 2379; x_wconf 90' lang='lat'>11,</span> <span class='ocrx_word' id='word_1_629' title='bbox 1426 2338 1462 2380; x_wconf 88' lang='lat'>3,</span> <span class='ocrx_word' id='word_1_630' title='bbox 1485 2340 1542 2372; x_wconf 89' lang='lat'>75.</span> 
     </span>
     <span class='ocr_line' id='line_1_48' title="bbox 65 2371 1543 2428; baseline 0.009 -24"><span class='ocrx_word' id='word_1_631' title='bbox 65 2372 127 2406; x_wconf 82' lang='lat' dir='ltr'>vel</span> <span class='ocrx_word' id='word_1_632' title='bbox 154 2371 266 2413; x_wconf 87' lang='lat' dir='ltr'>sint,</span> <span class='ocrx_word' id='word_1_633' title='bbox 301 2372 363 2406; x_wconf 84' lang='lat' dir='ltr'>vel</span> <span class='ocrx_word' id='word_1_634' title='bbox 389 2372 495 2406; x_wconf 89' lang='lat' dir='ltr'>etiam</span> <span class='ocrx_word' id='word_1_635' title='bbox 518 2384 613 2416; x_wconf 85' lang='lat' dir='ltr'>nova</span> <span class='ocrx_word' id='word_1_636' title='bbox 640 2373 755 2409; x_wconf 85' lang='lat' dir='ltr'>fieri</span> <span class='ocrx_word' id='word_1_637' title='bbox 787 2377 901 2410; x_wconf 87' lang='lat' dir='ltr'>adhuc</span> <span class='ocrx_word' id='word_1_638' title='bbox 928 2377 1065 2420; x_wconf 85' lang='lat' dir='ltr'>possint</span> <span class='ocrx_word' id='word_1_639' title='bbox 1086 2378 1129 2421; x_wconf 90' lang='lat'>9,</span> <span class='ocrx_word' id='word_1_640' title='bbox 1152 2382 1198 2423; x_wconf 89' lang='lat'>2,</span> <span class='ocrx_word' id='word_1_641' title='bbox 1225 2382 1302 2415; x_wconf 90' lang='grc'><strong>107.</strong></span> <span class='ocrx_word' id='word_1_642' title='bbox 1335 2381 1472 2428; x_wconf 83' lang='lat' dir='ltr'>singula</span> <span class='ocrx_word' id='word_1_643' title='bbox 1496 2403 1543 2421; x_wconf 62' lang='lat'>,—</span> 
     </span>
     <span class='ocr_line' id='line_1_49' title="bbox 68 2416 1541 2473; baseline 0.01 -24"><span class='ocrx_word' id='word_1_644' title='bbox 68 2416 167 2460; x_wconf 74' lang='lat' dir='ltr'>qnasi</span> <span class='ocrx_word' id='word_1_645' title='bbox 191 2417 294 2460; x_wconf 83' lang='lat' dir='ltr'>plura</span> <span class='ocrx_word' id='word_1_646' title='bbox 318 2417 406 2451; x_wconf 89' lang='lat' dir='ltr'>fiunt</span> <span class='ocrx_word' id='word_1_647' title='bbox 427 2419 463 2461; x_wconf 91' lang='lat'>9,</span> <span class='ocrx_word' id='word_1_648' title='bbox 489 2420 524 2462; x_wconf 89' lang='grc'>3,</span> <span class='ocrx_word' id='word_1_649' title='bbox 548 2420 608 2454; x_wconf 82' lang='grc'>50.</span> <span class='ocrx_word' id='word_1_650' title='bbox 623 2431 740 2466; x_wconf 33' lang='grc' dir='ltr'><strong>,ραι-08</strong></span> <span class='ocrx_word' id='word_1_651' title='bbox 763 2427 823 2455; x_wconf 87' lang='lat' dir='ltr'>aut</span> <span class='ocrx_word' id='word_1_652' title='bbox 837 2423 969 2463; x_wconf 46' lang='lat' dir='ltr'>,saltem</span> <span class='ocrx_word' id='word_1_653' title='bbox 992 2423 1176 2467; x_wconf 87' lang='lat' dir='ltr'>proximos</span> <span class='ocrx_word' id='word_1_654' title='bbox 1202 2423 1255 2459; x_wconf 88' lang='lat' dir='ltr'>illi</span> <span class='ocrx_word' id='word_1_655' title='bbox 1276 2426 1358 2462; x_wconf 81' lang='lat' dir='ltr'>viro</span> <span class='ocrx_word' id='word_1_656' title='bbox 1379 2428 1458 2463; x_wconf 87' lang='lat' dir='ltr'>fieri</span> <span class='ocrx_word' id='word_1_657' title='bbox 1485 2432 1541 2473; x_wconf 90' lang='grc'>10,</span> 
     </span>
     <span class='ocr_line' id='line_1_50' title="bbox 70 2463 1539 2515; baseline 0.01 -21"><span class='ocrx_word' id='word_1_658' title='bbox 70 2464 102 2504; x_wconf 85' lang='grc'>1,</span> <span class='ocrx_word' id='word_1_659' title='bbox 130 2464 205 2496; x_wconf 90' lang='grc'><strong>127.</strong></span> <span class='ocrx_word' id='word_1_660' title='bbox 233 2463 396 2496; x_wconf 89' lang='lat' dir='ltr'>nonnulli</span> <span class='ocrx_word' id='word_1_661' title='bbox 421 2474 525 2498; x_wconf 87' lang='lat' dir='ltr'>senes</span> <span class='ocrx_word' id='word_1_662' title='bbox 551 2464 590 2499; x_wconf 88' lang='lat' dir='ltr'>in</span> <span class='ocrx_word' id='word_1_663' title='bbox 614 2467 737 2500; x_wconf 81' lang='lat' dir='ltr'>schola</span> <span class='ocrx_word' id='word_1_664' title='bbox 760 2467 845 2500; x_wconf 78' lang='lat' dir='ltr'>sacti</span> <span class='ocrx_word' id='word_1_665' title='bbox 871 2471 926 2510; x_wconf 92' lang='lat'>12,</span> <span class='ocrx_word' id='word_1_666' title='bbox 953 2469 988 2510; x_wconf 88' lang='lat'>6,</span> <span class='ocrx_word' id='word_1_667' title='bbox 1015 2471 1047 2503; x_wconf 87' lang='lat'>5.</span> <span class='ocrx_word' id='word_1_668' title='bbox 1081 2469 1126 2511; x_wconf 80' lang='lat' dir='ltr'>cs.</span> <span class='ocrx_word' id='word_1_669' title='bbox 1153 2471 1187 2513; x_wconf 88' lang='lat'>5,</span> <span class='ocrx_word' id='word_1_670' title='bbox 1212 2472 1247 2514; x_wconf 89' lang='grc'>6,</span> <span class='ocrx_word' id='word_1_671' title='bbox 1270 2473 1312 2515; x_wconf 88' lang='grc'>6;</span> <span class='ocrx_word' id='word_1_672' title='bbox 1342 2474 1458 2508; x_wconf 87' lang='lat' dir='ltr'>factus</span> <span class='ocrx_word' id='word_1_673' title='bbox 1485 2486 1539 2509; x_wconf 85' lang='lat' dir='ltr'>ex</span> 
     </span>
     <span class='ocr_line' id='line_1_51' title="bbox 19 2507 1506 2562; baseline 0.009 -21"><span class='ocrx_word' id='word_1_674' title='bbox 19 2516 25 2518; x_wconf 61' lang='lat'><strong><em>‘</em></strong></span> <span class='ocrx_word' id='word_1_675' title='bbox 67 2507 148 2542; x_wconf 83' lang='lat' dir='ltr'>viro</span> <span class='ocrx_word' id='word_1_676' title='bbox 171 2507 257 2541; x_wconf 84' lang='lat' dir='ltr'>sorti</span> <span class='ocrx_word' id='word_1_677' title='bbox 283 2509 444 2543; x_wconf 89' lang='lat' dir='ltr'>desertor</span> <span class='ocrx_word' id='word_1_678' title='bbox 465 2510 501 2553; x_wconf 88' lang='lat'>9,</span> <span class='ocrx_word' id='word_1_679' title='bbox 517 2512 552 2553; x_wconf 85' lang='lat'>2,</span> <span class='ocrx_word' id='word_1_680' title='bbox 570 2511 634 2554; x_wconf 80' lang='lat'>863</span> <span class='ocrx_word' id='word_1_681' title='bbox 661 2511 750 2546; x_wconf 85' lang='lat' dir='ltr'>fiunt</span> <span class='ocrx_word' id='word_1_682' title='bbox 771 2523 854 2557; x_wconf 90' lang='lat' dir='ltr'>pro</span> <span class='ocrx_word' id='word_1_683' title='bbox 879 2514 1070 2560; x_wconf 75' lang='lat' dir='ltr'>grandibus</span> <span class='ocrx_word' id='word_1_684' title='bbox 1094 2516 1217 2550; x_wconf 84' lang='lat' dir='ltr'>tumidi</span> <span class='ocrx_word' id='word_1_685' title='bbox 1232 2525 1292 2551; x_wconf 69' lang='lat' dir='ltr'>etc.</span> <span class='ocrx_word' id='word_1_686' title='bbox 1318 2521 1375 2562; x_wconf 90' lang='lat'>10,</span> <span class='ocrx_word' id='word_1_687' title='bbox 1392 2523 1427 2555; x_wconf 89' lang='lat'>2.</span> <span class='ocrx_word' id='word_1_688' title='bbox 1453 2522 1506 2554; x_wconf 84' lang='lat'>18.</span> 
     </span>
    </p>

    <p class='ocr_par' dir='ltr' id='par_1_11' title="bbox 4 2550 1546 2789">
     <span class='ocr_line' id='line_1_52' title="bbox 159 2550 1540 2608; baseline 0.011 -22"><span class='ocrx_word' id='word_1_689' title='bbox 159 2550 196 2596; x_wconf 78' lang='grc' dir='ltr'>λ)</span> <span class='ocrx_word' id='word_1_690' title='bbox 225 2566 291 2598; x_wconf 72' lang='lat' dir='ltr'>seq.</span> <span class='ocrx_word' id='word_1_691' title='bbox 317 2561 386 2589; x_wconf 70' lang='lat' dir='ltr'>ut.-</span> <span class='ocrx_word' id='word_1_692' title='bbox 411 2565 482 2599; x_wconf 85' lang='lat' dir='ltr'>quo</span> <span class='ocrx_word' id='word_1_693' title='bbox 505 2555 563 2598; x_wconf 89' lang='lat' dir='ltr'>fit,</span> <span class='ocrx_word' id='word_1_694' title='bbox 585 2562 630 2590; x_wconf 82' lang='lat' dir='ltr'>ut</span> <span class='ocrx_word' id='word_1_695' title='bbox 654 2564 715 2591; x_wconf 72' lang='lat' dir='ltr'>etc.</span> <span class='ocrx_word' id='word_1_696' title='bbox 741 2560 776 2601; x_wconf 82' lang='lat' dir='ltr'>s,</span> <span class='ocrx_word' id='word_1_697' title='bbox 792 2559 826 2600; x_wconf 85' lang='lat'>6,</span> <span class='ocrx_word' id='word_1_698' title='bbox 842 2562 877 2593; x_wconf 93' lang='lat'>7.</span> <span class='ocrx_word' id='word_1_699' title='bbox 902 2560 937 2601; x_wconf 85' lang='lat'>9,</span> <span class='ocrx_word' id='word_1_700' title='bbox 960 2559 996 2603; x_wconf 83' lang='lat'>4,</span> <span class='ocrx_word' id='word_1_701' title='bbox 1017 2561 1076 2596; x_wconf 87' lang='lat'>90.</span> <span class='ocrx_word' id='word_1_702' title='bbox 1112 2564 1167 2604; x_wconf 91' lang='lat'>10,</span> <span class='ocrx_word' id='word_1_703' title='bbox 1191 2564 1226 2606; x_wconf 88' lang='lat'>3,</span> <span class='ocrx_word' id='word_1_704' title='bbox 1249 2566 1307 2598; x_wconf 84' lang='lat'>20.</span> <span class='ocrx_word' id='word_1_705' title='bbox 1342 2567 1399 2608; x_wconf 90' lang='lat'>10,</span> <span class='ocrx_word' id='word_1_706' title='bbox 1424 2568 1458 2608; x_wconf 83' lang='lat'>5,</span> <span class='ocrx_word' id='word_1_707' title='bbox 1485 2569 1540 2601; x_wconf 83' lang='lat'>23.</span> 
     </span>
     <span class='ocr_line' id='line_1_53' title="bbox 69 2597 1543 2654; baseline 0.009 -23"><span class='ocrx_word' id='word_1_708' title='bbox 69 2600 127 2650; x_wconf 83' lang='lat'>12,</span> <span class='ocrx_word' id='word_1_709' title='bbox 153 2601 185 2642; x_wconf 94' lang='lat'>1,</span> <span class='ocrx_word' id='word_1_710' title='bbox 207 2597 264 2634; x_wconf 88' lang='lat'>45.</span> <span class='ocrx_word' id='word_1_711' title='bbox 294 2599 342 2643; x_wconf 84' lang='lat' dir='ltr'>(a.</span> <span class='ocrx_word' id='word_1_712' title='bbox 366 2604 387 2633; x_wconf 89' lang='lat' dir='ltr'>l.</span> <span class='ocrx_word' id='word_1_713' title='bbox 412 2611 566 2645; x_wconf 82' lang='lat' dir='ltr'>namque</span> <span class='ocrx_word' id='word_1_714' title='bbox 590 2613 670 2636; x_wconf 89' lang='lat' dir='ltr'>cum</span> <span class='ocrx_word' id='word_1_715' title='bbox 691 2603 744 2647; x_wconf 88' lang='lat' dir='ltr'>fit,</span> <span class='ocrx_word' id='word_1_716' title='bbox 767 2603 822 2647; x_wconf 91' lang='lat' dir='ltr'>ut)</span> <span class='ocrx_word' id='word_1_717' title='bbox 848 2605 892 2648; x_wconf 90' lang='lat'>9,</span> <span class='ocrx_word' id='word_1_718' title='bbox 918 2604 959 2648; x_wconf 89' lang='lat'>4,</span> <span class='ocrx_word' id='word_1_719' title='bbox 983 2606 1039 2640; x_wconf 87' lang='lat'>63.</span> <span class='ocrx_word' id='word_1_720' title='bbox 1078 2606 1138 2641; x_wconf 90' lang='lat' dir='ltr'>Sic</span> <span class='ocrx_word' id='word_1_721' title='bbox 1160 2607 1221 2642; x_wconf 85' lang='lat' dir='ltr'>fiet</span> <span class='ocrx_word' id='word_1_722' title='bbox 1247 2620 1328 2643; x_wconf 84' lang='lat' dir='ltr'>cmn</span> <span class='ocrx_word' id='word_1_723' title='bbox 1355 2610 1412 2654; x_wconf 91' lang='lat' dir='ltr'>id,</span> <span class='ocrx_word' id='word_1_724' title='bbox 1438 2628 1482 2636; x_wconf 89' lang='lat'>—</span> <span class='ocrx_word' id='word_1_725' title='bbox 1506 2619 1543 2646; x_wconf 88' lang='lat' dir='ltr'>ut</span> 
     </span>
     <span class='ocr_line' id='line_1_54' title="bbox 70 2644 1543 2701; baseline 0.012 -25"><span class='ocrx_word' id='word_1_726' title='bbox 70 2644 164 2678; x_wconf 72' lang='lat' dir='ltr'>dicat</span> <span class='ocrx_word' id='word_1_727' title='bbox 185 2644 319 2679; x_wconf 86' lang='lat' dir='ltr'>utiliter</span> <span class='ocrx_word' id='word_1_728' title='bbox 341 2652 402 2679; x_wconf 77' lang='lat' dir='ltr'>etc.</span> <span class='ocrx_word' id='word_1_729' title='bbox 427 2647 664 2698; x_wconf 43' lang='lat' dir='ltr'>tum-laudem</span> <span class='ocrx_word' id='word_1_730' title='bbox 689 2659 830 2694; x_wconf 83' lang='lat' dir='ltr'>quoque</span> <span class='ocrx_word' id='word_1_731' title='bbox 853 2670 898 2676; x_wconf 95' lang='lat'>—</span> <span class='ocrx_word' id='word_1_732' title='bbox 923 2658 1160 2700; x_wconf 71' lang='lat' dir='ltr'>consequetur</span> <span class='ocrx_word' id='word_1_733' title='bbox 1187 2657 1244 2697; x_wconf 93' lang='lat'>12,</span> <span class='ocrx_word' id='word_1_734' title='bbox 1270 2658 1326 2698; x_wconf 90' lang='lat'>10,</span> <span class='ocrx_word' id='word_1_735' title='bbox 1354 2659 1411 2691; x_wconf 93' lang='lat'>72.</span> <span class='ocrx_word' id='word_1_736' title='bbox 1438 2655 1482 2698; x_wconf 82' lang='lat' dir='ltr'>cs.</span> <span class='ocrx_word' id='word_1_737' title='bbox 1508 2659 1543 2701; x_wconf 90' lang='grc'>9,</span> 
     </span>
     <span class='ocr_line' id='line_1_55' title="bbox 4 2688 1545 2744; baseline 0.009 -22"><span class='ocrx_word' id='word_1_738' title='bbox 4 2733 6 2736; x_wconf 29' lang='grc'>,</span> <span class='ocrx_word' id='word_1_739' title='bbox 71 2691 106 2731; x_wconf 91' lang='grc'>2,</span> <span class='ocrx_word' id='word_1_740' title='bbox 123 2688 182 2724; x_wconf 87' lang='grc'>71.</span> <span class='ocrx_word' id='word_1_741' title='bbox 207 2691 312 2744; x_wconf 69' lang='grc'><strong>10,6,</strong></span> <span class='ocrx_word' id='word_1_742' title='bbox 326 2691 361 2726; x_wconf 87' lang='grc'>6.</span> <span class='ocrx_word' id='word_1_743' title='bbox 386 2689 454 2744; x_wconf 59' lang='lat' dir='ltr'>vsix</span> <span class='ocrx_word' id='word_1_744' title='bbox 476 2693 619 2727; x_wconf 73' lang='lat' dir='ltr'>wdetur</span> <span class='ocrx_word' id='word_1_745' title='bbox 633 2704 747 2738; x_wconf 86' lang='lat' dir='ltr'>posse</span> <span class='ocrx_word' id='word_1_746' title='bbox 761 2694 850 2737; x_wconf 88' lang='lat' dir='ltr'>fieri,</span> <span class='ocrx_word' id='word_1_747' title='bbox 875 2701 914 2729; x_wconf 89' lang='lat' dir='ltr'>ut</span> <span class='ocrx_word' id='word_1_748' title='bbox 933 2699 968 2739; x_wconf 93' lang='lat'>7,</span> <span class='ocrx_word' id='word_1_749' title='bbox 982 2699 1016 2740; x_wconf 91' lang='lat'>1,</span> <span class='ocrx_word' id='word_1_750' title='bbox 1039 2699 1096 2733; x_wconf 88' lang='lat'>57.</span> <span class='ocrx_word' id='word_1_751' title='bbox 1140 2698 1190 2733; x_wconf 84' lang='lat' dir='ltr'>At</span> <span class='ocrx_word' id='word_1_752' title='bbox 1213 2703 1392 2744; x_wconf 74' lang='lat' dir='ltr'>quomodo</span> <span class='ocrx_word' id='word_1_753' title='bbox 1415 2702 1487 2744; x_wconf 86' lang='lat' dir='ltr'>fiet,</span> <span class='ocrx_word' id='word_1_754' title='bbox 1507 2711 1545 2738; x_wconf 87' lang='lat' dir='ltr'>ut</span> 
     </span>
     <span class='ocr_line' id='line_1_56' title="bbox 71 2734 1546 2789; baseline 0.009 -20"><span class='ocrx_word' id='word_1_755' title='bbox 71 2734 106 2777; x_wconf 82' lang='lat'>6,</span> <span class='ocrx_word' id='word_1_756' title='bbox 117 2737 153 2779; x_wconf 84' lang='lat'>2,</span> <span class='ocrx_word' id='word_1_757' title='bbox 163 2735 220 2772; x_wconf 80' lang='lat'>29.</span> <span class='ocrx_word' id='word_1_758' title='bbox 248 2741 320 2772; x_wconf 76' lang='lat' dir='ltr'>cito</span> <span class='ocrx_word' id='word_1_759' title='bbox 342 2738 531 2772; x_wconf 77' lang='lat' dir='ltr'>sonbendo</span> <span class='ocrx_word' id='word_1_760' title='bbox 553 2749 627 2774; x_wconf 91' lang='lat' dir='ltr'>non</span> <span class='ocrx_word' id='word_1_761' title='bbox 643 2739 693 2784; x_wconf 80' lang='lat' dir='ltr'>fit,</span> <span class='ocrx_word' id='word_1_762' title='bbox 718 2745 757 2774; x_wconf 87' lang='lat' dir='ltr'>ut</span> <span class='ocrx_word' id='word_1_763' title='bbox 771 2741 863 2776; x_wconf 87' lang='lat' dir='ltr'>bene</span> <span class='ocrx_word' id='word_1_764' title='bbox 887 2741 1061 2778; x_wconf 75' lang='lat' dir='ltr'>scribatur</span> <span class='ocrx_word' id='word_1_765' title='bbox 1083 2746 1140 2789; x_wconf 86' lang='grc'>10,</span> <span class='ocrx_word' id='word_1_766' title='bbox 1159 2747 1261 2789; x_wconf 88' lang='grc'><strong>3,10.</strong></span> <span class='ocrx_word' id='word_1_767' title='bbox 1288 2748 1419 2782; x_wconf 84' lang='lat' dir='ltr'>artibus</span> <span class='ocrx_word' id='word_1_768' title='bbox 1444 2749 1546 2784; x_wconf 82' lang='lat' dir='ltr'>editis</span> 
     </span>
    </p>
   </div>
  </div>
 </body>
</html>
