1728 3002
579 200 724 244 Tener
752 227 808 235 —
837 199 978 244 'l'ento
1460 201 1542 244 893

558 295 562 311 Ι

60 323 159 354 tenet
185 318 348 362 coelum,
370 326 469 352 mare
492 317 641 359 classes,
666 328 748 351 area
771 321 924 352 messem
950 319 991 352 V
995 329 1014 350 e
1024 329 1075 351 rs.
1099 317 1141 361 9,
1165 316 1209 359 4,
1232 317 1290 354 90.
1349 318 1402 360 ΙΙ)
1427 322 1544 354 hunsl.

11 367 26 389 ι’
61 365 105 410 ι)
123 370 379 408 occupatum
398 365 555 398 habeo.-
580 364 609 397 si
635 364 739 407 janua
758 364 935 398 tenebitur
954 363 1123 397 incendio
1146 367 1181 407 2,
1203 365 1256 407 13,
1277 364 1330 398 16.
1354 366 1422 409 jam
1441 364 1547 400 Cice-

59 421 150 446 rone
172 421 287 444 arcem
304 414 446 444 tenente
463 410 688 455 eloquentiae
707 414 762 453 12,
781 414 837 453 11,
855 411 910 445 28.
932 410 1159 444 lucubrantes
1176 411 1296 445 lumen
1315 422 1425 445 unum
1446 413 1547 446 velut

61 458 178 491 t'ectos
200 456 355 490 maxime
376 461 496 491 teneat
523 459 568 490 10
571 482 588 506 ,
611 458 654 498 3,
680 457 736 491 25.
763 455 799 490 in
822 457 889 491 hac
914 454 1158 499 (altercatione)
1182 457 1422 491 adversarium
1446 457 1548 502 quasi

61 503 263 537 consessum
293 508 455 545 tenemus
480 503 524 546 6,
546 502 594 544 4,
618 503 672 537 18.
700 503 874 537 tenendus
903 502 1008 536 etiam
1032 502 1162 536 diutius
1187 499 1311 546 (testis)
1340 505 1384 546 5,
1409 507 1450 546 7,
1482 505 1546 547 193

60 559 158 591 non,
193 548 351 593 quisquis
374 547 554 582 hominem
577 548 728 592 occidit,
753 549 870 583 caedis
898 554 1041 582 tenetur
1060 551 1104 591 5,
1135 548 1202 591 14,
1230 553 1291 591 11;
1331 551 1458 594 quosd.
1485 550 1547 584 iua

60 595 267 638 turbabant,
300 605 390 639 quae
421 594 713 629 declinationibus
749 605 822 629 non
853 600 1020 629 tenentur
1051 595 1096 638 (i.
1121 608 1150 629 e.
1182 608 1262 628 non
1296 595 1550 638 manifesta

61 639 186 684 sunt)
218 644 256 680 1,
279 639 322 683 4,
345 643 392 674 27
412 641 459 676 N.
505 641 554 685 β)
586 643 608 676 ἰ.
641 654 670 686 q.
702 644 940 675 contineo.-
970 646 1009 674 ut
1038 641 1138 675 cibus
1175 641 1290 675 teneri
1321 653 1396 676 non
1424 648 1548 686 posset

61 687 106 729 9,
131 686 177 728 4,
204 689 261 721 30.
293 687 397 722 velut
422 685 566 725 nomine
594 686 674 732 ipso
701 687 801 721 ducis
826 698 951 722 cursus
977 687 1119 721 dicendi
1143 693 1324 722 teneretur
1346 688 1391 729 4,
1420 691 1465 728 3,
1491 691 1549 722 13.

60 732 218 776 jndices,
251 732 312 777 qui
335 733 433 766 nulla
461 738 558 766 certa
589 733 840 777 pronuntiandi
873 734 988 767 forma
1017 739 1182 768 tenentur
1209 735 1249 778 5,
1275 736 1339 778 13,
1364 735 1406 777 53
1445 734 1550 769 initio

59 779 176 824 pudor
201 778 408 821 omittendi,
436 790 526 822 quae
548 779 796 822 promiseram,
829 779 943 814 tenuit
966 780 1037 823 (sc.
1063 782 1149 822 me)
1176 783 1243 823 12,
1268 781 1326 814 I'r.
1351 783 1384 814 1.
1410 792 1469 815 res
1494 781 1550 814 di-

59 835 188 860 versae
214 844 261 850 —
283 824 402 869 aliqua
431 825 602 871 societate
627 837 708 860 cum
739 825 917 870 prioribus
943 837 984 859 ac
1012 825 1241 870 sequentibus
1268 837 1318 860 se
1351 828 1550 872 copulaque

28 871 232 904 ''tenebunt
255 871 299 912 7,
327 873 389 914 10,
417 874 472 905 17.
499 881 603 905 nemo
629 883 676 907 se
698 873 813 907 tenuit
835 883 942 919 agens
974 882 1039 916 pro
1067 878 1187 916 patre,
1220 873 1326 917 quin
1353 874 1483 919 figuras
1511 873 1550 907 in

29 954 35 957 .
60 916 171 950 filium
192 917 329 950 faceret
348 918 392 959 9,
412 920 455 960 2,
476 918 533 952 82.
579 916 623 961 y)
658 921 680 952 ι’.
699 932 729 963 q.
747 921 941 952 obtineo.-
966 919 1152 962 hyperbati
1174 924 1274 953 tenet
1297 929 1430 953 nomen
1446 921 1481 962 8,
1512 921 1550 964 6,

59 963 120 998 65.
137 961 215 997 sine
233 974 380 1007 quarum
402 961 644 1006 (personarum)
663 965 942 1008 reprehensione
959 965 1072 998 teneri
1097 976 1204 999 causa
1227 976 1302 999 non
1326 965 1437 1009 possit
1459 967 1495 1007 9,
1514 969 1550 1008 2,

57 1009 116 1043 68.
145 1020 227 1042 cum
248 1010 319 1041 duo
349 1014 528 1053 ponentur
556 1009 650 1043 inter
674 1021 713 1044 se
738 1010 936 1054 contraria,
973 1021 1124 1054 quorum
1148 1011 1305 1045 tenuisse
1344 1012 1551 1046 utrumlibet

59 1054 213 1088 sufficiat
231 1056 264 1097 5,
287 1057 342 1097 10,
360 1055 417 1090 68.
446 1054 490 1096 cs.
514 1055 592 1090 116.
613 1055 702 1100 ipsa,
727 1067 818 1100 quae
834 1057 924 1100 justa
943 1067 984 1089 ac
1003 1067 1090 1091 vera
1108 1062 1202 1099 sunt,
1228 1062 1352 1091 tenere
1373 1068 1445 1091 non
1464 1068 1551 1102 pos-

59 1110 181 1134 sumus
211 1102 245 1143 5,
271 1100 327 1143 14,
354 1101 412 1136 29.
435 1101 587 1135 mediam
612 1101 708 1135 illam
735 1103 886 1136 formam
908 1108 1053 1136 teneant
1075 1104 1118 1135 L.
1137 1102 1298 1145 Crassus,
1325 1104 1370 1147 Q.
1390 1104 1552 1137 Horten-

60 1146 134 1180 sius
159 1148 223 1190 12,
256 1148 320 1190 10,
346 1149 403 1181 10.
423 1146 476 1180 ‘in
506 1148 633 1182 ceteris
664 1149 810 1182 modum
841 1149 954 1182 tenuit
979 1151 1018 1190 1,
1047 1151 1091 1190 7,
1115 1151 1161 1183 23
1194 1161 1225 1182 υ.
1246 1149 1428 1183 Modus.
1460 1160 1550 1194 pro-

59 1191 216 1236 positum
246 1197 407 1226 tenentes
434 1193 479 1236 6,
502 1193 549 1236 4,
579 1196 631 1228 13.
665 1194 782 1228 media
812 1195 903 1229 haec
932 1193 1085 1228 tenenda
1115 1195 1159 1228 sit
1182 1195 1243 1229 via
1275 1195 1417 1228 dicendi
1441 1195 1485 1238 4,
1512 1199 1549 1240 2,

59 1237 126 1280 453
154 1248 222 1284 seq.
248 1246 315 1272 ut.-
339 1238 454 1273 tennit
479 1240 717 1283 consuetudo,
741 1245 788 1273 ut
812 1247 873 1275 ele.
898 1243 941 1282 2,
972 1243 1012 1283 1,
1041 1244 1059 1273 1
1093 1242 1137 1274 Ν.
1160 1253 1192 1274 v.
1223 1240 1549 1276 Consuetudo.

58 1283 101 1328 δ)
127 1285 305 1319 memoria:
339 1290 505 1319 tenere
529 1296 568 1320 se
591 1292 627 1320 et
656 1286 966 1333 intelligere,
1002 1286 1099 1329 prius
1123 1298 1236 1331 paene
1262 1298 1366 1331 quam
1391 1287 1549 1332 audiant,

56 1330 196 1364 mentiti
219 1333 282 1371 12,
305 1331 348 1372 8,
372 1332 405 1365 3.
437 1330 480 1372 es.
505 1332 540 1373 9,
564 1330 599 1374 4,
627 1333 703 1370 129.
728 1332 830 1378 origo
855 1332 1112 1366 declinatorum
1135 1333 1281 1367 tenendi
1303 1333 1416 1380 magis
1441 1345 1550 1368 causa

59 1381 116 1410 est:
139 1379 206 1419 11,
228 1379 272 1418 2,
297 1377 353 1411 31.
382 1376 420 1410 in
443 1377 684 1421 experiendo,
708 1383 877 1412 teneasne
904 1380 949 1411 ib.
973 1379 1030 1413 35.
1055 1389 1123 1412 nec
1146 1379 1331 1423 quisquam
1358 1392 1400 1414 se
1420 1391 1550 1424 parum

59 1428 224 1456 tenere
240 1421 383 1466 judicat,
403 1425 510 1467 quod,
529 1435 575 1458 ne
592 1423 659 1457 sibi
678 1435 763 1458 exc
775 1424 787 1457 i
799 1425 886 1467 dat,
907 1435 980 1458 non
996 1424 1096 1458 timet
1115 1428 1158 1459 ib.
1177 1426 1234 1459 45.
1249 1436 1321 1469 quo
1339 1425 1550 1469 (ediscendo)

57 1467 185 1512 etiam,
221 1479 313 1512 quae
342 1474 526 1511 tenemus,
556 1470 670 1514 repeti
694 1471 811 1504 solent
834 1473 878 1504 ib.
902 1471 958 1505 35.
990 1470 1020 1504 si
1042 1471 1173 1504 Fabius
1196 1473 1291 1506 forte
1316 1473 1360 1506 sit
1384 1478 1550 1507 tenen-

57 1514 164 1556 dus,
197 1515 395 1548 referamus
419 1516 463 1549 sd
486 1516 585 1549 illum
611 1515 886 1558 Cunctatorem,
921 1516 981 1560 qui
1006 1517 1234 1551 excidere
1265 1528 1338 1551 non
1362 1524 1480 1562 potest
1503 1521 1549 1553 ib.

58 1561 115 1593 30.
143 1559 300 1593 omnium
331 1559 479 1594 militum
512 1561 668 1596 tenuisse
694 1562 841 1595 nomina
871 1564 914 1594 ib.
941 1564 998 1596 50.
1034 1562 1192 1607 quinque
1225 1562 1352 1597 Graeci
1375 1564 1551 1598 sermonis

58 1603 274 1637 differentias
299 1605 414 1638 tenuit
437 1608 480 1639 ib.
503 1617 579 1639 non
602 1612 736 1640 tantum
760 1607 908 1642 inventa
936 1612 1108 1641 tenere
1132 1629 1178 1634 --
1202 1610 1266 1643 sed
1290 1609 1396 1643 etiam
1428 1609 1551 1645 verbis

58 1650 210 1683 formata
245 1650 509 1685 memoriae
538 1654 756 1687 mandare
795 1653 965 1686 debemus
997 1655 1039 1696 3,
1069 1655 1114 1697 3,
1146 1657 1202 1689 10.

56 1719 173 1746 ener·
216 1717 331 1750 adhuc
356 1718 471 1752 teneri
495 1721 535 1761 1,
558 1722 606 1762 2,
631 1720 687 1754 26.
710 1720 779 1763 jam
802 1731 823 1754 a
846 1725 970 1754 tenero
994 1722 1037 1753 ib.
1065 1723 1120 1755 18.
1143 1721 1183 1755 in
1204 1722 1268 1756 illo
1293 1734 1314 1756 a
1336 1722 1488 1767 pueritia
1510 1722 1552 1757 in

60 1763 336 1797 adolescentiam
359 1764 508 1797 transitu
529 1783 577 1789 —-
600 1765 719 1800 omnia
733 1786 781 1791 —-
799 1771 881 1800 sunt
906 1771 985 1800 ten
998 1778 1074 1800 era
1102 1773 1138 1801 et
1159 1767 1223 1810 ini
1236 1781 1260 1802 u
1273 1770 1342 1802 ria
1355 1781 1375 1803 e
1399 1780 1422 1803 o
1436 1770 1551 1804 bno-

59 1809 143 1843 xia
170 1811 227 1851 11,
255 1810 289 1851 3,
313 1810 369 1844 29.
402 1815 428 1843 t.
450 1815 584 1844 aetates
610 1814 642 1854 1,
671 1814 728 1854 10,
756 1812 812 1846 34.
838 1818 863 1845 t.
889 1822 1041 1856 corpora
1067 1817 1099 1855 1,
1126 1817 1158 1856 1,
1182 1817 1239 1848 22.
1266 1820 1292 1848 t.
1316 1817 1443 1859 quaed.
1470 1817 1551 1850 elo-

61 1853 214 1888 cutionis
237 1853 327 1888 cutis
352 1855 392 1898 5,
416 1859 482 1899 12,
507 1858 562 1892 18.
587 1857 746 1892 teneri
770 1858 1038 1902 infirmique
1061 1860 1180 1893 foetus
1206 1863 1245 1901 2,
1270 1861 1310 1903 6,
1336 1865 1370 1896 7.
1395 1867 1420 1896 t.
1443 1862 1548 1896 fron-

60 1900 123 1934 des
145 1902 188 1943 2,
211 1898 256 1943 4,
279 1903 335 1934 11.
359 1906 383 1934 t.
402 1902 525 1943 ,adhuc
547 1909 685 1938 mentes
709 1906 751 1938 ib.
777 1904 810 1939 5.
839 1910 866 1938 t.
891 1905 1006 1938 adhuc
1031 1906 1159 1948 plantis
1183 1908 1225 1940 ib.
1249 1907 1282 1941 8.
1315 1913 1338 1940 t.
1364 1908 1548 1951 profectus

57 1949 94 1988 2,
117 1948 153 1989 3,
181 1947 235 1980 10.
258 1945 296 1978 in
319 1952 503 1992 utramque
525 1955 660 1992 partem
686 1954 712 1983 t.
736 1951 860 1994 quaed.
885 1967 931 1972 —
948 1952 1097 1985 laterum
1121 1951 1304 1986 translatio
1330 1956 1386 1996 11,
1410 1956 1454 1997 3,
1481 1954 1549 1989 165

60 1993 106 2026 Ν.
133 1997 158 2025 t.
187 1992 302 2025 adhuc
325 1992 461 2027 viribus
490 1997 558 2037 12,
582 1995 626 2037 6,
656 1995 689 2029 6.
721 2001 942 2030 teneram
966 1997 1307 2043 delicatamque
1339 2000 1548 2040 modulandi

56 2038 278 2081 voluptatem
300 2039 342 2081 9,
364 2037 408 2081 4,
432 2041 488 2074 31.
516 2041 652 2075 molli
678 2047 926 2086 teneraque
952 2053 1048 2077 voce
1074 2046 1135 2087 11,
1158 2046 1202 2087 3,
1227 2046 1272 2078 23
1300 2056 1334 2079 v.
1358 2045 1546 2090 Fortis;

57 2082 326 2118 teneriores
350 2094 462 2119 annos
488 2098 566 2130 opp.
587 2087 868 2122 ferociores
891 2091 928 2131 2,
952 2091 988 2131 2,
1012 2091 1046 2124 3.

56 2141 175 2169 enor·
222 2140 338 2174 adhuc
366 2141 546 2176 difficilior
579 2144 782 2179 observatio
813 2151 867 2179 est
888 2156 954 2189 per
974 2151 991 2179 t
1002 2156 1055 2179 en
1066 2156 1088 2179 o
1099 2157 1171 2179 res
1196 2145 1309 2190 (quos
1334 2147 1477 2191 quidem
1502 2149 1547 2183 ab

58 2184 211 2229 antiquis
235 2185 348 2220 dictos
374 2192 419 2221 to
429 2198 454 2221 n
463 2199 486 2222 o
496 2200 542 2223 re
553 2201 569 2223 s
596 2191 774 2234 comperi,
801 2191 974 2225 videlicet
999 2191 1177 2225 declinato
1202 2203 1222 2225 a
1249 2193 1395 2228 Graecis
1418 2195 1546 2237 verbo,

57 2230 119 2275 qui
141 2227 296 2265 τόνους
321 2231 455 2275 dicunt)
478 2236 540 2269 vel
565 2246 585 2268 a
598 2246 646 2269 cc
658 2241 791 2270 entus
816 2239 850 2280 1,
879 2239 914 2279 5,
938 2240 995 2271 22.
1024 2249 1104 2271 cum
1129 2249 1215 2282 qna
1227 2244 1304 2272 ntu
1317 2251 1372 2282 m,
1397 2251 1454 2284 qu
1467 2252 1486 2274 a
1498 2242 1511 2274 1
1524 2252 1545 2275 e

57 2277 317 2323 interrogantes
329 2303 341 2321 ,
371 2289 448 2325 gra
456 2279 522 2322 vi,
557 2287 803 2325 comparantes
836 2294 856 2316 a
866 2294 885 2316 c
893 2288 939 2316 ut
949 2293 972 2317 ο
1004 2289 1132 2318 tenore
1169 2285 1387 2320 concludunt
1417 2289 1462 2320 ib.
1486 2288 1544 2322 26.

54 2328 218 2356 tenorem
243 2322 281 2356 in
308 2324 569 2360 narrationibus
593 2333 738 2362 servant
764 2330 822 2372 10,
844 2332 880 2372 7,
908 2329 944 2363 6.

54 2377 167 2408 ento·
199 2378 261 2423 (Ζ.
291 2392 333 2413 ex
356 2385 554 2416 auctoritate
577 2390 655 2427 opti.
680 2386 836 2419 Codicum
861 2387 980 2430 ubique
1004 2385 1189 2430 tempto)
1224 2387 1261 2430 Ι)
1284 2390 1443 2431 proprie.-
1466 2394 1545 2424 ten-

56 2424 163 2458 tantis
186 2425 316 2459 medici
338 2438 450 2462 venas
475 2430 536 2469 11,
563 2429 603 2472 3,
628 2429 685 2464 88.
731 2430 788 2474 11)
811 2434 1058 2475 periculum
1080 2431 1228 2473 facio.
1276 2433 1325 2473 α)
1347 2443 1422 2468 non
1447 2440 1546 2470 ten-

56 2471 223 2514 tanda,
257 2483 350 2516 quae
380 2473 525 2507 effici
557 2485 632 2508 non
665 2482 813 2519 possunt
848 2475 890 2519 4,
924 2479 968 2520 5,
996 2481 1039 2512 17
1072 2490 1104 2511 υ.
1132 2477 1332 2513 Efficio.
1368 2485 1545 2516 tentantes

46 2517 334 2568 ¹unumquodque
370 2529 493 2553 eorum
526 2520 746 2564 experientia
776 2523 958 2556 noscimus
982 2523 1023 2565 5,
1050 2525 1118 2565 10,
1148 2525 1228 2558 123.
1267 2525 1459 2569 eloquendi
1481 2539 1543 2562 ra-

32 2575 34 2577 ·
54 2565 189 2596 tionem
219 2563 414 2605 novissime
435 2571 617 2609 repertam
646 2567 936 2612 paucissimisque
964 2574 1135 2602 tentatam
1156 2569 1308 2616 ingressi
1337 2574 1402 2616 12,
1425 2574 1482 2608 Pr.
1505 2576 1541 2608 3.

29 2614 34 2620 ’
54 2609 156 2642 velut
178 2608 317 2644 tutioris
340 2611 527 2645 audentiae
551 2617 605 2646 est
626 2618 779 2656 tentare,
802 2614 928 2658 quibus
954 2614 1109 2658 paratior
1129 2616 1238 2650 venia
1262 2623 1316 2650 est
1338 2619 1381 2651 ih.
1400 2617 1435 2653 4.
1460 2630 1543 2653 cum

54 2652 243 2688 Dolabella
265 2666 330 2699 per
352 2657 484 2700 jocum,
513 2662 653 2692 tentans
675 2664 792 2693 tamen
816 2660 886 2703 joci
909 2660 965 2693 sui
988 2667 1171 2704 eventum,
1200 2661 1350 2698 dixisset
1373 2664 1409 2707 6,
1436 2667 1471 2708 3,
1497 2666 1542 2701 79

55 2699 102 2732 Ν.
133 2699 266 2744 alioqui
290 2701 327 2735 id
349 2702 507 2737 maxime
530 2703 734 2738 faciendum
756 2711 828 2749 est,
859 2711 898 2739 ut
922 2716 988 2740 nos
1018 2707 1167 2742 subinde
1191 2713 1365 2744 tentemus
1389 2711 1441 2754 (in
1468 2718 1541 2745 arte

20 2751 30 2755 ”
52 2744 242 2788 memoriae)
266 2749 328 2790 11,
355 2750 397 2791 2,
421 2747 490 2792 343
510 2748 678 2792 judicium
704 2751 858 2795 pecunia
880 2757 1053 2786 tentatum
1079 2752 1124 2795 4,
1151 2755 1194 2796 5,
1222 2757 1279 2788 11.
1321 2755 1363 2799 β)
1390 2769 1420 2790 c.
1448 2755 1539 2798 Ins..-

56 2798 172 2834 neqne
201 2791 247 2826 ab
276 2794 352 2828 ullo
383 2793 468 2829 satis
505 2795 678 2839 explicari
707 2802 814 2841 puto,
847 2797 931 2832 licet
969 2799 1069 2832 multi
1105 2800 1322 2835 tentaverint
1347 2801 1391 2844 6,
1426 2803 1470 2843 3,
1501 2805 1536 2837 7.
