1728 3002
159 187 243 227 816
308 163 311 168 s
359 174 379 201 ᾗ·
685 182 894 226 Senectus
924 204 980 218 -·
1008 183 1172 227 Sensus

159 288 380 330 Senectus.
429 296 580 343 Gorgias
605 309 764 333 summae
788 298 980 334 senectutis
1009 302 1065 343 12,
1090 303 1147 343 11,
1173 301 1229 334 21.
1252 297 1357 335 brevi
1382 298 1595 335 detrimento
1620 301 1691 344 jam

203 345 347 379 ultimae
371 354 447 377 sen.
471 346 536 386 11,
566 347 607 388 1,
636 348 691 379 10.
726 345 956 391 prosequitur
980 346 1069 380 haec
1092 345 1263 380 memoria
1292 345 1330 379 in
1354 351 1575 381 senectutem
1598 349 1632 388 1,
1658 349 1692 390 1,

203 393 261 426 36.
285 402 352 424 nec
375 401 497 423 rursus
523 390 755 425 differendum
780 398 834 426 est
856 392 1060 426 tirocinium
1083 392 1119 426 in
1147 397 1366 427 senectutem
1393 395 1455 433 12,
1481 392 1516 435 6,
1539 394 1574 427 3.
1600 392 1694 426 didi-

204 442 328 472 cerunt
351 437 441 470 haec
465 448 578 481 usque
600 437 639 470 in
663 443 883 472 senectutem
910 441 974 480 12,
1002 442 1042 472 11
1057 463 1067 481 ‚
1102 441 1157 472 10.
1191 434 1388 473 &ehemens
1419 437 1603 484 ingenium
1625 450 1694 473 nec

204 485 319 527 ipsum
343 487 525 516 senectute
552 490 727 517 maturum
754 487 818 527 10,
844 487 886 528 1,
912 485 969 520 90.
1001 497 1034 519 v.
1062 484 1429 519 Adolescentia:

160 530 361 570 SeneSOO·
419 541 573 584 quodam
597 540 695 574 inani
723 540 818 575 circa
843 553 955 576 voces
981 541 1097 576 studio
1125 549 1317 576 senescunt
1339 543 1374 586 8,
1396 543 1455 576 Pr.
1480 544 1537 577 18.

160 599 319 640 Senex·
367 606 407 652 1)
433 609 569 650 Adject.
600 607 647 652 α)
670 610 776 643 valde
799 621 922 643 senem
949 612 1003 651 12,
1034 613 1087 651 11,
1113 612 1147 644 3.
1177 621 1220 645 ea
1243 621 1386 655 quoque
1414 609 1551 655 percipi
1573 620 1695 655 posse,

207 666 298 701 quae
325 666 429 689 senes
454 655 707 698 concupissent
734 658 778 689 ib.
806 658 864 690 23.
911 655 958 701 β)
988 659 1162 699 Οοηιραν..·
1197 668 1289 701 quae
1313 668 1394 690 cum
1420 667 1486 691 sex
1508 662 1544 690 et
1566 656 1697 702 viginti

207 712 321 736 annos
345 708 447 736 natus
468 723 516 729 -
539 701 691 744 dixerit,
727 701 927 737 defervisse
951 708 1111 746 tempore
1134 723 1181 728 -
1203 703 1271 746 jam
1295 703 1417 737 senior
1438 703 1533 736 idem
1564 703 1697 736 fatetur

207 752 272 791 12,
300 749 345 790 6,
368 747 403 781 4.
436 758 551 792 eoque
575 748 643 790 jam
667 747 810 782 seniore
842 748 1037 791 (octavum
1061 748 1158 782 enim
1185 755 1220 784 et
1242 748 1510 795 nonagesimum
1535 748 1698 792 implevit

206 795 417 836 3111111111)3,
445 796 485 835 1,
513 793 568 826 14.
595 794 699 827 nobis
727 794 1124 828 adolescentibus
1148 794 1362 829 seniores
1386 795 1423 829 in
1448 795 1586 841 agendo
1610 794 1698 827 facti

203 840 412 886 praecipere
437 840 598 874 solebant
617 840 649 882 5,
674 841 708 882 6,
733 841 755 875 6
781 841 827 874 Ν.
875 840 931 883 ΙΙ)
959 842 1068 874 Subst.
1094 853 1193 875 acres
1217 852 1246 875 3.
1272 843 1327 883 11,
1350 843 1385 883 3,
1412 842 1491 875 178.
1517 852 1545 875 3.
1566 839 1698 874 austeri

207 899 249 921 ac
274 887 375 920 mites
399 885 449 929 (in
469 883 656 927 comoediis)
685 889 729 920 ib.
753 885 811 921 74.
839 886 942 920 nobis
966 887 1225 931 juvenibus
1253 886 1447 922 doctissimi
1473 897 1617 920 senes
1641 885 1702 920 di.

208 945 291 968 cere
315 933 478 967 solebant
503 935 535 974 1,
564 934 596 975 5,
621 931 679 965 24.
718 945 752 966 v.
776 932 985 967 Juvenis.
1023 933 1229 978 primipilari
1253 932 1330 967 seni
1358 933 1428 976 jam
1451 937 1578 966 testato
1601 933 1636 975 6,
1660 934 1696 975 3,

208 983 254 1014 92
272 980 318 1013 Ν.
337 991 385 1012 cr.
413 978 578 1012 nonnulli
602 990 707 1011 senes
730 978 768 1012 in
796 979 920 1012 schola
941 978 1027 1012 facti
1055 982 1118 1019 12,
1143 980 1188 1023 6,
1214 979 1248 1014 5.
1278 980 1372 1013 111316
1402 979 1438 1012 in
1461 980 1560 1012 illum
1582 988 1697 1022 usque

208 1026 302 1060 diem
327 1024 460 1059 servati
484 1026 559 1058 fato
585 1036 688 1058 senes
713 1026 757 1067 8,
781 1027 826 1067 3,
850 1026 907 1059 68.
934 1026 1030 1058 unde
1066 1025 1171 1059 etiam
1203 1024 1347 1059 senibus
1370 1025 1560 1059 auctoritas
1582 1024 1717 1068 major·

209 1076 265 1114 12,
288 1071 324 1114 4,
348 1074 381 1106 2.
407 1082 524 1114 neque
549 1076 620 1104 tam
644 1072 809 1114 plenum,
838 1074 1074 1114 et‘erectum,
1100 1077 1135 1106 et
1163 1073 1291 1114 audaX,
1314 1077 1352 1106 et
1374 1073 1593 1115 praecultum
1617 1070 1696 1112 (elo-

208 1121 362 1162 quentiae
385 1118 505 1160 genus)
529 1116 720 1150 senibus
746 1117 980 1160 convenerit,
1005 1129 1110 1162 quam
1131 1129 1310 1161 pressum,
1344 1123 1380 1151 et
1402 1117 1505 1160 mite,
1535 1122 1571 1151 et
1594 1116 1698 1150 lima-

205 1171 304 1207 tum,
330 1168 366 1197 et
387 1164 489 1206 quale
513 1162 663 1210 intelligi
687 1165 765 1197 vult
790 1162 931 1206 Cicero,
960 1175 1041 1197 cum
1065 1163 1162 1207 dicit,
1187 1163 1384 1198 orationem
1408 1174 1507 1197 suam
1535 1161 1698 1206 coepisse

207 1220 465 1244 canescere
491 1212 554 1252 11,
588 1212 603 1242 1
619 1234 630 1251 ‚
655 1211 711 1243 31.
734 1220 880 1252 eorum,
909 1221 998 1254 quos
1024 1208 1198 1252 viderim,
1220 1211 1327 1256 longe
1353 1209 1476 1253 prinae
1501 1220 1518 1243 s
1541 1209 1700 1252 Pompo-

206 1256 288 1290 nius
311 1256 515 1298 Secundus,
541 1265 648 1299 quem
671 1266 775 1289 senes
799 1267 923 1300 parum
946 1256 1117 1301 tragictun
1140 1257 1309 1300 putabant
1324 1257 1379 1297 10,
1400 1258 1431 1299 1,
1451 1221 1510 1290 93.
1534 1266 1566 1289 υ.
1583 1254 1698 1288 Ado-

203 1304 412 1336 lescens.

160 1345 334 1389 Senilis.
383 1355 506 1400 accipe
537 1356 631 1390 hanc
665 1355 814 1390 senilem
837 1367 980 1390 manum
1006 1357 1033 1389 S
1041 1369 1158 1390 enee.
1184 1357 1228 1398 9,
1251 1358 1295 1398 2,
1318 1343 1377 1390 42.
1409 1367 1550 1392 morum
1575 1354 1697 1391 senilis

206 1402 396 1438 auctoritas
418 1402 607 1436 immatura
630 1402 915 1436 adolescentibus
939 1401 1096 1437 creditur
1123 1405 1179 1446 11,
1207 1405 1240 1445 1,
1268 1403 1327 1437 32.

160 1448 375 1491 seniliter.
422 1471 452 1493 s.
482 1465 636 1493 tremere
661 1462 694 1502 1,
722 1462 778 1503 11,
805 1462 838 1494 1.
1304 1504 1305 1507 Ἴ

159 1515 421 1559 SenSiGUIUS·
469 1527 596 1561 minuti
620 1527 847 1572 corruptique
871 1526 1039 1561 sensiculi
1062 1532 1099 1561 et
1122 1532 1226 1560 extra
1251 1537 1328 1561 rem
1349 1525 1451 1570 petiti
1477 1527 1512 1570 8,
1537 1526 1571 1569 5,
1595 1523 1652 1574 14.

161 1587 348 1628 Sensim·
389 1607 417 1629 s.
442 1595 674 1630 influentibus
697 1596 759 1630 vel
788 1593 893 1628 etiam
921 1594 1099 1628 instillatis
1124 1596 1168 1638 1,
1195 1597 1242 1637 2,
1265 1595 1323 1634 28.
1360 1593 1606 1638 capite'atque
1628 1594 1698 1626 liu-

206 1643 314 1678 meris
338 1654 367 1676 s-
395 1643 439 1675 ad
463 1642 512 1684 id,
538 1653 608 1686 quo
632 1653 757 1675 manus
781 1642 927 1684 feratur,
953 1641 1274 1675 obsecundantibus
1299 1643 1356 1683 11,
1381 1642 1415 1683 3,
1440 1641 1499 1675 92.
1526 1640 1698 1673 recedere

205 1701 235 1723 s.
260 1692 302 1722 ib.
328 1691 404 1723 127.
429 1688 558 1722 cantici
583 1688 747 1732 quiddam
772 1687 904 1721 habent
927 1687 1130 1732 sensimque
1154 1686 1406 1730 resupinant-u·
1429 1689 1483 1729 11,
1505 1687 1540 1728 3,
1566 1686 1632 1720 167
1652 1688 1696 1718 Ζ.

160 1735 357 1776 Sensum·
404 1756 477 1778 non
502 1755 584 1779 raro
609 1751 644 1779 et
668 1745 718 1778 sic
746 1743 859 1777 locuti
882 1749 982 1786 sunt,
1017 1750 1057 1777 ut
1080 1755 1224 1778 sensa
1247 1756 1311 1779 sua
1335 1743 1414 1789 (pro
1441 1739 1697 1784 sententia)

209 1793 388 1835 dicerent,
413 1803 495 1825 nam
519 1803 691 1825 sensus
716 1790 876 1834 corporis
901 1790 1114 1824 videbantur
1137 1792 1178 1833 8,
1204 1791 1242 1833 5,
1269 1794 1301 1826 1.

161 1839 338 1880 Sensus·
386 1847 416 1890 I)
441 1852 611 1892 corporis.-
640 1849 682 1891 8,
705 1850 745 1891 5,
772 1850 790 1880 1
824 1859 856 1881 v.
878 1847 1139 1881 Sententia.
1163 1846 1281 1880 acrior
1304 1852 1360 1881 est
1383 1847 1569 1880 oculorum
1590 1855 1697 1888 quam

206 1895 344 1930 aurium
357 1905 482 1929 sensus
497 1898 551 1937 11,
571 1897 604 1935 2,
621 1893 676 1928 34.
708 1906 739 1927 v.
760 1893 789 1927 O
802 1894 949 1929 culus.
983 1904 1108 1927 sensus
1134 1892 1250 1926 minus
1272 1892 1382 1926 afficit
1403 1891 1563 1937 fatigatio
1590 1901 1695 1934 quam

206 1940 374 1987 cogitatio
387 1944 418 1983 1,
430 1944 465 1983 2,
478 1944 531 1975 11.
545 1952 609 1984 per
619 1950 708 1984 quos
719 1941 808 1973 duos
821 1951 849 1972 s.
864 1939 980 1983 (aures
990 1947 1020 1972 et
1034 1938 1156 1982 oculos)
1173 1938 1288 1971 omnis
1303 1939 1347 1971 ad
1365 1939 1520 1971 animum
1532 1942 1696 1979 penetrat

207 1989 351 2022 affectus
377 1989 432 2027 11,
459 1989 494 2028 3,
521 1986 577 2020 14.
604 1997 693 2030 quae
720 1985 883 2019 sensibus
905 1984 1149 2029 percipiuntur
1172 1986 1206 2026 5,
1231 1986 1288 2026 10,
1313 1986 1367 2018 12.
1393 1989 1432 2016 111
1449 1993 1590 2026 semper
1611 1992 1696 2015 sen-

206 2035 304 2067 sibus
333 2033 519 2066 inhaerere
542 2032 731 2067 videantur
756 2033 791 2075 8,
815 2033 871 2065 Pr.
891 2033 948 2065 30.
997 2031 1043 2074 11)
1068 2034 1090 2063 i.
1112 2044 1141 2075 q.
1161 2029 1314 2071 facultas
1337 2030 1515 2063 sentiendi.-
1545 2038 1695 2073 quorum

207 2079 367 2114 accessio
398 2078 512 2112 labori
546 2090 688 2113 sensum
713 2077 923 2111 incrementi
946 2087 1019 2111 non
1042 2077 1165 2110 afferat
1192 2080 1258 2118 11,
1282 2079 1325 2119 2,
1348 2074 1407 2110 41.
1440 2085 1605 2116 sensum,
1635 2074 1697 2118 qui

207 2126 335 2160 dicitur
359 2124 576 2168 communis,
611 2124 673 2158 ubi
707 2122 844 2166 discet,
878 2134 959 2156 cum
982 2134 1021 2156 se
1047 2134 1066 2156 a
1093 2131 1288 2168 congressu
1310 2142 1355 2147 —
1377 2120 1570 2168 segregarit
1595 2123 1635 2163 1,
1658 2123 1695 2163 2,

205 2175 253 2206 20
277 2173 322 2205 N.
358 2182 431 2204 non
456 2173 500 2204 ab
528 2170 802 2205 eruditione
830 2170 962 2212 modo,
998 2169 1060 2202 sed
1093 2176 1114 2201 a
1137 2179 1279 2202 sensu
1301 2168 1455 2201 hominis
1479 2171 1636 2200 remotus
1659 2168 1694 2209 2,

208 2222 265 2260 17,
292 2220 326 2251 3.
351 2228 405 2259 ea,
431 2228 521 2262 quae
550 2227 695 2250 sensu
723 2221 759 2249 et
783 2215 939 2248 anima
962 2219 1083 2248 carent
1108 2217 1140 2256 1,
1165 2216 1198 2256 3,
1219 2215 1253 2248 8.
1279 2215 1374 2258 quod
1399 2218 1452 2248 est
1475 2212 1696 2253 dissolutum,

207 2274 314 2298 sensu
340 2269 437 2296 caret
461 2265 504 2306 5,
528 2262 588 2305 14,
618 2266 671 2298 12.
697 2264 751 2295 13.
787 2273 869 2295 011111
889 2262 996 2296 rebus
1022 2270 1164 2294 sensu
1192 2260 1394 2293 carentibus
1423 2263 1539 2292 actum
1563 2259 1693 2302 quend-

197 2316 244 2353 Aet
268 2309 447 2343 animos
477 2311 599 2342 damus
624 2310 658 2351 8,
680 2308 714 2350 6,
745 2310 798 2341 11.
829 2307 1029 2354 Ignorab03
1059 2307 1142 2348 sed,
1167 2311 1206 2338 ut
1229 2306 1334 2340 audio
1362 2307 1444 2347 hoc,
1468 2303 1604 2338 animus
1627 2314 1695 2336 ac-

206 2355 291 2400 cipit
312 2356 456 2398 plenum
476 2355 553 2388 sine
571 2356 639 2388 hac
657 2352 893 2400 geminatione
911 2363 984 2386 non
1002 2362 1094 2386 esse.
1129 2350 1188 2384 Ad
1212 2363 1353 2385 sensum
1377 2350 1484 2398 igitur
1505 2350 1696 2384 reserenda

208 2407 288 2435 sunt
301 2403 335 2443 9,
352 2400 387 2443 4,
401 2402 477 2436 119.
491 2402 616 2445 quaed.
632 2411 705 2434 non
723 2405 794 2432 tam
813 2398 971 2432 ration
985 2409 1005 2432 e
1024 2408 1128 2442 quam
1150 2409 1165 2430 3
1177 2409 1196 2431 6
1210 2410 1232 2431 11
1245 2409 1292 2431 311
1314 2397 1512 2442 judicantur
1529 2398 1565 2439 8,
1582 2398 1616 2438 3,
1638 2397 1692 2428 19.

253 2456 323 2499 111)
351 2459 438 2502 quod
466 2465 570 2490 menie
594 2456 785 2499 conceptum
811 2462 869 2488 esi.
919 2455 958 2495 α)
985 2455 1206 2488 consuetudo
1233 2454 1304 2498 jam
1329 2453 1456 2496 tenuit,
1483 2458 1523 2486 111
1549 2454 1693 2485 mente

208 2509 381 2546 concepta
407 2514 573 2537 sensus
596 2512 830 2543 vocaremus3
858 2498 992 2534 lumina
1015 2506 1143 2541 autem,
1167 2500 1357 2544 praecipue
1380 2497 1418 2532 in
1438 2496 1602 2545 clausulis
1624 2506 1695 2540 po-

210 2548 287 2589 sita,
314 2549 591 2582 sententias.
621 2550 655 2591 8,
682 2550 715 2590 5,
739 2551 773 2581 2.
799 2558 832 2581 v.
857 2547 1001 2580 Mens.
1027 2547 1209 2580 attendere
1234 2546 1333 2591 signa
1360 2546 1403 2578 ad
1427 2554 1510 2584 eos,
1537 2541 1598 2585 qui
1625 2551 1694 2591 01}-

207 2594 351 2635 emunt,
382 2605 505 2628 sensus
535 2594 584 2638 (in
610 2602 681 2627 arte
706 2595 897 2635 memoriae)
928 2595 991 2635 11,
1014 2596 1056 2634 2,
1080 2594 1136 2627 29.
1163 2592 1357 2634 irrumpent
1379 2587 1503 2634 optimi
1526 2597 1693 2621 nonnun-

206 2650 312 2683 quam
342 2649 466 2672 sensus
495 2642 558 2682 10,
583 2642 628 2682 3,
653 2642 709 2674 33.
742 2645 782 2672 ut
810 2650 856 2672 ex
885 2638 1032 2684 singulis
1058 2638 1322 2681 quaestionibus
1345 2633 1475 2680 singuli
1506 2643 1629 2666 sensus
1654 2633 1692 2667 in

208 2685 431 2728 prooemium
455 2686 684 2718 conferantur
706 2683 747 2727 4,
776 2688 816 2727 1,
840 2687 898 2718 23.
924 2692 978 2717 est
1006 2683 1190 2727 prooemio
1215 2685 1302 2724 (Sp.
1333 2683 1429 2713 inser.
1454 2679 1691 2722 necessarius)

208 2741 238 2764 s.
264 2729 407 2773 aliquis,
432 2734 468 2761 et
494 2730 552 2763 hic
578 2731 617 2763 fit
640 2730 756 2764 acrior
781 2737 850 2774 atq.
879 2729 1127 2764 vehementior
1150 2729 1192 2761 ad
1215 2736 1404 2771 personam
1428 2724 1581 2758 directus
1604 2727 1693 2759 alte-

191 2775 283 2812 ·rius
311 2777 354 2808 ib.
382 2773 429 2809 64
444 2778 488 2809 Ζ.
507 2777 554 2809 Ν.
589 2780 626 2808 ut
654 2774 769 2810 omnis
804 2787 832 2809 s.
861 2775 900 2809 in
922 2775 992 2808 fine
1021 2773 1196 2809 sermonis
1224 2771 1329 2806 feriat
1352 2782 1472 2805 aurem
1493 2772 1536 2815 8,
1563 2773 1606 2815 5,
1634 2773 1689 2805 13.
