1728 3002
42 128 45 133 ἱ
94 154 175 192 612
213 206 215 209 ¹
685 143 844 186 Ordior
871 168 929 175 -—
956 144 1076 187 Ordo

141 264 174 306 5,
200 265 258 306 12,
291 260 344 295 14.
395 260 649 308 [cogitandum
684 264 739 294 est
773 259 946 304 primum,
993 259 1170 305 quidquid
1195 259 1273 295 dici*
1301 265 1439 306 potest:
1479 268 1555 297 tum
1586 273 1636 298 ex

139 310 209 352 his,
238 320 308 354 quo
331 306 486 352 quidque
508 308 589 340 loco
609 305 680 339 dici
705 307 884 351 expediat,
914 307 1151 345 ordinandum
1173 306 1234 348 (Ζ.
1246 305 1535 353 aestimandum).v
1555 312 1635 352 7,1‚

141 355 230 447 ὲὲἐε
242 354 424 435 qrdi‘narf2
434 364 598 398 suprema
619 351 750 397 judicia
777 354 812 397 6,
837 356 872 397 3,
896 355 965 398 923
1000 353 1045 387 in
1070 358 1186 387 totum
1213 353 1306 389 diem
1329 355 1432 391 velut
1452 355 1638 391 ordinetur

278 428 288 445 ’
317 422 352 443 θ’
428 426 435 434 ι

97 457 270 500 Ordior·
318 479 426 510 nunc,
451 478 543 512 quae
568 467 613 501 de
635 465 748 511 prima
771 472 872 511 parte
899 469 1083 502 tractanda
1107 474 1202 512 sunt,
1235 469 1358 512 ordiar
1394 471 1431 511 2,
1457 459 1638 517 14‚³5,‚gin

142 518 236 550 bello
267 515 482 561 ,iugurthino
508 521 570 548 etc.
603 513 693 547 nihil
725 514 770 546 ad
802 513 984 548 historiam
1020 514 1279 558 pertinentibus
1315 515 1500 560 principiis
1536 525 1638 553 orm

140 569 195 596 est
220 564 254 604 3,
281 563 317 604 8,
341 564 384 604 93
416 562 467 594 ab
493 562 562 594 hoc
587 559 707 594 ordiar
729 563 764 603 7,
790 563 822 602 1,
845 559 904 594 64.
949 567 989 594 ut
1017 572 1037 595 a
1062 561 1174 606 prima
1197 561 1375 606 divisione
1398 561 1518 597 ordiar
1539 563 1581 604 8,,
1602 563 1637 604 3,

144 612 206 650 113
252 608 371 641 unde
410 606 622 642 ordiendum
660 611 714 640 est
757 608 800 647 3,
840 608 884 652 9,
917 609 958 650 93
999 613 1189 653 antequam
1232 607 1354 644 dicere
1386 614 1448 643 aut
1480 607 1669 643 scribere'

142 654 322 690 ordiamur
352 657 398 687 ib.
429 655 463 689 8.
1472 652 1480 663 ’

97 708 230 752 Ordo.
278 723 308 765 ῐ,
335 723 374 763 α)
402 735 431 755 c.
459 723 657 755 Auributt..·
692 725 809 754 certus
831 721 922 754 ordo
946 723 980 765 2,
1008 724 1065 765 13,
1103 724 1139 756 1.
1184 725 1220 766 7,
1255 724 1292 766 3,
1327 722 1383 758 19.
1417 732 1472 757 or.
1503 721 1640 756 consti-

140 776 237 803 tutus
263 768 484 813 traditusque
513 770 548 810 2,
575 769 632 810 13,
656 767 690 801 8.
739 765 981 812 [singularum
1003 768 1041 802 in
1065 773 1185 813 partes
1214 767 1389 804 discretus
1421 779 1455 803 ο.
1482 771 1517 810 7,
1545 771 1578 811 1,
1604 771 1636 802 1.

141 829 174 850 υ.
203 813 294 856 infra
320 815 383 860 γ.],
429 815 612 849 diversum
636 823 672 847 o.
698 815 742 847 ib.
769 815 804 846 2.
828 813 1010 857 inceptum
1034 825 1070 848 o.
1095 816 1130 859 5,
1161 818 1217 858 12,
1250 817 1309 850 23.
1341 813 1563 850 incredibilis
1584 813 1641 848 rei

141 873 177 896 o.
208 863 242 903 5,
269 863 326 904 13,
350 863 407 897 28.
440 872 474 895 ο.
503 859 702 894 institutum
728 863 762 902 1,
785 859 820 903 5,
855 860 912 895 55.
960 862 1077 894 lentus
1115 861 1351 905 profectionis
1377 871 1416 895 ο.
1443 859 1479 903 4,
1510 863 1547 904 2,
1581 861 1639 896 58.

142 907 311 943 naturalis
338 919 372 942 0.
402 911 437 950 7,
463 910 498 949 2,
527 907 582 941 15.
607 908 643 950 9,
667 905 703 949 4,
734 907 792 939 23.
841 916 876 940 ο.
903 918 1009 950 quam
1033 907 1169 951 optimo
1192 909 1228 951 3,
1250 909 1288 950 3,
1317 909 1352 943 8.
1399 912 1520 941 rectus
1543 908 1640 950 ο.’8,
1694 913 1695 917 ’

140 958 177 998 2,
204 956 259 987 22.
285 954 320 997 9,
345 953 381 995 4,
400 956 458 988 27.
483 953 656 997 repetitus
680 963 715 986 o.
738 954 794 994 11,
825 955 859 992 2,
883 955 942 988 28.
966 964 1001 988 ο.
1023 953 1232 988 utilissimus
1253 954 1300 998 6,
1315 955 1348 997 5,
1374 956 1408 988 5.
1435 952 1588 988 vitiosus
1604 962 1641 999 ο(

141 1003 175 1043 9,
201 999 235 1041 4,
261 1002 317 1034 32.
343 999 387 1042 β)
409 1014 437 1033 c.
466 1001 574 1034 Genit.
590 1014 599 1032 .-
627 1009 661 1033 o.
681 998 899 1042 judicialium
923 1010 1107 1034 causarum
1127 1000 1162 1041 4,
1177 1002 1235 1034 Pr.
1250 1001 1286 1035 6.
1305 999 1415 1034 totius
1437 998 1641 1042 certaminis

142 1058 179 1081 o.
207 1049 261 1089 ll,
276 1050 309 1088 2,
322 1047 380 1083 38.
406 1051 521 1080 totum
547 1044 796 1079 declinationis
820 1055 856 1079 o.
881 1044 963 1088 1,4‚
976 1046 1176 1081 29.-indioii
1200 1057 1236 1082 ο.
1262 1045 1301 1088 4,
1324 1050 1360 1089 2,
1383 1047 1440 1082 99.
1465 1045 1580 1080 laudis
1602 1054 1640 1080 o.

141 1096 176 1136 2,
193 1091 229 1134 4,
259 1095 315 1126 21.
342 1104 375 1127 ο.
406 1091 656 1137 quaestionum
679 1095 713 1133 2,
736 1092 791 1134 13,
814 1094 846 1124 1.
871 1092 906 1126 6.
934 1094 990 1135 10,
1009 1096 1044 1133 7,
1061 1093 1095 1128 5.
1117 1103 1152 1127 ο.
1179 1091 1236 1127 rei
1256 1103 1324 1137 per
1348 1103 1389 1127 se
1419 1091 1504 1126 talis
1527 1089 1640 1135 est.4,

141 1142 177 1183 2,
203 1141 279 1173 109.
309 1138 354 1179 cf.
381 1138 414 1182 5,
446 1141 498 1181 13,
523 1140 581 1174 28.
631 1137 795 1172 ordinem
817 1137 872 1171 rei
900 1139 1005 1172 docet
1034 1140 1069 1180 3,
1091 1140 1128 1182 8,
1154 1142 1208 1173 11.
1256 1139 1335 1173 ord.
1359 1137 1414 1173 rei
1438 1143 1583 1172 narrare
1605 1137 1643 1182 4,

141 1188 178 1227 2,
207 1187 262 1219 73.
313 1184 342 1217 si
366 1184 404 1217 in
426 1186 575 1231 longum
601 1183 731 1218 exierit
754 1194 788 1217 ο.
813 1195 933 1217 rerum
960 1187 1004 1218 ib.
1031 1187 1087 1219 51.
1113 1184 1160 1227 cf.
1183 1184 1220 1228 4,
1250 1187 1286 1228 1,
1309 1186 1367 1220 78.
1401 1183 1436 1226 4,
1456 1185 1494 1227 3,
1520 1182 1642 1220 ssas).

141 1242 261 1264 rerum
290 1231 401 1263 tribus
424 1230 615 1264 momentis
639 1236 825 1264 consertus
848 1237 901 1264 est
925 1233 958 1273 5,
985 1232 1040 1274 10,
1063 1233 1122 1266 71.
1156 1242 1192 1268 ο.
1215 1243 1336 1266 rerum
1359 1237 1420 1266 aut
1443 1230 1558 1275 affert,
1581 1235 1644 1265 aut

143 1276 296 1310 detrahit
320 1277 425 1309 fidem
449 1280 483 1319 7,
509 1279 543 1319 2,
569 1278 625 1310 57.
651 1288 684 1309 v.
710 1278 738 1309 R
753 1287 808 1309 es.
835 1276 962 1311 ordine
989 1277 1110 1311 audito
1133 1277 1204 1319 (sc.
1229 1275 1400 1322 rerum)
1422 1275 1471 1321 4,’
1486 1278 1521 1321 3,
1545 1275 1571 1315 8
1588 1273 1642 1314 N.

141 1324 337 1358 verborum
362 1333 397 1355 o.
425 1323 461 1362 9,
485 1324 521 1364 3,
549 1321 617 1362 433
652 1331 686 1354 o.
715 1322 857 1354 dicendi
883 1325 915 1365 1,
939 1326 975 1364 2,
1002 1325 1059 1356 23.
1106 1323 1141 1367 y)
1179 1325 1373 1357 Nomina1‚.-
1406 1323 1507 1357 'ordo
1541 1327 1642 1358 recta

143 1370 271 1413 quaed.
298 1367 487 1401 collocatio
512 1366 690 1411 prioribus
714 1367 900 1411 sequentia
923 1374 1116 1401 annectens
1139 1369 1194 1410 (S
1204 1381 1238 1411 p.
1270 1369 1445 1403 discretus
1467 1369 1579 1411 ord03
1605 1373 1644 1402 et

141 1420 239 1449 recta
264 1426 297 1457 q.
324 1414 457 1447 locatio
483 1414 563 1456 etc.)
586 1416 622 1454 7,
648 1415 681 1455 1,
713 1415 730 1445 1
762 1414 798 1445 S.
825 1414 915 1445 ordo
946 1419 1000 1446 est
1026 1413 1243 1459 geometriae
1265 1413 1490 1448 necessarius
1522 1415 1556 1456 1,
1582 1415 1640 1458 10,

142 1464 199 1496 37.
229 1462 346 1494 minus
370 1460 466 1494 idem
490 1470 524 1493 o.
548 1459 684 1494 valebit
711 1458 749 1491 in
782 1458 945 1492 oratione
978 1461 1033 1502 11,
1058 1462 1093 1500 2,
1125 1461 1194 1501 38,·
1221 1461 1311 1493 ordo
1337 1460 1416 1504 (fig.
1446 1472 1505 1504 ap.
1533 1462 1578 1494 Gi
1589 1473 1636 1503 c.;

144 1521 176 1542 α.
206 1511 228 1549 1,
259 1506 342 1549 om.)
369 1507 405 1550 9,
430 1509 464 1546 1,
489 1506 546 1540 35.
578 1505 751 1549 quaedam
776 1504 922 1538 omnino
950 1515 1024 1538 non
1048 1511 1131 1539 sunt
1156 1506 1308 1550 figurae,
1340 1506 1480 1548 ordo,
1505 1505 1640 1539 dinu-

142 1552 373 1596 meratio,
414 1550 815 1594 circumscriptio
847 1552 882 1593 9,
910 1553 943 1592 3,
981 1552 1039 1586 91.
1086 1550 1124 1584 in
1157 1551 1253 1585 omni
1281 1551 1542 1595 compositione
1571 1552 1640 1586 tria

143 1605 226 1634 sunt
249 1605 381 1645 genera
413 1597 632 1638 necessaria,
669 1598 798 1638 ordo,
831 1597 1083 1639 junctura,
1118 1608 1336 1631 numerus
1367 1599 1403 1640 9,
1437 1597 1472 1640 4,
1506 1601 1562 1638 22.
1592 1597 1638 1639 cs.

81 1665 83 1668 ·
142 1649 186 1679 ib.
217 1645 294 1680 146.
324 1657 357 1679 v.
389 1644 660 1679 Consilium.
710 1642 831 1687 cupidi
858 1642 1029 1676 novitatis
1053 1642 1202 1686 alicujus
1235 1643 1406 1678 videntur
1427 1642 1552 1692 fuisse,
1579 1643 1641 1692 qui

126 1692 351 1735 ‘adjecerunt
376 1690 616 1731 ordinem,
654 1701 735 1723 cum
761 1689 1140 1733 dispositionem
1163 1688 1339 1724 dixissent
1365 1691 1401 1733 3,
1425 1685 1526 1732 3,*8.3
1548 1688 1641 1728 (suh

143 1739 182 1772 in
205 1744 306 1782 parte
331 1739 428 1771 nulla
452 1737 568 1770 minus
594 1736 695 1770 affert
720 1735 851 1787 laboris
876 1734 1002 1815 (guam
1037 1738 1070 1768 in
1094 1734 1379 1780 contradictione)
1411 1737 1446 1778 5,
1464 1737 1537 1779 ’13,
1560 1735 1640 1779 .53;

127 1784 314 1818 <naturalis
342 1795 375 1817 0.
403 1790 477 1826 est,
517 1788 568 1817 ut
593 1789 654 1816 etc.
673 1786 708 1824 7,
732 1785 767 1824 2,
798 1783 851 1817 15.
926 1784 936 1824 )
963 1783 1097 1816 Geni1.:
1130 1781 1360 1816 commutatio
1381 1780 1517 1817 ordinis
1545 1782 1641 1825 9,-1,

143 1834 178 1865 6.
208 1837 408 1875 opportuna
438 1830 515 1863 ord.
548 1828 696 1862 mutatio
731 1829 766 1870 8,
799 1829 834 1871 6,
864 1828 924 1862 64.
971 1828 1016 1860 ad
1047 1828 1296 1862 necessitatem
1329 1829 1408 1862 ord.
1443 1827 1498 1862 sui
1527 1828 1643 1868 verba

144 1877 353 1923 rediguntur
377 1879 418 1910 ib.
453 1877 510 1910 62.
557 1874 592 1918 ε)
625 1878 807 1908 Accusat..·
843 1880 882 1907 ut
915 1874 1078 1908 ordinem
1113 1879 1210 1908 retro
1248 1885 1391 1922 agamus
1426 1877 1482 1917 12,
1513 1877 1550 1918 2,
1583 1876 1642 1915 10,

142 1923 238 1958 vim
264 1924 373 1956 modo
397 1933 517 1956 rerum
542 1927 614 1964 atq.
646 1920 860 1954 ordinem
895 1920 1085 1964 complecti
1118 1923 1175 1963 11,
1208 1922 1243 1964 2,
1274 1920 1336 1955 44.
1383 1932 1502 1965 neque
1538 1920 1641 1955 inum

145 1971 222 2004 ord.
251 1968 494 2003 damnaverim
517 1966 552 2009 4,
582 1968 616 2009 5,
647 1968 702 2001 16.
750 1968 828 2000 ord.
854 1966 994 2000 dicendi
1020 1967 1151 2000 dabant
1174 1969 1207 2008 1,
1245 1969 1279 2009 2,
1314 1969 1373 2001 23.
1418 1967 1535 2011 libro,
1566 1977 1640 2013 quo
1666 1973 1671 1982 '

144 2026 337 2060 puerorum
367 2022 427 2048 etc.
455 2013 580 2047 studiis
610 2013 686 2046 ord.
723 2013 885 2046 dedimus
911 2016 968 2056 10,
1003 2013 1037 2055 5,
1071 2015 1103 2046 1.
1150 2013 1400 2056 quaestionum
1429 2014 1506 2047 ord.
1541 2019 1642 2048 recte

146 2062 345 2105 disponere
369 2063 423 2102 10,
448 2064 484 2102 7,
513 2062 547 2094 5.
577 2058 622 2100 cs.
649 2062 703 2102 10,
729 2060 763 2102 6,
790 2062 824 2093 2.
870 2058 966 2093 idem
989 2058 1094 2092 nobis
1123 2069 1190 2102 per
1211 2060 1390 2093 Romanos
1415 2069 1558 2104 quoque
1579 2071 1642 2094 au-

145 2114 266 2141 ctores
289 2109 379 2141 ordo
405 2107 588 2140 ducendus
613 2111 667 2139 est
697 2108 752 2148 10,
786 2107 820 2147 1,
845 2106 902 2140 85.
948 2107 1058 2138 multa
1090 2105 1202 2139 verba
1234 2115 1308 2139 non
1340 2111 1454 2140 totum
1482 2104 1642 2146 declina-

147 2154 253 2188 tionis
278 2155 358 2190 ord.
386 2154 508 2186 ferunt
533 2155 566 2195 1,
590 2150 626 2194 4,
655 2152 712 2186 29.
759 2153 828 2185 hae
855 2151 954 2196 ipsae
986 2156 1106 2195 partes
1134 2150 1267 2184 habent
1290 2162 1414 2186 rursus
1435 2152 1514 2186 ord.
1539 2162 1642 2186 suum

144 2204 179 2243 7,
210 2203 265 2243 10,
292 2202 326 2234 5.
352 2204 552 2243 permutato
577 2199 655 2232 ord.
677 2201 711 2238 2,
738 2200 794 2239 13,
822 2198 854 2232 5.
891 2198 927 2240 9,
957 2195 994 2240 4,
1028 2195 1086 2232 24.
1133 2197 1292 2231 breviter
1326 2209 1369 2231 ac
1400 2195 1643 2244 significanter

146 2246 308 2280 ordinem
333 2246 386 2279 rei
405 2245 597 2289 protulisse
625 2247 679 2282 11,
702 2246 734 2287 1,
765 2245 822 2278 53.
853 2254 920 2277 nos
943 2243 1145 2278 reddituros
1175 2243 1270 2287 (Sp.
1296 2242 1533 2287 reducturos)
1555 2243 1644 2279 reli·⁴

147 2304 256 2336 quum
281 2293 359 2325 ord.
389 2292 446 2335 (in
469 2289 666 2328 narrando)
692 2289 728 2332 4,
761 2293 796 2332 2,
823 2291 880 2325 83.
926 2295 1023 2323 totus
1058 2290 1147 2323 ordo
1179 2295 1362 2333 repetatur
1393 2292 1438 2324 ib.
1475 2291 1554 2327 128.
1595 2288 1643 2332 ‘cf‘

147 2340 203 2376 11,
229 2342 262 2377 2,
290 2339 345 2372 38.
376 2338 453 2371 ord.
479 2348 608 2381 sequar
631 2339 665 2379 3,
691 2338 726 2379 6,
755 2334 831 2370 104.
860 2334 906 2377 cs.
932 2335 969 2379 4,
995 2338 1032 2377 2,
1054 2336 1112 2369 87.
1139 2338 1174 2377 7,
1203 2339 1235 2378 1,
1259 2339 1292 2369 2.
1317 2337 1352 2379 9,
1376 2334 1412 2379 4,
1438 2337 1495 2371 33.
1520 2341 1560 2370 ut
1571 2333 1643 2370 {n-

147 2383 306 2416 stitutum
331 2384 492 2417 ordinem
521 2394 651 2426 sequar
675 2385 708 2423 1,
734 2384 768 2425 5,
794 2383 849 2416 55.
898 2382 970 2425 jam
993 2381 1078 2415 hinc
1101 2382 1180 2415 ord.
1205 2393 1334 2425 sequar
1358 2385 1413 2424 10,
1450 2384 1485 2425 3,
1516 2381 1553 2416 4.
1584 2381 1642 2416 di·-

147 2440 290 2462 versum
322 2429 434 2462 secuti
458 2431 536 2463 ord.
561 2433 596 2471 7,
623 2432 656 2471 1,
684 2431 720 2464 2.
768 2427 1080 2469 transmutatione,
1121 2439 1190 2471 qua
1216 2430 1305 2461 ordo
1339 2428 1501 2462 turbatur
1536 2430 1572 2471 1,
1605 2428 1642 2472 5,

150 2475 214 2515 393
251 2480 393 2508 extra
422 2477 502 2511 ord.
528 2485 726 2509 excurrens
751 2473 810 2516 (a.
834 2478 856 2507 l.
881 2472 1001 2518 proc.)
1025 2473 1188 2507 tractatio
1212 2473 1247 2517 4,
1274 2476 1308 2516 3,
1335 2475 1391 2508 14.
1438 2485 1530 2520 quae
1553 2474 1642 2508 sori-

148 2519 311 2553 bentibus
341 2522 458 2554 solent
485 2526 615 2555 extra
640 2521 729 2562 ord„
758 2520 795 2554 id
823 2525 889 2562 est,
920 2531 967 2554 ex
991 2519 1080 2562 aliis,
1107 2531 1210 2564 quam
1236 2519 1296 2564 qui
1320 2519 1458 2554 suntin
1479 2520 1643 2555 manibus

149 2565 244 2607 loci,
280 2576 470 2600 occurrere
500 2570 554 2609 10,
585 2570 617 2608 1,
646 2569 710 2606 333
748 2566 850 2610 (res)
874 2567 921 2599 in
945 2565 1107 2599 ordinem
1136 2566 1290 2612 digestas
1323 2570 1358 2608 7,
1393 2567 1450 2601 Pr.
1490 2569 1525 2601 1.
1559 2577 1642 2601 cum

148 2609 196 2643 in
224 2612 300 2643 ord.
326 2611 523 2645 incurreret
550 2618 581 2655 1,
608 2613 640 2654 5,
670 2611 726 2647 54.
774 2612 823 2645 in
847 2613 925 2645 ord.
948 2611 1108 2658 redigam
1142 2623 1239 2646 meas
1277 2613 1423 2647 arbores
1456 2613 1492 2655 8,
1528 2614 1564 2655 3,
1597 2607 1646 2654 93¹

149 2656 279 2701 singuli
304 2667 386 2699 per
411 2660 486 2690 ord.
512 2658 546 2700 4,
572 2662 607 2700 2,
644 2662 698 2692 72,
735 2657 779 2698 cs.
817 2660 871 2699 11,
902 2661 936 2700 2,
974 2660 1030 2692 20.
1065 2660 1123 2692 23.
1170 2659 1370 2702 schemata,
1414 2670 1505 2703 quae
1537 2659 1642 2701 erunt

149 2714 235 2746 per
260 2703 337 2736 ord.
366 2703 400 2743 9,
431 2705 464 2744 3,
490 2706 544 2736 27.
596 2703 629 2746 ζ)
653 2706 790 2737 Alunt..-
825 2704 950 2737 ordine
974 2703 1093 2747 priora
1128 2704 1164 2746 9,
1193 2703 1228 2747 4,
1259 2706 1317 2739 25.
1365 2705 1491 2738 ordine
1514 2699 1640 2747 proxi-

149 2759 228 2782 mus
250 2748 352 2782 locus
378 2751 412 2791 7,
440 2751 474 2791 3,
499 2749 556 2784 36.
602 2760 687 2784 usus
711 2750 788 2793 ejus
812 2751 890 2786 ord.
911 2750 1056 2785 ultimus
1082 2750 1117 2794 6,
1141 2749 1177 2793 4,
1202 2753 1247 2793 13
1290 2748 1348 2795 agi
1384 2749 1510 2784 ordine
1538 2745 1585 2790 4,,
1602 2745 1638 2790 5,
