1728 3002
145 164 228 204 886
397 157 402 163 ’
675 156 839 200 Tamen
868 183 924 191 --
952 157 1146 202 Tandem

147 262 326 306 Tamen.
373 274 412 309 α)
435 276 608 307 transitum
626 272 738 314 facit:
763 272 1028 308 meminerimus
1046 279 1073 308 t.
1093 281 1155 309 etc.
1185 277 1240 319 10,
1264 278 1298 319 1,
1317 276 1372 311 28.
1399 275 1445 318 cs.
1469 277 1505 320 6,
1522 276 1557 322 i,
1576 275 1622 313 49
1637 278 1683 311 Ν.

189 323 225 364 6,
251 324 285 364 2,
311 323 366 354 12.
399 323 454 364 10,
478 323 513 363 7,
542 319 599 353 24.
627 320 690 353 Est
717 325 742 353 t.
766 319 966 354 lucubratio
991 320 1162 364 optimum
1190 321 1325 364 secreti,
1341 333 1454 369 genus
1483 325 1538 367 10,
1565 324 1600 367 3,
1623 326 1722 358 27.-⁴⁴

193 369 287 402 Sane
312 372 436 410 tam.,
469 372 508 400 ut
530 365 592 400 ille
605 359 653 399 'in
681 365 767 400 cibis
793 367 899 410 paulo
927 366 1108 401 liberalius
1133 378 1320 412 aspersus,
1351 368 1383 403 si
1413 373 1513 406 tam.
1536 379 1612 404 uon
1639 370 1685 404 sit

190 413 422 454 immodicus,
455 413 555 446 affert
583 412 716 456 aliquid
746 412 956 447 immodicae
985 413 1179 458 voluptatis
1204 415 1248 457 6,
1274 416 1317 456 3,
1344 417 1390 451 19
1413 417 1462 450 N.
1492 415 1598 463 'quain
1621 416 1684 451 de-
1721 418 1728 423 ’

193 465 317 494 center
342 464 368 494 t.
393 458 552 503 Sulpicio
586 458 770 493 scientiam
800 459 944 503 petendi
973 461 1178 494 consulatus
1203 461 1332 495 ademit
1359 462 1428 503 11,
1449 464 1499 506 1,
1519 460 1577 499 69.
1623 463 1686 495 In-
1716 453 1728 490 l

192 506 296 541 terim
325 510 351 538 t.
377 506 491 538 danda
514 510 597 539 sunt
620 506 703 540 vela
733 507 796 547 10,
822 507 864 548 3,
889 509 910 540 7
938 506 1004 548 Ν.;
1045 512 1163 540 tamen
1199 502 1369 552 ἀφορμὰς
1396 506 1517 550 ἔργων
1550 505 1687 543 &ocant

193 556 226 596 3,
254 553 287 593 6,
314 554 359 586 27
379 552 426 585 N.
453 550 498 593 cs.
524 553 559 594 8,
586 553 643 585 Pr.
668 554 724 585 31.
752 554 806 590 11,
833 553 866 594 3,
895 555 951 586 12.
997 552 1039 596 β)
1065 555 1283 587 ο.-Ρνοηὸηι;
1302 553 1379 587 Eoo
1405 558 1431 587 t.
1450 559 1545 599 ——p
1576 563 1599 588 o
1627 556 1686 597 10,

194 602 234 641 1,
259 599 317 632 71.
359 598 401 630 Id
426 597 542 642 ipsum
566 603 592 631 t.
619 603 765 644 anguste
791 598 917 632 Zoilus
942 598 1146 634 terminavit
1170 600 1213 641 9,
1240 602 1282 642 1,
1311 581 1355 634 14
1377 600 1425 634 N.
1452 612 1498 636 cr.
1556 601 1638 634 dem
1659 605 1686 634 t.

193 645 280 678 duas
305 644 381 686 ejus
406 649 524 688 partes
547 643 636 678 facit
664 646 720 686 11,
747 646 781 686 3,
807 647 840 677 1.
869 656 960 688 quae
985 650 1010 679 t.
1029 666 1074 671 -
1089 651 1253 680 arescunt
1277 647 1334 689 12,
1359 647 1415 689 10,
1444 646 1500 682 79.
1523 646 1567 680 ἰν.
1591 646 1685 691 Qui.

196 691 292 737 Quid
320 695 344 723 t.
375 696 523 724 noceret
553 693 618 734 10,
648 693 689 733 2,
713 691 770 724 25.
806 702 838 723 υ.
859 691 982 736 Quis.
1039 692 1091 736 y)
1130 705 1158 725 c.
1186 692 1379 735 Conjunct..·
1411 697 1462 725 et
1494 691 1690 740 aenigmata
1724 713 1728 719 ι

192 743 276 772 sunt
301 742 325 770 t.
353 738 388 779 8,
412 737 445 777 6,
475 738 529 771 53.
555 736 599 778 cs.
624 737 658 779 8,
684 734 719 779 4,
743 737 799 770 25.
824 749 855 770 υ.
874 738 937 771 Et.
963 737 1047 771 Sed
1073 737 1132 771 hic
1151 749 1294 782 quoque
1311 744 1337 772 t.
1359 737 1552 772 inhumana
1571 738 1692 773 videri
1708 763 1728 770 >⁴

193 786 287 819 solet
314 783 482 817 fortunae
506 782 693 817 insectatio
717 782 762 825 6,
789 784 830 825 3,
853 785 909 818 28.
941 795 974 817 v.
997 783 1096 818 Sed.
1129 786 1198 819 hoc
1220 789 1305 831 xaut
1331 783 1400 818 alio
1430 789 1454 818 t.
1482 794 1630 819 numero
1653 784 1689 826 4,
1726 807 1728 810 -

193 831 239 874 5,
265 832 298 864 3.
338 831 440 863 dum
470 836 496 864 t.
521 828 622 873 quasi
654 827 746 862 dicat
773 828 865 863 intra
893 841 932 863 se
956 830 1071 874 ipsum
1096 833 1161 872 10,
1184 833 1231 873 7,
1255 830 1310 865 25.
1339 842 1371 864 v.
1400 831 1524 864 Dum.
1562 832 1691 875 quod

193 882 313 910 teneat
337 882 364 909 t.
393 877 470 909 lora
494 878 537 918 7,
562 877 606 918 9,
631 878 652 910 7
682 887 714 908 v.
736 875 976 920 Quoniam,
1016 887 1113 910 cum
1138 882 1165 909 t.
1191 875 1481 920 inexpositione
1507 883 1568 910 aut
1594 877 1690 911 senis

193 934 311 957 sermo
338 928 397 956 aut
428 921 588 956 mulieris
616 920 742 955 incidit
767 923 831 964 11,
866 924 909 965 3,
938 923 996 958 91.
1039 922 1086 957 Si
1113 922 1192 967 quis
1217 924 1260 956 ad
1287 922 1438 958 virtutes
1455 925 1688 966 —-‘tamen,
1715 942 1717 944 -

192 981 284 1013 quae
309 968 467 1002 defuisse
492 967 525 1002 ei
544 988 580 994 -
600 967 789 1010 videntur,
815 968 983 1011 adjecerit
1010 971 1066 1012 12,
1092 967 1148 1011 10,
1173 970 1219 1004 26
1235 970 1282 1012 N.
1308 981 1341 1004 v.
1365 968 1422 1003 Si.
1455 968 1573 1005 Nisi„
1590 976 1638 1003 ut
1662 975 1690 1004 t.

194 1016 417 1057 deliberare,
441 1025 515 1048 non
539 1014 735 1057 haesitare,
763 1014 950 1049 videamur
977 1017 1041 1059 10,
1065 1019 1106 1058 7,
1133 1018 1198 1058 223
1237 1016 1470 1060 quomodo
1501 1020 1528 1048 t.
1554 1015 1691 1051 evitare
1723 1027 1728 1045 ¹

194 1062 459 1106 expositionem
482 1078 526 1084 --
546 1060 759 1104 possumus?
784 1059 818 1103 4,
842 1064 876 1104 2,
901 1064 946 1096 75
962 1062 1009 1095 Ν.
1034 1064 1141 1095 num
1163 1067 1189 1094 t.
1213 1061 1274 1096 ille
1297 1067 1412 1096 totum
1434 1060 1471 1095 in
1495 1071 1569 1095 uno
1597 1061 1692 1096 diem

193 1114 443 1142 consumturus
467 1106 547 1140 est?
575 1110 609 1149 1,
634 1110 668 1150 2,
698 1109 752 1140 11.
815 1103 855 1150 ὃ)
884 1121 911 1142 c.
937 1109 1083 1150 Negata
1121 1119 1210 1152 quae
1239 1107 1360 1142 omnia
1386 1109 1542 1142 'multum
1568 1108 1693 1153 juvant
1721 1133 1728 1137 .

191 1155 405 1197 victoriam,
441 1159 541 1187 tam.
576 1164 670 1186 non
705 1153 849 1186 trahunt
871 1157 914 1196 7,
945 1156 984 1196 1,
1009 1153 1067 1188 44.
1102 1157 1194 1188 non
1223 1160 1278 1188 est
1309 1159 1411 1204 tarn.
1439 1153 1695 1189 dissimulanda

191 1201 306 1234 nostri
335 1211 478 1244 quoque
505 1199 628 1242 judicii
654 1210 791 1233 summa
815 1203 877 1242 10,
906 1203 923 1233 1
940 1226 950 1242 ,
975 1199 1032 1235 40.
1064 1211 1219 1244 neque
1241 1207 1268 1235 t.
1296 1199 1415 1236 videri
1441 1206 1560 1245 potest
1587 1200 1694 1246 quid-
1720 1212 1728 1235 ε

191 1259 295 1291 quam
323 1246 486 1279 omisisse
506 1247 562 1287 11,
588 1249 622 1287 1,
645 1245 680 1278 4.
707 1256 787 1279 nec
814 1246 999 1280 offendunt
1019 1252 1042 1280 t.
1065 1248 1099 1288 8,
1116 1247 1150 1290 6,
1172 1246 1228 1281 51.
1258 1245 1303 1288 ⁰J2
1329 1249 1385 1287 11,
1407 1247 1442 1289 3,
1465 1248 1529 1282 181
1557 1259 1588 1280 υ.
1610 1248 1695 1282 ΝΘ·
1716 1265 1728 1293 ,;

191 1304 290 1336 que.
330 1293 402 1325 Ne.
438 1293 548 1324 Non.
589 1292 809 1325 Nondum.
874 1293 914 1334 ε)
950 1295 983 1325 in
1017 1295 1314 1335 contrapositione:
1358 1292 1546 1327 dicendum
1574 1298 1601 1327 t.
1625 1304 1692 1337 pro

189 1340 358 1373 facultate
386 1339 451 1380 10,
476 1339 520 1379 3,
547 1335 602 1370 15.
634 1337 788 1371 varietas
819 1343 845 1370 t.
871 1338 976 1371 nobis
1001 1349 1047 1371 ex
1074 1337 1263 1373 vilioribus
1286 1343 1384 1387 grata
1407 1338 1454 1372 sit
1477 1340 1538 1380 10,
1565 1342 1608 1382 1,
1632 1339 1690 1374 58.

190 1387 401 1428 plerumque
427 1388 474 1423 t.,
498 1392 572 1415 non
600 1393 740 1426 semper
767 1382 807 1420 5,
834 1384 898 1425 10,
926 1384 981 1420 19.
1008 1382 1052 1424 cf.
1083 1386 1149 1424 11,
1175 1385 1217 1426 3,
1243 1383 1298 1418 16.
1323 1383 1450 1418 summi
1473 1384 1570 1418 enim
1598 1391 1692 1428 sunt,
1722 1383 1728 1417 ,ι’

189 1430 353 1464 homines
377 1435 404 1462 t.
432 1431 489 1469 10,
516 1431 548 1468 1,
573 1429 631 1462 25.
658 1439 724 1474 ego
749 1428 894 1471 aliquid,
919 1439 994 1462 non
1016 1430 1130 1462 multo
1153 1434 1194 1472 t.,
1221 1429 1326 1464 altius
1348 1429 1531 1465 inveniam
1555 1433 1612 1472 12,
1634 1434 1692 1475 10,
1723 1440 1728 1456 -¹

190 1479 247 1511 37.
274 1487 399 1510 omnes
424 1474 525 1508 sine
557 1474 701 1508 dubio
730 1492 773 1498 —
798 1473 920 1518 epicos
944 1480 1044 1509 tam.
1068 1475 1260 1520 praecipue
1286 1477 1343 1516 10,
1369 1477 1484 1515 1.νό1.
1510 1488 1545 1510 v.
1568 1475 1691 1513 Sine.

190 1523 276 1557 lenti
309 1523 457 1567 quidam'
487 1532 528 1554 ac
560 1520 719 1561 remissi,
752 1531 827 1554 non
854 1521 931 1554 sine
955 1522 1115 1564 pondere
1137 1526 1164 1555 t.
1197 1523 1261 1563 12,
1286 1523 1353 1565 10,
1379 1522 1435 1558 19.
1469 1522 1693 1567 zib-unoque

190 1569 351 1611 exclusi,
385 1569 514 1601 debent
539 1571 565 1600 t.
591 1566 702 1600 anniti
727 1568 791 1607 10,
816 1570 857 1605 7,
882 1568 939 1601 29.
977 1568 1215 1610 praecedente
1240 1567 1400 1611 spondeo
1428 1572 1455 1602 t.
1481 1570 1588 1613 plane
1610 1569 1692 1604 finis

191 1621 245 1650 est
269 1614 419 1649 trimetri
443 1614 484 1655 9,
509 1612 552 1653 4,
579 1615 658 1646 111.
686 1624 774 1656 quos
803 1612 1026 1655 palaestritas
1053 1624 1132 1648 esse
1160 1615 1348 1653 nolumus,
1371 1620 1398 1648 t.
1420 1625 1500 1648 esse
1523 1616 1692 1650 nolimus

190 1673 273 1702 eos,
299 1661 359 1706 qui
389 1660 555 1693 dicuntur
579 1654 803 1693 ἁπάλαιστοι
828 1660 862 1700 9,
885 1658 919 1701 4,
942 1659 998 1694 56.
1019 1660 1057 1693 in
1081 1660 1152 1693 fine
1175 1660 1318 1694 iuterim
1342 1659 1436 1694 cadit
1458 1662 1626 1702 (rnanus),
1653 1667 1694 1696 ut

191 1708 263 1744 cito
287 1713 312 1742 t.
337 1708 459 1741 redeat
487 1708 548 1743 11,
576 1707 620 1746 3,
644 1705 723 1738 106.
760 1704 805 1746 cs.
832 1707 887 1739 53.
919 1710 958 1738 ut
981 1705 1019 1738 in
1041 1705 1123 1739 iisd.
1147 1706 1304 1751 partibus
1331 1705 1530 1751 iisdemque
1556 1707 1694 1742 affecti·
1718 1730 1728 1769 ἠ

192 1756 259 1788 bus
295 1754 365 1788 sint
392 1759 416 1786 t.
447 1752 574 1796 quaed.
610 1761 684 1784 non
716 1750 764 1784 ita
796 1762 945 1798 magnae
979 1752 1083 1787 vocis
1118 1751 1373 1787 declinationes
1408 1751 1451 1794 cs.
1477 1752 1537 1790 46.
1576 1759 1616 1788 ut
1646 1755 1709 1791 de,

191 1801 321 1835 Troilo
346 1797 539 1845 Virgilius,
567 1801 594 1830 L
608 1809 687 1830 ora
711 1804 844 1830 tenen
859 1811 873 1830 s
899 1805 1039 1831 tamen
1061 1798 1218 1840 -,Ηὶο,
1242 1804 1362 1832 utrum
1384 1803 1506 1833 teneat
1525 1801 1604 1834 lora
1627 1794 1694 1834 t'a-

190 1859 314 1887 men,
340 1858 406 1882 an,
433 1843 595 1889 quamvis
622 1848 763 1884 teneat,
801 1849 954 1878 tamen
977 1844 1156 1884 trahatur,
1191 1843 1313 1888 quaeri
1335 1850 1454 1889 potest
1475 1849 1523 1887 ’7,
1540 1847 1582 1887 9,
1602 1849 1625 1880 7
1649 1851 1694 1881 Ζ.
1720 1850 1728 1898 j

191 1891 235 1936 ζ)
261 1894 472 1926 antecedente
496 1897 577 1923 sent.
605 1891 754 1923 condie..-
781 1889 822 1923 si
846 1890 941 1923 aliud
973 1895 1208 1934 acceperunt,
1243 1902 1348 1934 quam
1375 1893 1471 1935 quod
1494 1893 1728 1932 habuerant}

191 1950 343 1981 nomen,
367 1938 430 1972 iid.
457 1941 538 1971 sunt
559 1942 585 1969 t.
607 1936 651 1973 9,
677 1938 718 1976 1,
744 1937 779 1970 8.
817 1935 862 1977 cs.
891 1939 934 1977 7,
958 1937 1016 1970 Pr.
1039 1939 1077 1970 2.
1118 1947 1199 1970 cum
1222 1937 1312 1970 haec
1342 1937 1462 1970 omnia
1486 1937 1693 1982 fecerimus,
1725 1968 1728 1979 ,

190 1986 318 2020 felices
343 1990 368 2019 t.
386 2011 396 2028 ,
432 1983 474 2017 si
501 1987 662 2016 nostrum
685 1981 804 2027 ignem
828 1982 939 2026 judex
963 1982 1169 2026 conceperit
1194 1984 1260 2023 11,
1288 1985 1330 2025 3,
1357 1984 1392 2017 3’“.
1430 1982 1542 2025 σ]“.’7,
1573 1987 1609 2026 t,
1633 1987 1691 2019 33.
1716 1977 1728 2030 ἒ

190 2035 226 2072 7,
251 2036 285 2073 7,
312 2034 367 2065 10.
395 2033 450 2068 10,
477 2031 511 2071 1,
538 2030 595 2063 23.
623 2030 678 2067 12,
705 2032 738 2071 1,
763 2027 821 2062 44.
847 2031 902 2070 12,
925 2031 979 2070 10,
996 2031 1053 2063 38.
1079 2028 1268 2062 etiamsi
1295 2029 1456 2072 nondum
1478 2030 1598 2065 verbis
1622 2041 1693 2064 ex-
1715 2034 1728 2066 -⁴..

191 2080 385 2122 planatum,
412 2079 482 2117 jam
505 2081 531 2110 t.
555 2080 674 2109 mente
699 2081 912 2118 conceptum
937 2075 972 2119 5,
999 2077 1056 2119 10,
1079 2072 1114 2112 4.
1137 2074 1270 2120 Quaeri
1293 2076 1396 2118 solet,
1423 2087 1479 2115 an,
1504 2075 1692 2112 etiamsi
1718 2089 1728 2114 1,

193 2125 364 2158 discenda
394 2123 463 2156 sint
491 2122 601 2163 haec,
639 2122 766 2154 eodem
796 2126 958 2166 tempore
988 2127 1146 2156 tamen
1182 2121 1274 2154 tradi
1305 2121 1424 2156 omnia
1454 2128 1518 2156 ‘etc--
1553 2122 1693 2167 possint
1724 2125 1728 2171 ξ

193 2173 234 2213 1,
262 2174 322 2209 12,
347 2173 381 2204 1.
410 2168 454 2210 cs.
486 2170 548 2208 11,
572 2169 612 2208 3,
635 2166 693 2204 48.
717 2179 749 2201 v.
776 2167 1069 2212 Quanquam.
1098 2166 1223 2201 licet
1245 2168 1335 2202 haec
1360 2173 1396 2202 et
1418 2168 1534 2211 nitere
1561 2188 1605 2195 —
1631 2168 1728 2219 *vi-*fg

194 2218 358 2255 deantur,
383 2221 538 2249 tamen
563 2219 608 2247 et
633 2214 724 2256 (Sp.
752 2215 833 2255 om.)
858 2214 991 2247 lumina
1014 2213 1075 2247 illa
1092 2233 1138 2239 —
1159 2213 1294 2248 dixeris
1319 2216 1353 2256 8,
1380 2213 1412 2256 5,
1439 2216 1541 2250 29⁷2.
1566 2227 1598 2250 v.
1619 2215 1692 2248 Li-

194 2269 278 2297 cet.
301 2268 350 2295 ut
377 2272 470 2295 non
495 2261 598 2294 durat
622 2261 714 2292 ultra
738 2270 891 2302 poenam
915 2259 1168 2302 abdicationis,
1200 2259 1264 2294 ita
1289 2259 1428 2294 abdicat
1451 2266 1480 2294 t.
1501 2261 1544 2302 9,
1567 2264 1610 2304 2,
1632 2262 1690 2297 88.

192 2308 231 2342 in
259 2309 386 2352 quibus
412 2313 459 2341 ut
484 2306 700 2348 erraverim,
724 2306 884 2351 legentes
908 2313 935 2340 t.
961 2315 1054 2340 non
1078 2305 1204 2350 decepi
1227 2307 1262 2348 6,
1287 2309 1327 2350 3,
1357 2309 1434 2342 112.
1473 2318 1508 2342 v.
1532 2307 1600 2342 Ut.

148 2375 355 2417 Tametsi.
396 2393 422 2421 t.
461 2397 535 2420 non
568 2384 758 2419 mediocris
790 2385 976 2419 haesitatio
1005 2391 1060 2420 est
1088 2388 1151 2429 12,
1178 2389 1220 2430 1,
1247 2384 1306 2421 40.
1339 2384 1384 2427 cs.
1417 2387 1478 2427 11,
1509 2387 1553 2427 3,
1577 2386 1708 2421 80.“ῑ.·

194 2433 370 2479 ignoscite
394 2432 494 2474 mihi,
517 2431 654 2476 judices
683 2434 762 2465 Cic.
786 2427 1072 2476 (ἀποσιώπησις)
1095 2434 1130 2474 9,
1158 2435 1193 2472 2,
1218 2433 1273 2467 55.
1313 2432 1474 2478 Quorum
1498 2431 1691 2466 tametsi
1710 2428 1714 2445 ³

193 2486 382 2524 utrumque
418 2478 590 2513 convenit
628 2476 800 2518 orationi,
843 2483 995 2513 tamen
1023 2478 1139 2523 possis
1172 2479 1261 2513 illud
1295 2477 1581 2525 grammaticum*⁵
1618 2477 1691 2513 hoc

194 2526 410 2559 rhetoricum
435 2525 546 2571 magis
574 2524 693 2558 dicere
720 2525 756 2567 9,
782 2525 816 2567 3,
842 2526 879 2557 2.

1701 1379 1713 1392 Ι

150 2590 188 2632 T
192 2592 359 2633 andem·
410 2603 503 2648 [nec
524 2603 586 2637 illa
609 2603 673 2646 iis,
701 2602 827 2647 quibus
853 2609 879 2641 t.
904 2598 977 2643 (ΖΓ
998 2602 1081 2647 orn.)
1105 2603 1233 2638 similia
1258 2603 1374 2639 videri
1397 2604 1543 2646 volunt,
1577 2601 1690 2645 appli—
1712 2594 1715 2598 ⁸

196 2654 277 2681 cant
300 2652 335 2690 8,
363 2651 397 2692 3,
422 2649 493 2693 76]
520 2650 603 2693 quid
627 2655 652 2683 t.
678 2649 755 2683 fieri
779 2648 960 2693 oportuit?
985 2650 1020 2690 9,
1045 2652 1080 2692 2,
1109 2653 1164 2684 21.
1191 2638 1291 2694 Oiiae
1314 2656 1340 2683 t.
1367 2660 1424 2683 ars
1449 2648 1554 2693 digna
1578 2647 1688 2681 literis
1712 2665 1715 2668 ⁴

195 2695 335 2727 Platoni
361 2696 500 2729 defuit?
527 2699 591 2736 12,
620 2698 685 2737 11,
710 2698 767 2728 22.
803 2694 845 2735 cf.
876 2698 919 2736 5,
947 2698 1010 2737 11,
1037 2698 1092 2730 12.
1123 2697 1165 2738 a,
1189 2698 1232 2739 3,
1260 2697 1316 2731 38.
1341 2697 1397 2732 12.
1419 2697 1454 2736 2,
1481 2696 1534 2728 10.
1560 2694 1688 2734 virum,
1716 2725 1717 2729 ,

197 2751 296 2774 cum
329 2739 462 2787 ingenii
497 2748 622 2775 natura
654 2747 912 2785 praestantem,
953 2747 1041 2776 tum
1074 2752 1187 2778 vero
1221 2747 1274 2777 tot
1308 2739 1561 2786 pulcherrimas
1595 2745 1688 2774 artes
