1702 3054
476 794 1257 870 PROLEGOMENA

199 940 303 989 DE
348 934 885 988 GRAMMATICA
933 927 1535 992 QUINTILIANEA.

761 1219 895 1270 CAP.
930 1219 969 1268 1.

308 1321 576 1380 PARS
650 1314 1438 1378 ETYMOLOGICA.

481 1492 520 1540 Ι.
579 1491 683 1539 DE
712 1488 1026 1538 DECLINA
1037 1485 1268 1536 ΤΙΟΝΕ.

409 1592 450 1658 i.
515 1614 763 1657 PRIMA
809 1609 1344 1656 DECLINATIO.

0 1713 9 1718 ’“
59 1728 62 1762 ;
108 1670 353 1756 Graeca
373 1705 526 1773 hujus
538 1704 931 1754 Declinationis
950 1703 1174 1751 nomina
1189 1704 1450 1767 pleraque
1471 1700 1654 1748 omnia

36 1781 42 1784 .
80 1798 92 1851 ἰ
109 1786 320 1834 Graeca
349 1797 584 1832 utuntur
620 1784 881 1844 flexione,
929 1800 1164 1848 quorum
1207 1779 1466 1846 plurima,
1514 1779 1655 1827 sicut

108 1864 168 1914 in
196 1863 382 1913 ceteris
415 1881 640 1930 quoque
669 1863 1168 1924 Declinationibus,
1207 1861 1456 1926 exempla
1488 1861 1655 1907 Zum-

6 1961 9 1964 ⁴
87 1942 301 2011 ‘ptiana
352 1946 565 1991 demum
614 1944 887 2006 editione,
943 1941 1282 1991 accuratiore
1327 1941 1657 2006 optimorum

113 2021 372 2068 Codicum
391 2023 683 2071 collatione
698 2026 861 2086 facta,
886 2023 1222 2085 Quintiliano
1240 2021 1488 2069 restituta
1510 2034 1656 2080 sunt3

116 2098 323 2163 quibus‘
341 2099 398 2146 in
426 2104 762 2152 recensendis
789 2105 1004 2172 singulis
1030 2101 1310 2166 exemplis,
1346 2115 1409 2148 ut
1435 2101 1660 2165 ubique,

113 2177 213 2225 nisi
234 2177 410 2242 justae
434 2196 627 2227 causae
648 2199 731 2227 me
755 2181 1031 2230 dissentire
1053 2195 1281 2246 cogant,
1305 2180 1442 2228 illius
1467 2179 1660 2228 editio-

115 2256 195 2304 nis
233 2259 612 2308 auctoritatem
656 2277 864 2327 sequar.
945 2263 1238 2328 Leguntur
1282 2277 1437 2328 ergo:
1494 2259 1559 2326 a)
1602 2260 1662 2307 in

116 2339 167 2385 N
180 2354 211 2384 o
225 2336 352 2386 min
365 2339 549 2390 ativo
574 2341 741 2389 Casu
774 2341 980 2408 ubique
1000 2341 1289 2402 dnh-lectore,
1306 2341 1661 2405 grammatice,

117 2419 330 2478 musice,
365 2419 638 2481 rhetorice,
672 2439 817 2486 quae
842 2422 1055 2489 singula
1086 2421 1474 2470 demonstrabit
1495 2419 1664 2469 Lexi-

110 2515 251 2564 ‚con3
298 2517 422 2547 nam
454 2501 646 2550 unicus
680 2506 830 2551 locus
862 2519 918 2563 2,
954 2510 1037 2567 17,
1077 2518 1138 2549 10
1169 2520 1259 2551 nec
1283 2503 1557 2568 fabr-ica
1594 2500 1667 2547 sit

120 2595 230 2627 ars
250 2608 308 2616 —-
335 2598 426 2628 nec
452 2583 697 2631 mbcst'ca
727 2583 966 2632 incertae
988 2597 1065 2631 est
1082 2598 1339 2642 naturae,
1377 2599 1548 2648 quum
1577 2579 1666 2628 hic

120 2657 251 2706 nihil
279 2676 378 2708 nos
403 2660 685 2727 impediat,
720 2664 856 2730 quin
879 2665 1073 2712 musica
1096 2663 1365 2729 adjective
1395 2661 1666 2728 intelliga-

95 2751 223 2788 tur.
291 2741 349 2802 b)
386 2743 450 2790 In
482 2742 802 2792 Genitivo
838 2745 1034 2792 Casu:
1069 2744 1284 2792 Helenes
1318 2743 1365 2805 3,
1398 2745 1447 2804 8,
1479 2758 1523 2806 9.
1557 2741 1666 2789 dia-
