1728 3002
180 175 260 215 108
784 167 820 211 C
850 192 904 202 -·
935 166 1101 213 Caecus

919 293 978 352 C.¹

179 400 230 444 C.
280 411 320 447 ln
351 413 385 446 Τ
415 408 573 445 mollitur
609 413 641 454 1,
667 411 723 453 11,
750 409 773 444 5
801 407 848 442 N.
902 407 933 444 C
959 406 1084 455 litera,
1123 419 1215 454 quae
1238 409 1291 452 ad¹
1311 419 1437 448 omnes
1462 413 1610 448 vocales
1632 398 1712 455 fun

223 470 323 494 suam
373 459 504 492 erferat
526 459 560 500 1,
583 459 618 500 7,
644 458 700 490 10.
727 475 773 482 --
794 454 979 490 inversum
1003 457 1050 492 ib.
1068 456 1174 490 28N.
1217 455 1247 492 G
1272 458 1306 490 in
1329 469 1412 491 voce
1433 459 1570 494 Subura
1591 461 1635 493 ih.
1651 460 1710 495 29.

179 470 419 598 Οιὲοοῖθξὲ.
474 524 687 560 quocunque
723 511 793 548 alio
823 522 958 560 genere
993 511 1197 548 cacozeliae
1226 515 1264 558 2,
1292 515 1328 558 3,
1349 515 1387 553 9.
1436 513 1492 557 Gs.
1507 504 1714 561 ιἰικόζηλκ

249 587 261 606 9
308 587 319 606 Ι

178 606 409 650 Cacumen.
455 614 634 663 surgentia
655 614 695 649 in
716 616 825 649 altum
855 613 1041 650 cacumina
1072 615 1177 651 oleae
1205 615 1387 652 coercebo
1409 617 1446 662 8,
1469 618 1506 664 ³,
1530 619 1588 654 10.
1617 616 1713 654 vite·

223 665 263 699 in
285 663 468 699 cacumina
496 663 653 699 evadunt
680 663 713 704 1,
741 663 777 705 2,
803 661 862 696 26.

178 709 387 753 Cadaver.
431 719 549 767 imago
574 719 669 753 senis
692 716 862 754 cadaveri
883 717 1003 754 infusa
1025 717 1062 763 6,
1087 719 1123 755 1.
1144 715 1203 756 40.

177 767 312 810 cado.
356 776 467 820 cadit,
501 775 635 811 excidit
658 778 691 819 1,
713 774 749 819 4,
778 777 833 812 13.
883 774 917 821 1)
946 777 1103 821 proprie.-
1149 776 1236 810 dum
1260 774 1411 831 timent,
1447 786 1497 811 ue
1519 774 1714 822 anquando

222 826 411 867 cadant,
444 834 585 866 semper
605 822 755 866 jacent
780 823 817 866 8,
841 821 876 865 5,
899 823 959 857 32.
1001 822 1102 866 aula,
1133 833 1226 867 quae
1247 826 1305 858 ter
1327 822 1520 866 ceciderit,
1540 842 1589 849 -——
1626 821 1714 858 tibi-

221 871 302 908 cina
328 869 359 904 si
385 868 554 903 ceciderit
590 871 625 912 7,
651 869 687 911 9,
710 867 744 903 4.
789 868 888 913 quod
916 867 1087 903 ceciderit
1114 869 1158 902 ad
1181 873 1315 903 terram
1340 869 1377 913 5,
1400 870 1461 913 10,
1480 866 1538 904 84.
1579 867 1620 903 in
1637 867 1728 920 ξω

218 915 361 954 interim
384 914 527 958 cadit,
562 920 612 958 ,ut
636 914 708 949 cito
736 920 857 949 tamen
882 911 1242 960 redeat·(manua)
1266 917 1324 959 11,
1347 916 1384 959 3,
1408 915 1489 951 106.
1530 916 1714 960 quomodo

219 973 392 1000 casura
419 971 546 995 manus
573 966 628 995 est
654 963 698 995 ib.
725 962 805 996 109.
847 960 959 1006 aliqui
980 960 1110 1006 pedes,
1141 961 1195 995 ad
1227 971 1318 1006 quos
1340 960 1576 1007 plui-imolam
1614 966 1713 997 estus

216 1009 378 1046 cadittib.
405 1008 483 1042 108.
515 1008 560 1042 de
581 1018 688 1042 cruce
719 1004 794 1052 (sio
814 1009 914 1042 Amb.
939 1009 982 1051 13
1011 1008 1080 1051 Sp.
1109 1005 1335 1052 decernere)
1365 1007 1480 1043 verba
1506 1006 1585 1042 ceci
1609 1011 1714 1042 erunt

217 1051 487 1101 (improprium)
511 1054 547 1097 8,
570 1055 605 1096 2,
628 1051 653 1088 4
679 1054 747 1098 Ν.,·
793 1053 856 1098 qui
879 1063 947 1098 pro
972 1052 1088 1098 patria
1113 1053 1321 1088 cecideruut
1343 1055 1380 1097 2,
1404 1053 1462 1098 15,
1484 1053 1552 1090 29.-
1578 1061 1629 1088 an
1650 1052 1715 1089 sit

220 1101 413 1145 aliquando
438 1110 626 1133 casurus
650 1097 838 1143 (mundus)
863 1103 900 1143 7,
926 1102 963 1143 2,
986 1102 1022 1134 2.
1056 1110 1170 1147 genus
1199 1098 1361 1143 dicendi,
1389 1100 1487 1145 quod
1508 1098 1658 1144 camus,
1680 1097 1721 1136 εἰ

219 1147 352 1183 leviter
376 1145 601 1180 excutiantur
614 1171 626 1190 ,
658 1145 816 1180 flosculis
843 1145 932 1180 nitet
955 1147 1011 1188 12,
1042 1148 1097 1188 10,
1124 1147 1189 1188 73,
1236 1155 1285 1180 ne
1310 1146 1462 1181 umbrae
1485 1145 1535 1180 111
1559 1149 1719 1191 corpor·⁴

219 1195 350 1228 cadant
375 1194 409 1234 8,
437 1194 470 1235 5,
495 1193 552 1226 26.
651 1192 700 1233 ΙΙ)
732 1196 850 1226 transl.
894 1192 937 1235 a)
963 1196 1037 1226 tota
1061 1202 1168 1226 causa
1195 1191 1369 1227 cecidisse
1391 1195 1428 1235 7,
1454 1193 1492 1235 3,
1516 1193 1574 1227 17.
1613 1191 1714 1227 ωοί-

220 1240 316 1274 disse
347 1239 500 1273 formula
534 1240 574 1281 3,
599 1237 644 1279 6,
672 1239 731 1273 69.
780 1237 848 1283 [C.
884 1238 1070 1273 Varenum
1100 1237 1320 1279 occidendo,
1363 1242 1400 1272 et
1435 1235 1504 1272 Cn.
1528 1235 1715 1282 Varenum

220 1285 443 1322 vulnerando
472 1291 530 1321 etc.
566 1283 660 1318 cadit
690 1282 765 1328 (Ζ.
795 1286 839 1318 «le
862 1284 950 1328 conj.
982 1285 1189 1321 Gesneri:
1233 1283 1472 1318 occidendum
1501 1301 1551 1311 —·
1579 1278 1728 1324 vulne-J

220 1333 371 1367 randum
404 1328 563 1373 curavit)
597 1333 676 1364 Cic.
704 1333 739 1373 7,
765 1333 800 1374 1,
823 1331 850 1371 9
874 1330 922 1364 Ν.
947 1343 995 1363 cr.
1025 1337 1057 1364 et
1084 1331 1139 1372 S.;
1187 1340 1271 1365 cum
1297 1329 1543 1375 aliquawelut
1569 1329 1723 1366 scenico*

221 1380 310 1412 fiunt
348 1376 440 1421 (Sp.
467 1376 534 1411 alia
558 1378 705 1420 cadunt,
739 1389 826 1422 quae
858 1378 892 1410 in
922 1377 1025 1411 codd.
1055 1374 1245 1420 adduntur,
1284 1375 1464 1418 defendere
1487 1375 1655 1418 conatur)
1675 1376 1714 1420 6,

223 1427 258 1468 1,
286 1425 331 1459 38
359 1424 404 1457 Ν.
435 1421 519 1467 cr.].
575 1423 619 1467 β)
652 1426 675 1457 i.
703 1436 734 1468 q.
767 1424 942 1456 incido.-
974 1433 1021 1456 ne
1055 1422 1101 1456 in
1134 1421 1495 1464 calumniam-cadam
1519 1423 1556 1466 9,
1573 1419 1615 1465 ’4,
1643 1421 1726 1467 573.

221 1472 369 1514 abrupte
395 1470 555 1503 cadere
582 1469 628 1502 in
650 1468 892 1503 narrationem
915 1481 993 1513 opp.
1016 1469 1171 1503 obscure
1195 1469 1525 1506 transcendere
1546 1466 1583 1513 4,
1602 1469 1637 1512 1,
1650 1469 1725 1507 79.

221 1515 258 1563 y)
285 1519 317 1549 in
340 1517 492 1559 rhythmis
518 1528 559 1548 ac
582 1517 753 1549 vocabulis
771 1518 796 1549 i.
817 1529 851 1561 q.
875 1516 1054 1549 desino:
1083 1514 1288 1559 (sententiae)
1314 1520 1351 1549 et
1365 1514 1510 1559 paribus
1533 1513 1714 1559 cadant,

222 1569 259 1596 et
285 1563 362 1596 eod.
391 1562 497 1595 modo
522 1561 736 1595 desinant
760 1562 796 1605 9,
820 1559 857 1605 3,
879 1562 938 1596 79.
978 1572 1048 1606 qua
1071 1560 1215 1605 (litera)
1238 1562 1376 1594 nullum
1400 1561 1539 1595 Graece
1560 1560 1715 1596 verbum

222 1608 318 1643 cadit
343 1610 397 1650 12,
423 1609 479 1650 10,
504 1609 561 1642 31.
606 1613 769 1642 notatum
795 1607 834 1641 in
857 1617 1045 1651 sermone,
1086 1606 1172 1651 ‹suid
1205 1617 1349 1652 quoque
1377 1607 1487 1642 modo
1509 1606 1662 1651 caderet,
1677 1607 1728 1657 1,.

160 1670 162 1672 ’
221 1655 259 1698 6,
283 1654 349 1696 163
395 1659 474 1697 apte
502 1654 632 1688 cadens
657 1653 771 1688 oratio
794 1654 830 1696 9,
854 1657 890 1696 7,
914 1655 971 1688 32.
1006 1664 1178 1687 numerus
1203 1658 1407 1698 opportune
1429 1653 1564 1687 cadens
1587 1653 1633 1686 ito.
1651 1648 1728 1693 2⁷:

223 1700 382 1734 similiter
405 1700 623 1733 cadentia
652 1705 688 1734 et
713 1696 928 1734 similiter
961 1697 1223 1734 desinentia
1247 1701 1292 1733 ib.
1313 1697 1371 1732 42.
1389 1697 1435 1740 cs:
1462 1700 1632 1741 18.31,.7‚
1652 1699 1714 1733 23.

221 1752 262 1780 ut
287 1746 441 1779 clausula
463 1745 623 1780 similiter
649 1747 753 1779 cadat
779 1747 814 1790 9,
841 1747 876 1789 3,
900 1748 970 1787 773
1023 1746 1119 1789 quod
1146 1744 1194 1778 in
1219 1745 1318 1779 cosd.
1343 1755 1447 1778 casus
1470 1743 1566 1789 cadit
1590 1745 1636 1777 ib.
1655 1744 1716 1780 78.

221 1792 268 1826 in
292 1803 437 1838 gravem
459 1793 520 1826 vel
542 1794 628 1826 duas
653 1802 782 1838 graves
805 1791 900 1825 cadit
926 1802 1068 1835 semper
1092 1789 1205 1833 (vox)
1228 1793 1284 1833 12,
1316 1792 1375 1832 10,
1400 1791 1446 1824 33
1467 1789 1515 1825 Ν.
1560 1786 1604 1832 δ)
1630 1791 1656 1822 ἰ.
1678 1799 1715 1870 3.

223 1841 452 1882 pertineo:
488 1849 605 1872 sermo
631 1838 675 1872 in
711 1848 960 1882 quemcunque
993 1837 1099 1870 etiam
1126 1835 1355 1870 indoctorum
1382 1837 1513 1870 cadens
1535 1832 1574 1878 4,
1595 1837 1632 1878 2,
1655 1837 1678 1870 3
1702 1837 1717 1870 .

222 1896 339 1928 neque
369 1884 512 1919 videtur
542 1884 587 1917 in
618 1886 726 1918 eund.
757 1889 793 1918 et
832 1888 1035 1917 contemtus
1065 1881 1259 1926 pecuniae,
1299 1887 1335 1916 et
1369 1881 1544 1926 cupiditas
1571 1881 1724 1925 cadure,‘

223 1942 312 1974 quae
346 1930 492 1963 materia
527 1931 718 1974 praecipue
749 1930 798 1963 in
832 1931 920 1963 deos
947 1934 983 1962 et
1004 1928 1170 1963 homines
1194 1927 1290 1961 cadit
1311 1929 1352 1972 3,
1378 1931 1424 1971 7,
1449 1929 1482 1963 6.
1511 1930 1565 1969 17,
1586 1929 1635 1970 2,
1654 1928 1728 1962 30.

222 1988 313 2020 quae
336 1975 373 2008 in
395 1976 545 2009 feminas
573 1977 668 2010 cadit
692 1975 840 2021 (virtus)
864 1976 901 2018 6,
925 1975 982 2009 Pr.
1009 1977 1040 2009 5.
1078 1975 1175 2018 quod
1201 1973 1321 2008 omnia
1355 1976 1494 2008 scelera
1520 1973 1566 2007 iu
1597 1974 1728 2007 melos.

224 2023 349 2055 cadant
379 2025 421 2063 7,
446 2025 488 2064 2,
517 2024 572 2056 31.
614 2034 705 2067 quae
732 2032 811 2055 non
840 2022 970 2055 cadant
999 2020 1044 2054 in
1069 2026 1198 2054 testem
1229 2020 1274 2064 4,
1299 2023 1335 2062 2,
1359 2022 1420 2056 93.
1469 2019 1505 2063 ε)
1537 2018 1584 2052 111
1606 2029 1717 2053 unam

223 2067 492 2112 (quaesss'mtem)
522 2069 648 2102 cadere
679 2070 800 2112 plures
835 2069 870 2109 3,
898 2068 933 2110 6,
957 2068 1014 2102 91.
1053 2066 1205 2100 mutatio
1232 2086 1279 2092 ·—-
1310 2066 1358 2100 in
1383 2061 1583 2100 inmutav
1608 2066 1717 2100 ‚cadet

222 2117 257 2155 9,
282 2116 316 2155 3,
339 2116 396 2148 92.
430 2124 560 2147 nomen
583 2134 630 2140 ——
652 2115 695 2148 in
726 2119 974 2160 argimientum
996 2124 1079 2146 raro
1103 2112 1199 2146 cadit
1223 2112 1258 2156 5,
1284 2114 1340 2155 10,
1366 2114 1424 2146 30.
1455 2109 1601 2145 linearis
1620 2110 1725 2145 ratio*

221 2159 315 2192 cadit
347 2161 553 2202 frequenter
587 2161 632 2194 in
670 2172 793 2194 causas
835 2162 867 2202 1,
896 2161 951 2201 10,
980 2160 1036 2193 36.
1071 2158 1116 2200 cs.
1138 2162 1173 2202 2,
1198 2161 1258 2201 21,
1282 2161 1340 2193 22.
1368 2157 1404 2200 4,
1427 2160 1464 2199 2,
1491 2157 1551 2194 61.
1586 2157 1718 2192 horum

222 2205 312 2238 nihil
338 2205 384 2238 in
408 2206 536 2252 figuras
564 2206 657 2239 cadit
684 2209 719 2248 9,
739 2209 772 2248 1,
797 2208 830 2240 7.
871 2211 982 2238 status
1005 2205 1066 2238 iid.
1093 2205 1138 2238 in
1159 2206 1231 2238 hoc
1255 2214 1368 2251 genus
1391 2202 1560 2250 materiae
1583 2203 1716 2237 cadunt

225 2253 259 2292 3,
286 2251 319 2293 5,
352 2252 406 2284 16.
460 2262 531 2284 non
563 2253 681 2285 onmia
710 2253 756 2286 in
793 2263 874 2285 eam
898 2251 1083 2285 materiam
1110 2251 1239 2284 cadent
1273 2251 1316 2283 ib.
1338 2251 1379 2286 ,2.
1424 2248 1470 2281 111
1503 2246 1716 2292 metalepsin

225 2296 319 2329 cadit
347 2298 424 2330 ead.
443 2297 532 2329 ratio
556 2298 590 2340 6,
602 2301 644 2341 ¹3,
670 2299 725 2333 52.
762 2298 835 2331 hoc
863 2308 946 2342 quo(
974 2308 1006 2331 ie
1029 2298 1076 2330 in
1099 2308 1219 2330 rerum
1238 2300 1400 2328 natm-am
1423 2292 1540 2336 cadit,
1574 2299 1624 2327 ut
1652 2290 1728 2333 etc-,¹

225 2343 260 2382 2,
286 2342 341 2382 17,
366 2343 421 2376 32.
449 2354 480 2375 v.
500 2342 653 2386 Capio.
693 2349 733 2378 ut
757 2355 919 2388 quaeque
943 2309 1073 2386 ἕιρανε)
1099 2341 1139 2375 ih
1153 2340 1401 2384 quaestionem
1427 2338 1522 2373 cadit
1544 2339 1578 2382 5,
1597 2343 1634 2383 7,
1652 2339 1728 2374 35..

227 2386 272 2426 cs.
302 2389 335 2427 2,
360 2390 417 2429 21,
445 2389 501 2419 22.
543 2389 680 2433 reliqua
706 2390 751 2425 in
776 2390 907 2423 horiun
934 2387 1073 2432 species
1101 2388 1231 2420 cadunt
1257 2389 1292 2428 7,
1321 2389 1356 2422 2.
1380 2385 1438 2419 35.
1465 2383 1511 2426 cs.
1538 2387 1572 2428 1,
1596 2385 1632 2430 5,
1654 2383 1714 2420 40.

225 2434 260 2473 3,
284 2432 319 2474 6,
344 2433 399 2465 26.
438 2435 472 2474 3,
498 2436 531 2474 7,
558 2436 590 2467 (5.
632 2435 739 2469 animi
773 2435 979 2478 conjectura
1011 2434 1054 2466 iu
1086 2432 1205 2466 omnia
1239 2438 1402 2475 tempora
1437 2430 1531 2465 cadit
1554 2435 1591 2474 7,
1614 2433 1651 2474 2,
1677 2431 1728 2465 6.-

225 2476 270 2511 in
299 2482 420 2519 tropos
447 2488 587 2521 quoque
612 2491 734 2514 omnes
760 2481 854 2514 cadit
878 2482 1060 2524 (materia,·
1089 2480 1156 2521 Sp.
1182 2498 1229 2504 -·-
1255 2477 1366 2521 dunt)
1391 2478 1426 2519 6,
1443 2479 1477 2520 3,
1491 2477 1537 2512 67
1561 2478 1610 2511 Ν.
1634 2469 1728 2516 αιῑιῑό.ι

226 2525 262 2564 9,
294 2525 351 2563 21,
374 2525 426 2556 23.
459 2525 492 2565 3,
517 2527 550 2564 Η,
576 2527 631 2560 26.
661 2529 696 2569 3,
723 2530 779 2570 11,
809 2529 864 2561 10.
888 2530 923 2567 7,
950 2528 984 2568 2,
1005 2525 1070 2566 503
1112 2524 1245 2558 tumida
1271 2531 1332 2558 etc.
1355 2523 1439 2557 sub
1462 2523 1558 2568 idem
1584 2533 1728 2567 nomen?

210 2568 357 2624 (cadunt
382 2569 416 2610 ὅ,
443 2571 477 2610 3,
503 2571 557 2602 56.
1711 2568 1715 2574 “

182 2611 362 2653 (Αῑθῦὓδο
409 2623 508 2657 caeci
541 2625 749 2660 miserabilis
783 2627 896 2661 facies
919 2626 955 2670 4,
981 2630 1015 2669 1,
1040 2625 1097 2660 42.
1143 2625 1261 2660 caecis
1293 2626 1384 2668 hoc;
1414 2629 1455 2658 ut
1481 2623 1599 2668 ajunt,
1629 2623 1728 2660 satis-

226 2671 362 2703 clarum
388 2674 441 2702 est
470 2673 524 2711 12,
548 2673 582 2712 7,
606 2675 640 2706 9.
689 2684 778 2715 quae
813 2673 945 2708 verbis'
967 2677 1088 2716 aperta
1119 2673 1279 2705 occultos
1313 2675 1438 2704 sensus
1473 2670 1624 2704 habent:
1663 2668 1728 2713 ut,3

227 2715 318 2749 Cum
341 2715 467 2748 ductus
491 2721 544 2748 est
564 2727 689 2750 caecus
716 2720 909 2753 secundum
927 2718 1022 2753 viam
1035 2724 1128 2751 stare
1153 2717 1222 2760 (Z.
1241 2719 1283 2758 «le
1295 2716 1419 2758 sunere
1435 2718 1528 2750 caeci
1547 2719 1692 2760 explicat
1703 2730 1723 2761 ,ἡ

229 2763 297 2806 Sp.
328 2761 524 2795 conductus
549 2768 602 2795 est
625 2774 656 2797 c.
679 2773 782 2797 secus
806 2777 844 2799 v.
872 2766 940 2806 ct.)
966 2765 1002 2808 8,
1025 2766 1061 2806 2,
1084 2765 1131 2798 20
1154 2764 1201 2799 Ν.
1226 2762 1284 2798 on*
1304 2770 1335 2797 et
1359 2764 1396 2798 S.
1444 2772 1575 2797 caecus
1605 2761 1726 2799 animi?
