1728 3002
181 202 264 244 876
618 199 872 243 Sumtuosus
900 225 956 232 —-
985 199 1282 258 Superinduco

1698 272 1715 287 <

226 321 283 362 12,
303 319 338 361 2,
358 318 416 352 31.
437 315 561 350 unde
585 317 791 361 argumenta
814 315 907 350 sumi
928 321 1080 361 possunt
1103 318 1137 360 5,
1162 316 1300 362 10,23.
1345 315 1387 361 h)
1411 329 1439 352 c.
1461 320 1623 361 Praepos.
1642 319 1717 352 ab:

222 365 274 399 ab
297 364 341 398 iis
370 360 564 406 (Graecis)
594 366 745 395 sumtum
770 365 812 396 11
828 388 839 406 ,
865 365 906 406 3,
932 364 1010 398 183.
1038 373 1112 396 non
1143 374 1165 396 a
1189 362 1400 408 depulsione
1422 363 1513 398 sumi
1543 362 1719 407 (simum)

224 413 269 454 3,
294 411 336 453 6,
370 411 427 444 13.
459 408 600 443 initium
628 419 648 441 a
675 413 885 452 tempestate
915 414 1117 443 sumserunt
1143 410 1184 452 8,
1209 410 1251 451 6,
1276 411 1332 444 50.
1362 410 1496 453 verba,
1525 420 1616 455 quae
1638 409 1728 445 ‘frea

223 462 375 502 quenter
399 457 455 499 jus
480 456 535 489 ab
566 453 770 488 auctoribus
794 460 935 489 sumunt
962 458 1003 498 1,
1029 454 1074 498 4,
1101 454 1137 490 4.
1170 455 1323 491 verbnm
1357 461 1510 499 sumtum
1534 456 1584 490 ab
1608 456 1720 491 ob'so-

222 505 295 538 leta
318 507 496 538 vetustate
522 508 582 534 etc.
609 499 645 543 4,
671 502 704 541 1,
730 501 787 535 58.
835 501 872 544 c)
897 515 926 535 c.
953 504 1116 546 Praepos.
1141 515 1214 536 ex.-
1238 502 1392 537 indicem
1418 513 1475 537 ex
1501 501 1728 538 bibliothece

222 554 376 584 sumtum
401 551 466 592 10,
492 550 535 590 1,
562 547 616 581 57.
642 553 811 591 quantum
836 558 975 581 sumere
1001 559 1050 582 ex
1074 558 1148 582 uno
1173 548 1258 583 satis
1283 554 1339 583 est
1360 549 1405 591 5,
1428 551 1473 591 7,
1501 549 1559 583 16.
1583 546 1630 589 cs.
1656 549 1728 586 25.ς

222 606 365 631 sumere
387 595 449 628 illa
475 604 532 628 ex
556 593 672 637 poetis
703 596 743 636 1,
769 594 807 633 5.
837 597 892 628 11.
911 594 1030 628 omnia
1053 605 1110 628 ex
1134 595 1204 629 hoc
1227 591 1362 642 genere
1385 599 1500 629 sumta
1522 595 1565 637 5,
1589 597 1630 628 11
1645 621 1656 637 ,
1680 594 1719 629 5.

223 642 271 684 cs.
292 643 327 677 6.
366 645 573 688 argumenta
601 651 650 673 ex
674 639 827 674 materia
850 641 955 674 sumit
978 644 1021 683 7,
1045 640 1090 684 4,
1114 640 1172 676 24.
1200 652 1256 676 ex
1278 652 1319 676 re
1343 641 1493 676 sumitur
1515 638 1728 685 (mansilium)¹

221 690 267 732 6,
294 689 335 731 5,
358 686 382 721 4
398 689 442 722 N.
475 698 532 721 ex
557 685 613 720 his
636 687 831 720 verborum
858 686 962 731 copia
990 688 1159 721 sumenda
1183 693 1238 722 est
1262 690 1326 731 10,
1351 691 1395 730 2,
1421 690 1452 722 1.
1486 693 1636 724 sumtum
1660 697 1719 721 ex

221 733 504 770 conversatione
528 734 716 767 doctorum
739 733 881 767 tacitam
905 733 1140 768 eruditionem
1162 734 1207 777 6,
1232 735 1274 778 3,
1300 737 1355 769 17.
1387 735 1556 778 pleraque
1583 734 1720 777 (exem-

219 780 293 826 pla)
317 792 373 815 ex
400 786 578 816 vetustate
602 778 696 812 sibi
720 785 836 813 sumat
863 782 918 823 10,
944 783 976 822 1,
1002 779 1059 814 34.
1085 779 1132 821 cf.
1159 782 1192 821 5,
1218 780 1274 822 14,
1298 783 1334 815 7.
1359 780 1473 815 virtus
1497 780 1623 824 quosd.
1648 779 1720 813 im·-

218 833 323 873 petus
349 838 406 862 ex
429 832 555 860 natura
581 825 688 859 sumit
712 829 776 868 12,
799 829 842 868 2,
873 830 904 859 1.
931 832 1045 860 sumta
1067 836 1127 860 ex
1155 827 1308 861 adverso
1330 825 1495 871 probatio
1517 826 1563 868 9,
1579 827 1630 868 ’3,
1658 826 1719 861 90.

220 879 353 909 sumtas
378 884 435 907 ex
458 872 502 906 iis
529 871 687 917 partibus
711 871 906 913 sententias
932 871 978 916 4,
1001 874 1046 915 3,
1072 874 1104 907 3.
1139 878 1274 906 sumtus
1301 883 1322 906 e
1343 871 1511 917 proximo
1535 881 1654 918 sermo
1680 869 1718 915 4,

219 924 261 964 1,
290 919 346 956 54.
371 921 512 959 theses,
538 930 630 963 quae
655 924 843 952 sumuntur
866 930 923 953 ex
944 918 1064 953 rerum
1091 919 1360 964 comparatione
1388 922 1432 962 2,
1455 917 1498 962 4,
1521 918 1582 960 ²54.
1603 917 1719 957 verba

217 978 275 1002 ex
303 966 423 1001 medio
449 971 563 1000 sumta
587 965 621 1008 5,
645 968 682 1008 7,
710 967 777 999 31.·
799 964 972 1011 'preprias'
989 964 1085 1002 vires
1113 976 1164 1001 ex
1187 965 1352 1000 omnibus
1378 963 1486 1000 sumit
1509 967 1543 1009 1,
1567 965 1629 1008 20,
1650 964 1690 999 6.

171 1024 442 1066 Sumtuosus.
491 1046 521 1068 s.
549 1033 619 1083 fuit
643 1033 677 1077 5,
694 1035 764 1077 -10,
789 1028 847 1068 48.

173 1091 396 1149 supellex.
439 1102 570 1137 infelix
596 1114 648 1145 s.,
686 1113 797 1147 quae,
833 1101 926 1136 sicut
953 1114 1010 1147 sp.
1035 1112 1213 1147 pauperes
1235 1101 1463 1146 ambitiosos,
1497 1101 1658 1149 pluribus
1681 1108 1720 1137 et

218 1150 371 1186 diversis
395 1150 527 1184 officiis
553 1154 759 1183 conteratur
780 1151 815 1191 2,
839 1147 875 1192 4,
898 1151 956 1184 29.
989 1150 1050 1194 qui
1077 1149 1261 1195 copiosam
1283 1149 1353 1184 sibi
1378 1148 1574 1186 verborum
1595 1150 1718 1194 supel-

215 1197 374 1230 lectilem
397 1195 618 1240 comparavit
642 1196 687 1237 8,
713 1196 770 1230 Pr.
794 1196 853 1229 28.

172 1241 326 1298 Super·
373 1253 407 1295 Ι)
438 1255 480 1285 de
502 1257 596 1286 loco.-
621 1264 650 1286 s.
669 1257 988 1296 caput—corvum
1013 1252 1148 1287 sedisse
1171 1255 1207 1295 2,
1232 1250 1269 1295 4,
1295 1253 1350 1287 18.
1374 1252 1431 1286 sol
1455 1257 1511 1286 est
1532 1263 1562 1287 s.
1585 1257 1719 1288 terram

216 1302 251 1342 5,
278 1301 312 1342 8,
339 1302 372 1332 7.
399 1310 428 1331 s.
454 1300 550 1342 quod
575 1298 773 1341 (brachium)
798 1307 862 1331 ora
887 1309 935 1331 ex
959 1304 1042 1344 toga
1069 1300 1202 1342 duplex
1226 1297 1421 1342 aequaliter
1452 1298 1576 1333 sedeat
1594 1301 1655 1343 11,
1679 1293 1718 1343 3,

215 1345 296 1380 141.
327 1344 498 1389 quidquid
516 1345 587 1377 hoc
613 1349 666 1376 est
689 1344 727 1376 in
747 1354 805 1376 me
829 1343 1031 1377 infelicium
1055 1344 1238 1378 literarum
1261 1355 1291 1377 s.
1308 1343 1532 1378 immaturum
1552 1343 1728 1392 fumis—-

215 1391 363 1425 flammis
387 1390 536 1432 injicere
556 1391 590 1431 6,
611 1390 667 1423 Pr.
688 1391 722 1423 3.
771 1388 956 1431 11)1rans1.
975 1392 998 1423 i.
1015 1403 1045 1433 q.
1073 1397 1268 1432 praeter,
1291 1393 1436 1423 ultra.-
1463 1394 1573 1434 super
1594 1391 1718 1431 omnia

213 1437 308 1483 perit
331 1437 393 1470 illa
413 1456 458 1461 —
479 1435 653 1469 modestia
679 1438 743 1477 12,
768 1435 812 1478 9,
839 1437 896 1470 12.
927 1435 1137 1469 indecorum
1170 1440 1226 1469 est
1248 1446 1278 1482 s.
1302 1436 1395 1470 haec
1427 1444 1535 1491 omnip
1558 1431 1718 1487 jnimium

216 1487 283 1526 11,
311 1486 353 1526 1,
382 1484 441 1518 91.
473 1494 503 1519 s,
531 1482 678 1515 modum
710 1491 752 1514 ac
784 1492 900 1524 paene
938 1487 1099 1515 naturam
1129 1483 1194 1522 11,
1216 1482 1260 1524 3,
1285 1481 1366 1524 169.
1405 1492 1436 1516 s.
1461 1493 1488 1515 n
1584 1480 1603 1526 f‘
1656 1494 1728 1525 ωαχ

213 1531 250 1573 9,
273 1531 307 1568 3.
324 1529 382 1563 46.
404 1539 482 1563 vox
506 1538 762 1572 non—paene
786 1527 1040 1574 tragoedorum
1063 1527 1127 1562 sed
1151 1539 1182 1561 s.
1202 1536 1328 1561 omnes
1347 1523 1594 1574 tragoedos‘ff
1619 1529 1669 1574 ’5,
1681 1529 1728 1566 5.·

170 1574 403 1631 Superbus·
446 1586 562 1628 ipsum
593 1584 736 1619 dicendi
764 1596 877 1630 genus
904 1584 995 1618 nihil
1019 1583 1297 1628 superbum,
1330 1583 1422 1621 nihil
1454 1585 1624 1621 elatum
1645 1588 1728 1634 sal-3

214 1640 287 1668 tem
314 1644 355 1667 ac
378 1632 577 1666 sublime
600 1631 780 1666 desideret
802 1632 838 1675 6,
862 1634 898 1674 2,
923 1632 980 1667 19.
1006 1643 1040 1665 v.
1063 1631 1316 1671 Petulans3
1341 1642 1419 1676 sup.
1446 1629 1569 1677 (ectio)
1592 1633 1627 1676 5,
1656 1635 1716 1678 13,

213 1683 261 1714 20
280 1681 325 1714 N.
358 1678 452 1712 idem
489 1679 622 1712 dictum
654 1689 761 1722 saepe
795 1677 835 1711 in
866 1677 937 1712 alio
967 1675 1264 1719 liberum,'in
1286 1675 1357 1710 alio
1379 1677 1643 1723 furiosum,
1674 1679 1716 1714 in

213 1726 286 1759 alio
315 1737 412 1769 sup.
439 1730 492 1759 est
518 1728 580 1768 11,
609 1728 651 1768 1,
677 1726 741 1763 37.
765 1724 903 1758 exitum
941 1735 1037 1767 sup.
1061 1735 1139 1767 opp.
1161 1721 1498 1769 miserabilem
1520 1722 1632 1768 4,;1‚
1653 1727 1713 1765 20.

214 1784 244 1806 s.
276 1773 422 1805 nomine
447 1774 504 1814 12,
530 1774 565 1814 2,
591 1772 626 1807 9.
651 1776 753 1804 motu
774 1790 814 1796 —
835 1769 1050 1812 remissi,
1078 1768 1280 1812 superbi
1303 1776 1367 1803 etc.
1393 1769 1629 1816 fiunt(oou1i)
1652 1773 1714 1814 11,

212 1821 247 1861 3,
268 1819 334 1860 75;
359 1817 588 1851 mediocritas
612 1816 867 1861 praeceptoris,
892 1828 973 1850 cum
997 1816 1040 1849 ad
1062 1815 1287 1849 intellectum
1310 1822 1374 1849 etc.
1399 1815 1614 1862 facilior,
1639 1822 1716 1852 tum

215 1866 268 1898 ad
292 1864 534 1907 suscipiendas
560 1866 819 1898 elementorum
841 1861 1023 1897 molestias
1045 1860 1162 1894 minus
1186 1872 1282 1904 sup.
1305 1863 1349 1904 2,
1373 1863 1419 1905 3,
1448 1865 1482 1895 1.
1596 1873 1601 1881 “

166 1909 468 1966 supercilium·
515 1920 592 1955 vidi
615 1921 746 1954 multos
761 1946 771 1963 ,
797 1931 950 1964 qnorum
973 1918 1162 1963 supercilia
1185 1919 1231 1952 ad
1256 1916 1416 1964 singulos
1437 1918 1541 1954 vocis
1565 1925 1714 1956 conatus

214 1969 476 2011 allevarentur,
506 1968 655 2001 aliorum
682 1967 893 2010 constricta,
929 1965 1081 2000 aliorum
1104 1964 1210 1999 etiam
1234 1963 1460 2008 dissidentia,
1493 1975 1576 1999 cum
1598 1967 1713 2012 altero

211 2014 250 2048 in
272 2014 447 2049 verticem
470 2015 672 2056 tenderent,
702 2015 814 2047 altero
837 2023 951 2058 paene
975 2012 1100 2046 oculus
1122 2010 1200 2055 ipse
1222 2016 1446 2054 premeretur
1469 2013 1503 2053 1,
1522 2014 1578 2055 11,
1598 2012 1644 2048 10
1661 2013 1713 2048 N.

212 2062 368 2095 Multum
403 2066 437 2094 et
468 2059 668 2104 superciliis
702 2059 827 2106 agitur.
876 2060 967 2092 Nam
999 2064 1034 2093 et
1061 2058 1185 2091 oculos
1211 2057 1368 2090 formant
1398 2057 1642 2103 aliquatenus,
1677 2064 1714 2094 et

210 2108 323 2142 fronti
348 2108 538 2151 imperant.
594 2106 659 2140 His
684 2105 928 2147 contrahitur,
959 2103 1150 2146 attollitur,
1184 2102 1380 2137 demittitur
1404 2111 1466 2138 etc.
1492 2106 1558 2148 11,
1586 2106 1629 2148 3,
1653 2106 1721 2149 78.v

210 2154 350 2189 Vitium
375 2154 413 2187 in
439 2152 656 2196 superciliis,
683 2152 714 2186 si
737 2158 798 2186 aut
824 2151 973 2185 immota
999 2156 1080 2185 sunt
1104 2149 1275 2192 omnino,
1301 2155 1361 2183 aut
1386 2149 1534 2184 nimium
1553 2150 1713 2195 mobilia,

211 2208 274 2237 aut
296 2199 547 2244 inaequalitate
573 2198 766 2241 dissident,
790 2203 849 2231 aut
873 2203 997 2232 contra
1018 2196 1074 2239 id,
1103 2197 1199 2240 quod
1224 2194 1395 2238 dicimus,
1417 2196 1614 2244 finguntur..
1654 2198 1714 2231 Ira

212 2248 308 2284 enim
330 2247 536 2288 contractis,
560 2245 704 2278 tristitia
722 2244 896 2286 deductis,
921 2243 1079 2276 hilaritas
1096 2241 1253 2276 remissis
1272 2240 1482 2276 ostenditur.
1517 2241 1714 2277 Annuendi

212 2305 356 2339 quoque
389 2299 423 2326 et
450 2291 625 2326 renuendi
655 2290 797 2325 ratione
828 2289 1059 2325 demittuntur
1086 2294 1146 2322 aut
1170 2289 1382 2323 allevantur.
1404 2290 1447 2322 ib.
1471 2289 1528 2324 79.
1554 2289 1713 2334 superci-

210 2341 269 2375 liis
296 2338 492 2386 astringere
518 2335 678 2381 (vultum)
705 2339 749 2371 ib.
765 2337 843 2371 160.
869 2338 981 2371 altero
1008 2341 1144 2378 erect0‚
1169 2336 1281 2369 altero
1309 2333 1508 2379 composito
1532 2346 1563 2369 s.
1587 2336 1631 2374 ib.
1650 2334 1709 2370 74.

167 2385 411 2442 Superfluo.
458 2396 498 2429 in
520 2394 576 2429 his
601 2394 690 2428 nihil
717 2395 1061 2439 superflueret,
1092 2391 1164 2426 illis
1187 2391 1359 2435 judicium
1380 2391 1539 2427 maxime
1563 2403 1606 2426 ac
1628 2403 1711 2427 mo·-

213 2447 278 2478 dus
313 2445 512 2477 deesset
547 2444 610 2484 12,
642 2443 709 2483 10,
735 2442 790 2475 16.
824 2452 856 2474 v.
883 2442 1066 2474 Desum.
1109 2437 1247 2472 fortuiti
1277 2438 1450 2472 sermonis
1487 2444 1708 2481 contextum,

213 2502 318 2533 quem
352 2488 573 2536 jurgantibus
605 2487 711 2520 etiam
739 2486 958 2520 mulierculis
983 2485 1202 2529 superfluere
1233 2487 1298 2528 10,
1322 2487 1364 2526 7,
1390 2486 1453 2526 13;
1496 2495 1586 2528 neo,
1615 2494 1709 2528 quae

214 2535 376 2569 dicentur
391 2534 647 2579 ,superfluent
670 2533 730 2577 (al.
756 2538 779 2566 l.
805 2531 996 2576 perfluent)
1021 2542 1157 2565 aures
1183 2535 1220 2574 2,
1244 2532 1279 2573 5,
1309 2531 1352 2564 13
1371 2530 1419 2564 Ν.
1442 2543 1489 2564 cr.

166 2591 454 2645 superfundo·
494 2603 718 2648 superfusam
741 2601 901 2636 humoris
926 2600 1066 2645 copiam
1096 2603 1130 2642 1,
1153 2602 1191 2643 2,
1215 2601 1272 2634 28.

166 2657 492 2713 supergredior·
529 2682 671 2706 omnem
696 2671 838 2705 laudem
866 2680 1096 2717 supergressa
1117 2666 1254 2712 (maier)
1278 2667 1314 2709 6,
1337 2667 1396 2700 Pr.
1418 2666 1455 2701 8.

166 2725 492 2780 ὃΠΡΘΓῘΠΙΡΟΠΟ·
531 2738 804 2784 superimposita
826 2751 951 2773 manus
983 2741 1015 2781 1,
1040 2741 1076 2781 1,
1099 2740 1154 2772 27.

166 2794 477 2850 superinduco·
527 2808 697 2851 adjiciunt
722 2807 965 2852 superinducti
989 2807 1149 2852 corporis
1173 2804 1328 2850 speciem
1351 2803 1386 2846 5,
1409 2803 1446 2846 8,
1468 2805 1491 2836 2
1518 2802 1565 2836 N.
1590 2814 1638 2835 cr.
