1728 3002
152 189 223 225 LX
771 190 1081 251 prolegomena
1135 249 1142 254 κ

149 303 297 363 isse,
335 306 478 370 qaod
502 307 728 369 sciret,
771 306 866 354 ubi
895 308 1034 357 ratio
1066 324 1247 358 rerum
1276 310 1393 377 ipsa
1423 326 1478 362 et
1507 326 1692 366 nostra

149 384 366 432 dicendi
411 390 752 435 consuetudo
784 387 1087 439 desiderare
1124 390 1401 441 videretur
1429 395 1688 445 Praesen-

145 466 245 524 tia,
275 466 376 513 nisi
400 468 468 515 ab
491 467 880 535 elegantissimo
905 487 1130 537 quoque
1161 471 1422 538 scriptore
1455 478 1524 524 de
1555 495 1688 528 vero

143 551 251 595 hoc
305 562 358 595 et
415 547 656 617 genuino
710 549 899 600 Latini
949 550 1202 600 sermonis
1252 570 1354 602 usu
1403 555 1526 604 s'atis
1589 559 1687 607 do-

146 645 402 680 ceremur.

684 815 778 868 IV.
847 817 927 868 De
962 817 1148 870 Mode's.

556 954 595 992 1.
672 949 761 994 DE
811 953 1268 1001 INDICATIVD.

235 1046 527 1116 Subjicitur
563 1047 900 1100 Indicativus
939 1053 1266 1119 aliquotiens
1306 1066 1403 1102 aut
1439 1053 1683 1121 Conjun-

137 1132 285 1183 ctivo
313 1145 409 1178 aut
436 1127 768 1179 Accusativo
791 1147 915 1179 cum
932 1133 1212 1183 Infinitivo
1234 1151 1333 1199 per
1354 1134 1684 1183 Pronomina
1723 1145 1728 1147 “

134 1216 227 1265 vel
243 1209 522 1261 Adverbia
554 1203 809 1266 relativa,
854 1211 949 1260 ubi
977 1213 1215 1280 vulgaris
1245 1213 1384 1262 ratio
1417 1231 1682 1281 gramma-

131 1294 243 1343 tica
265 1289 691 1358 Conjunctivurn
716 1308 940 1357 poscere
962 1292 1238 1354 videatur,
1278 1294 1430 1360 cujus
1450 1293 1677 1362 generis,

128 1388 516 1442 praeterquam
537 1375 688 1438 quod
721 1376 792 1420 ad
824 1390 913 1432 ea,
949 1390 1093 1439 quae
1125 1392 1291 1440 supra
1319 1378 1388 1422 de
1417 1374 1681 1441 peculiari

127 1452 327 1506 Futuri
348 1471 452 1501 usu
466 1453 701 1515 disserui,
725 1453 923 1520 rejicio,
944 1454 1238 1522 adjungam
1258 1458 1393 1503 haec
1407 1458 1677 1521 exempla:

133 1556 154 1587 1
173 1574 186 1599 ,
229 1533 285 1597 5,
318 1540 384 1589 24
415 1543 480 1582 ut
503 1535 640 1582 inter
669 1535 794 1595 duo,
827 1552 954 1600 quae
982 1536 1116 1584 idem
1146 1537 1516 1601 sz'gnzfz'can
1529 1545 1574 1596 t,
1615 1553 1678 1583 ac

127 1618 431 1668 tantundem
449 1634 477 1663 ἰ·
491 1615 558 1663 al
567 1634 639 1663 en
651 1624 686 1676 t,
708 1617 842 1681 quod
863 1617 1042 1673 melias
1059 1626 1253 1679 sonet,
1277 1618 1438 1667 malis.
1465 1632 1597 1697 io,2,
1613 1618 1675 1666 28

125 1707 193 1755 ut
227 1697 560 1762 suppleat,
605 1715 733 1763 quae
787 1697 1086 1757 deerant,
1134 1699 1586 1759 circumcidat,
1630 1698 1680 1745 si

126 1780 252 1846 quid
298 1778 729 1837 redundabit,
790 1778 1084 1843 utrobique
1127 1780 1385 1829 Relativo
1434 1797 1569 1828 cum·
1592 1796 1674 1826 se-

123 1859 421 1926 quentibus
477 1858 850 1906 circuitionem
902 1861 1179 1922 quandam
1244 1859 1520 1925 Participii
1576 1872 1672 1906 aut

120 1938 739 1999 Substantivi‘faciente,
775 1952 837 1984 ut
858 1937 1093 2004 similiter
1123 1937 1169 1999 5,
1201 1957 1275 1999 ιο,
1302 1939 1382 1986 36.
1431 1958 1476 2001 7,
1516 1957 1557 2000 1,
1589 1955 1669 1985 20.

122 2025 171 2083 8,
199 2021 246 2082 5,
270 2020 348 2083 59.
401 2035 477 2082 10,
507 2038 547 2080 1,
571 2017 649 2067 58.
718 2022 910 2083 Itaque
936 2020 1253 2066 tolerandus
1277 2019 1375 2067 erit
1403 2035 1478 2080 10,
1510 2035 1557 2081 2,
1588 2020 1669 2067 28.

119 2100 483 2161 Indicativus,
516 2117 620 2148 nec
640 2099 779 2148 ratio
805 2098 911 2146 loci
931 2115 1155 2163 poscere
1187 2099 1313 2146 mihi
1347 2093 1564 2165 quidem
1592 2098 1671 2148 vi-

121 2189 283 2231 detur
306 2183 351 2228 F
355 2181 526 2229 rancii
553 2181 952 2248 conjecturam,
991 2179 1195 2245 alioqui
1219 2179 1540 2244 Quintiliani
1560 2195 1666 2226 ser-

119 2264 271 2313 moni
312 2262 754 2323 convenientem,
812 2249 1050 2320 deerdnt,
1105 2297 1133 2320 „
1150 2277 1318 2324 quum
1360 2261 1666 2324 supplenda

120 2345 242 2404 sint,
275 2359 418 2407 quae
441 2357 603 2389 antea
626 2360 743 2389 non
762 2342 999 2400 fuerunt,
1033 2338 1484 2399 circumcidenda,-
1521 2355 1664 2404 quae

121 2425 318 2473 deinde
369 2424 772 2470 redundabunt.
790 2425 819 2450 “
898 2422 1065 2467 Porro
1106 2421 1273 2483 paulo
1314 2417 1664 2468 insolentiora

119 2512 278 2553 haec:
315 2518 390 2561 12,
415 2518 460 2561 1,
483 2516 546 2563 29
570 2510 629 2548 ut
650 2519 748 2548 uon
770 2500 1008 2549 titubet
1028 2507 1176 2564 atque
1197 2498 1479 2559 haereat,
1515 2516 1662 2564 quo-

121 2570 288 2636 tiens
309 2583 370 2631 ab
394 2582 565 2630 animo
585 2566 735 2627 veiha
772 2580 1184 2629 dissentiunt.
1218 2578 1274 2640 6,
1305 2584 1363 2641 4,
1397 2595 1456 2642 19
1485 2588 1550 2627 at
1578 2597 1658 2627 re-

119 2667 287 2716 media
302 2663 519 2729 proinde
543 2667 964 2725 perseverent
991 2659 1228 2707 adhibere
1249 2659 1331 2707 vel
1347 2659 1654 2719 desinant,

121 2757 185 2797 ut
206 2747 298 2796 illa
316 2743 483 2807 recipi
495 2742 575 2790 cel
589 2741 768 2805 respui
783 2741 960 2788 viden
975 2748 1008 2788 t.
1051 2757 1070 2787 1
1086 2757 1127 2802 1,
1150 2756 1196 2802 2,
1216 2739 1281 2795 43
1304 2741 1490 2789 mirum
1514 2740 1673 2789 dictur
