<?xml version="1.0" encoding="UTF-8"?>
<!DOCTYPE html PUBLIC "-//W3C//DTD XHTML 1.0 Transitional//EN"
    "http://www.w3.org/TR/xhtml1/DTD/xhtml1-transitional.dtd">
<html xmlns="http://www.w3.org/1999/xhtml" xml:lang="en" lang="en">
 <head>
  <title>
</title>
<meta http-equiv="Content-Type" content="text/html;charset=utf-8" />
  <meta name='ocr-system' content='tesseract 3.04.00' />
  <meta name='ocr-capabilities' content='ocr_page ocr_carea ocr_par ocr_line ocrx_word'/>
</head>
<body>
  <div class='ocr_page' id='page_1' title='image "./lexiconquintilia06bonnuoft/lexiconquintilia06bonnuoft_0458.png"; bbox 0 0 1728 3002; ppageno 0'>
   <div class='ocr_carea' id='block_1_1' title="bbox 139 196 1183 274">
    <p class='ocr_par' dir='ltr' id='par_1_1' title="bbox 139 196 1183 274">
     <span class='ocr_line' id='line_1_1' title="bbox 139 196 1183 274; baseline 0.004 -5"><span class='ocrx_word' id='word_1_1' title='bbox 139 226 223 270; x_wconf 88' lang='grc'>366</span> <span class='ocrx_word' id='word_1_2' title='bbox 544 196 547 198; x_wconf 15' lang='lat' dir='ltr'>v</span> <span class='ocrx_word' id='word_1_3' title='bbox 636 226 857 272; x_wconf 83' lang='lat' dir='ltr'>Gladiator</span> <span class='ocrx_word' id='word_1_4' title='bbox 886 255 941 262; x_wconf 90' lang='lat'>—</span> <span class='ocrx_word' id='word_1_5' title='bbox 971 228 1183 274; x_wconf 80' lang='lat' dir='ltr'>Gradatus</span> 
     </span>
    </p>
   </div>
   <div class='ocr_carea' id='block_1_2' title="bbox 140 334 1687 774">
    <p class='ocr_par' dir='ltr' id='par_1_2' title="bbox 140 334 1687 774">
     <span class='ocr_line' id='line_1_2' title="bbox 182 334 1684 400; baseline 0.005 -22"><span class='ocrx_word' id='word_1_6' title='bbox 182 353 260 378; x_wconf 67' lang='lat' dir='ltr'>nos</span> <span class='ocrx_word' id='word_1_7' title='bbox 278 342 322 377; x_wconf 88' lang='lat' dir='ltr'>ad</span> <span class='ocrx_word' id='word_1_8' title='bbox 346 346 501 377; x_wconf 85' lang='lat' dir='ltr'>mentem</span> <span class='ocrx_word' id='word_1_9' title='bbox 526 341 695 386; x_wconf 79' lang='lat' dir='ltr'><strong>optimam</strong></span> <span class='ocrx_word' id='word_1_10' title='bbox 721 343 843 390; x_wconf 85' lang='lat' dir='ltr'>genuit</span> <span class='ocrx_word' id='word_1_11' title='bbox 868 346 924 387; x_wconf 83' lang='lat'>12,</span> <span class='ocrx_word' id='word_1_12' title='bbox 952 346 1007 388; x_wconf 91' lang='lat'>11,</span> <span class='ocrx_word' id='word_1_13' title='bbox 1034 346 1089 379; x_wconf 84' lang='lat'>12.</span> <span class='ocrx_word' id='word_1_14' title='bbox 1123 345 1167 379; x_wconf 81' lang='lat' dir='ltr'>ad</span> <span class='ocrx_word' id='word_1_15' title='bbox 1191 344 1378 382; x_wconf 75' lang='lat' dir='ltr'>saevitiam</span> <span class='ocrx_word' id='word_1_16' title='bbox 1401 334 1502 384; x_wconf 62' lang='lat' dir='ltr'>ferffe</span> <span class='ocrx_word' id='word_1_17' title='bbox 1526 349 1684 400; x_wconf 82' lang='lat' dir='ltr'>gignun-</span> 
     </span>
     <span class='ocr_line' id='line_1_3' title="bbox 181 390 1687 442; baseline 0.005 -18"><span class='ocrx_word' id='word_1_18' title='bbox 181 396 241 424; x_wconf 86' lang='lat' dir='ltr'>tur</span> <span class='ocrx_word' id='word_1_19' title='bbox 269 392 301 432; x_wconf 86' lang='lat'>1,</span> <span class='ocrx_word' id='word_1_20' title='bbox 328 391 361 432; x_wconf 89' lang='lat'>1,</span> <span class='ocrx_word' id='word_1_21' title='bbox 390 393 427 431; x_wconf 80' lang='lat'>13</span> <span class='ocrx_word' id='word_1_22' title='bbox 462 390 612 433; x_wconf 83' lang='lat' dir='ltr'>uterque</span> <span class='ocrx_word' id='word_1_23' title='bbox 636 390 857 436; x_wconf 75' lang='lat' dir='ltr'><strong>gignentium</strong></span> <span class='ocrx_word' id='word_1_24' title='bbox 882 394 917 434; x_wconf 88' lang='lat'>2,</span> <span class='ocrx_word' id='word_1_25' title='bbox 941 392 977 434; x_wconf 87' lang='grc'>9,</span> <span class='ocrx_word' id='word_1_26' title='bbox 1003 393 1044 434; x_wconf 87' lang='grc'><strong>3;</strong></span> <span class='ocrx_word' id='word_1_27' title='bbox 1077 393 1291 427; x_wconf 82' lang='lat' dir='ltr'>laudandum</span> <span class='ocrx_word' id='word_1_28' title='bbox 1314 393 1353 429; x_wconf 85' lang='lat' dir='ltr'>in</span> <span class='ocrx_word' id='word_1_29' title='bbox 1376 395 1542 440; x_wconf 66' lang='lat' dir='ltr'>quibusd.</span> <span class='ocrx_word' id='word_1_30' title='bbox 1568 399 1687 442; x_wconf 69' lang='lat' dir='ltr'>(cleis),</span> 
     </span>
     <span class='ocr_line' id='line_1_4' title="bbox 183 435 1686 486; baseline 0.006 -16"><span class='ocrx_word' id='word_1_31' title='bbox 183 437 281 481; x_wconf 70' lang='lat' dir='ltr'>quod</span> <span class='ocrx_word' id='word_1_32' title='bbox 309 435 419 482; x_wconf 86' lang='lat' dir='ltr'>geniti</span> <span class='ocrx_word' id='word_1_33' title='bbox 443 435 660 469; x_wconf 82' lang='lat' dir='ltr'>immortales</span> <span class='ocrx_word' id='word_1_34' title='bbox 685 441 719 478; x_wconf 68' lang='lat'>3,</span> <span class='ocrx_word' id='word_1_35' title='bbox 743 440 779 480; x_wconf 88' lang='lat'>7,</span> <span class='ocrx_word' id='word_1_36' title='bbox 804 438 838 472; x_wconf 85' lang='lat'>9.</span> <span class='ocrx_word' id='word_1_37' title='bbox 877 438 989 484; x_wconf 81' lang='lat' dir='ltr'>geniti</span> <span class='ocrx_word' id='word_1_38' title='bbox 1020 439 1182 480; x_wconf 85' lang='lat' dir='ltr'>protinus</span> <span class='ocrx_word' id='word_1_39' title='bbox 1206 439 1370 474; x_wconf 85' lang='lat' dir='ltr'>homines</span> <span class='ocrx_word' id='word_1_40' title='bbox 1394 443 1428 484; x_wconf 67' lang='lat'>3}</span> <span class='ocrx_word' id='word_1_41' title='bbox 1452 445 1497 486; x_wconf 82' lang='grc'>2,</span> <span class='ocrx_word' id='word_1_42' title='bbox 1528 446 1562 478; x_wconf 91' lang='grc'>1.</span> <span class='ocrx_word' id='word_1_43' title='bbox 1589 445 1686 479; x_wconf 78' lang='lat' dir='ltr'>dono</span> 
     </span>
     <span class='ocr_line' id='line_1_5' title="bbox 183 481 1686 535; baseline 0.006 -19"><span class='ocrx_word' id='word_1_44' title='bbox 183 484 338 527; x_wconf 83' lang='lat' dir='ltr'>quodam</span> <span class='ocrx_word' id='word_1_45' title='bbox 363 481 613 525; x_wconf 62' lang='lat' dir='ltr'>providentiae</span> <span class='ocrx_word' id='word_1_46' title='bbox 637 484 781 528; x_wconf 76' lang='lat' dir='ltr'>genitus</span> <span class='ocrx_word' id='word_1_47' title='bbox 808 486 864 526; x_wconf 84' lang='lat'>10,</span> <span class='ocrx_word' id='word_1_48' title='bbox 891 487 925 527; x_wconf 92' lang='lat'>1,</span> <span class='ocrx_word' id='word_1_49' title='bbox 950 486 1035 526; x_wconf 86' lang='lat'><strong>109;</strong></span> <span class='ocrx_word' id='word_1_50' title='bbox 1072 498 1099 518; x_wconf 87' lang='lat' dir='ltr'>c.</span> <span class='ocrx_word' id='word_1_51' title='bbox 1119 487 1260 521; x_wconf 65' lang='lat' dir='ltr'>Ardet..-</span> <span class='ocrx_word' id='word_1_52' title='bbox 1294 487 1361 521; x_wconf 83' lang='lat' dir='ltr'>diis</span> <span class='ocrx_word' id='word_1_53' title='bbox 1385 489 1545 535; x_wconf 69' lang='lat' dir='ltr'>genitum</span> <span class='ocrx_word' id='word_1_54' title='bbox 1569 492 1602 534; x_wconf 88' lang='lat'>1,</span> <span class='ocrx_word' id='word_1_55' title='bbox 1628 493 1686 534; x_wconf 87' lang='grc'>10,</span> 
     </span>
     <span class='ocr_line' id='line_1_6' title="bbox 182 529 1522 580; baseline 0.004 -18"><span class='ocrx_word' id='word_1_56' title='bbox 182 532 214 564; x_wconf 84' lang='grc'>9.</span> <span class='ocrx_word' id='word_1_57' title='bbox 245 529 402 573; x_wconf 69' lang='lat' dir='ltr'>genitum</span> <span class='ocrx_word' id='word_1_58' title='bbox 426 529 590 572; x_wconf 81' lang='lat' dir='ltr'>praeside</span> <span class='ocrx_word' id='word_1_59' title='bbox 619 529 795 563; x_wconf 79' lang='lat' dir='ltr'>bellorum</span> <span class='ocrx_word' id='word_1_60' title='bbox 825 532 896 565; x_wconf 91' lang='lat' dir='ltr'>deo</span> <span class='ocrx_word' id='word_1_61' title='bbox 925 532 959 573; x_wconf 88' lang='lat'>3,</span> <span class='ocrx_word' id='word_1_62' title='bbox 983 534 1019 574; x_wconf 92' lang='lat'>7,</span> <span class='ocrx_word' id='word_1_63' title='bbox 1049 530 1081 565; x_wconf 83' lang='lat'>5.</span> <span class='ocrx_word' id='word_1_64' title='bbox 1504 565 1522 580; x_wconf 60' lang='lat' dir='ltr'>a</span> 
     </span>
     <span class='ocr_line' id='line_1_7' title="bbox 140 574 1686 642; baseline 0.008 -24"><span class='ocrx_word' id='word_1_65' title='bbox 140 574 377 618; x_wconf 78' lang='lat' dir='ltr'>Gladiator·</span> <span class='ocrx_word' id='word_1_66' title='bbox 427 605 472 610; x_wconf 89' lang='lat'><em>-</em></span> <span class='ocrx_word' id='word_1_67' title='bbox 497 585 557 629; x_wconf 82' lang='lat' dir='ltr'>qui</span> <span class='ocrx_word' id='word_1_68' title='bbox 583 597 762 619; x_wconf 86' lang='lat' dir='ltr'>armorum</span> <span class='ocrx_word' id='word_1_69' title='bbox 786 587 920 621; x_wconf 83' lang='lat' dir='ltr'>inscius</span> <span class='ocrx_word' id='word_1_70' title='bbox 943 588 980 621; x_wconf 88' lang='lat' dir='ltr'>in</span> <span class='ocrx_word' id='word_1_71' title='bbox 1005 599 1162 635; x_wconf 79' lang='lat' dir='ltr'>pugnam</span> <span class='ocrx_word' id='word_1_72' title='bbox 1184 589 1256 624; x_wconf 85' lang='lat' dir='ltr'>ruit</span> <span class='ocrx_word' id='word_1_73' title='bbox 1281 593 1316 634; x_wconf 88' lang='lat'>2,</span> <span class='ocrx_word' id='word_1_74' title='bbox 1342 594 1399 636; x_wconf 84' lang='lat'>12,</span> <span class='ocrx_word' id='word_1_75' title='bbox 1423 595 1456 628; x_wconf 86' lang='lat'>2.</span> <span class='ocrx_word' id='word_1_76' title='bbox 1481 581 1520 628; x_wconf 82' lang='lat' dir='ltr'>sa</span> <span class='ocrx_word' id='word_1_77' title='bbox 1609 596 1686 642; x_wconf 88' lang='lat' dir='ltr'>gla-</span> 
     </span>
     <span class='ocr_line' id='line_1_8' title="bbox 186 632 1684 684; baseline 0.006 -18"><span class='ocrx_word' id='word_1_78' title='bbox 186 634 362 674; x_wconf 68' lang='lat' dir='ltr'>diatores,</span> <span class='ocrx_word' id='word_1_79' title='bbox 393 632 458 665; x_wconf 91' lang='lat' dir='ltr'>sub</span> <span class='ocrx_word' id='word_1_80' title='bbox 485 633 613 665; x_wconf 83' lang='lat' dir='ltr'>eodem</span> <span class='ocrx_word' id='word_1_81' title='bbox 637 633 807 679; x_wconf 76' lang='lat' dir='ltr'>magistro</span> <span class='ocrx_word' id='word_1_82' title='bbox 837 635 978 678; x_wconf 86' lang='lat' dir='ltr'>eruditi,</span> <span class='ocrx_word' id='word_1_83' title='bbox 1013 635 1108 668; x_wconf 83' lang='lat' dir='ltr'>inter</span> <span class='ocrx_word' id='word_1_84' title='bbox 1132 646 1171 670; x_wconf 86' lang='lat' dir='ltr'>se</span> <span class='ocrx_word' id='word_1_85' title='bbox 1195 645 1461 680; x_wconf 81' lang='lat' dir='ltr'>componuntur</span> <span class='ocrx_word' id='word_1_86' title='bbox 1483 643 1520 684; x_wconf 88' lang='lat'>2,</span> <span class='ocrx_word' id='word_1_87' title='bbox 1566 642 1684 684; x_wconf 80' lang='lat'>7,.33.</span> 
     </span>
     <span class='ocr_line' id='line_1_9' title="bbox 184 679 1686 731; baseline 0.006 -18"><span class='ocrx_word' id='word_1_88' title='bbox 184 681 421 726; x_wconf 76' lang='lat' dir='ltr'>gladiatorum</span> <span class='ocrx_word' id='word_1_89' title='bbox 447 689 600 721; x_wconf 81' lang='lat' dir='ltr'>luanus,</span> <span class='ocrx_word' id='word_1_90' title='bbox 644 691 734 723; x_wconf 76' lang='lat' dir='ltr'>quae</span> <span class='ocrx_word' id='word_1_91' title='bbox 776 682 954 715; x_wconf 80' lang='lat' dir='ltr'>secundae</span> <span class='ocrx_word' id='word_1_92' title='bbox 987 679 1164 723; x_wconf 78' lang='lat' dir='ltr'>vocantur</span> <span class='ocrx_word' id='word_1_93' title='bbox 1199 685 1241 726; x_wconf 82' lang='lat'>5,</span> <span class='ocrx_word' id='word_1_94' title='bbox 1268 685 1331 727; x_wconf 86' lang='lat'>13,</span> <span class='ocrx_word' id='word_1_95' title='bbox 1360 685 1407 719; x_wconf 82' lang='lat'>54</span> <span class='ocrx_word' id='word_1_96' title='bbox 1431 687 1478 721; x_wconf 87' lang='lat' dir='ltr'>N.</span> <span class='ocrx_word' id='word_1_97' title='bbox 1526 683 1624 731; x_wconf 78' lang='lat' dir='ltr'>quod</span> <span class='ocrx_word' id='word_1_98' title='bbox 1646 686 1686 722; x_wconf 79' lang='lat' dir='ltr'>in</span> 
     </span>
     <span class='ocr_line' id='line_1_10' title="bbox 189 724 1440 774; baseline 0.007 -16"><span class='ocrx_word' id='word_1_99' title='bbox 189 724 440 773; x_wconf 64' lang='lat' dir='ltr'>gladiatoribus</span> <span class='ocrx_word' id='word_1_100' title='bbox 465 724 542 758; x_wconf 86' lang='lat' dir='ltr'>fieri</span> <span class='ocrx_word' id='word_1_101' title='bbox 566 726 743 769; x_wconf 87' lang='lat' dir='ltr'>videmus,</span> <span class='ocrx_word' id='word_1_102' title='bbox 769 727 978 761; x_wconf 82' lang='lat' dir='ltr'><strong>decretoriis</strong></span> <span class='ocrx_word' id='word_1_103' title='bbox 1003 733 1217 762; x_wconf 75' lang='lat' dir='ltr'>exerceatur</span> <span class='ocrx_word' id='word_1_104' title='bbox 1241 732 1296 773; x_wconf 89' lang='lat'>10,</span> <span class='ocrx_word' id='word_1_105' title='bbox 1321 729 1355 774; x_wconf 82' lang='grc'>5,</span> <span class='ocrx_word' id='word_1_106' title='bbox 1382 734 1440 766; x_wconf 96' lang='grc'>20.</span> 
     </span>
    </p>
   </div>
   <div class='ocr_carea' id='block_1_3' title="bbox 137 771 1682 890">
    <p class='ocr_par' dir='ltr' id='par_1_3' title="bbox 137 771 1682 890">
     <span class='ocr_line' id='line_1_11' title="bbox 137 771 1359 831; baseline 0.008 -18"><span class='ocrx_word' id='word_1_107' title='bbox 137 771 444 813; x_wconf 80' lang='lat' dir='ltr'>Gladiatorius.</span> <span class='ocrx_word' id='word_1_108' title='bbox 478 782 539 816; x_wconf 89' lang='lat' dir='ltr'>illa</span> <span class='ocrx_word' id='word_1_109' title='bbox 568 784 730 827; x_wconf 89' lang='lat' dir='ltr'>corporis</span> <span class='ocrx_word' id='word_1_110' title='bbox 754 784 962 831; x_wconf 57' lang='lat' dir='ltr'>gladiatoria</span> <span class='ocrx_word' id='word_1_111' title='bbox 985 785 1151 820; x_wconf 83' lang='lat' dir='ltr'>firmitate</span> <span class='ocrx_word' id='word_1_112' title='bbox 1182 787 1218 830; x_wconf 88' lang='lat'>8,</span> <span class='ocrx_word' id='word_1_113' title='bbox 1241 790 1278 830; x_wconf 80' lang='lat'>4,</span> <span class='ocrx_word' id='word_1_114' title='bbox 1302 788 1359 823; x_wconf 87' lang='lat'>16.</span> 
     </span>
     <span class='ocr_line' id='line_1_12' title="bbox 138 827 1682 890; baseline 0.006 -19"><span class='ocrx_word' id='word_1_115' title='bbox 138 827 398 870; x_wconf 72' lang='lat' dir='ltr'>Gladiolum·</span> <span class='ocrx_word' id='word_1_116' title='bbox 445 851 514 874; x_wconf 90' lang='lat' dir='ltr'>nec</span> <span class='ocrx_word' id='word_1_117' title='bbox 543 841 696 886; x_wconf 79' lang='lat' dir='ltr'>gladiola</span> <span class='ocrx_word' id='word_1_118' title='bbox 722 840 911 886; x_wconf 73' lang='lat' dir='ltr'>(quisquam</span> <span class='ocrx_word' id='word_1_119' title='bbox 931 842 1066 886; x_wconf 83' lang='lat' dir='ltr'>serat),</span> <span class='ocrx_word' id='word_1_120' title='bbox 1091 843 1188 888; x_wconf 77' lang='lat' dir='ltr'>atqui</span> <span class='ocrx_word' id='word_1_121' title='bbox 1210 844 1367 879; x_wconf 83' lang='lat' dir='ltr'>Messala</span> <span class='ocrx_word' id='word_1_122' title='bbox 1391 845 1483 880; x_wconf 80' lang='lat' dir='ltr'>dixit</span> <span class='ocrx_word' id='word_1_123' title='bbox 1507 848 1540 890; x_wconf 93' lang='lat'>1,</span> <span class='ocrx_word' id='word_1_124' title='bbox 1564 847 1600 889; x_wconf 85' lang='lat'>6,</span> <span class='ocrx_word' id='word_1_125' title='bbox 1623 845 1682 881; x_wconf 85' lang='lat'>42.</span> 
     </span>
    </p>
   </div>
   <div class='ocr_carea' id='block_1_4' title="bbox 138 886 1684 1223">
    <p class='ocr_par' dir='ltr' id='par_1_4' title="bbox 138 886 1684 1223">
     <span class='ocr_line' id='line_1_13' title="bbox 138 886 1682 948; baseline 0.007 -22"><span class='ocrx_word' id='word_1_126' title='bbox 138 886 332 927; x_wconf 81' lang='lat' dir='ltr'>Gladius·</span> <span class='ocrx_word' id='word_1_127' title='bbox 381 900 402 931; x_wconf 81' lang='grc' dir='ltr'>ί.</span> <span class='ocrx_word' id='word_1_128' title='bbox 431 911 460 942; x_wconf 84' lang='lat' dir='ltr'>q.</span> <span class='ocrx_word' id='word_1_129' title='bbox 489 899 616 932; x_wconf 87' lang='lat' dir='ltr'>ensis</span> <span class='ocrx_word' id='word_1_130' title='bbox 644 901 708 941; x_wconf 87' lang='lat'>10,</span> <span class='ocrx_word' id='word_1_131' title='bbox 739 902 780 942; x_wconf 92' lang='lat'>1,</span> <span class='ocrx_word' id='word_1_132' title='bbox 807 902 861 932; x_wconf 91' lang='lat'>11.</span> <span class='ocrx_word' id='word_1_133' title='bbox 903 917 949 923; x_wconf 93' lang='lat'>—</span> <span class='ocrx_word' id='word_1_134' title='bbox 974 906 1142 934; x_wconf 87' lang='lat' dir='ltr'>cruentus</span> <span class='ocrx_word' id='word_1_135' title='bbox 1164 899 1200 944; x_wconf 86' lang='lat'>4,</span> <span class='ocrx_word' id='word_1_136' title='bbox 1225 903 1258 942; x_wconf 84' lang='lat'>2,</span> <span class='ocrx_word' id='word_1_137' title='bbox 1283 903 1339 935; x_wconf 86' lang='lat'>13.</span> <span class='ocrx_word' id='word_1_138' title='bbox 1376 902 1446 936; x_wconf 85' lang='lat' dir='ltr'>nisi</span> <span class='ocrx_word' id='word_1_139' title='bbox 1470 902 1550 948; x_wconf 79' lang='lat' dir='ltr'>q’uis</span> <span class='ocrx_word' id='word_1_140' title='bbox 1574 903 1682 947; x_wconf 86' lang='lat' dir='ltr'>dicet,</span> 
     </span>
     <span class='ocr_line' id='line_1_14' title="bbox 181 944 1684 993; baseline 0.003 -15"><span class='ocrx_word' id='word_1_141' title='bbox 181 945 288 978; x_wconf 78' lang='lat' dir='ltr'>etiam</span> <span class='ocrx_word' id='word_1_142' title='bbox 312 944 467 990; x_wconf 79' lang='lat' dir='ltr'>gladium</span> <span class='ocrx_word' id='word_1_143' title='bbox 491 945 704 978; x_wconf 73' lang='lat' dir='ltr'>fabricatum</span> <span class='ocrx_word' id='word_1_144' title='bbox 733 946 776 978; x_wconf 82' lang='lat' dir='ltr'>ab</span> <span class='ocrx_word' id='word_1_145' title='bbox 796 956 839 979; x_wconf 89' lang='lat' dir='ltr'>eo</span> <span class='ocrx_word' id='word_1_146' title='bbox 865 945 984 989; x_wconf 84' lang='lat' dir='ltr'>prius,</span> <span class='ocrx_word' id='word_1_147' title='bbox 1014 946 1073 990; x_wconf 83' lang='lat' dir='ltr'>qui</span> <span class='ocrx_word' id='word_1_148' title='bbox 1091 948 1228 980; x_wconf 82' lang='lat' dir='ltr'>ferrum</span> <span class='ocrx_word' id='word_1_149' title='bbox 1243 947 1288 982; x_wconf 81' lang='lat' dir='ltr'>in</span> <span class='ocrx_word' id='word_1_150' title='bbox 1311 949 1461 983; x_wconf 85' lang='lat' dir='ltr'>tutelam</span> <span class='ocrx_word' id='word_1_151' title='bbox 1482 949 1550 992; x_wconf 81' lang='lat' dir='ltr'>sui,</span> <span class='ocrx_word' id='word_1_152' title='bbox 1578 960 1684 993; x_wconf 84' lang='lat' dir='ltr'>quam</span> 
     </span>
     <span class='ocr_line' id='line_1_15' title="bbox 182 990 1683 1039; baseline 0.004 -16"><span class='ocrx_word' id='word_1_153' title='bbox 182 991 241 1035; x_wconf 83' lang='lat' dir='ltr'>qui</span> <span class='ocrx_word' id='word_1_154' title='bbox 266 991 303 1023; x_wconf 93' lang='lat' dir='ltr'>in</span> <span class='ocrx_word' id='word_1_155' title='bbox 328 990 523 1034; x_wconf 83' lang='lat' dir='ltr'>perniciem</span> <span class='ocrx_word' id='word_1_156' title='bbox 550 992 696 1024; x_wconf 77' lang='lat' dir='ltr'>alterius</span> <span class='ocrx_word' id='word_1_157' title='bbox 724 993 941 1036; x_wconf 86' lang='lat' dir='ltr'>compararit</span> <span class='ocrx_word' id='word_1_158' title='bbox 969 997 1003 1035; x_wconf 72' lang='lat'>3,</span> <span class='ocrx_word' id='word_1_159' title='bbox 1028 996 1062 1035; x_wconf 89' lang='lat'>2,</span> <span class='ocrx_word' id='word_1_160' title='bbox 1087 996 1121 1027; x_wconf 89' lang='lat'>2.</span> <span class='ocrx_word' id='word_1_161' title='bbox 1154 1005 1188 1027; x_wconf 86' lang='lat' dir='ltr'>v.</span> <span class='ocrx_word' id='word_1_162' title='bbox 1216 993 1438 1029; x_wconf 79' lang='lat' dir='ltr'>Fabrico.</span> <span class='ocrx_word' id='word_1_163' title='bbox 1486 1005 1614 1039; x_wconf 81' lang='lat' dir='ltr'>prosa,</span> <span class='ocrx_word' id='word_1_164' title='bbox 1642 1001 1683 1029; x_wconf 90' lang='lat' dir='ltr'>ut</span> 
     </span>
     <span class='ocr_line' id='line_1_16' title="bbox 179 1038 1684 1088; baseline 0.004 -19"><span class='ocrx_word' id='word_1_165' title='bbox 179 1047 447 1070; x_wconf 82' lang='lat' dir='ltr'>mucronem</span> <span class='ocrx_word' id='word_1_166' title='bbox 475 1048 542 1081; x_wconf 83' lang='lat' dir='ltr'>pro</span> <span class='ocrx_word' id='word_1_167' title='bbox 569 1039 732 1083; x_wconf 72' lang='lat' dir='ltr'>gladio</span> <span class='ocrx_word' id='word_1_168' title='bbox 763 1059 808 1063; x_wconf 98' lang='lat'><strong>—</strong></span> <span class='ocrx_word' id='word_1_169' title='bbox 836 1038 986 1082; x_wconf 76' lang='lat' dir='ltr'>recipiet</span> <span class='ocrx_word' id='word_1_170' title='bbox 1011 1040 1052 1081; x_wconf 88' lang='grc'><strong>8,</strong></span> <span class='ocrx_word' id='word_1_171' title='bbox 1077 1040 1117 1082; x_wconf 95' lang='grc'>6,</span> <span class='ocrx_word' id='word_1_172' title='bbox 1143 1042 1200 1073; x_wconf 79' lang='grc'>20.</span> <span class='ocrx_word' id='word_1_173' title='bbox 1234 1046 1365 1074; x_wconf 31' lang='grc' dir='ltr'>ῐιθονιιῖ</span> <span class='ocrx_word' id='word_1_174' title='bbox 1392 1051 1547 1076; x_wconf 89' lang='lat' dir='ltr'>mucro</span> <span class='ocrx_word' id='word_1_175' title='bbox 1585 1043 1684 1088; x_wconf 63' lang='lat' dir='ltr'>gla-</span> 
     </span>
     <span class='ocr_line' id='line_1_17' title="bbox 181 1084 1683 1133; baseline 0.003 -17"><span class='ocrx_word' id='word_1_176' title='bbox 181 1085 321 1126; x_wconf 86' lang='lat' dir='ltr'>dium,</span> <span class='ocrx_word' id='word_1_177' title='bbox 355 1084 406 1116; x_wconf 90' lang='lat' dir='ltr'>sic</span> <span class='ocrx_word' id='word_1_178' title='bbox 431 1095 700 1117; x_wconf 85' lang='lat' dir='ltr'>mucronem</span> <span class='ocrx_word' id='word_1_179' title='bbox 726 1084 912 1131; x_wconf 82' lang='lat' dir='ltr'>gladius</span> <span class='ocrx_word' id='word_1_180' title='bbox 941 1085 1097 1127; x_wconf 77' lang='lat' dir='ltr'>ostendit</span> <span class='ocrx_word' id='word_1_181' title='bbox 1125 1088 1181 1129; x_wconf 88' lang='lat'>10,</span> <span class='ocrx_word' id='word_1_182' title='bbox 1201 1087 1234 1127; x_wconf 84' lang='lat'>1‚&#39;</span> <span class='ocrx_word' id='word_1_183' title='bbox 1254 1085 1300 1120; x_wconf 82' lang='grc'>14</span> <span class='ocrx_word' id='word_1_184' title='bbox 1323 1088 1370 1120; x_wconf 92' lang='grc' dir='ltr'>Ν.</span> <span class='ocrx_word' id='word_1_185' title='bbox 1396 1088 1514 1133; x_wconf 82' lang='lat' dir='ltr'>gladio</span> <span class='ocrx_word' id='word_1_186' title='bbox 1536 1088 1683 1122; x_wconf 85' lang='lat' dir='ltr'>condito</span> 
     </span>
     <span class='ocr_line' id='line_1_18' title="bbox 180 1129 1682 1181; baseline 0.003 -18"><span class='ocrx_word' id='word_1_187' title='bbox 180 1137 286 1174; x_wconf 82' lang='lat' dir='ltr'>atque</span> <span class='ocrx_word' id='word_1_188' title='bbox 314 1130 406 1162; x_wconf 81' lang='lat' dir='ltr'>intra</span> <span class='ocrx_word' id='word_1_189' title='bbox 429 1129 598 1175; x_wconf 77' lang='lat' dir='ltr'>vaginam</span> <span class='ocrx_word' id='word_1_190' title='bbox 625 1142 725 1164; x_wconf 86' lang='lat' dir='ltr'>suam</span> <span class='ocrx_word' id='word_1_191' title='bbox 750 1131 912 1164; x_wconf 80' lang='lat' dir='ltr'>haerenti</span> <span class='ocrx_word' id='word_1_192' title='bbox 936 1133 971 1166; x_wconf 84' lang='grc'>8.</span> <span class='ocrx_word' id='word_1_193' title='bbox 997 1133 1054 1165; x_wconf 91' lang='lat' dir='ltr'>Pr.</span> <span class='ocrx_word' id='word_1_194' title='bbox 1070 1134 1126 1166; x_wconf 81' lang='lat'>15.</span> <span class='ocrx_word' id='word_1_195' title='bbox 1151 1132 1270 1179; x_wconf 84' lang='lat' dir='ltr'>gladio</span> <span class='ocrx_word' id='word_1_196' title='bbox 1293 1133 1557 1180; x_wconf 75' lang='lat' dir='ltr'>pugnacissima</span> <span class='ocrx_word' id='word_1_197' title='bbox 1579 1144 1682 1181; x_wconf 84' lang='lat' dir='ltr'>gens,</span> 
     </span>
     <span class='ocr_line' id='line_1_19' title="bbox 178 1175 1237 1223; baseline 0.004 -14"><span class='ocrx_word' id='word_1_198' title='bbox 178 1175 329 1210; x_wconf 87' lang='lat' dir='ltr'>Romani</span> <span class='ocrx_word' id='word_1_199' title='bbox 354 1177 388 1216; x_wconf 95' lang='lat'>9,</span> <span class='ocrx_word' id='word_1_200' title='bbox 415 1178 449 1218; x_wconf 88' lang='grc'><strong>3,</strong></span> <span class='ocrx_word' id='word_1_201' title='bbox 474 1178 517 1218; x_wconf 84' lang='grc'>8;</span> <span class='ocrx_word' id='word_1_202' title='bbox 545 1177 701 1223; x_wconf 83' lang='lat' dir='ltr'>gladia</span> <span class='ocrx_word' id='word_1_203' title='bbox 729 1180 761 1220; x_wconf 91' lang='lat'>1·‚</span> <span class='ocrx_word' id='word_1_204' title='bbox 788 1178 822 1219; x_wconf 87' lang='grc'>5,</span> <span class='ocrx_word' id='word_1_205' title='bbox 849 1178 892 1211; x_wconf 87' lang='grc'><strong>16</strong></span> <span class='ocrx_word' id='word_1_206' title='bbox 911 1179 956 1211; x_wconf 88' lang='lat' dir='ltr'>N.</span> <span class='ocrx_word' id='word_1_207' title='bbox 979 1190 1010 1212; x_wconf 82' lang='lat' dir='ltr'>v.</span> <span class='ocrx_word' id='word_1_208' title='bbox 1037 1179 1237 1214; x_wconf 78' lang='lat' dir='ltr'>Ferrum.</span> 
     </span>
    </p>
   </div>
   <div class='ocr_carea' id='block_1_5' title="bbox 134 1221 1263 1335">
    <p class='ocr_par' dir='ltr' id='par_1_5' title="bbox 134 1221 1263 1335">
     <span class='ocr_line' id='line_1_20' title="bbox 134 1221 1127 1278; baseline 0.005 -15"><span class='ocrx_word' id='word_1_209' title='bbox 134 1221 286 1265; x_wconf 77' lang='lat' dir='ltr'>Gieba.</span> <span class='ocrx_word' id='word_1_210' title='bbox 337 1233 519 1278; x_wconf 74' lang='lat' dir='ltr'>glebarum</span> <span class='ocrx_word' id='word_1_211' title='bbox 547 1239 788 1278; x_wconf 80' lang='lat' dir='ltr'>testarumque</span> <span class='ocrx_word' id='word_1_212' title='bbox 814 1235 927 1278; x_wconf 80' lang='lat' dir='ltr'>jactus</span> <span class='ocrx_word' id='word_1_213' title='bbox 959 1236 992 1277; x_wconf 91' lang='grc'>8,</span> <span class='ocrx_word' id='word_1_214' title='bbox 1022 1238 1057 1277; x_wconf 87' lang='grc'>2,</span> <span class='ocrx_word' id='word_1_215' title='bbox 1089 1237 1127 1269; x_wconf 82' lang='grc'>5.-</span> 
     </span>
     <span class='ocr_line' id='line_1_21' title="bbox 134 1278 1263 1335; baseline 0.004 -15"><span class='ocrx_word' id='word_1_216' title='bbox 134 1278 365 1322; x_wconf 81' lang='lat' dir='ltr'>Globosus·</span> <span class='ocrx_word' id='word_1_217' title='bbox 403 1290 489 1322; x_wconf 85' lang='lat' dir='ltr'>luna</span> <span class='ocrx_word' id='word_1_218' title='bbox 511 1290 672 1335; x_wconf 88' lang='lat' dir='ltr'>globosa,</span> <span class='ocrx_word' id='word_1_219' title='bbox 701 1302 745 1323; x_wconf 89' lang='lat' dir='ltr'>an</span> <span class='ocrx_word' id='word_1_220' title='bbox 768 1292 885 1334; x_wconf 87' lang='lat' dir='ltr'>plana,</span> <span class='ocrx_word' id='word_1_221' title='bbox 912 1302 957 1324; x_wconf 90' lang='lat' dir='ltr'>an</span> <span class='ocrx_word' id='word_1_222' title='bbox 982 1297 1085 1324; x_wconf 83' lang='lat' dir='ltr'>acuta</span> <span class='ocrx_word' id='word_1_223' title='bbox 1108 1295 1143 1333; x_wconf 90' lang='lat'>7,</span> <span class='ocrx_word' id='word_1_224' title='bbox 1167 1294 1203 1334; x_wconf 93' lang='grc'>2,</span> <span class='ocrx_word' id='word_1_225' title='bbox 1227 1291 1263 1327; x_wconf 89' lang='grc'>6.</span> 
     </span>
    </p>
   </div>
   <div class='ocr_carea' id='block_1_6' title="bbox 134 1336 1681 1855">
    <p class='ocr_par' dir='ltr' id='par_1_6' title="bbox 134 1336 1681 1855">
     <span class='ocr_line' id='line_1_22' title="bbox 134 1336 1681 1394; baseline 0.002 -14"><span class='ocrx_word' id='word_1_226' title='bbox 134 1336 299 1380; x_wconf 79' lang='lat' dir='ltr'>Gloria.</span> <span class='ocrx_word' id='word_1_227' title='bbox 339 1348 500 1380; x_wconf 80' lang='lat' dir='ltr'>Romana</span> <span class='ocrx_word' id='word_1_228' title='bbox 524 1346 561 1379; x_wconf 89' lang='lat' dir='ltr'>in</span> <span class='ocrx_word' id='word_1_229' title='bbox 582 1346 686 1385; x_wconf 79' lang='lat' dir='ltr'>bellis</span> <span class='ocrx_word' id='word_1_230' title='bbox 712 1346 828 1380; x_wconf 69' lang='lat' dir='ltr'>cloria</span> <span class='ocrx_word' id='word_1_231' title='bbox 853 1349 886 1390; x_wconf 88' lang='lat'>1,</span> <span class='ocrx_word' id='word_1_232' title='bbox 914 1350 969 1390; x_wconf 92' lang='lat'>10,</span> <span class='ocrx_word' id='word_1_233' title='bbox 995 1346 1051 1381; x_wconf 79' lang='lat'>14.</span> <span class='ocrx_word' id='word_1_234' title='bbox 1085 1358 1157 1391; x_wconf 83' lang='lat' dir='ltr'>quo</span> <span class='ocrx_word' id='word_1_235' title='bbox 1182 1347 1228 1381; x_wconf 89' lang='lat' dir='ltr'>sit</span> <span class='ocrx_word' id='word_1_236' title='bbox 1251 1346 1366 1390; x_wconf 82' lang='lat' dir='ltr'>major</span> <span class='ocrx_word' id='word_1_237' title='bbox 1388 1346 1430 1383; x_wconf 79' lang='lat' dir='ltr'>G.</span> <span class='ocrx_word' id='word_1_238' title='bbox 1447 1345 1609 1382; x_wconf 81' lang='lat' dir='ltr'>Caesaris</span> <span class='ocrx_word' id='word_1_239' title='bbox 1633 1348 1681 1394; x_wconf 81' lang='lat' dir='ltr'>gl.</span> 
     </span>
     <span class='ocr_line' id='line_1_23' title="bbox 176 1375 1681 1442; baseline 0.001 -16"><span class='ocrx_word' id='word_1_240' title='bbox 176 1396 212 1436; x_wconf 84' lang='grc'>8,</span> <span class='ocrx_word' id='word_1_241' title='bbox 241 1392 275 1434; x_wconf 78' lang='lat'>4,</span> <span class='ocrx_word' id='word_1_242' title='bbox 305 1395 360 1426; x_wconf 84' lang='grc'>20.</span> <span class='ocrx_word' id='word_1_243' title='bbox 398 1403 472 1426; x_wconf 88' lang='lat' dir='ltr'>non</span> <span class='ocrx_word' id='word_1_244' title='bbox 496 1393 614 1426; x_wconf 86' lang='lat' dir='ltr'>minor</span> <span class='ocrx_word' id='word_1_245' title='bbox 639 1375 861 1434; x_wconf 49' lang='lat' dir='ltr'>eritbeorum,</span> <span class='ocrx_word' id='word_1_246' title='bbox 887 1393 947 1437; x_wconf 85' lang='lat' dir='ltr'>qui</span> <span class='ocrx_word' id='word_1_247' title='bbox 972 1394 1122 1435; x_wconf 81' lang='lat' dir='ltr'>vivunt,</span> <span class='ocrx_word' id='word_1_248' title='bbox 1147 1394 1194 1439; x_wconf 86' lang='lat' dir='ltr'>gl.</span> <span class='ocrx_word' id='word_1_249' title='bbox 1221 1393 1255 1435; x_wconf 89' lang='grc'>9,</span> <span class='ocrx_word' id='word_1_250' title='bbox 1280 1395 1315 1436; x_wconf 87' lang='grc'>3,</span> <span class='ocrx_word' id='word_1_251' title='bbox 1342 1394 1400 1428; x_wconf 87' lang='grc'>89.</span> <span class='ocrx_word' id='word_1_252' title='bbox 1437 1405 1542 1437; x_wconf 84' lang='lat' dir='ltr'>quem</span> <span class='ocrx_word' id='word_1_253' title='bbox 1567 1395 1681 1442; x_wconf 86' lang='lat' dir='ltr'>gloria</span> 
     </span>
     <span class='ocr_line' id='line_1_24' title="bbox 176 1437 1680 1485; baseline 0.001 -12"><span class='ocrx_word' id='word_1_254' title='bbox 176 1442 278 1484; x_wconf 74' lang='lat' dir='ltr'>juvet</span> <span class='ocrx_word' id='word_1_255' title='bbox 303 1442 344 1481; x_wconf 91' lang='lat'>1,</span> <span class='ocrx_word' id='word_1_256' title='bbox 371 1440 414 1482; x_wconf 75' lang='grc'>3,</span> <span class='ocrx_word' id='word_1_257' title='bbox 438 1442 479 1480; x_wconf 84' lang='grc'>7;</span> <span class='ocrx_word' id='word_1_258' title='bbox 520 1440 666 1472; x_wconf 86' lang='lat' dir='ltr'>ductum</span> <span class='ocrx_word' id='word_1_259' title='bbox 691 1438 840 1481; x_wconf 80' lang='lat' dir='ltr'>juvenili</span> <span class='ocrx_word' id='word_1_260' title='bbox 865 1439 1059 1484; x_wconf 82' lang='lat' dir='ltr'>cupiditate</span> <span class='ocrx_word' id='word_1_261' title='bbox 1086 1439 1223 1485; x_wconf 81' lang='lat' dir='ltr'>gloriae</span> <span class='ocrx_word' id='word_1_262' title='bbox 1255 1441 1297 1482; x_wconf 91' lang='lat'>7,</span> <span class='ocrx_word' id='word_1_263' title='bbox 1327 1441 1374 1483; x_wconf 91' lang='grc'>2,</span> <span class='ocrx_word' id='word_1_264' title='bbox 1400 1437 1458 1473; x_wconf 82' lang='grc'>24.</span> <span class='ocrx_word' id='word_1_265' title='bbox 1494 1440 1538 1472; x_wconf 85' lang='lat' dir='ltr'>ad</span> <span class='ocrx_word' id='word_1_266' title='bbox 1562 1441 1680 1475; x_wconf 88' lang='lat' dir='ltr'>solum</span> 
     </span>
     <span class='ocr_line' id='line_1_25' title="bbox 159 1484 1678 1532; baseline 0.002 -14"><span class='ocrx_word' id='word_1_267' title='bbox 159 1488 284 1520; x_wconf 65' lang='lat' dir='ltr'>finem</span> <span class='ocrx_word' id='word_1_268' title='bbox 321 1484 478 1518; x_wconf 85' lang='lat' dir='ltr'>laudis</span> <span class='ocrx_word' id='word_1_269' title='bbox 503 1491 538 1519; x_wconf 86' lang='lat' dir='ltr'>et</span> <span class='ocrx_word' id='word_1_270' title='bbox 563 1485 746 1532; x_wconf 80' lang='lat' dir='ltr'>gloriae</span> <span class='ocrx_word' id='word_1_271' title='bbox 774 1485 896 1518; x_wconf 87' lang='lat' dir='ltr'>tendat</span> <span class='ocrx_word' id='word_1_272' title='bbox 930 1487 973 1527; x_wconf 88' lang='lat'>8,</span> <span class='ocrx_word' id='word_1_273' title='bbox 1002 1487 1044 1528; x_wconf 84' lang='lat'>3,</span> <span class='ocrx_word' id='word_1_274' title='bbox 1074 1488 1145 1528; x_wconf 90' lang='lat'>11;</span> <span class='ocrx_word' id='word_1_275' title='bbox 1183 1486 1355 1528; x_wconf 78' lang='lat' dir='ltr'>frequens</span> <span class='ocrx_word' id='word_1_276' title='bbox 1383 1486 1678 1521; x_wconf 75' lang='lat' dir='ltr'>commemoratio</span> 
     </span>
     <span class='ocr_line' id='line_1_26' title="bbox 176 1530 1679 1578; baseline 0.001 -14"><span class='ocrx_word' id='word_1_277' title='bbox 176 1544 251 1567; x_wconf 85' lang='lat' dir='ltr'>non</span> <span class='ocrx_word' id='word_1_278' title='bbox 274 1530 412 1578; x_wconf 81' lang='lat' dir='ltr'>gloriae</span> <span class='ocrx_word' id='word_1_279' title='bbox 438 1531 550 1578; x_wconf 83' lang='lat' dir='ltr'>magis</span> <span class='ocrx_word' id='word_1_280' title='bbox 575 1543 681 1575; x_wconf 81' lang='lat' dir='ltr'>quam</span> <span class='ocrx_word' id='word_1_281' title='bbox 707 1531 910 1565; x_wconf 74' lang='lat' dir='ltr'>defensioni</span> <span class='ocrx_word' id='word_1_282' title='bbox 940 1532 1020 1565; x_wconf 77' lang='lat' dir='ltr'>(lata</span> <span class='ocrx_word' id='word_1_283' title='bbox 1057 1534 1120 1574; x_wconf 93' lang='grc'>11,</span> <span class='ocrx_word' id='word_1_284' title='bbox 1148 1533 1166 1564; x_wconf 95' lang='grc'>1</span> <span class='ocrx_word' id='word_1_285' title='bbox 1183 1556 1194 1574; x_wconf 91' lang='grc'>,</span> <span class='ocrx_word' id='word_1_286' title='bbox 1220 1532 1275 1565; x_wconf 87' lang='grc'>18.</span> <span class='ocrx_word' id='word_1_287' title='bbox 1312 1530 1351 1564; x_wconf 84' lang='lat' dir='ltr'>in</span> <span class='ocrx_word' id='word_1_288' title='bbox 1392 1542 1492 1564; x_wconf 85' lang='lat' dir='ltr'>suam</span> <span class='ocrx_word' id='word_1_289' title='bbox 1526 1533 1679 1578; x_wconf 85' lang='lat' dir='ltr'>gloriam</span> 
     </span>
     <span class='ocr_line' id='line_1_27' title="bbox 178 1575 1676 1624; baseline 0 -13"><span class='ocrx_word' id='word_1_290' title='bbox 178 1583 212 1621; x_wconf 87' lang='lat'>1,</span> <span class='ocrx_word' id='word_1_291' title='bbox 237 1582 271 1620; x_wconf 89' lang='grc'>2,</span> <span class='ocrx_word' id='word_1_292' title='bbox 304 1578 361 1618; x_wconf 81' lang='grc'>16;</span> <span class='ocrx_word' id='word_1_293' title='bbox 392 1577 545 1611; x_wconf 83' lang='lat' dir='ltr'>vaniore</span> <span class='ocrx_word' id='word_1_294' title='bbox 571 1577 713 1610; x_wconf 86' lang='lat' dir='ltr'>dicendi</span> <span class='ocrx_word' id='word_1_295' title='bbox 737 1578 853 1624; x_wconf 83' lang='lat' dir='ltr'>gloria</span> <span class='ocrx_word' id='word_1_296' title='bbox 876 1577 995 1610; x_wconf 83' lang='lat' dir='ltr'>inflata</span> <span class='ocrx_word' id='word_1_297' title='bbox 1033 1577 1128 1620; x_wconf 81' lang='lat' dir='ltr'>gens)</span> <span class='ocrx_word' id='word_1_298' title='bbox 1153 1579 1210 1619; x_wconf 89' lang='grc'>12,</span> <span class='ocrx_word' id='word_1_299' title='bbox 1233 1578 1286 1618; x_wconf 82' lang='lat'>10,</span> <span class='ocrx_word' id='word_1_300' title='bbox 1313 1579 1368 1611; x_wconf 92' lang='grc'>17.</span> <span class='ocrx_word' id='word_1_301' title='bbox 1397 1575 1443 1618; x_wconf 85' lang='lat' dir='ltr'>cs.</span> <span class='ocrx_word' id='word_1_302' title='bbox 1469 1580 1524 1615; x_wconf 82' lang='lat' dir='ltr'>tt,</span> <span class='ocrx_word' id='word_1_303' title='bbox 1552 1581 1584 1620; x_wconf 84' lang='lat' dir='ltr'>t,</span> <span class='ocrx_word' id='word_1_304' title='bbox 1608 1580 1676 1621; x_wconf 75' lang='lat'>753</span> 
     </span>
     <span class='ocr_line' id='line_1_28' title="bbox 178 1622 1677 1670; baseline -0.001 -11"><span class='ocrx_word' id='word_1_305' title='bbox 178 1631 315 1659; x_wconf 85' lang='lat' dir='ltr'>tantum</span> <span class='ocrx_word' id='word_1_306' title='bbox 352 1625 493 1668; x_wconf 76' lang='lat' dir='ltr'>assequi</span> <span class='ocrx_word' id='word_1_307' title='bbox 515 1623 669 1656; x_wconf 85' lang='lat' dir='ltr'>laudis</span> <span class='ocrx_word' id='word_1_308' title='bbox 698 1629 734 1656; x_wconf 86' lang='lat' dir='ltr'>et</span> <span class='ocrx_word' id='word_1_309' title='bbox 758 1623 935 1669; x_wconf 79' lang='lat' dir='ltr'>gloriae</span> <span class='ocrx_word' id='word_1_310' title='bbox 959 1627 993 1666; x_wconf 84' lang='grc'>2,</span> <span class='ocrx_word' id='word_1_311' title='bbox 1023 1625 1080 1665; x_wconf 86' lang='grc'>16,</span> <span class='ocrx_word' id='word_1_312' title='bbox 1096 1623 1150 1657; x_wconf 90' lang='grc'>19.</span> <span class='ocrx_word' id='word_1_313' title='bbox 1178 1622 1352 1659; x_wconf 82' lang='lat' dir='ltr'>Africano</span> <span class='ocrx_word' id='word_1_314' title='bbox 1375 1623 1490 1658; x_wconf 80' lang='lat' dir='ltr'>virtus</span> <span class='ocrx_word' id='word_1_315' title='bbox 1513 1623 1677 1670; x_wconf 86' lang='lat' dir='ltr'>gloriam,</span> 
     </span>
     <span class='ocr_line' id='line_1_29' title="bbox 178 1667 1680 1719; baseline -0.001 -14"><span class='ocrx_word' id='word_1_316' title='bbox 178 1670 292 1719; x_wconf 74' lang='lat' dir='ltr'>gloria</span> <span class='ocrx_word' id='word_1_317' title='bbox 317 1671 476 1703; x_wconf 83' lang='lat' dir='ltr'>aemulos</span> <span class='ocrx_word' id='word_1_318' title='bbox 502 1669 728 1714; x_wconf 81' lang='lat' dir='ltr'>comparavit</span> <span class='ocrx_word' id='word_1_319' title='bbox 757 1671 803 1711; x_wconf 92' lang='lat'>9,</span> <span class='ocrx_word' id='word_1_320' title='bbox 833 1671 879 1710; x_wconf 83' lang='lat'>3,</span> <span class='ocrx_word' id='word_1_321' title='bbox 907 1670 963 1704; x_wconf 84' lang='grc'>56.</span> <span class='ocrx_word' id='word_1_322' title='bbox 1006 1669 1163 1703; x_wconf 83' lang='lat' dir='ltr'>Achillis</span> <span class='ocrx_word' id='word_1_323' title='bbox 1183 1668 1335 1715; x_wconf 79' lang='lat' dir='ltr'>gloriam</span> <span class='ocrx_word' id='word_1_324' title='bbox 1357 1667 1396 1717; x_wconf 76' lang='lat' dir='ltr'>in</span> <span class='ocrx_word' id='word_1_325' title='bbox 1423 1669 1570 1703; x_wconf 68' lang='lat' dir='ltr'>bellicis</span> <span class='ocrx_word' id='word_1_326' title='bbox 1587 1680 1680 1709; x_wconf 66' lang='lat' dir='ltr'>con-</span> 
     </span>
     <span class='ocr_line' id='line_1_30' title="bbox 178 1713 1679 1761; baseline -0.002 -9"><span class='ocrx_word' id='word_1_327' title='bbox 178 1717 280 1761; x_wconf 85' lang='lat' dir='ltr'>sequi</span> <span class='ocrx_word' id='word_1_328' title='bbox 306 1719 362 1757; x_wconf 80' lang='lat'>12,</span> <span class='ocrx_word' id='word_1_329' title='bbox 388 1719 444 1758; x_wconf 82' lang='lat'>11,</span> <span class='ocrx_word' id='word_1_330' title='bbox 478 1719 537 1750; x_wconf 88' lang='grc'>27.</span> <span class='ocrx_word' id='word_1_331' title='bbox 575 1721 729 1750; x_wconf 80' lang='lat' dir='ltr'>exornat</span> <span class='ocrx_word' id='word_1_332' title='bbox 757 1716 880 1750; x_wconf 87' lang='lat' dir='ltr'>aetatis</span> <span class='ocrx_word' id='word_1_333' title='bbox 903 1722 1047 1749; x_wconf 88' lang='lat' dir='ltr'>nostrae</span> <span class='ocrx_word' id='word_1_334' title='bbox 1075 1714 1226 1761; x_wconf 84' lang='lat' dir='ltr'>gloriam</span> <span class='ocrx_word' id='word_1_335' title='bbox 1250 1716 1312 1757; x_wconf 87' lang='grc'>10,</span> <span class='ocrx_word' id='word_1_336' title='bbox 1342 1716 1383 1756; x_wconf 84' lang='grc'>1,</span> <span class='ocrx_word' id='word_1_337' title='bbox 1410 1713 1486 1749; x_wconf 80' lang='lat'>104.</span> <span class='ocrx_word' id='word_1_338' title='bbox 1527 1716 1679 1749; x_wconf 80' lang='lat' dir='ltr'>multum</span> 
     </span>
     <span class='ocr_line' id='line_1_31' title="bbox 177 1759 1677 1808; baseline -0.001 -9"><span class='ocrx_word' id='word_1_339' title='bbox 177 1770 214 1799; x_wconf 88' lang='lat' dir='ltr'>et</span> <span class='ocrx_word' id='word_1_340' title='bbox 237 1773 347 1799; x_wconf 77' lang='lat' dir='ltr'>verae</span> <span class='ocrx_word' id='word_1_341' title='bbox 371 1761 506 1808; x_wconf 85' lang='lat' dir='ltr'>gloriae</span> <span class='ocrx_word' id='word_1_342' title='bbox 534 1763 664 1795; x_wconf 88' lang='lat' dir='ltr'>meruit</span> <span class='ocrx_word' id='word_1_343' title='bbox 699 1765 741 1795; x_wconf 83' lang='lat' dir='ltr'>ib.</span> <span class='ocrx_word' id='word_1_344' title='bbox 769 1761 827 1797; x_wconf 81' lang='lat'>94.</span> <span class='ocrx_word' id='word_1_345' title='bbox 855 1762 1037 1803; x_wconf 75' lang='lat' dir='ltr'>¹majorem</span> <span class='ocrx_word' id='word_1_346' title='bbox 1066 1760 1264 1795; x_wconf 78' lang='lat' dir='ltr'>benefactis</span> <span class='ocrx_word' id='word_1_347' title='bbox 1291 1759 1442 1806; x_wconf 83' lang='lat' dir='ltr'>gloriam</span> <span class='ocrx_word' id='word_1_348' title='bbox 1465 1761 1559 1806; x_wconf 75' lang='lat' dir='ltr'>parit</span> <span class='ocrx_word' id='word_1_349' title='bbox 1581 1762 1618 1806; x_wconf 90' lang='lat'>3,</span> <span class='ocrx_word' id='word_1_350' title='bbox 1640 1764 1677 1807; x_wconf 89' lang='lat'>7,</span> 
     </span>
     <span class='ocr_line' id='line_1_32' title="bbox 179 1806 1398 1855; baseline -0.002 -11"><span class='ocrx_word' id='word_1_351' title='bbox 179 1813 234 1845; x_wconf 81' lang='lat'>13.</span> <span class='ocrx_word' id='word_1_352' title='bbox 265 1821 310 1843; x_wconf 88' lang='lat' dir='ltr'>an</span> <span class='ocrx_word' id='word_1_353' title='bbox 333 1819 459 1852; x_wconf 84' lang='lat' dir='ltr'>parum</span> <span class='ocrx_word' id='word_1_354' title='bbox 478 1809 522 1842; x_wconf 83' lang='lat' dir='ltr'>ad</span> <span class='ocrx_word' id='word_1_355' title='bbox 541 1814 707 1853; x_wconf 81' lang='lat' dir='ltr'>posteros</span> <span class='ocrx_word' id='word_1_356' title='bbox 730 1807 867 1855; x_wconf 86' lang='lat' dir='ltr'>gloriae</span> <span class='ocrx_word' id='word_1_357' title='bbox 889 1807 1140 1842; x_wconf 79' lang='lat' dir='ltr'>tradiderunt?</span> <span class='ocrx_word' id='word_1_358' title='bbox 1176 1810 1232 1850; x_wconf 86' lang='lat'>12,</span> <span class='ocrx_word' id='word_1_359' title='bbox 1259 1809 1315 1850; x_wconf 86' lang='lat'>11,</span> <span class='ocrx_word' id='word_1_360' title='bbox 1339 1806 1398 1841; x_wconf 88' lang='grc'>28.</span> 
     </span>
    </p>
   </div>
   <div class='ocr_carea' id='block_1_7' title="bbox 91 1866 1713 2198">
    <p class='ocr_par' dir='ltr' id='par_1_7' title="bbox 91 1866 1713 2198">
     <span class='ocr_line' id='line_1_33' title="bbox 91 1866 1713 1927; baseline 0.001 -21"><span class='ocrx_word' id='word_1_361' title='bbox 91 1902 94 1906; x_wconf 96' lang='grc'><em>,</em></span> <span class='ocrx_word' id='word_1_362' title='bbox 134 1866 320 1910; x_wconf 65' lang='lat' dir='ltr'>Glorior·</span> <span class='ocrx_word' id='word_1_363' title='bbox 352 1881 474 1919; x_wconf 83' lang='lat' dir='ltr'>aperte</span> <span class='ocrx_word' id='word_1_364' title='bbox 500 1875 647 1921; x_wconf 79' lang='lat' dir='ltr'>gloriari</span> <span class='ocrx_word' id='word_1_365' title='bbox 677 1878 734 1918; x_wconf 92' lang='lat'>11,</span> <span class='ocrx_word' id='word_1_366' title='bbox 767 1879 800 1919; x_wconf 91' lang='lat'>1,</span> <span class='ocrx_word' id='word_1_367' title='bbox 823 1879 882 1912; x_wconf 84' lang='lat'>21.</span> <span class='ocrx_word' id='word_1_368' title='bbox 922 1876 971 1910; x_wconf 90' lang='lat' dir='ltr'>ita</span> <span class='ocrx_word' id='word_1_369' title='bbox 995 1874 1140 1923; x_wconf 87' lang='lat' dir='ltr'>gloriari</span> <span class='ocrx_word' id='word_1_370' title='bbox 1167 1876 1284 1909; x_wconf 81' lang='lat' dir='ltr'>solent</span> <span class='ocrx_word' id='word_1_371' title='bbox 1307 1877 1343 1917; x_wconf 88' lang='lat'>2,</span> <span class='ocrx_word' id='word_1_372' title='bbox 1370 1876 1427 1916; x_wconf 91' lang='lat'>11,</span> <span class='ocrx_word' id='word_1_373' title='bbox 1450 1877 1472 1913; x_wconf 83' lang='lat'>7</span> <span class='ocrx_word' id='word_1_374' title='bbox 1481 1886 1491 1916; x_wconf 79' lang='lat'>3</span> <span class='ocrx_word' id='word_1_375' title='bbox 1517 1885 1608 1927; x_wconf 39' lang='lat' dir='ltr'>‘cum</span> <span class='ocrx_word' id='word_1_376' title='bbox 1628 1893 1677 1901; x_wconf 94' lang='lat'><strong>—</strong></span> <span class='ocrx_word' id='word_1_377' title='bbox 1708 1898 1713 1902; x_wconf 65' lang='grc'><strong>«</strong></span> 
     </span>
     <span class='ocr_line' id='line_1_34' title="bbox 175 1919 1676 1973; baseline -0.003 -14"><span class='ocrx_word' id='word_1_378' title='bbox 175 1926 237 1959; x_wconf 88' lang='lat' dir='ltr'>ille</span> <span class='ocrx_word' id='word_1_379' title='bbox 265 1923 370 1957; x_wconf 69' lang='lat' dir='ltr'>etiam</span> <span class='ocrx_word' id='word_1_380' title='bbox 395 1922 565 1968; x_wconf 80' lang='lat' dir='ltr'>gloriatus</span> <span class='ocrx_word' id='word_1_381' title='bbox 594 1922 638 1955; x_wconf 87' lang='lat' dir='ltr'>sit</span> <span class='ocrx_word' id='word_1_382' title='bbox 666 1921 788 1956; x_wconf 84' lang='lat' dir='ltr'>occiso</span> <span class='ocrx_word' id='word_1_383' title='bbox 822 1924 919 1956; x_wconf 83' lang='lat' dir='ltr'>malo</span> <span class='ocrx_word' id='word_1_384' title='bbox 945 1922 1027 1957; x_wconf 82' lang='lat' dir='ltr'>cive</span> <span class='ocrx_word' id='word_1_385' title='bbox 1060 1924 1098 1966; x_wconf 88' lang='grc'>3,</span> <span class='ocrx_word' id='word_1_386' title='bbox 1125 1922 1164 1961; x_wconf 85' lang='grc'>6,</span> <span class='ocrx_word' id='word_1_387' title='bbox 1188 1923 1247 1956; x_wconf 87' lang='grc'>93.</span> <span class='ocrx_word' id='word_1_388' title='bbox 1280 1925 1318 1956; x_wconf 81' lang='lat' dir='ltr'>et</span> <span class='ocrx_word' id='word_1_389' title='bbox 1346 1919 1397 1954; x_wconf 84' lang='lat' dir='ltr'>in</span> <span class='ocrx_word' id='word_1_390' title='bbox 1422 1931 1545 1972; x_wconf 70' lang='lat' dir='ltr'>paucis</span> <span class='ocrx_word' id='word_1_391' title='bbox 1569 1926 1676 1973; x_wconf 64' lang='lat' dir='ltr'>atque</span> 
     </span>
     <span class='ocr_line' id='line_1_35' title="bbox 175 1964 1674 2015; baseline -0.002 -10"><span class='ocrx_word' id='word_1_392' title='bbox 175 1970 369 2006; x_wconf 82' lang='lat' dir='ltr'>humilibus</span> <span class='ocrx_word' id='word_1_393' title='bbox 409 1974 596 2002; x_wconf 81' lang='lat' dir='ltr'>accusator</span> <span class='ocrx_word' id='word_1_394' title='bbox 629 1968 854 2012; x_wconf 85' lang='lat' dir='ltr'>simplicitate</span> <span class='ocrx_word' id='word_1_395' title='bbox 890 1968 1035 2015; x_wconf 81' lang='lat' dir='ltr'>gloriari</span> <span class='ocrx_word' id='word_1_396' title='bbox 1067 1973 1188 2012; x_wconf 85' lang='lat' dir='ltr'>potest</span> <span class='ocrx_word' id='word_1_397' title='bbox 1223 1969 1341 2010; x_wconf 62' lang='lat'>5‚«.⁷‚</span> <span class='ocrx_word' id='word_1_398' title='bbox 1365 1964 1424 2001; x_wconf 77' lang='lat'>24.</span> <span class='ocrx_word' id='word_1_399' title='bbox 1462 1971 1674 2007; x_wconf 70' lang='lat' dir='ltr'>lactatio</span> 
     </span>
     <span class='ocr_line' id='line_1_36' title="bbox 177 2011 1674 2059; baseline -0.005 -8"><span class='ocrx_word' id='word_1_400' title='bbox 177 2018 298 2051; x_wconf 86' lang='lat' dir='ltr'>circa</span> <span class='ocrx_word' id='word_1_401' title='bbox 317 2014 524 2048; x_wconf 89' lang='lat' dir='ltr'>memoriam</span> <span class='ocrx_word' id='word_1_402' title='bbox 541 2026 604 2047; x_wconf 89' lang='lat' dir='ltr'>sua</span> <span class='ocrx_word' id='word_1_403' title='bbox 630 2014 715 2058; x_wconf 84' lang='lat' dir='ltr'><strong>(Sp.</strong></span> <span class='ocrx_word' id='word_1_404' title='bbox 746 2014 870 2057; x_wconf 85' lang='lat' dir='ltr'>suam.)</span> <span class='ocrx_word' id='word_1_405' title='bbox 892 2015 1010 2059; x_wconf 88' lang='lat' dir='ltr'>potius</span> <span class='ocrx_word' id='word_1_406' title='bbox 1035 2021 1109 2048; x_wconf 81' lang='lat' dir='ltr'>arte</span> <span class='ocrx_word' id='word_1_407' title='bbox 1139 2024 1244 2058; x_wconf 81' lang='lat' dir='ltr'>quam</span> <span class='ocrx_word' id='word_1_408' title='bbox 1261 2018 1388 2046; x_wconf 78' lang='lat' dir='ltr'>natura</span> <span class='ocrx_word' id='word_1_409' title='bbox 1407 2011 1674 2058; x_wconf 75' lang='lat' dir='ltr'>gloriantis</span> 
     </span>
     <span class='ocr_line' id='line_1_37' title="bbox 177 2059 1672 2106; baseline -0.004 -9"><span class='ocrx_word' id='word_1_410' title='bbox 177 2067 218 2098; x_wconf 91' lang='lat'>11</span> <span class='ocrx_word' id='word_1_411' title='bbox 235 2090 245 2106; x_wconf 91' lang='lat'>,</span> <span class='ocrx_word' id='word_1_412' title='bbox 270 2067 312 2102; x_wconf 84' lang='lat'>2,</span> <span class='ocrx_word' id='word_1_413' title='bbox 344 2064 389 2094; x_wconf 89' lang='lat'>22</span> <span class='ocrx_word' id='word_1_414' title='bbox 418 2064 461 2094; x_wconf 89' lang='grc' dir='ltr'>Ζ.</span> <span class='ocrx_word' id='word_1_415' title='bbox 475 2076 487 2102; x_wconf 91' lang='grc'><strong><em>;</em></strong></span> <span class='ocrx_word' id='word_1_416' title='bbox 522 2072 560 2094; x_wconf 92' lang='lat' dir='ltr'>se</span> <span class='ocrx_word' id='word_1_417' title='bbox 591 2061 758 2094; x_wconf 77' lang='lat' dir='ltr'>tenebras</span> <span class='ocrx_word' id='word_1_418' title='bbox 783 2061 952 2095; x_wconf 81' lang='lat' dir='ltr'>offudisse</span> <span class='ocrx_word' id='word_1_419' title='bbox 979 2060 1157 2104; x_wconf 83' lang='lat' dir='ltr'>judicibus</span> <span class='ocrx_word' id='word_1_420' title='bbox 1181 2059 1351 2105; x_wconf 85' lang='lat' dir='ltr'>gloriatus</span> <span class='ocrx_word' id='word_1_421' title='bbox 1375 2063 1438 2092; x_wconf 73' lang='lat' dir='ltr'>est</span> <span class='ocrx_word' id='word_1_422' title='bbox 1454 2059 1498 2100; x_wconf 84' lang='lat'>2,</span> <span class='ocrx_word' id='word_1_423' title='bbox 1526 2060 1590 2101; x_wconf 88' lang='lat'>17,</span> <span class='ocrx_word' id='word_1_424' title='bbox 1612 2060 1672 2092; x_wconf 82' lang='lat'>21.</span> 
     </span>
     <span class='ocr_line' id='line_1_38' title="bbox 176 2102 1674 2154; baseline -0.003 -11"><span class='ocrx_word' id='word_1_425' title='bbox 176 2110 271 2154; x_wconf 84' lang='lat' dir='ltr'>quod</span> <span class='ocrx_word' id='word_1_426' title='bbox 297 2108 373 2150; x_wconf 76' lang='lat' dir='ltr'>ipse</span> <span class='ocrx_word' id='word_1_427' title='bbox 397 2117 435 2139; x_wconf 89' lang='lat' dir='ltr'>se</span> <span class='ocrx_word' id='word_1_428' title='bbox 459 2118 602 2150; x_wconf 85' lang='lat' dir='ltr'>passum</span> <span class='ocrx_word' id='word_1_429' title='bbox 620 2107 838 2154; x_wconf 82' lang='lat' dir='ltr'>gloriabatur</span> <span class='ocrx_word' id='word_1_430' title='bbox 855 2108 892 2152; x_wconf 82' lang='lat'>6,</span> <span class='ocrx_word' id='word_1_431' title='bbox 911 2109 947 2152; x_wconf 88' lang='grc'>3,</span> <span class='ocrx_word' id='word_1_432' title='bbox 962 2110 1027 2151; x_wconf 74' lang='lat'>753</span> <span class='ocrx_word' id='word_1_433' title='bbox 1053 2105 1282 2141; x_wconf 87' lang='lat' dir='ltr'>ambitiosum</span> <span class='ocrx_word' id='word_1_434' title='bbox 1304 2102 1535 2151; x_wconf 76' lang='lat' dir='ltr'>gloriandi</span> <span class='ocrx_word' id='word_1_435' title='bbox 1560 2114 1674 2151; x_wconf 70' lang='lat' dir='ltr'>genu·</span> 
     </span>
     <span class='ocr_line' id='line_1_39' title="bbox 176 2152 854 2198; baseline -0.006 -8"><span class='ocrx_word' id='word_1_436' title='bbox 176 2162 242 2198; x_wconf 83' lang='lat' dir='ltr'>est,</span> <span class='ocrx_word' id='word_1_437' title='bbox 268 2155 374 2188; x_wconf 89' lang='lat' dir='ltr'>etiam</span> <span class='ocrx_word' id='word_1_438' title='bbox 398 2152 620 2187; x_wconf 87' lang='lat' dir='ltr'>deridere</span> <span class='ocrx_word' id='word_1_439' title='bbox 650 2156 707 2196; x_wconf 83' lang='lat'>11,</span> <span class='ocrx_word' id='word_1_440' title='bbox 735 2156 769 2197; x_wconf 90' lang='lat'>1,</span> <span class='ocrx_word' id='word_1_441' title='bbox 795 2155 854 2187; x_wconf 89' lang='grc'>21.</span> 
     </span>
    </p>
   </div>
   <div class='ocr_carea' id='block_1_8' title="bbox 130 2212 1719 2371">
    <p class='ocr_par' dir='ltr' id='par_1_8' title="bbox 130 2212 1719 2371">
     <span class='ocr_line' id='line_1_40' title="bbox 130 2212 1450 2267; baseline -0.002 -13"><span class='ocrx_word' id='word_1_442' title='bbox 130 2212 371 2254; x_wconf 84' lang='lat' dir='ltr'>Glossema.</span> <span class='ocrx_word' id='word_1_443' title='bbox 410 2221 642 2267; x_wconf 83' lang='lat' dir='ltr'>glossemata,</span> <span class='ocrx_word' id='word_1_444' title='bbox 667 2220 704 2255; x_wconf 89' lang='lat' dir='ltr'>id</span> <span class='ocrx_word' id='word_1_445' title='bbox 731 2227 803 2265; x_wconf 86' lang='lat' dir='ltr'>est,</span> <span class='ocrx_word' id='word_1_446' title='bbox 830 2231 944 2256; x_wconf 81' lang='lat' dir='ltr'>voces</span> <span class='ocrx_word' id='word_1_447' title='bbox 966 2221 1084 2255; x_wconf 85' lang='lat' dir='ltr'>minus</span> <span class='ocrx_word' id='word_1_448' title='bbox 1105 2217 1251 2252; x_wconf 84' lang='lat' dir='ltr'>usitatas</span> <span class='ocrx_word' id='word_1_449' title='bbox 1275 2219 1311 2263; x_wconf 89' lang='lat'>1,</span> <span class='ocrx_word' id='word_1_450' title='bbox 1334 2218 1369 2262; x_wconf 82' lang='lat'>8,</span> <span class='ocrx_word' id='word_1_451' title='bbox 1394 2215 1450 2252; x_wconf 83' lang='lat'>15.</span> 
     </span>
     <span class='ocr_line' id='line_1_41' title="bbox 131 2267 1719 2328; baseline -0.004 -16"><span class='ocrx_word' id='word_1_452' title='bbox 131 2267 330 2311; x_wconf 67' lang='lat' dir='ltr'>Gracilis·</span> <span class='ocrx_word' id='word_1_453' title='bbox 355 2279 450 2312; x_wconf 82' lang='lat' dir='ltr'>inter</span> <span class='ocrx_word' id='word_1_454' title='bbox 474 2277 953 2325; x_wconf 60' lang='lat' dir='ltr'>gracilevialidumque</span> <span class='ocrx_word' id='word_1_455' title='bbox 971 2277 1115 2312; x_wconf 80' lang='lat' dir='ltr'>tertium</span> <span class='ocrx_word' id='word_1_456' title='bbox 1135 2274 1270 2320; x_wconf 86' lang='lat' dir='ltr'>aliquid</span> <span class='ocrx_word' id='word_1_457' title='bbox 1297 2273 1529 2328; x_wconf 65' lang='lat' dir='ltr'>constitutum</span> <span class='ocrx_word' id='word_1_458' title='bbox 1547 2274 1671 2328; x_wconf 78' lang='lat' dir='ltr'>est12,</span> <span class='ocrx_word' id='word_1_459' title='bbox 1713 2287 1719 2292; x_wconf 89' lang='grc'><em>·</em></span> 
     </span>
     <span class='ocr_line' id='line_1_42' title="bbox 177 2319 1673 2371; baseline -0.004 -12"><span class='ocrx_word' id='word_1_460' title='bbox 177 2329 242 2367; x_wconf 84' lang='grc'>10,</span> <span class='ocrx_word' id='word_1_461' title='bbox 262 2327 318 2359; x_wconf 82' lang='grc'>66.</span> <span class='ocrx_word' id='word_1_462' title='bbox 346 2335 422 2358; x_wconf 85' lang='lat' dir='ltr'>non</span> <span class='ocrx_word' id='word_1_463' title='bbox 445 2335 636 2368; x_wconf 85' lang='lat' dir='ltr'>possumus</span> <span class='ocrx_word' id='word_1_464' title='bbox 661 2335 741 2359; x_wconf 86' lang='lat' dir='ltr'>esse</span> <span class='ocrx_word' id='word_1_465' title='bbox 764 2331 839 2358; x_wconf 85' lang='lat' dir='ltr'>tam</span> <span class='ocrx_word' id='word_1_466' title='bbox 864 2335 980 2371; x_wconf 83' lang='lat' dir='ltr'>grac</span> <span class='ocrx_word' id='word_1_467' title='bbox 993 2324 1104 2366; x_wconf 85' lang='lat' dir='ltr'>iles,</span> <span class='ocrx_word' id='word_1_468' title='bbox 1129 2321 1240 2356; x_wconf 84' lang='lat' dir='ltr'>simus</span> <span class='ocrx_word' id='word_1_469' title='bbox 1262 2322 1521 2357; x_wconf 76' lang='lat' dir='ltr'>fortiores</span> <span class='ocrx_word' id='word_1_470' title='bbox 1545 2321 1590 2354; x_wconf 66' lang='lat'>111,</span> <span class='ocrx_word' id='word_1_471' title='bbox 1614 2319 1673 2355; x_wconf 84' lang='lat'>36.</span> 
     </span>
    </p>
   </div>
   <div class='ocr_carea' id='block_1_9' title="bbox 129 2369 1674 2870">
    <p class='ocr_par' dir='ltr' id='par_1_9' title="bbox 130 2369 1674 2565">
     <span class='ocr_line' id='line_1_43' title="bbox 130 2369 1674 2433; baseline -0.001 -21"><span class='ocrx_word' id='word_1_472' title='bbox 130 2369 370 2412; x_wconf 82' lang='lat' dir='ltr'>Gracilitas.</span> <span class='ocrx_word' id='word_1_473' title='bbox 429 2380 524 2433; x_wconf 81' lang='lat' dir='ltr'>Quid</span> <span class='ocrx_word' id='word_1_474' title='bbox 568 2379 762 2416; x_wconf 79' lang='lat' dir='ltr'>Periclea?</span> <span class='ocrx_word' id='word_1_475' title='bbox 809 2380 1008 2416; x_wconf 83' lang='lat' dir='ltr'>similemne</span> <span class='ocrx_word' id='word_1_476' title='bbox 1052 2378 1229 2413; x_wconf 86' lang='lat' dir='ltr'>credimus</span> <span class='ocrx_word' id='word_1_477' title='bbox 1266 2376 1443 2423; x_wconf 76' lang='lat' dir='ltr'>Lysiacae</span> <span class='ocrx_word' id='word_1_478' title='bbox 1486 2375 1674 2430; x_wconf 71' lang='lat' dir='ltr'>gracilitati</span> 
     </span>
     <span class='ocr_line' id='line_1_44' title="bbox 174 2423 1674 2473; baseline -0.003 -13"><span class='ocrx_word' id='word_1_479' title='bbox 174 2428 347 2468; x_wconf 74' lang='lat' dir='ltr'>(Buttm.</span> <span class='ocrx_word' id='word_1_480' title='bbox 378 2439 464 2470; x_wconf 67' lang='lat' dir='ltr'>con).</span> <span class='ocrx_word' id='word_1_481' title='bbox 490 2427 696 2462; x_wconf 83' lang='lat' dir='ltr'>adfuissene</span> <span class='ocrx_word' id='word_1_482' title='bbox 716 2439 766 2461; x_wconf 87' lang='lat' dir='ltr'>cr.</span> <span class='ocrx_word' id='word_1_483' title='bbox 781 2439 802 2461; x_wconf 85' lang='lat' dir='ltr'>a</span> <span class='ocrx_word' id='word_1_484' title='bbox 820 2427 974 2472; x_wconf 85' lang='lat' dir='ltr'>Lysiaca</span> <span class='ocrx_word' id='word_1_485' title='bbox 998 2425 1214 2473; x_wconf 67' lang='lat' dir='ltr'>gracilitate,</span> <span class='ocrx_word' id='word_1_486' title='bbox 1239 2428 1282 2462; x_wconf 88' lang='lat' dir='ltr'>Z.</span> <span class='ocrx_word' id='word_1_487' title='bbox 1306 2425 1420 2458; x_wconf 71' lang='lat' dir='ltr'>fuisse</span> <span class='ocrx_word' id='word_1_488' title='bbox 1441 2433 1493 2457; x_wconf 82' lang='lat' dir='ltr'>cr.</span> <span class='ocrx_word' id='word_1_489' title='bbox 1519 2423 1674 2467; x_wconf 78' lang='lat' dir='ltr'>Lysiaca</span> 
     </span>
     <span class='ocr_line' id='line_1_45' title="bbox 174 2469 1669 2519; baseline -0.001 -15"><span class='ocrx_word' id='word_1_490' title='bbox 174 2472 242 2519; x_wconf 87' lang='lat' dir='ltr'>gr.)</span> <span class='ocrx_word' id='word_1_491' title='bbox 274 2475 329 2513; x_wconf 82' lang='grc'>12,</span> <span class='ocrx_word' id='word_1_492' title='bbox 357 2475 414 2515; x_wconf 92' lang='grc'>10,</span> <span class='ocrx_word' id='word_1_493' title='bbox 439 2471 495 2506; x_wconf 82' lang='grc'>24.</span> <span class='ocrx_word' id='word_1_494' title='bbox 518 2474 567 2507; x_wconf 88' lang='lat' dir='ltr'>N.</span> <span class='ocrx_word' id='word_1_495' title='bbox 587 2486 634 2507; x_wconf 82' lang='lat' dir='ltr'>cr.</span> <span class='ocrx_word' id='word_1_496' title='bbox 659 2481 690 2506; x_wconf 73' lang='lat' dir='ltr'>et</span> <span class='ocrx_word' id='word_1_497' title='bbox 714 2475 751 2507; x_wconf 87' lang='lat' dir='ltr'>S.</span> <span class='ocrx_word' id='word_1_498' title='bbox 783 2484 906 2517; x_wconf 81' lang='lat' dir='ltr'>pressa</span> <span class='ocrx_word' id='word_1_499' title='bbox 927 2473 989 2506; x_wconf 82' lang='lat' dir='ltr'>illa</span> <span class='ocrx_word' id='word_1_500' title='bbox 1010 2470 1224 2505; x_wconf 79' lang='lat' dir='ltr'>narrationis</span> <span class='ocrx_word' id='word_1_501' title='bbox 1246 2478 1302 2518; x_wconf 77' lang='lat' dir='ltr'>gr.</span> <span class='ocrx_word' id='word_1_502' title='bbox 1325 2469 1362 2515; x_wconf 89' lang='lat'>4,</span> <span class='ocrx_word' id='word_1_503' title='bbox 1385 2471 1422 2514; x_wconf 82' lang='lat'>3,</span> <span class='ocrx_word' id='word_1_504' title='bbox 1444 2471 1469 2504; x_wconf 86' lang='lat'>2</span> <span class='ocrx_word' id='word_1_505' title='bbox 1488 2469 1536 2505; x_wconf 81' lang='lat' dir='ltr'>N.</span> <span class='ocrx_word' id='word_1_506' title='bbox 1565 2469 1669 2503; x_wconf 79' lang='lat' dir='ltr'>eand.</span> 
     </span>
     <span class='ocr_line' id='line_1_46' title="bbox 175 2517 1282 2565; baseline 0.005 -14"><span class='ocrx_word' id='word_1_507' title='bbox 175 2517 409 2565; x_wconf 61' lang='lat' dir='ltr'>gracilitatem</span> <span class='ocrx_word' id='word_1_508' title='bbox 434 2518 516 2552; x_wconf 84' lang='lat' dir='ltr'>stilo</span> <span class='ocrx_word' id='word_1_509' title='bbox 546 2518 695 2565; x_wconf 77' lang='lat' dir='ltr'>exigere</span> <span class='ocrx_word' id='word_1_510' title='bbox 725 2523 757 2563; x_wconf 92' lang='lat'>1,</span> <span class='ocrx_word' id='word_1_511' title='bbox 784 2521 820 2562; x_wconf 89' lang='grc'>9,</span> <span class='ocrx_word' id='word_1_512' title='bbox 847 2522 883 2553; x_wconf 91' lang='grc'>2.</span> <span class='ocrx_word' id='word_1_513' title='bbox 1278 2528 1282 2533; x_wconf 88' lang='grc'><em>”</em></span> 
     </span>
    </p>

    <p class='ocr_par' dir='ltr' id='par_1_10' title="bbox 129 2560 1670 2663">
     <span class='ocr_line' id='line_1_47' title="bbox 129 2560 1670 2623; baseline -0.001 -18"><span class='ocrx_word' id='word_1_514' title='bbox 129 2560 370 2605; x_wconf 81' lang='lat' dir='ltr'>Graciliter.</span> <span class='ocrx_word' id='word_1_515' title='bbox 418 2574 487 2608; x_wconf 84' lang='lat' dir='ltr'>alia</span> <span class='ocrx_word' id='word_1_516' title='bbox 520 2575 734 2610; x_wconf 85' lang='lat' dir='ltr'>ornatius</span> <span class='ocrx_word' id='word_1_517' title='bbox 770 2575 840 2610; x_wconf 87' lang='lat' dir='ltr'>alia</span> <span class='ocrx_word' id='word_1_518' title='bbox 869 2572 1095 2623; x_wconf 85' lang='lat' dir='ltr'>gracilius</span> <span class='ocrx_word' id='word_1_519' title='bbox 1128 2583 1209 2608; x_wconf 86' lang='lat' dir='ltr'>esse</span> <span class='ocrx_word' id='word_1_520' title='bbox 1237 2571 1390 2608; x_wconf 83' lang='lat' dir='ltr'>dicenda</span> <span class='ocrx_word' id='word_1_521' title='bbox 1410 2569 1464 2615; x_wconf 81' lang='lat' dir='ltr'>(a.</span> <span class='ocrx_word' id='word_1_522' title='bbox 1480 2574 1506 2604; x_wconf 74' lang='lat'>³.</span> <span class='ocrx_word' id='word_1_523' title='bbox 1535 2569 1670 2618; x_wconf 80' lang='lat' dir='ltr'>gratius</span> 
     </span>
     <span class='ocr_line' id='line_1_48' title="bbox 175 2620 662 2663; baseline 0.004 -9"><span class='ocrx_word' id='word_1_524' title='bbox 175 2621 243 2654; x_wconf 84' lang='lat' dir='ltr'>alia</span> <span class='ocrx_word' id='word_1_525' title='bbox 294 2620 431 2662; x_wconf 80' lang='lat' dir='ltr'>ravius)</span> <span class='ocrx_word' id='word_1_526' title='bbox 459 2622 494 2662; x_wconf 87' lang='grc'>9,</span> <span class='ocrx_word' id='word_1_527' title='bbox 519 2621 554 2663; x_wconf 82' lang='grc'>4,</span> <span class='ocrx_word' id='word_1_528' title='bbox 581 2624 662 2656; x_wconf 85' lang='grc'><strong>130.</strong></span> 
     </span>
    </p>

    <p class='ocr_par' dir='ltr' id='par_1_11' title="bbox 131 2630 1441 2725">
     <span class='ocr_line' id='line_1_49' title="bbox 131 2630 1441 2725; baseline 0.002 -18"><span class='ocrx_word' id='word_1_529' title='bbox 131 2630 355 2707; x_wconf 64' lang='lat' dir='ltr'>Graouius.</span> <span class='ocrx_word' id='word_1_530' title='bbox 393 2677 580 2722; x_wconf 87' lang='lat' dir='ltr'>graculos,</span> <span class='ocrx_word' id='word_1_531' title='bbox 614 2677 697 2722; x_wconf 85' lang='lat' dir='ltr'>quia</span> <span class='ocrx_word' id='word_1_532' title='bbox 719 2675 894 2725; x_wconf 84' lang='lat' dir='ltr'>gregatim</span> <span class='ocrx_word' id='word_1_533' title='bbox 913 2676 1040 2713; x_wconf 81' lang='lat' dir='ltr'>volent</span> <span class='ocrx_word' id='word_1_534' title='bbox 1066 2677 1227 2709; x_wconf 83' lang='lat' dir='ltr'>Varro.</span> <span class='ocrx_word' id='word_1_535' title='bbox 1259 2675 1293 2717; x_wconf 90' lang='lat'>1,</span> <span class='ocrx_word' id='word_1_536' title='bbox 1320 2672 1441 2724; x_wconf 41' lang='lat'>6237.</span> 
     </span>
    </p>

    <p class='ocr_par' dir='ltr' id='par_1_12' title="bbox 130 2721 1669 2870">
     <span class='ocr_line' id='line_1_50' title="bbox 130 2721 1669 2782; baseline 0.001 -18"><span class='ocrx_word' id='word_1_537' title='bbox 130 2721 348 2764; x_wconf 73' lang='lat' dir='ltr'>Gl&#39;adfltiO·</span> <span class='ocrx_word' id='word_1_538' title='bbox 390 2749 438 2755; x_wconf 90' lang='lat'><strong>—</strong></span> <span class='ocrx_word' id='word_1_539' title='bbox 462 2734 636 2776; x_wconf 79' lang='lat' dir='ltr'>quaedam</span> <span class='ocrx_word' id='word_1_540' title='bbox 659 2736 855 2769; x_wconf 81' lang='lat' dir='ltr'>verborum</span> <span class='ocrx_word' id='word_1_541' title='bbox 881 2733 960 2778; x_wconf 79' lang='lat' dir='ltr'>(fig.</span> <span class='ocrx_word' id='word_1_542' title='bbox 983 2745 1040 2777; x_wconf 81' lang='lat' dir='ltr'>ap.</span> <span class='ocrx_word' id='word_1_543' title='bbox 1070 2729 1171 2775; x_wconf 83' lang='lat' dir='ltr'>Cic.)</span> <span class='ocrx_word' id='word_1_544' title='bbox 1185 2731 1221 2774; x_wconf 86' lang='lat'>9,</span> <span class='ocrx_word' id='word_1_545' title='bbox 1246 2733 1280 2774; x_wconf 86' lang='lat'>1,</span> <span class='ocrx_word' id='word_1_546' title='bbox 1296 2726 1352 2764; x_wconf 76' lang='grc'>34.</span> <span class='ocrx_word' id='word_1_547' title='bbox 1378 2727 1552 2782; x_wconf 53' lang='lat' dir='ltr'>gradali-o,</span> <span class='ocrx_word' id='word_1_548' title='bbox 1577 2739 1669 2775; x_wconf 68' lang='lat' dir='ltr'>quae</span> 
     </span>
     <span class='ocr_line' id='line_1_51' title="bbox 176 2774 1669 2824; baseline -0.001 -12"><span class='ocrx_word' id='word_1_549' title='bbox 176 2779 306 2812; x_wconf 84' lang='lat' dir='ltr'>dicitur</span> <span class='ocrx_word' id='word_1_550' title='bbox 333 2774 482 2822; x_wconf 66' lang='grc' dir='ltr'><strong>κλῒμαξ,</strong></span> <span class='ocrx_word' id='word_1_551' title='bbox 511 2780 726 2823; x_wconf 86' lang='lat' dir='ltr'>apertiorem</span> <span class='ocrx_word' id='word_1_552' title='bbox 751 2781 860 2816; x_wconf 85' lang='lat' dir='ltr'>habet</span> <span class='ocrx_word' id='word_1_553' title='bbox 883 2784 1017 2823; x_wconf 71' lang='lat' dir='ltr'>tutem,</span> <span class='ocrx_word' id='word_1_554' title='bbox 1055 2783 1092 2813; x_wconf 80' lang='lat' dir='ltr'>et</span> <span class='ocrx_word' id='word_1_555' title='bbox 1122 2776 1243 2824; x_wconf 45' lang='lat' dir='ltr'>‚magis</span> <span class='ocrx_word' id='word_1_556' title='bbox 1269 2775 1478 2818; x_wconf 79' lang='lat' dir='ltr'>affectatam,</span> <span class='ocrx_word' id='word_1_557' title='bbox 1511 2777 1669 2822; x_wconf 70' lang='lat' dir='ltr'>{deoque</span> 
     </span>
     <span class='ocr_line' id='line_1_52' title="bbox 177 2823 746 2870; baseline 0 -10"><span class='ocrx_word' id='word_1_558' title='bbox 177 2836 256 2860; x_wconf 84' lang='lat' dir='ltr'>esse</span> <span class='ocrx_word' id='word_1_559' title='bbox 279 2823 397 2860; x_wconf 86' lang='lat' dir='ltr'>rarior</span> <span class='ocrx_word' id='word_1_560' title='bbox 418 2824 537 2859; x_wconf 88' lang='lat' dir='ltr'>debet.</span> <span class='ocrx_word' id='word_1_561' title='bbox 564 2826 601 2869; x_wconf 89' lang='grc'>9,</span> <span class='ocrx_word' id='word_1_562' title='bbox 628 2827 663 2870; x_wconf 89' lang='grc'>3,</span> <span class='ocrx_word' id='word_1_563' title='bbox 687 2824 746 2861; x_wconf 84' lang='grc'>54.</span> 
     </span>
    </p>
   </div>
  </div>
 </body>
</html>
