1728 3002
578 195 818 252 separatim
845 217 903 232 e—
929 194 1090 249 Separo
1518 195 1595 258 821

112 321 185 362 stq.
207 311 356 349 audiens
381 319 437 347 oo
447 309 650 345 usitetur
672 311 708 355 Β,
731 311 767 355 2,
789 312 823 345 7.
857 309 960 352 cuius
978 318 1133 354 persona
1155 306 1299 344 videtur
1320 308 1421 343 Plato
1444 302 1597 351 signi-

111 363 285 405 ficare,
323 358 411 406 qnid
441 355 631 392 sentiat
652 358 699 400 2,
724 357 789 398 15,
815 355 874 391 26.
909 355 947 390 id
982 354 1139 389 sensisse
1168 354 1311 389 Atticos
1345 352 1479 395 credo,
1512 349 1596 395 quia

109 407 264 444 Athenis
287 426 333 432 —
355 403 611 450 prohibebatur
631 401 677 444 6,
701 405 742 444 1,
765 403 801 437 7.
830 402 928 447 qnod
955 400 1074 435 multis
1105 399 1206 434 annis
1234 411 1309 434 non
1335 397 1596 434 sensissem

110 455 239 497 modo,
268 461 397 488 verum
430 449 534 484 etiam
569 448 923 492 approbassem
948 448 995 489 3,
1018 447 1062 489 6,
1086 446 1147 482 63.
1180 451 1244 490 ut,
1282 445 1380 491 quod
1410 442 1592 486 sentio,

109 500 222 534 semel
248 497 403 532 dicam
427 495 467 538 5,
491 496 555 537 13,
578 496 612 527 3.
638 492 683 534 qs.
710 496 754 536 2,
780 496 844 537 17,
867 493 951 528 42.
973 494 1017 536 6,
1039 491 1144 536 2,“3.
1169 504 1251 526 eum
1274 491 1478 533 sentire,
1502 499 1595 533 quae

111 546 237 580 dicit
258 546 316 587 10,
339 546 375 586 1,
399 543 477 576 123.
501 551 699 584 quanquam
723 539 821 573 aliud
845 537 972 574 dicit
996 549 1039 572 ac
1064 537 1232 582 sentit,
1255 549 1332 572 non
1352 536 1449 571 alind
1474 541 1595 569 tmen

112 591 305 627 simulat
327 590 371 632 9,
398 591 441 630 2,
469 585 527 620 45.
551 584 598 627 cs.
628 588 684 629 12,
708 589 743 629 1,
762 586 821 619 29.
842 585 890 618 in
912 595 1008 630 qno,
1031 584 1063 618 si
1085 585 1156 618 hoc
1179 584 1346 626 sentit,
1372 583 1592 626 rhythmis

112 643 339 678 contorta,
374 631 617 667 dissentio
644 634 687 674 9,
710 630 754 674 4,
778 631 835 666 55.
867 630 912 665 in
936 641 1008 676 quo
1029 641 1105 664 non
1127 630 1222 665 idem
1250 630 1367 664 sentio
1393 631 1437 671 7,
1462 630 1507 671 1,
1534 626 1592 661 16.

106 684 203 719 §dem
225 681 381 716 sentiunt
403 681 447 719 3,
471 679 515 721 5,
538 678 573 712 5.
606 676 651 719 cs.
674 679 720 720 3,
743 678 787 721 6,
812 675 871 711 44.
894 677 935 719 5,
958 678 1003 720 9,
1029 677 1092 721 165
1117 676 1213 711 idem
1235 676 1383 710 sentiret
1408 674 1457 719 (i.
1482 687 1517 718 q.
1538 674 1591 706 si-

104 724 389 773 gnificaret)
421 724 500 758 finis
531 724 601 758 hoc
631 724 739 758 modo
772 725 1074 767 comprehensus,
1104 723 1434 767 persuadere,
1460 718 1592 764 quod

105 778 330 821 oporteat
350 774 394 814 2,
421 771 485 811 15.
510 770 568 804 35.
592 769 656 803 Est
685 775 721 803 et
742 769 822 803 talis
844 769 1043 802 finitionum
1071 768 1280 813 diversitas,
1311 774 1352 802 nt
1377 767 1472 801 idem
1494 775 1591 799 sen-

95 821 250 861 uiant,
279 829 354 853 non
376 817 456 854 iisd.
487 814 610 851 verbis
642 815 1049 859 comprehendant
1070 814 1166 859 (Sp.
1190 821 1230 848 ut
1256 814 1398 859 qnidam
1422 811 1592 854 sentiunt,

105 878 180 902 non
204 866 300 900 idem
323 862 475 898 diversis
497 861 619 896 verbis
645 859 792 905 compr.)
815 864 852 904 7,
881 863 903 895 3
917 888 928 905 ,
953 864 998 895 12
1021 862 1060 895 S.
1082 861 1201 897 virum
1222 861 1356 906 optima
1383 857 1591 892 sentien-

106 920 200 947 tem
225 909 429 954 optimeque
456 907 692 941 dicentem
719 910 776 950 12,
802 910 835 949 1,
860 908 919 941 25.
951 906 997 949 cs.
1022 909 1059 950 2,
1083 907 1119 949 5,
1141 910 1176 941 2.
1201 917 1289 943 vera
1311 905 1470 940 sentiens
1494 902 1531 946 4,
1556 906 1589 944 1,

105 958 170 1001 46;
204 962 319 997 artes,
348 964 439 998 quae
475 953 600 986 tacitae
625 963 768 996 quoque
791 952 991 989 sentiuntur
1014 955 1055 995 1,
1080 955 1143 997 10,
1166 953 1203 986 7.
1234 952 1389 997 simplex
1418 947 1591 984 orationis

105 1003 394 1044 condimentum,
425 999 521 1042 quod
544 998 694 1031 sentitur
719 999 851 1031 latente
873 998 1007 1042 iudicio
1029 999 1076 1041 6,
1097 999 1142 1040 3,
1168 998 1225 1033 19.
1257 999 1359 1042 cujus
1385 995 1440 1032 rei
1463 993 1590 1028 obser-

104 1050 203 1086 vatio
234 1045 367 1092 judicio
398 1043 510 1090 magis
541 1044 649 1087 quod.
678 1043 849 1077 sentiri
882 1055 987 1088 quam
1017 1043 1217 1087 praeceptis
1240 1043 1367 1078 tradi
1390 1045 1511 1089 potest
1533 1042 1591 1082 11,

106 1102 141 1139 1,
162 1097 222 1132 91.
245 1092 375 1128 sentiet
394 1090 503 1127 vivus
527 1101 617 1132 eam,
643 1100 734 1133 quae
756 1094 837 1134 post
860 1089 935 1124 fata
957 1088 1132 1134 praestari
1152 1089 1267 1136 magis
1293 1091 1406 1133 solet,
1434 1097 1592 1124 venera-

104 1143 240 1177 tionem
267 1141 326 1181 12,
351 1139 407 1180 11,
429 1139 464 1171 7.
490 1146 570 1168 cum
595 1133 748 1169 virtutes
774 1145 897 1169 earnm
917 1133 1138 1180 (orationum)
1159 1135 1232 1180 jam
1254 1135 1385 1170 sentiet
1401 1137 1437 1179 1,
1453 1135 1512 1176 11,
1531 1132 1590 1167 14.

103 1190 152 1234 y)
174 1186 248 1230 auli.
275 1186 346 1218 de:
374 1181 459 1227 qnid
483 1179 631 1214 sentiret
654 1181 704 1214 de
727 1191 796 1223 eo,
826 1181 889 1225 qni
914 1181 954 1214 in
975 1180 1150 1214 adulterio
1173 1181 1415 1224 deprehensus
1438 1183 1534 1214 esset
1552 1179 1590 1221 6,

103 1237 140 1276 3,
167 1235 226 1268 87.
251 1229 298 1272 qs.
321 1232 357 1270 2,
379 1230 418 1272 4,
438 1228 475 1262 8.
500 1229 557 1268 10,
582 1228 618 1268 3,
643 1228 699 1260 18.
726 1226 824 1270 quod
849 1227 909 1260 ine
932 1227 986 1260 de
1007 1227 1163 1271 populo,
1189 1226 1283 1261 idem
1307 1237 1376 1274 ego
1398 1227 1450 1260 de
1471 1223 1590 1260 omni-

100 1279 171 1315 bus
196 1275 408 1315 sentio'12,
429 1273 476 1315 9,
500 1274 557 1307 13.
581 1271 628 1313 cfi
651 1275 696 1315 2,
720 1272 786 1315 15,
808 1273 865 1306 18.
885 1271 932 1316 4,
956 1274 1001 1314 2,
1029 1272 1107 1307 106.
1130 1282 1199 1306 nec
1226 1274 1339 1307 multo
1362 1273 1458 1306 aliud
1480 1269 1541 1315 (a.
1566 1273 1589 1303 1.

103 1324 220 1364 aliter)
244 1323 296 1356 de
317 1318 425 1354 novis
447 1317 564 1352 sentio
588 1320 653 1360 10,
678 1320 721 1359 1,
743 1317 787 1351 41
812 1318 862 1352 Ν.
882 1330 929 1352 cr.
960 1322 1002 1352 ut
1035 1319 1089 1352 de
1111 1329 1152 1352 re
1173 1328 1317 1363 quoqne
1343 1319 1435 1354 bene
1459 1315 1589 1351 sentiat

100 1374 149 1414 7,
172 1372 214 1412 5,
239 1370 275 1403 3.
300 1365 428 1400 melius
452 1365 595 1408 de„hoc
621 1363 766 1397 nomine
792 1363 1019 1407 sentiant,
1045 1365 1321 1408 credantque
1345 1372 1407 1399 etc.
1441 1367 1504 1406 12,
1531 1365 1588 1405 10,

100 1417 160 1451 26.
190 1413 237 1458 es.
270 1415 316 1454 2,
348 1412 415 1454 15,
442 1412 501 1445 33.
538 1415 707 1453 tanquam
736 1410 789 1444 de
823 1421 931 1443 causa
963 1409 1098 1453 optime
1132 1410 1263 1444 sentiat
1289 1411 1332 1453 5,
1360 1413 1425 1453 13,
1449 1411 1509 1444 51.
1546 1414 1586 1442 ut

99 1461 172 1508 ipsi
202 1461 256 1495 de
282 1460 348 1493 illo
378 1457 471 1492 male
500 1455 653 1489 sentiant
675 1458 721 1498 2,
747 1458 792 1498 2,
821 1458 878 1489 12.
929 1451 979 1497 ὃ)
1003 1468 1073 1501 seq.
1103 1459 1264 1490 seruientia
1299 1460 1490 1498 interrogat.
1527 1462 1588 1488 aut

103 1512 229 1543 Aecus.
249 1518 280 1539 c.
304 1502 396 1547 11:12:
419 1513 487 1535 nec
510 1501 686 1544 sensisse,
711 1501 795 1544 quid
819 1501 981 1535 facerent
1002 1502 1047 1544 8,
1075 1503 1121 1544 3,
1140 1500 1188 1544 43
1215 1513 1307 1545 qnae
1332 1503 1422 1536 dnra
1443 1500 1588 1546 quidem

102 1552 251 1586 sentit
272 1560 373 1591 esse,
400 1553 645 1582 verumtamen
675 1557 743 1579 usu
778 1552 911 1590 putat
938 1556 1047 1590 posse
1067 1546 1202 1580 molliri
1223 1548 1267 1590 8,
1290 1550 1336 1589 3,
1361 1550 1419 1582 32.
1456 1546 1502 1587 ‹ff-
1530 1548 1586 1588 10,

102 1602 145 1640 7,
166 1595 202 1632 7'.
237 1599 370 1639 quanto
394 1591 532 1636 (onere)
557 1602 616 1624 me
645 1591 759 1635 premi
791 1592 911 1624 serens
941 1592 1060 1626 sentio
1082 1595 1147 1634 12,
1171 1593 1229 1626 Pr.
1249 1596 1283 1626 1.
1310 1599 1351 1626 nt
1375 1591 1519 1628 onerari
1547 1603 1587 1626 se

102 1645 206 1678 labor
232 1641 295 1675 ine
323 1649 399 1680 non
429 1637 559 1670 sentiat
593 1639 658 1679 10,
682 1637 729 1679 6,
753 1638 789 1670 3.
821 1636 1049 1671 rationem
1079 1637 1233 1671 fortasse
1265 1648 1342 1672 non
1375 1639 1585 1678 reddam,

104 1687 311 1724 sentiam
333 1694 414 1719 esse
435 1682 562 1717 melius
585 1683 630 1726 9,
650 1681 701 1726 4,
724 1683 802 1717 119.
824 1691 895 1726 ne,
921 1693 1014 1727 quae
1036 1681 1150 1727 dicet,
1172 1694 1300 1729 parum
1320 1684 1435 1720 andin·
1459 1683 1589 1718 sentiat

104 1738 160 1769 12*
186 1736 243 1774 11,
266 1734 300 1765 2.

58 1761 310 1835 separatim.
351 1796 432 1820 cum
459 1785 530 1818 dno
554 1784 654 1818 sures
678 1783 867 1828 pecuniam
892 1783 1124 1827 abstulerunt,
1147 1796 1223 1829 sep.
1239 1785 1474 1830 quadruplum
1491 1783 1588 1828 quis-
1623 1783 1626 1791 '

105 1844 180 1882 que·
197 1838 243 1869 an
268 1833 413 1876 duplum
435 1830 587 1864 debeat?
614 1832 650 1873 7,
672 1830 709 1874 4,
732 1830 790 1863 44.
818 1831 915 1874 qnod
940 1841 1016 1874 sep.
1040 1831 1191 1876 legimus
1214 1832 1250 1875 5,
1271 1835 1308 1875 7,
1332 1833 1369 1867 6.
1390 1833 1436 1866 de
1459 1831 1587 1876 quibus

101 1881 259 1928 partibus
280 1877 429 1922 singulis
452 1875 592 1920 qnidam
614 1887 689 1921 sep.
713 1875 871 1910 scribere
894 1876 1095 1910 maluerunt
1115 1875 1163 1921 4,
1188 1878 1247 1913 I'r.
1275 1881 1313 1912 7.
1591 1884 1594 1885 ’

61 1925 300 1982 Separatio.
332 1954 382 1961 -
411 1933 596 1985 criminpm
615 1935 663 1976 7,
686 1934 726 1976 1,
751 1933 794 1966 31
826 1924 862 1969 e.
886 1931 1232 1980 Congregatio.
1276 1933 1462 1970 nominum
1489 1932 1586 1968 idem

106 1980 377 2029 significantium
399 1985 573 2023 separatio
596 1979 641 2022 9,
662 1979 708 2023 3,
732 1977 792 2013 45.

61 2042 236 2095 Separo.
277 2046 327 2090 α)
355 2048 456 2092 plns,
488 2045 519 2080 si
541 2056 704 2090 separes,
733 2057 820 2079 usus
844 2044 923 2080 sine
949 2046 1130 2090 doctrina,
1152 2058 1257 2092 quam
1279 2047 1369 2082 citra
1389 2057 1494 2080 usum
1516 2045 1584 2079 do-

105 2097 221 2132 ctrina
242 2095 341 2129 vaiet
367 2095 432 2134 12,
457 2092 500 2134 6,
521 2091 559 2126 4.
582 2102 816 2135 separare
846 2093 973 2136 quaed.
1005 2094 1187 2127 schemate
1218 2093 1338 2137 aliquo
1367 2093 1466 2136 (non
1489 2093 1585 2126 enim

105 2149 160 2177 est
186 2141 263 2185 ipsa
294 2149 364 2184 per
394 2148 434 2171 se
459 2137 601 2172 iteratio
628 2138 819 2180 schema),
851 2143 887 2172 et
917 2137 1149 2182 excipere
1176 2139 1293 2182 aliqua
1316 2140 1362 2182 9,
1388 2143 1431 2180 2,
1463 2138 1509 2171 63
1533 2138 1580 2171 Ν.
1635 2154 1642 2157 ⁷

104 2196 308 2232 separemus
332 2183 489 2218 officium
517 2182 633 2216 dantis
654 2188 780 2216 testem
802 2187 839 2216 et
858 2184 1056 2218 refellentis
1083 2185 1125 2226 5,
1150 2185 1193 2227 7,
1220 2185 1255 2220 9.
1291 2196 1383 2228 quae
1413 2183 1501 2218 mihi
1523 2195 1582 2217 se·-

106 2231 258 2280 parandi
278 2229 368 2264 ratio
394 2230 484 2262 haec
505 2228 573 2262 fnit
593 2227 707 2272 prima
730 2229 771 2270 5,
793 2229 837 2271 9,
861 2231 895 2262 1.
924 2228 1165 2263 miscenda
1188 2229 1234 2262 sit
1257 2241 1303 2263 an
1325 2230 1582 2273 separanda

103 2278 261 2314 narratio
283 2276 326 2318 4,
349 2278 384 2317 2,
411 2277 491 2308 101.
516 2273 809 2316 separandis,
831 2285 924 2317 qnae
946 2281 1029 2308 sunt
1051 2275 1351 2309 differentia
1374 2278 1438 2319 12,
1459 2277 1501 2317 2,
1525 2277 1582 2309 13.

104 2329 149 2370 β)
178 2323 249 2365 adj.
273 2323 345 2355 ab:
369 2326 531 2354 neutrum
546 2321 601 2353 ab
624 2320 735 2353 altero
760 2330 888 2363 separo
909 2322 946 2362 2,
969 2321 1005 2363 6,
1027 2323 1064 2355 2.
1089 2326 1286 2363 oratorem,
1310 2333 1418 2365 quem
1439 2331 1461 2354 a
1483 2321 1582 2355 bono

104 2370 188 2405 viro
211 2378 286 2402 non
308 2376 433 2410 separo
460 2370 502 2408 2,
524 2368 590 2406 21,
613 2367 671 2398 12.
704 2364 879 2398 rationem
902 2365 1044 2400 dicendi
1069 2376 1092 2400 a
1115 2367 1213 2400 bono
1234 2366 1318 2402 viro
1344 2378 1418 2402 non
1439 2376 1585 2411 separa—

105 2426 185 2450 mus
207 2417 250 2455 2,
275 2416 331 2455 17,
354 2411 412 2446 43.
439 2413 526 2446 deus
552 2410 731 2454 separavit
755 2410 936 2444 hominem
959 2423 979 2444 a
1002 2410 1130 2446 ceteris
1152 2411 1360 2446 animalibus
1383 2415 1420 2455 2,
1444 2413 1500 2455 16,
1528 2415 1585 2446 12.

107 2457 309 2504 ἐναλογίαν
331 2457 473 2500 quidam
496 2468 518 2490 a
541 2455 647 2490 simili
669 2461 924 2500 separaverunt
949 2458 985 2499 5,
1010 2460 1067 2500 11,
1089 2455 1146 2492 34.
1167 2462 1208 2491 ut
1231 2469 1252 2490 a
1272 2458 1449 2501 praesenti
1473 2469 1583 2503 quae,-

105 2507 221 2540 stione
244 2508 385 2546 separet
410 2501 587 2547 (objecta)
608 2505 645 2544 7,
673 2504 716 2544 2,
743 2502 800 2536 29.
830 2500 969 2548 signum
1004 2503 1049 2536 ab
1081 2502 1295 2548 argumentis
1327 2505 1399 2549 jam
1420 2505 1584 2549 separavi

106 2554 148 2595 5,
175 2553 242 2592 10,
265 2553 322 2584 11.
346 2548 592 2584 divisione
618 2547 686 2581 hac
708 2547 863 2590 utimur,
886 2552 927 2580 ut
949 2547 992 2581 ab
1019 2558 1085 2590 eo,
1109 2549 1205 2593 quod
1227 2549 1373 2593 deceat,
1395 2550 1583 2585 utilitatem

104 2607 309 2642 separemus
336 2597 402 2637 11,
425 2598 444 2629 1
459 2619 471 2638 ,
495 2595 552 2628 12.
574 2592 758 2627 infirmitas
780 2604 801 2626 a
823 2592 1083 2627 robustioribus
1105 2595 1301 2638 separanda
1322 2602 1377 2631 est
1398 2600 1442 2639 2,
1465 2599 1502 2639 2,
1526 2595 1582 2630 14.

106 2654 213 2687 saepe
237 2654 257 2676 a
282 2640 403 2687 figuu‘s
426 2651 471 2675 ea
492 2638 623 2684 (vitia)
651 2649 816 2682 separare
830 2637 984 2672 difficile
1007 2645 1062 2674 est
1085 2642 1120 2683 1,
1142 2641 1178 2682 5,
1200 2642 1235 2676 5.
1278 2640 1326 2686 7)
1351 2645 1502 2676 Partim.-
1524 2653 1583 2675 se·

107 2694 230 2734 parata
250 2697 342 2723 vero
360 2687 451 2721 haec
473 2697 495 2720 a
517 2690 708 2729 praecepto
730 2695 804 2718 non
827 2685 999 2719 recedent
1023 2688 1056 2728 1,
1077 2685 1113 2728 5,
1136 2687 1194 2722 29.
1227 2693 1390 2723 neutrum
1415 2688 1583 2723 vitiosum

111 2739 166 2768 est
198 2738 482 2776 separatum,
512 2731 575 2764 sed
605 2729 951 2774 compositione
980 2737 1150 2774 peccatur
1180 2734 1224 2766 ib.
1251 2734 1307 2767 35.
1339 2735 1436 2779 quod
1458 2744 1584 2768 causae

110 2790 186 2814 non
208 2780 400 2824 cohaeret,
432 2783 632 2824 separatum
653 2775 809 2823 (dicitur)
836 2774 886 2822 4,
909 2779 927 2811 1
942 2802 955 2822 ,
977 2780 1033 2813 71.
1056 2777 1198 2813 interim
1220 2777 1375 2816 libera
1398 2785 1436 2815 et
1457 2790 1587 2824 sepa-
