1728 3002
500 271 650 317 Necte.
664 295 715 302 —
746 241 932 330 &egligo
1458 273 1538 314 55⁷

56 390 131 428 cari
151 389 311 437 potuisse
336 386 373 431 4,
397 385 433 431 6,
458 387 513 422 15.
538 399 572 422 ν.
599 386 788 422 Occido.
822 387 883 432 qui
917 397 938 421 a
972 397 1012 421 se
1046 386 1228 422 hominem
1264 391 1429 421 necatum
1462 397 1542 426 esse

1 452 6 457 ·
46 439 210 472 'fateatur
235 438 325 471 Cic.
351 435 386 478 5,
411 432 468 478 14,
490 435 537 468 20
557 434 629 478 Νη·
658 445 679 467 a
705 444 777 479 quo
800 434 946 468 fratrem
968 439 1134 468 necatum
1166 434 1201 476 8,
1231 434 1267 476 3,
1300 434 1358 469 29.
1394 439 1541 467 necatae

55 482 177 518 matris
200 484 235 525 3,
260 484 316 525 11,
341 481 377 515 6.

9 527 162 571 Necto·
210 538 244 582 l)
269 539 424 581 proprie.-
457 541 560 570 necte
582 534 747 580 laqueum
771 537 805 577 8,
830 535 864 578 5,
896 537 954 570 23.
1001 534 1053 578 Π)
1088 540 1227 569 ttansL:
1263 547 1324 570 eas
1359 534 1542 579 (figuras)

55 591 201 620 nectere
223 585 258 626 9,
283 585 317 626 3,
344 584 421 616 100.
458 582 598 624 omnia,
626 593 691 626 per
714 594 803 626 quae
829 591 947 616 sermo
971 581 1126 616 nectitur
1154 585 1186 626 1,
1211 583 1245 624 5,
1267 586 1303 619 2.
1327 582 1390 625 ubi
1413 581 1543 626 quinae

57 631 215 676 syllabae
236 634 426 664 nectuntur
446 629 482 671 9,
506 628 541 669 4,
566 629 624 662 65.

11 686 195 730 Nedum·
228 698 316 731 Nam
347 707 425 730 cum
454 696 542 729 haec
572 694 690 733 omnia
722 694 932 738 fecerimus,
971 695 1097 729 felices
1134 700 1272 738 tamen,
1317 695 1347 729 si
1379 702 1541 730 nostrum

56 745 157 778 illum
176 741 300 790 ignem
323 743 432 786 judex
455 741 679 784 conceperit:
714 744 886 775 nedum
912 753 992 774 eum
1019 741 1136 784 supini
1176 741 1363 786 securique
1378 753 1542 786 ,movea-

56 801 155 832 mus,
188 800 239 822 ac
262 798 352 821 non
380 789 433 831 (a.
459 791 481 820 1.
507 798 550 820 an
576 797 648 820 non
672 787 731 828 et)
758 786 834 831 ipse
859 794 980 821 nostra
1006 786 1214 821 oscitatione
1237 790 1399 821 solvatur
1425 791 1482 830 11,
1505 791 1541 830 3,

57 839 95 872 3.
118 835 174 868 Ac
196 834 348 879 primum
373 834 572 868 concedunt
598 833 685 866 mihi
712 844 836 867 omues
860 838 1000 877 oportet
1015 859 1026 875 ,
1055 834 1230 866 facturum
1262 835 1453 878 aliquando
1479 835 1543 877 ,vi-

15 880 17 882 ’
57 893 136 916 rum
158 880 316 922 bonum,
353 881 394 912 ut
415 878 638 912 mendacium
663 878 779 921 dicat,
813 885 848 912 et
884 879 1026 922 quidem
1062 889 1313 922 nonnunquam
1346 880 1542 914 levioribus

58 926 174 962 causis
196 938 262 959 -ε
296 926 425 958 nedum
450 924 479 958 si
504 925 546 957 ab
573 925 717 958 homine
741 924 938 958 occidendo
963 930 1144 970 grassator
1163 926 1376 959 avertendus
1399 925 1458 969 sit,
1482 932 1550 960 aut

57 972 171 1007 hostis
194 982 259 1016 pro
287 972 402 1005 salute
426 969 560 1014 patriae
586 971 761 1003 fallendus
786 972 842 1013 12,
868 973 902 1013 1,
928 972 989 1018 39.

12 1015 282 1108 Νεῐευίέἓεέγ
301 1038 340 1060 n.
364 1026 528 1060 homines
554 1028 587 1068 1,
610 1028 645 1070 3,
671 1030 728 1061 17.
751 1038 786 1060 ιι.
821 1027 869 1071 (α.
890 1030 915 1062 1.
939 1026 1139 1070 nefarium)
1162 1026 1373 1062 adulterium
1394 1029 1441 1062 Gi
1450 1040 1481 1062 c.
1508 1027 1544 1071 5,

0 1096 5 1106 .-
59 1079 125 1119 11,
183 1097 207 1107 2,
279 1097 289 1106 .
325 1085 374 1109 cr.

13 1129 230 1175 Nefarius.
263 1151 300 1174 n.
323 1139 507 1174 hominum
531 1138 584 1180 (ιιζ
610 1143 632 1173 l.
654 1138 909 1184 nefandorum)
936 1143 981 1175 Gi
994 1154 1023 1174 c.
1049 1141 1082 1183 5,
1108 1143 1165 1182 10,
1192 1140 1250 1176 99.
1289 1151 1358 1175 nec
1393 1137 1545 1185 parrici-

60 1190 140 1221 dam
166 1191 360 1230 nequ-am
385 1185 519 1219 dixeris
545 1186 737 1219 hominem.
769 1186 926 1219 deditum
953 1187 1048 1220 forte
1070 1186 1262 1228 meretrici,
1286 1187 1543 1220 nefarium:

61 1234 154 1277 quod
183 1233 332 1266 alterum
352 1240 494 1275 parum,
529 1232 676 1264 alterum
699 1232 848 1265 nimium
872 1238 926 1266 est
953 1229 1048 1274 8‚'3‚
1083 1231 1148 1274 483
1183 1232 1245 1265 ubi
1277 1232 1477 1267 inutiles
1501 1244 1543 1266 ac

62 1277 282 1313 nefariae
304 1281 423 1310 essent
444 1276 608 1320 (figurae)
631 1278 666 1317 9,
692 1280 727 1320 2,
758 1278 814 1313 79.
861 1279 905 1312 de
922 1285 967 1311 re
990 1279 1064 1312 nes.
1087 1279 1122 1320 3,
1147 1279 1184 1322 8,
1209 1278 1266 1312 47.

13 1318 164 1367 Nefas·
206 1322 255 1379 Αα)
278 1327 334 1377 et,
367 1343 454 1378 quo
467 1331 646 1368 d‘nefas
670 1340 787 1377 erat,
818 1336 882 1368 sed
906 1335 1050 1377 optabat
1075 1330 1178 1379 ipsa,
1213 1346 1273 1369 me
1310 1336 1433 1379 salvo,
1468 1347 1544 1369 ma-

59 1381 178 1416 ximos
200 1379 375 1414 cruciatus
398 1379 581 1424 praecipiti
603 1379 663 1413 via
687 1380 808 1426 effugit
826 1381 1042 1423 (Quintiliani
1067 1382 1189 1423 conjux
1211 1389 1428 1425 praematura
1455 1394 1545 1415 mor-

59 1424 119 1471 1ε)
141 1426 176 1469 6,
196 1426 258 1460 I’r.
282 1424 378 1460 6'N.
423 1435 597 1460 summum
619 1427 693 1459 nef.
723 1426 920 1470 suspicatus
944 1428 988 1460 de
1013 1437 1132 1460 uxore
1160 1428 1196 1469 9,
1220 1430 1256 1466 2,
1279 1428 1335 1462 80.
1373 1426 1416 1472 β)
1444 1441 1473 1461 c.
1497 1431 1545 1460 ir-

11 1510 14 1514 ·
59 1474 200 1506 risione:
232 1469 271 1515 a)
294 1482 316 1505 ι
338 1476 407 1516 qua
446 1468 627 1505 declinare
668 1472 727 1516 qui
756 1473 830 1506 nef.
854 1472 1043 1506 crediderit
1069 1475 1104 1515 2,
1130 1474 1186 1515 13,
1210 1473 1274 1514 163
1299 1474 1372 1507 nef.
1399 1475 1546 1515 ducunt,

60 1529 83 1552 a
105 1522 270 1562 suscepta
293 1517 405 1551 semel
427 1517 658 1562 persuasione
684 1518 868 1552 discedere
894 1521 949 1557 12,
974 1522 1009 1558 2,
1034 1519 1092 1553 26.
1128 1518 1166 1552 in
1192 1518 1354 1553 oratione
1376 1520 1545 1566 syllogis-

80 1571 82 1573 ’
143 1563 335 1607 aliquando
357 1562 410 1596 uti
434 1574 471 1596 n.
495 1574 568 1596 non
591 1565 684 1597 duco
712 1566 746 1605 5,
773 1563 828 1606 14,
855 1567 910 1603 27.
934 1576 968 1598 v.
990 1564 1132 1598 Duco.
1164 1565 1336 1608 'Turpe
1364 1576 1405 1598 ac
1429 1577 1544 1610 prope

3 1632 19 1651 0
35 1574 152 1660 *ᾖ
178 1609 331 1651 ducunt,
359 1609 534 1652 respirare
556 1610 631 1642 ullo
657 1611 740 1649 loco
760 1611 794 1650 8,
823 1611 856 1652 5,
883 1610 938 1643 14.
963 1621 1066 1654 quae,
1096 1621 1177 1659 curp
1206 1617 1436 1653 acceperimt,
1467 1623 1545 1644 mu-

1 1654 138 1698 „tare
159 1665 195 1699 n,
218 1655 351 1691 habent
378 1657 433 1697 12,
460 1656 495 1696 8,
519 1655 553 1688 6.
602 1653 641 1697 b)
666 1658 690 1691 ί.
714 1669 744 1699 q.
766 1654 887 1696 fieri
910 1668 986 1688 non
1012 1662 1175 1698 potest.-
1202 1667 1267 1689 cur
1287 1657 1396 1703 igitur
1419 1668 1452 1690 n.
1478 1663 1546 1699 est,

0 1723 1 1740 ;
60 1699 212 1744 reperiri
234 1699 364 1744 aliquid
391 1711 412 1733 a
435 1699 540 1733 nobis
563 1702 620 1741 10,
647 1703 683 1742 2,
711 1702 732 1735 5
756 1703 802 1735 Ν.
826 1711 944 1744 neque
966 1700 1055 1734 illud
1077 1713 1115 1735 n.
1141 1706 1206 1744 est,
1237 1707 1284 1734 ut
1307 1702 1461 1746 aliquem
1482 1704 1546 1737 vel

0 1762 1 1766 =
59 1745 212 1788 plurima
234 1747 383 1780 deceant
413 1748 468 1787 11,
498 1746 533 1787 3,
559 1746 638 1779 181.

16 1783 308 1844 Negligenter·
355 1812 390 1833 n.
420 1800 642 1834 audientibus
665 1802 700 1844 8,
725 1803 762 1843 2,
785 1803 842 1836 23.
868 1802 974 1846 pilam
994 1814 1032 1836 n.
1060 1801 1196 1847 petenti
1228 1803 1263 1846 6,
1287 1804 1322 1846 3,
1346 1803 1404 1838 62.
1430 1814 1500 1838 nec
1524 1815 1547 1838 a

63 1846 167 1880 nobis
187 1857 226 1879 n.
247 1845 350 1878 locus
372 1846 440 1879 iste
471 1846 676 1880 transibitur
699 1850 735 1890 2,
757 1845 794 1890 4,
819 1851 875 1882 17.

19 1899 366 1964 Νθὲιὶἔθῐξῐὶῧι-α)
395 1912 517 1946 nescio
541 1914 840 1966 negligentia
857 1915 904 1957 (ιι.
918 1913 1111 1968 Lnegleg.)
1138 1915 1186 1949 in
1207 1917 1291 1959 hoc,
1307 1928 1352 1950 an
1375 1917 1468 1951 soli
1482 1917 1543 1951 ci-

65 1959 178 1992 tudo
195 1962 242 1991 sit
264 1959 409 2001 pem-9,
420 1957 455 2000 4,
466 1960 525 1993 35.
545 1960 641 2003 qnod
660 1961 856 1992 ubertatem
874 1961 1110 2007 negligentiae
1122 1962 1207 1994 facit
1220 1966 1273 2002 11,
1287 1966 1322 2004 2,
1333 1961 1390 1997 45.
1418 1962 1460 2007 ῥ’)
1473 1967 1545 1996 Ac-

67 2017 158 2038 cua-1..-
187 2003 282 2048 negl.
308 2003 552 2037 collocationis
576 2004 652 2048 ipsa
679 2006 870 2039 verborum
898 2008 977 2039 luce
1002 2008 1277 2051 deprehenditur
1298 2009 1333 2050 9,
1356 2007 1392 2051 4,
1418 2010 1472 2043 15.
1498 2010 1544 2043 da

64 2051 159 2096 negt.
181 2048 358 2082 formandi
386 2049 679 2093 custodiendique
701 2051 846 2092 pudoris
884 2054 917 2092 1,
950 2054 984 2091 2,
1016 2050 1052 2084 4.
1090 2052 1175 2085 facit
1199 2053 1380 2086 ediscendi
1421 2065 1506 2099 neg
1518 2057 1541 2089 l.

63 2097 156 2130 haec
178 2094 255 2139 ipsa
279 2094 463 2127 fiducia
487 2094 542 2136 10,
561 2098 603 2137 ’7,
626 2098 671 2129 32
698 2099 739 2128 Ζ.
770 2097 886 2141 negl.
910 2095 1242 2140 simplicitatis
1264 2099 1408 2133 nomine
1433 2101 1546 2134 lenie-

64 2147 124 2175 tur
155 2138 191 2183 4,
214 2143 250 2182 2,
285 2143 340 2174 77.
391 2140 568 2173 scribendi
600 2142 696 2187 negl.
731 2141 860 2175 damno
893 2144 948 2184 10,
981 2143 1017 2184 3,
1049 2144 1104 2176 18.
1138 2143 1316 2177 actionum
1350 2144 1546 2183 incusanda

65 2187 203 2233 negt„
233 2191 291 2218 aut
314 2186 358 2219 de
382 2185 675 2220 infirmitate
697 2196 927 2229 personarum
955 2189 1173 2231 querendum
1202 2190 1236 2232 5,
1272 2194 1306 2231 2,
1335 2191 1357 2224 3
1396 2192 1443 2224 N.
1497 2193 1545 2225 Ut

90 2242 242 2276 urpurae
262 2236 361 2264 recte
385 2232 612 2273 descendant,
643 2232 734 2265 levis
760 2243 874 2266 cura
893 2238 957 2265 est.
1001 2234 1150 2266 Notatur
1172 2234 1314 2269 interim
1340 2238 1460 2283 negl.
1486 2241 1523 2270 11

35 2309 45 2313 -
67 2279 193 2320 3,139.
230 2275 410 2319 „Amat-
434 2276 529 2310 istud
551 2287 624 2311 non
646 2278 944 2324 negligentia
970 2278 1097 2320 iudicis
1110 2280 1282 2327 contingit
1300 2282 1364 2314 sed
1387 2263 1544 2317 errore:

67 2335 145 2377 οη).
173 2327 342 2356 attentum
378 2332 420 2355 ac
455 2322 606 2356 docilem
638 2323 791 2366 judicem
826 2323 861 2366 4,
898 2327 929 2366 1,
965 2326 1020 2358 37.
1054 2326 1334 2369 (praeceptores)
1371 2328 1542 2372 detinent,

17 2376 19 2378 ·
67 2378 159 2412 quos
181 2373 468 2410 occupaverunt,
497 2384 544 2390 —
569 2371 662 2415 negt.
694 2372 748 2410 12,
770 2372 827 2412 11,
858 2369 914 2403 14.
949 2375 1121 2416 augentur
1155 2372 1260 2407 vocis
1295 2373 1387 2407 bona
1417 2385 1543 2409 cura:

66 2412 366 2459 negligentia
390 2413 594 2448 minuuntur
618 2417 674 2457 11,
698 2416 733 2457 3,
760 2417 814 2450 19.
838 2427 871 2449 v.
894 2414 1026 2450 Cura.

21 2467 219 2524 Negligo·
267 2478 308 2523 a)
332 2490 422 2522 quae
450 2478 480 2512 si
503 2479 682 2526 negligas,
709 2492 783 2515 non
807 2482 852 2516 sit
877 2484 1070 2527 majoribus
1089 2485 1190 2517 locus
1216 2486 1273 2520 Pr.
1294 2486 1327 2520 5.
1350 2485 1396 2527 ff.
1426 2489 1482 2530 12,
1507 2487 1542 2530 4,

68 2528 101 2559 1.
124 2525 199 2559 Nec
223 2535 288 2571 ego
312 2531 428 2558 tamen
455 2535 499 2559 eo
525 2527 615 2559 mitti
637 2538 785 2570 puerum
807 2530 916 2571 volo,
950 2529 1011 2562 ubi
1034 2529 1233 2576 negligatur
1267 2535 1300 2573 1,
1334 2534 1371 2575 2,
1396 2535 1451 2567 15.
1498 2533 1542 2576 β)

66 2574 161 2605 Part.
190 2574 303 2604 Passa
341 2576 434 2604 terra
455 2573 681 2618 neglecta
707 2586 783 2616 opp.
813 2575 940 2607 culta
963 2577 997 2616 5,
1024 2579 1079 2617 11,
1100 2577 1158 2609 24.
1182 2576 1232 2609 in
1265 2577 1362 2611 omni
1395 2579 1541 2625 negotio

65 2617 228 2663 neglecta
251 2616 440 2650 auctoritas
466 2619 520 2659 11,
546 2620 579 2656 1,
602 2619 658 2651 30.
682 2622 846 2665 neglecto
879 2631 998 2653 rerum
1030 2623 1188 2664 pondere
1221 2628 1256 2656 et
1286 2623 1423 2657 viribus
1458 2636 1543 2658 sen-

34 2684 45 2705 ,
66 2662 256 2696 nuntiarum
278 2663 313 2704 9,
338 2664 371 2704 3,
400 2664 476 2696 100.
503 2662 547 2695 in
567 2662 726 2706 epistolis
749 2664 895 2699 secretis
919 2677 964 2699 ne
988 2666 1058 2700 hoc
1082 2667 1225 2711 quidem
1257 2670 1458 2713 neglectum
1480 2681 1542 2703 re-

26 2725 37 2750 g
66 2707 214 2751 liquisse
238 2711 271 2750 1,
295 2710 328 2750 1,
349 2708 408 2742 29.
452 2707 490 2751 y)
514 2711 606 2742 Part.
631 2712 770 2744 Praes..·
799 2717 838 2744 ut
859 2716 995 2744 taceam
1020 2713 1064 2746 de
1086 2713 1363 2760 negligentibus,
1392 2726 1543 2759 quorum

32 2776 34 2778 v
68 2752 158 2790 nihil
179 2753 310 2795 refert,
342 2753 403 2786 ubi
428 2760 490 2786 cte.
516 2756 571 2795 12,
596 2750 631 2791 8.
654 2757 687 2788 2.
713 2766 778 2799 pro
804 2756 1104 2800 simplicibus
1135 2759 1446 2806 negligentes
1484 2764 1541 2803 10,

69 2800 104 2840 2,
131 2799 184 2832 16.
209 2808 283 2831 non
309 2809 485 2841 reponere
508 2810 586 2832 eam
615 2800 792 2844 (togam),
826 2812 971 2845 prorsus
1010 2804 1301 2851 negligentis
1329 2812 1389 2839 aut
1418 2805 1541 2852 pigri

43 2845 46 2847 ’
70 2847 125 2877 est
149 2845 206 2888 11,
233 2844 268 2888 3,
296 2842 375 2880 149.
395 2856 430 2879 v.
454 2844 613 2880 Malus.
638 2845 669 2881 si
689 2857 772 2882 reus
795 2847 882 2883 funi
906 2848 1129 2897 prodigus
1164 2850 1301 2886 dicatur
1332 2856 1392 2887 aut
1422 2853 1540 2899 negl-
