1742 2964
758 131 922 175 Vitium
965 139 970 142 “
1510 133 1592 174 967

78 239 134 283 V'
156 239 169 252 ⁰
290 247 332 291 ι)
356 261 387 284 ο.
409 249 548 285 Δαυίδη-
570 246 637 284 vit.
659 245 801 292 quidem
825 247 887 282 sed
911 244 1059 280 amabile.
1082 250 1118 280 et
1139 256 1231 291 quae
1253 244 1402 280 virtutes
1423 244 1591 280 facillime

290 297 351 339 12,
370 294 406 337 ἦ
427 297 463 330 2.
487 293 690 338 app-reatin
712 304 750 328 v.
775 295 831 335 12,
851 294 890 336 8,
915 294 971 331 10.
996 292 1157 327 dulcibus
1179 303 1217 326 v.
1244 294 1289 326 10
1323 295 1356 335 1,
1381 292 1460 327 129.
1483 292 1591 325 inuti-

214 350 261 375 an
280 340 425 376 soedin
444 351 487 376 v.
503 343 560 381 11,
574 341 696 393 035⁵&
713 338 905 379 hnmih'ora
926 349 963 373 v.
984 341 1040 379 11,
1065 342 1098 382 1,
1125 339 1183 372 30.
1203 337 1347 372 latentia
1368 349 1407 372 v.
1429 338 1463 378 9,
1482 341 1516 377 2,
1533 338 1594 383 93..

95 386 342 425 judicando
363 387 404 424 v}
425 386 490 423 vet
509 383 704 426 manlium*
726 386 768 427 8,
794 385 850 418 Pr.
873 386 930 419 25.
961 383 1086 419 vitium
1115 394 1187 418 non
1210 384 1304 418 inter
1325 383 1468 418 minima
1489 385 1534 426 9,
1560 386 1591 424 1,

95 463 102 468 ,,
210 432 396 474 obncurius
425 443 463 466 v.
494 428 542 477 9,
572 430 618 475 4,
645 430 701 466 34.
733 441 770 465 v.
802 436 1012 475 utrumque,
1041 431 1140 474 pejus
1175 435 1290 463 tamen
1314 429 1400 463 illud
1422 432 1465 470 2,
1488 427 1533 471 4,
1556 430 1592 462 4.

72 496 78 506 ι
206 478 277 514 'um
308 478 355 512 in
386 476 586 522 eloquentia
620 488 657 511 v.
692 477 881 520 pessimum
914 479 956 519 8,
989 478 1032 518 3,
1065 478 1121 511 56.
1155 476 1284 509 ultimis
1318 488 1356 510 v.
1382 478 1426 518 2,
1462 477 1503 514 2,
1535 476 1589 508 15.

86 549 106 560 0
144 519 161 567 )
184 534 213 558 e:
227 526 357 560 Genii-e
384 529 423 556 nt
445 522 626 557 hominum
648 522 735 557 vitia
757 523 862 557 rebus
884 522 1062 568 assignent
1078 523 1111 565 5,
1138 524 1192 563 13,
1217 524 1274 556 35.
1299 521 1396 556 vitiis
1417 521 1590 565 quorund-

78 599 86 617 ,
116 528 215 607 flon-
246 570 322 614 ejus
355 568 654 613 corrumpentium
679 571 743 612 12,
766 571 811 611 2,
834 571 869 604 9.
903 580 940 603 v.
965 566 1108 602 nimium
1138 567 1266 602 soliciti
1299 574 1334 602 et
1358 569 1452 602 circa
1474 565 1592 600 onnia

116 621 298 650 momenta
323 614 487 649 luctantis
509 615 552 654 5,
577 617 643 658 13,
666 614 721 648 51.
743 625 781 649 v.
807 614 948 649 Stoicae
971 620 1090 648 sectae
1114 617 1153 648 11
1168 639 1178 651 ,
1205 617 1221 647 1
1237 639 1247 657 ,
1271 616 1329 649 70.
1362 612 1469 647 animi
1492 623 1531 647 v.
1555 614 1589 654 3,

116 657 155 704 ’1,
178 663 237 696 20.
258 662 303 703 fi,
318 663 354 702 2,
375 663 409 695 3.
431 659 658 704 adiectionis,
680 660 926 703 detractionis,
952 660 1164 694 inversionis
1186 672 1223 694 v.
1251 664 1281 700 1,
1305 661 1338 700 5,
1362 659 1420 696 40.
1444 669 1481 692 v.
1505 668 1592 692 con-

99 707 302 749 yfidentiae,
320 706 552 745 temeritatis,
578 705 831 749 improbitatis,
855 705 1077 752 arrogantiae
1102 709 1166 746 12,
1190 708 1232 746 5,
1255 708 1290 739 2.
1323 717 1359 740 v.
1388 703 1590 738 barbarismi

108 754 211 800 2¹35·
235 755 292 791 10.
317 752 434 787 omnia
457 751 659 786 deliciarum
682 763 719 786 v.
747 755 778 794 1,
802 753 836 792 8,
865 754 887 787 9
920 751 1126 786 humilitatis
1149 762 1186 785 v.
1214 752 1249 794 8,
1272 753 1307 794 3,
1330 749 1387 784 4⁵3.
1411 749 1591 794 improprii

64 811 66 815 ·
87 804 155 843 ,vg
177 798 218 839 8,.
233 800 268 839 2,
289 796 325 832 4.
348 809 422 832 non
443 798 572 834 virium
597 799 659 832 ned
682 796 890 832 infirmitatis
913 810 951 831 v.
970 801 1004 835 2,
1029 799 1064 836 3.
1087 799 1122 833 9.
1145 809 1180 832 v.
1199 796 1399 831 iracundiae
1421 797 1459 838 6,
1477 797 1512 838 3,
1536 798 1590 829 10.

102 888 104 890 ¹
144 840 158 851 '⁴
236 854 257 879 e
281 849 317 878 et
339 844 413 877 oris
437 855 481 882 v,
500 846 533 885 1,
557 844 587 882 1,
615 844 668 878 13.
701 843 868 878 materiae
893 855 965 878 non
989 843 1122 890 ingenii
1146 854 1183 877 v.
1210 845 1263 884 10,
1288 846 1320 884 1,
1349 843 1404 876 60.
1431 853 1468 876 v.
1492 851 1592 874 men-

116 888 163 924 tis
188 889 242 929 12,
265 892 301 932 1,
324 891 383 924 32.
408 889 578 923 orationis
600 901 638 926 Υ.
662 892 701 932 1,
726 891 768 932 5,
793 893 810 923 1
850 892 906 933 12,
932 893 962 927 1.
986 893 1040 923 22.
1071 900 1108 926 v.
1132 899 1207 922 non
1229 894 1374 922 naturae
1397 889 1459 922 sed
1483 886 1588 931 trepi-

116 934 270 971 dationis
294 937 359 978 11,
384 935 425 975 3,
453 938 532 969 121.
554 947 592 971 v.
615 935 828 980 positionum
851 939 891 978 2,
920 938 983 979 10,
1010 938 1063 969 15.
1090 934 1387 979 pronuntiationis
1411 946 1448 968 v.
1478 936 1533 975 11,
1558 935 1591 973 3,

116 979 197 1016 149.
218 989 336 1016 mum
358 980 447 1015 vitia
469 986 567 1023 sunt,
591 983 751 1022 stultum,
775 991 985 1019 commune,
1011 981 1245 1023 contrarium,
1274 990 1533 1024 supervacuum
1559 980 1593 1017 8,

115 1028 152 1068 3,
177 1027 232 1062 57.
255 1027 428 1061 sermonis
451 1039 488 1062 v.
516 1031 532 1060 1
547 1052 560 1069 ,
584 1030 623 1069 1,
650 1029 704 1061 13.
726 1039 764 1062 v.
790 1027 989 1062 soloecismi
1014 1030 1053 1067 1,
1081 1027 1123 1068 5,
1147 1029 1202 1062 53.
1226 1038 1262 1062 v.
1290 1026 1396 1059 unius
1419 1025 1521 1060 verbi
1550 1027 1591 1057 ib.

117 1072 173 1107 16.
199 1071 269 1107 alia
290 1073 385 1106 vitae
406 1084 444 1109 v.
466 1076 524 1114 11,
545 1075 580 1115 3,
604 1073 651 1108 60
666 1074 712 1106 Ν.
736 1074 899 1107 cantandi
923 1085 959 1108 v.
984 1076 1038 1114 11,
1057 1075 1090 1112 3,
1113 1074 1170 1107 57.
1185 1083 1224 1107 v·
1243 1071 1383 1106 dicendi
1406 1072 1441 1115 8,
1459 1071 1517 1104 Pr.
1539 1073 1591 1104 17.

88 1117 157 1164 Ἰ1)
179 1118 375 1152 Nominat„-
405 1117 534 1153 vitium
566 1124 620 1152 est
647 1117 799 1163 ubique,
830 1121 928 1162 quod
959 1118 1107 1152 nimium
1135 1124 1189 1152 est
1211 1119 1254 1154 8,
1280 1120 1324 1160 3,
1348 1117 1405 1151 42.
1439 1116 1593 1160 ideoque

114 1169 280 1210 neutrum
307 1163 396 1210 (Sp.
420 1164 506 1208 nec)
530 1164 654 1200 vitium
678 1167 719 1207 2,
748 1168 810 1207 17,
834 1168 878 1199 27
897 1169 946 1199 Ζ..
972 1165 1155 1210 utriusque
1182 1163 1343 1197 ultimum
1372 1161 1436 1198 vit.
1460 1167 1512 1196 est
1536 1165 1592 1204 12,

117 1210 175 1251 10,
194 1209 256 1244 80.
277 1207 404 1244 vitium
426 1210 516 1247 erit,
542 1210 705 1254 quotiens
738 1210 891 1244 otiosum
914 1212 1022 1244 fuerit
1045 1217 1080 1244 et
1103 1209 1299 1254 supererit,
1329 1219 1402 1243 non
1427 1219 1506 1242 cum
1530 1208 1594 1241 ad-

114 1253 257 1298 iicietur
274 1256 319 1299 8,
346 1257 389 1298 3,
412 1257 469 1291 55.
496 1254 543 1298 cs.
569 1257 604 1294 9.
628 1258 662 1297 3,
685 1259 718 1289 2.
743 1257 836 1300 quod
862 1267 958 1290 nunc
981 1255 1134 1290 maxime
1155 1267 1194 1295 Υ.
1222 1261 1276 1289 est
1302 1255 1349 1298 9,
1371 1254 1418 1295 4,
1441 1254 1499 1289 66.
1532 1265 1594 1288 sua

164 1300 173 1308 '
214 1310 247 1348 ,⁰
267 1311 306 1336 v.
330 1307 413 1334 sunt
436 1304 493 1344 11,
517 1303 552 1342 3,
578 1295 664 1343 121,
695 1313 732 1337 v.
758 1307 817 1335 aut
841 1301 886 1334 in
909 1301 1030 1336 verbis
1056 1307 1111 1335 est
1132 1307 1192 1334 aut
1213 1301 1263 1335 in
1289 1302 1396 1335 rebus
1418 1303 1455 1342 2,
1477 1298 1513 1342 4,
1537 1301 1594 1334 37.

114 1344 463 1390 τμιςιιρρθτοίῐὶίε,
487 1346 517 1380 si
541 1354 603 1380 ete.
632 1350 670 1380 11
685 1371 697 1389 ,
719 1349 762 1388 3,
786 1348 842 1381 79.
874 1347 917 1381 in
945 1358 1017 1391 quo
1039 1346 1130 1381 nihil
1152 1346 1231 1382 vitii
1254 1353 1349 1387 erat,
1381 1345 1451 1380 nisi
1473 1353 1534 1379 etc.
1558 1343 1594 1386 4,

117 1389 234 1434 1,‘.24.
262 1398 319 1425 ex
351 1393 484 1426 scholis
507 1394 596 1427 haec
617 1404 653 1428 v.
676 1393 719 1435 6,
749 1395 781 1430 1.
805 1392 861 1427 43.
888 1399 1006 1428 cetera
1028 1405 1065 1427 v.
1092 1393 1211 1427 omnia
1235 1404 1288 1427 ex
1311 1392 1469 1436 pluribus
1493 1391 1595 1426 voci-

116 1437 184 1471 bus
206 1441 288 1471 sunt
310 1440 344 1479 1,
366 1439 400 1477 5,
424 1437 492 1479 343
523 1438 607 1471 hinc
632 1438 796 1472 accidunt
818 1438 906 1472 vitia
932 1442 961 1478 1,
988 1443 1018 1480 1,
1042 1441 1098 1472 13.
1125 1438 1170 1477 cs.
1196 1442 1228 1477 1,
1253 1441 1292 1474 5.
1326 1441 1378 1472 17.
1403 1439 1445 1478 8,
1468 1438 1512 1479 6,
1535 1437 1593 1470 67.

117 1484 176 1525 11,
200 1484 234 1522 3,
256 1483 313 1517 56.
334 1482 374 1517 in
399 1483 560 1526 quibusd.
585 1494 623 1521 γ,
648 1484 724 1535 ipsa
746 1485 924 1517 delectant
948 1487 986 1517 11
1001 1509 1011 1523 ,
1034 1486 1073 1526 3,
1099 1485 1179 1517 178.
1206 1484 1332 1526 quaed.
1357 1495 1394 1517 v.
1419 1483 1507 1515 fiunt
1530 1493 1595 1516 ne-

89 1537 99 1544 ·
117 1526 271 1563 cessaria
294 1519 336 1561 ι’ί.
363 1527 446 1562 134.
478 1529 602 1571 quaed.
627 1528 747 1561 vitia
774 1528 938 1563 facillime
964 1529 1051 1562 fiunt
1078 1529 1264 1562 manifesta
1289 1527 1476 1562 contrariis
1504 1527 1595 1563 vir-

116 1572 303 1618 tutibus
325 1571 371 1613 8,
397 1575 444 1614 3,
465 1571 523 1608 49'.
555 1572 654 1616 priris
676 1573 715 1606 fit
736 1573 815 1607 iisd.
845 1574 1058 1620 generibus,
1088 1574 1214 1617 quibus
1238 1573 1324 1608 vitia
1348 1575 1391 1610 9.
1414 1575 1460 1614 3,
1485 1576 1517 1606 2.
1541 1584 1594 1613 v.‚

117 1619 215 1662 quod
236 1617 276 1650 fit
298 1617 336 1652 in
359 1617 506 1663 singulis
527 1618 648 1653 verbis
674 1622 688 1651 1
706 1644 716 1661 ,
741 1621 784 1661 5,
807 1620 842 1653 6.
866 1632 922 1661 7.,
948 1620 1042 1663 quod
1064 1619 1104 1651 fit
1126 1631 1191 1663 per
1214 1620 1442 1663 quantitatem
1472 1621 1516 1652 ib.
1539 1617 1596 1653 46.

116 1665 214 1698 unde
235 1662 273 1697 id
297 1673 439 1707 quoque
462 1675 499 1698 v.
528 1664 625 1704 fluit,
649 1669 694 1697 ut
718 1673 780 1697 etc.
808 1668 869 1703 11,
894 1668 938 1707 3,
964 1666 1039 1699 109.
1073 1676 1163 1708 quae
1200 1666 1309 1699 semel
1341 1664 1537 1698 insederint
1558 1676 1596 1699 v.

117 1711 163 1752 2,
187 1711 230 1751 3,
250 1712 287 1742 2.
318 1709 468 1752 plurima
490 1708 573 1743 hinc
598 1715 675 1743 orta
702 1721 739 1744 v.
763 1711 808 1749 8,
831 1711 872 1749 6,
896 1712 953 1744 74.
981 1722 1042 1751 17.,
1066 1722 1156 1753 quae
1182 1711 1364 1744 robustum
1388 1720 1529 1754 quoque
1552 1726 1596 1734 -

116 1764 239 1800 regem
262 1759 343 1787 sunt
365 1760 549 1798 persecuta
575 1758 591 1788 1
606 1779 617 1796 ,
640 1758 681 1798 1,
703 1755 740 1790 9.
764 1757 860 1799 quod
882 1767 920 1791 v.
949 1756 1104 1799 pervasit
1131 1759 1169 1789 11
1183 1781 1194 1797 ,
1219 1760 1260 1797 1,
1283 1757 1338 1790 56.
1371 1756 1597 1790 vincentibus

118 1811 156 1835 v.
184 1801 379 1843 cedendum
405 1806 458 1833 est
480 1801 523 1842 8,
544 1802 588 1840 3,
612 1799 668 1835 45.
724 1798 767 1844 ε)
795 1803 902 1836 Genii.
929 1809 959 1834 et
983 1805 1088 1835 Dan:
1128 1802 1294 1836 vitiorum
1318 1802 1511 1836 insectator
1540 1803 1595 1835 10,

121 1848 160 1888 1,
187 1845 264 1882 129.
287 1846 371 1891 suga
393 1845 561 1880 vitiorum
584 1847 618 1887 9,
643 1847 676 1884 3,
701 1848 756 1880 10.
783 1846 1008 1880 virtutum
1035 1845 1342 1891 vitiorumque.
1366 1858 1440 1881 non
1463 1853 1596 1880 tantum

117 1895 282 1934 natum
305 1892 368 1924 sed
395 1891 499 1924 etiam
521 1892 664 1924 modum
687 1897 813 1925 tractat
835 1895 879 1934 2,
901 1892 944 1933 4,
968 1895 1024 1926 21.
1054 1891 1135 1927 vitii
1157 1893 1382 1928 similitudine
1405 1894 1444 1929 9.
1469 1895 1510 1933 3,
1538 1895 1596 1927 27.

121 1935 178 1981 ap.
203 1947 292 1980 quos
316 1935 575 1980 (phnosophos)
603 1937 683 1971 vitii
716 1939 798 1972 loco
832 1943 885 1972 est
914 1938 1008 1971 affici
1031 1939 1076 1980 6,
1101 1941 1143 1981 1,
1167 1943 1188 1973 7
1202 1952 1212 1980 ;
1247 1939 1304 1973 cui
1336 1950 1373 1976 v.
1410 1938 1522 1972 simite
1554 1938 1598 1971 sit

121 1983 264 2023 schema
288 1983 332 2024 9,
356 1984 398 2024 3,
425 1985 479 2015 10.
523 1981 611 2027 Quis
643 1982 776 2016 dubitet
799 1983 939 2018 vitiis
971 1984 1147 2018 ascribere
1172 1985 1427 2027 affectum,
1454 1989 1599 2028 propter

121 2038 229 2072 quem
258 2027 376 2061 facere
408 2028 558 2061 honeste
591 2029 699 2071 pudet
723 2031 784 2071 12,
811 2031 853 2071 53
879 2031 913 2063 3.
950 2041 982 2062 υ.
1008 2030 1243 2064 Affectus.
1291 2028 1328 2071 ε)
1351 2034 1500 2064 Amas..-
1535 2030 1598 2063 ab·

122 2073 314 2108 ominanda
338 2078 418 2107 sunt
447 2074 622 2151 consraria
646 2074 701 2107 his
723 2086 762 2108 v.
793 2077 859 2115 12,
887 2077 930 2116 5,
962 2077 992 2108 1.
1014 2076 1050 2108 in
1082 2087 1153 2119 quo
1179 2088 1214 2110 v.
1240 2077 1402 2110 cavendo
1423 2077 1466 2114 8,
1484 2078 1537 2115 ,2,
1556 2077 1596 2109 ’2.

121 2130 162 2155 v.
187 2124 307 2162 aperte
331 2130 506 2164 coargnen
533 2130 552 2151 a
575 2125 656 2152 sunt
678 2123 712 2162 2,
739 2121 781 2162 6,
803 2123 834 2153 3.
858 2126 896 2154 ut
920 2131 959 2154 se
985 2122 1124 2155 abunde
1147 2122 1279 2155 similes
1299 2127 1434 2165 putent,
1459 2120 1490 2154 si
1511 2120 1597 2156 vitia

122 2175 330 2210 magnorum
361 2170 621 2208 consequantur
645 2167 706 2202 10.
733 2169 771 2203 1,
806 2168 863 2199 25.
899 2166 1006 2209 idque
1042 2178 1100 2208 νη,
1137 2169 1231 2211 quod
1270 2166 1398 2211 corrigi
1426 2177 1500 2200 non
1531 2177 1600 2211 po·

122 2215 260 2250 tuerat,
282 2227 324 2234 -
352 2220 430 2243 esse
459 2210 632 2243 sublatum
658 2212 723 2253 10,
748 2213 789 2252 3,
814 2213 868 2244 32.
901 2212 1047 2245 medicis
1079 2223 1151 2246 non
1184 2213 1385 2256 apparentia
1419 2213 1526 2246 modo
1559 2224 1596 2246 v.

121 2256 278 2290 curanda
301 2260 394 2296 sunt,
418 2256 483 2289 sed
505 2255 608 2289 etiam
631 2256 860 2298 invenienda,
893 2267 982 2301 quae
1006 2260 1116 2291 latent
1140 2261 1196 2299 12,
1219 2259 1254 2300 8,
1278 2261 1333 2292 10.
1358 2259 1600 2292 demonstrare

121 2301 213 2338 viti·
234 2304 277 2340 2,
303 2302 344 2341 5,
369 2302 403 2335 5.
436 2302 477 2339 8,
500 2299 542 2342 4,
566 2300 622 2334 44.
652 2304 759 2335 multa
791 2302 933 2349 linguae
957 2315 1019 2345 τη,
1047 2304 1115 2337 nisi
1140 2303 1237 2347 prius
1261 2303 1467 2337 eximuntur
1489 2303 1600 2342 annis.

120 2346 372 2382 inemendabili
402 2345 440 2380 in
471 2352 648 2390 posterum
680 2349 853 2391 pravitate
883 2350 1052 2382 durantur
1076 2352 1116 2388 1,
1148 2353 1188 2390 1,
1213 2352 1269 2384 37.
1306 2349 1343 2382 in
1376 2349 1536 2383 eluendis
1561 2361 1598 2383 v.

121 2395 168 2436 2,
188 2393 234 2434 3,
257 2395 292 2426 2.
316 2392 443 2426 vitium
475 2393 683 2427 emendasse
711 2396 771 2433 11,
796 2395 834 2433 3,
863 2396 940 2428 130.
968 2396 1012 2428 ad
1037 2394 1203 2428 evitanda
1229 2407 1266 2428 v.
1292 2398 1354 2437 10,
1383 2398 1425 2434 2,
1456 2394 1510 2429 15.
1537 2405 1600 2428 ex-

124 2443 291 2472 cusantur
317 2449 354 2473 v.
379 2440 413 2480 1,
437 2437 470 2476 5,
490 2439 522 2472 5.
546 2439 782 2482 quodcunque
810 2451 855 2472 ex
881 2440 936 2473 his
958 2452 994 2474 v.
1018 2440 1129 2486 magis
1152 2440 1292 2473 tulerim
1318 2444 1373 2478 11.
1398 2443 1431 2482 3,
1455 2443 1509 2476 57.
1533 2451 1600 2474 nec

123 2485 252 2518 habeat
269 2483 369 2523 vitia,
395 2494 464 2517 nec
482 2483 571 2517 ferat
596 2486 631 2523 2,
654 2487 688 2523 2,
714 2487 747 2519 5.
770 2484 980 2519 virtutes
1004 2492 1038 2519 et
1062 2486 1185 2520 vitia
1208 2485 1245 2518 in
1265 2488 1452 2530 complexu
1471 2487 1600 2520 habent

125 2530 172 2572 9,
194 2529 238 2572 4,
261 2531 319 2563 32.
344 2527 388 2569 cfi
412 2531 455 2572 9,
480 2530 520 2565 3.
545 2529 601 2562 18.
625 2529 838 2564 insectandis
861 2530 959 2564 vitiis
983 2534 1042 2571 10,
1070 2534 1105 2573 1,
1129 2532 1185 2566 65.
1206 2530 1352 2566 remotis
1377 2532 1542 2566 omnibus
1562 2543 1599 2565 v.

128 2578 171 2616 1·‚
199 2577 241 2615 5,
264 2576 319 2608 33.
347 2574 462 2607 atiena
485 2584 522 2607 v.
547 2574 696 2619 quisque
717 2577 929 2617 reprehendi
954 2579 1088 2611 mavult
1116 2588 1220 2621 quam
1243 2589 1305 2611 sua
1329 2581 1372 2619 2,
1396 2579 1434 2618 5,
1461 2578 1514 2612 16.
1548 2578 1600 2611 la-

99 2648 102 2653 .
127 2619 239 2654 tentia
264 2631 301 2655 v.
325 2619 573 2654 rescinduntur
601 2620 644 2662 9,
671 2623 713 2661 2,
740 2622 796 2655 93.
830 2624 1056 2665 nunqua-do
1086 2622 1123 2656 in
1156 2624 1270 2656 bona
1301 2622 1451 2657 verteris
1480 2622 1601 2658 vitia

113 2668 167 2708 ¹1,
191 2669 224 2708 1,
249 2666 293 2708 53
321 2666 419 2709 quod
440 2665 508 2699 int
519 2676 568 2699 er
590 2666 676 2700 vitia
702 2666 834 2709 ellipsis
858 2674 1006 2701 vocatur
1021 2669 1055 2710 8,
1079 2669 1114 2708 6,
1138 2670 1194 2701 21.
1218 2669 1469 2713 grandiloquus
1498 2679 1602 2711 saepe

61 2726 66 2732 ¹
133 2713 187 2746 ad
208 2710 333 2746 vitium
359 2714 415 2752 10,
441 2715 475 2754 1,
499 2712 556 2746 66.
581 2715 631 2745 ad
656 2711 741 2746 vitia
766 2723 897 2756 pronus
922 2716 957 2756 1,
979 2717 1014 2756 2,
1038 2717 1071 2746 2.
1098 2724 1302 2748 communes
1324 2715 1418 2756 toci‚·
1439 2714 1498 2758 qui
1523 2719 1601 2746 sunt
1626 2740 1634 2743 .
