1742 2964
436 243 573 288 Index
603 244 836 290 Nominum
868 245 1154 304 propriorum.

86 366 147 390 sus
169 354 208 390 in
226 355 409 392 Cimbrum
426 359 654 403 affectatorem
670 362 707 405 8,
729 363 764 405 3,

84 416 131 449 27
152 427 203 460 sq.
254 410 424 450 Iudicium
450 419 493 451 de
522 418 678 466 Virgilio
705 423 762 465 10,

83 474 128 517 1,
150 473 199 509 85
219 486 269 520 sq.
313 474 373 510 Ab
395 477 557 512 Homero
584 480 762 514 secundus

79 536 159 576 est,
190 531 339 579 propior
370 539 489 570 tamen
518 536 633 581 primo
657 550 762 584 quam

80 589 188 626 tertio
212 594 256 626 ib.
295 592 512 629 Nicandrum
541 602 683 631 secutus
707 603 762 632 est

81 651 148 694 10,
171 653 216 694 1,
239 651 298 687 56.
330 653 450 696 poesis
472 655 517 688 ab
538 655 698 691 Homero
722 663 760 692 et

77 708 232 756 Vitgilio
253 715 390 745 tantum
417 713 598 760 fastigium
622 716 758 760 accepit

79 768 138 811 12,
162 770 219 812 11,
241 769 300 804 26.
312 781 437 815 ‘neque
453 778 535 816 post
549 774 756 809 Lucretium

78 836 122 861 ac
132 827 296 862 Macrum
305 829 478 876 Virgilius
492 831 619 867 fuisset
638 835 680 868 ib.
695 837 753 869 27.

78 885 345 930 Euphorionem
367 890 534 933 probavit
558 894 621 935 10,
641 894 674 936 1,
695 894 754 929 56.

77 945 247 979 Facetum
261 946 427 982 carminis
443 959 556 996 genus
576 951 610 985 ei
631 958 755 987 natura

77 1013 289 1038 concessum
325 1016 428 1049 esse,
467 1007 553 1043 dicit
583 1011 754 1046 Horatius

74 1062 112 1106 6,
128 1064 163 1106 ὃ,
175 1065 233 1098 20.
256 1062 314 1097 Ab
332 1065 404 1100 hoc
422 1066 532 1102 lectio
551 1068 753 1115 incipienda

74 1124 109 1166 1,
136 1122 172 1166 8,
196 1123 229 1158 5.
255 1125 313 1167 10,
340 1126 373 1166 1,
394 1126 452 1160 85.
484 1127 554 1162 Ubi
577 1139 651 1163 non
674 1129 754 1163 imi-

73 1181 203 1216 tandus
247 1183 382 1217 oratori
431 1184 478 1228 8,
508 1186 553 1228 6,
599 1188 655 1222 18.
693 1188 751 1223 25.

70 1238 209 1274 Auctor
231 1240 528 1278 eminentissimus
554 1248 586 1289 1,
615 1247 671 1289 10,
695 1248 752 1281 10.

71 1298 250 1334 Acen-imi
267 1299 389 1344 judicii
412 1303 447 1345 8,
471 1304 508 1346 3,
533 1302 590 1337 24.
613 1303 751 1346 Aman-

70 1356 227 1392 tissimus
239 1358 427 1395 vetustatis
449 1349 484 1404 1,
506 1364 541 1404 7,
566 1361 623 1397 19.
648 1362 685 1406 9,
712 1364 748 1405 3,

71 1415 128 1452 14.
178 1419 401 1464 Antiquarum
434 1421 607 1453 verborum
639 1429 748 1454 orna-

67 1479 191 1509 mento
213 1481 268 1510 est
290 1475 397 1510 unice
420 1487 506 1510 usus
528 1478 565 1520 8,
585 1480 618 1520 3,
635 1477 682 1511 24
695 1491 744 1523 sq.

18 1575 19 1578 Ἰ
70 1533 254 1576 cujusmodi
274 1535 394 1567 ibidem
414 1533 629 1577 proferuntur
659 1535 746 1580 Olli,

68 1590 262 1638 Quianam,
287 1591 375 1635 Mis,
398 1592 514 1628 Pone.
561 1595 638 1637 1710,
662 1594 746 1629 Vo-

67 1651 187 1684 lucres
207 1651 334 1695 pennis
350 1652 538 1699 remigare,
562 1651 601 1686 in
621 1652 758 1696 apibus.

68 1720 112 1743 ac
124 1709 287 1744 Daedalo
306 1710 566 1754 speciosissime
587 1716 641 1745 est
659 1723 744 1746 usus

69 1767 106 1811 8,
123 1767 159 1810 6,
176 1768 232 1803 18.
277 1769 513 1804 Paucissimos
536 1769 594 1804 die
616 1782 744 1806 versus

68 1825 270 1870 composuit
298 1828 362 1869 10,
391 1828 435 1870 3,
461 1829 497 1862 8.
542 1828 745 1863 Geminavit

68 1886 95 1919 S
112 1887 146 1928 1,
161 1888 197 1928 7,
210 1886 270 1919 20.
296 1884 447 1929 Scripsit
461 1885 587 1930 Pictai,
609 1886 745 1922 Aulai

68 1946 115 1980 ib.
148 1946 204 1980 19.
250 1943 490 1986 κακέμφατον
520 1945 614 1990 apud
649 1957 744 1990 enm,

63 2003 157 2046 salso
192 2004 411 2036 existimatum
432 2003 473 2043 8,
499 2004 543 2047 3,
568 2002 626 2039 47.
664 2015 744 2039 car-

65 2060 163 2096 mina
196 2059 340 2107 Virgilii
371 2060 561 2107 Virgilium
594 2061 744 2098 dicimus

65 2122 103 2165 8,
129 2121 165 2164 6,
193 2120 240 2154 26
261 2122 304 2153 Z.

21 2191 283 2231 Visellius,
316 2191 437 2235 rhetor,
461 2201 535 2225 nou
559 2190 742 2239 negligens

65 2257 190 2288 auctor
210 2250 251 2292 9,
278 2251 318 2292 2,
342 2251 421 2284 101.
462 2249 610 2294 Proprie
630 2249 742 2284 libros

66 2309 170 2356 operi
193 2310 386 2352 figurarum
423 2307 600 2343 dedicavit
629 2307 676 2351 9,
704 2310 740 2352 3,

64 2371 122 2407 89.
155 2368 240 2413 Ejus
262 2369 425 2413 quaedam
446 2370 631 2412 peculiares
652 2366 743 2414 figu-

64 2438 128 2464 rae
150 2428 195 2471 9,
223 2429 267 2471 2,
293 2428 374 2461 107.

19 2499 206 2535 Vlixes.
241 2499 312 2542 ejus
337 2496 504 2533 facundia
527 2500 585 2542 12,
606 2499 664 2541 10,
682 2498 740 2534 64.

63 2569 147 2594 reus
176 2556 297 2601 Aiacis
323 2556 432 2590 occisi
460 2555 502 2598 4,
529 2560 573 2599 2,
605 2559 662 2592 13.
691 2557 737 2598 cs.

65 2621 107 2662 1,
129 2616 173 2660 4,
197 2616 242 2651 16
266 2617 303 2649 S.
328 2617 369 2658 1,
391 2617 436 2658 ·5,
458 2615 516 2650 62.
539 2619 575 2658 2,
600 2618 656 2660 13,
682 2618 738 2651 13.

63 2677 100 2719 6,
123 2674 240 2729 3,,96.
267 2676 322 2717 11,
346 2675 382 2716 3,
408 2673 486 2709 158.

19 2747 87 2782 Vo
97 2748 144 2781 lu
154 2758 171 2781 s
182 2758 202 2782 e
212 2758 238 2781 n
247 2758 272 2780 n
283 2758 313 2790 s,
334 2745 494 2781 Catulus.
521 2747 590 2780 Pro
602 2757 647 2781 eo
659 2757 739 2781 ora-

109 2884 193 2916 Lex.
227 2883 343 2925 Quint.

1450 248 1558 295 1025

875 361 992 396 tiones
1015 362 1167 398 Domitii
1190 363 1309 410 Afri„
1331 363 1446 411 Crispi
1470 368 1557 402 Pas-

873 419 984 463 sieni,
1013 420 1156 456 Decimi
1183 421 1296 457 Laelii
1322 426 1376 467 10,
1405 429 1434 468 1,
1459 426 1516 460 24.
1577 442 1596 447 ‘

828 478 1044 515 Vrbinia.
1075 480 1248 516 Vrbiniae
1274 482 1426 519 heredes
1449 485 1496 536 4„
1517 489 1546 529 1,

871 540 913 572 11
940 539 990 573 N.
1029 538 1226 575 Vrbiniana
1248 540 1293 575 lis
1320 544 1356 586 7,
1379 545 1417 588 2,
1441 545 1475 581 5.
1490 546 1549 580 26.

825 596 954 631 Vrsi.
986 600 1043 642 11,
1067 601 1102 642 2,
1126 599 1185 632 31.

825 656 1094 691 Vulcanum
1128 667 1195 702 pro
1225 656 1310 706 igne
1342 660 1454 708 vulgo
1486 672 1549 697 au-

868 713 983 749 dimus
1007 716 1046 759 8,
1068 715 1104 760 6,
1127 714 1187 750 24.

1163 820 1224 862 X.

819 889 1096 933 Xenophon.
1130 891 1304 925 historicus
1334 898 1368 926 et
1395 893 1544 937 philoso-

864 948 951 991 phus
966 948 1002 990 9,
1027 951 1063 991 2,
1086 947 1144 984 36.
1172 951 1228 992 10,
1255 953 1288 992 1,
1311 953 1369 986 75.
1401 955 1458 997 12,
1485 956 1543 997 10,

864 1004 900 1041 4.
943 1009 1114 1041 Tribuiiur
1145 1010 1176 1042 ei
1203 1009 1414 1045 Jucunditas
1446 1011 1540 1047 inaf-

864 1065 1015 1110 fectata,
1064 1068 1129 1101 sed
1161 1079 1265 1112 quam
1301 1070 1399 1104 nulla
1429 1071 1543 1115 possit

865 1124 1042 1173 affectatio
1067 1127 1259 1172 consequi,
1289 1133 1328 1163 ut
1353 1126 1451 1172 ipsae
1475 1129 1544 1163 fin-

862 1182 961 1218 xisse
994 1194 1194 1220 sermonem
1227 1185 1371 1220 Gratiae
1394 1186 1543 1222 videan-

863 1247 939 1286 tur,
972 1248 1008 1277 et
1029 1243 1067 1277 in
1090 1244 1187 1277 hunc
1210 1244 1396 1279 transferri
1421 1245 1543 1290 justis-

862 1302 952 1335 sime
968 1301 1095 1346 possit,
1119 1301 1159 1337 in
1180 1292 1298 1338 labrisf
1309 1304 1387 1347 ejus
1405 1305 1541 1340 sedisse

862 1360 1038 1405 quandam
1066 1360 1305 1405 persuadendi
1349 1363 1452 1397 deam
1481 1367 1540 1409 10,

860 1420 894 1458 1,
916 1419 975 1453 82.
999 1419 1084 1461 Ejus
1107 1429 1171 1453 ore
1191 1420 1314 1454 Musas
1338 1424 1541 1480 essffilocu-

859 1481 912 1509 tas
936 1475 1064 1510 Cicero
1089 1477 1267 1512 existimat
1289 1481 1335 1513 ib.
1355 1482 1413 1514 33.
1456 1481 1540 1517 Non

858 1538 977 1568 tamen
999 1535 1124 1569 utilem
1154 1536 1288 1571 oratori
1322 1543 1422 1582 putat
1451 1540 1539 1573 idem

858 1592 901 1626 ib.
955 1593 1044 1637 Ejus
1091 1593 1203 1630 libros
1249 1595 1379 1631 Cicero
1427 1597 1539 1633 edidit

858 1652 1047 1686 translatos
1077 1655 1134 1697 10,
1158 1654 1193 1697 5,
1215 1657 1251 1689 2.
1282 1657 1537 1701 Xenophontis

857 1720 954 1744 uxor
975 1717 1006 1744 et
1028 1701 1127 1755 hujus
1153 1704 1258 1747 sermo
1288 1727 1362 1747 cum
1383 1714 1538 1760 Aspasia

848 1769 950 1812 ,apud
986 1767 1204 1805 Aeschinem
1245 1759 1466 1808 Socraticum
1499 1775 1536 1819 5,
1597 1804 1602 1805 ⁷

857 1829 920 1871 11,
943 1830 1003 1862 27.

1155 1917 1207 1961 Z.

810 1990 951 2024 Zeno.
975 1988 1027 2032 (α.
1041 1993 1064 2024 1.
1081 1989 1210 2023 Zenon
1235 1991 1292 2033 12,
1314 1993 1351 2034 7,
1372 1992 1396 2027 9
1408 1992 1455 2027 Ν.
1469 1992 1535 2038 cr.)

855 2049 1088 2092 philosophus,
1117 2047 1329 2084 dialecticen
1351 2056 1387 2085 et
1408 2052 1535 2086 rheto-

854 2106 956 2141 ricen
983 2107 1207 2151 comparavit
1231 2110 1275 2150 2,
1307 2111 1379 2152 20,
1401 2112 1437 2143 7.
1475 2113 1533 2156 12,

855 2167 891 2208 1,
917 2165 973 2199 18.
1006 2165 1195 2200 Mercedes
1219 2177 1240 2201 a
1263 2166 1445 2211 discipulis
1471 2180 1534 2203 ac-

854 2221 1013 2268 ceptavit
1035 2226 1092 2266 12,
1117 2227 1155 2268 7,
1176 2224 1214 2260 9.
1252 2225 1376 2261 -Verba
1400 2227 1473 2272 ejus
1495 2227 1533 2273 4,

853 2285 894 2326 2,
918 2283 998 2317 11⁷.

807 2341 1049 2386 Zephyris
1081 2343 1139 2384 12,
1162 2343 1220 2384 10,
1242 2343 1301 2377 28.

806 2399 1000 2434 Zeuxis.
1022 2401 1132 2442 pictor
1158 2401 1216 2443 12,
1241 2402 1299 2443 10,
1324 2400 1349 2435 4
1370 2414 1438 2447 seq.

806 2458 1018 2503 Zmyrna.
1049 2468 1107 2501 ap.
1139 2456 1311 2494 Ovidium
1332 2461 1376 2504 9,
1398 2464 1446 2506 2,
1469 2461 1530 2511 64».Δ

850 2534 895 2542 -
918 2516 1055 2552 Cinnae
1077 2517 1133 2558 10,
1156 2513 1192 2559 4,
1216 2515 1251 2551 4.

805 2574 988 2609 Zoilus.
1016 2574 1060 2618 9,
1089 2577 1130 2617 1,
1154 2573 1212 2610 14.

806 2634 1027 2678 Zopyrus
1076 2632 1338 2670 Clazomenius.
1395 2646 1530 2672 nomen

849 2689 1006 2724 στάσεως
1036 2689 1189 2735 primum
1220 2692 1265 2727 ab
1292 2703 1338 2728 eo
1360 2694 1528 2730 traditum

848 2753 972 2793 putant
998 2750 1039 2793 3,
1061 2750 1100 2794 6,
1124 2751 1161 2785 3.

1202 2887 1247 2922 65
