1728 3002
63 91 144 130 758
627 91 788 150 Raptor
816 120 873 130 --
901 93 1026 138 Ratio

106 213 163 247 61.
190 225 270 249 cum
294 220 623 252 transversum
644 217 683 254 vi
706 229 770 253 sua
792 218 947 264 judicem
974 219 1135 265 ferat,
1165 225 1286 256 tamen
1305 220 1368 258 tue
1393 212 1470 259 non
1494 223 1597 270 rapi

107 260 274 296 videatur
297 263 363 296 sed
389 264 522 308 sequi
549 267 606 308 10,
631 267 665 308 1,
692 267 771 300 110.
1235 272 1237 274 ’
1540 295 1543 298 >

62 302 238 360 Raptor.
279 331 358 363 opp.
384 325 485 364 rapta
497 323 534 363 7,
557 322 593 365 8,
616 320 651 355 4.
676 321 706 356 si
725 321 910 359 abdicetur
931 328 1054 367 raptor
1078 326 1115 368 7,
1131 322 1168 368 4,
1189 325 1249 360 27:
1274 330 1494 361 excoecatus
1518 325 1600 371 (Sp.

110 364 287 405 exectus)
311 370 384 408 est,
409 367 472 400 sed
496 373 619 411 raptor
641 370 684 401 ib.
708 369 742 404 8.
768 372 812 403 Ζ.
841 369 889 403 Ν.
912 379 965 412 r.,
998 368 1067 404 nisi
1089 369 1184 405 intra
1205 369 1424 418 trigesimum
1450 371 1544 407 diem
1566 377 1603 407 et

106 415 230 453 raptae
267 416 401 454 patrem
435 418 471 446 et
501 425 603 448 sunm
634 414 862 458 exoraverit,
898 421 1044 458 pereat:
1082 416 1144 461 qui
1174 422 1327 451 exorato
1356 423 1477 462 raptae
1501 423 1602 462 patre

108 466 212 489 sumn
234 466 309 490 non
333 464 482 502 exorat,
506 459 578 507 agit
603 471 685 494 cum
709 471 754 496 eo
781 460 981 496 dementiae
1003 463 1038 505 9,
1063 465 1108 506 2,
1130 463 1197 506 9ος
1227 461 1317 507 [non
1340 463 1436 499 enim
1460 463 1602 498 furem

108 502 172 535 sed
195 514 215 536 r
229 513 282 547 ap
296 508 310 536 t
324 512 457 539 orem
483 505 578 551 (opu.
607 509 710 542 Codd.
734 506 954 552 ereptorem)
979 510 1064 543 Cic.
1085 510 1122 552 8,
1144 507 1180 552 4,
1202 511 1239 544 2.
1267 506 1323 554 S.]

61 554 245 600 Batitas.
284 581 351 616 per
381 571 540 608 dentium
563 573 745 613 raritatem
769 578 835 619 11,
860 578 901 620 3,
926 576 982 612 55.
1011 575 1211 611 satietatem
1236 581 1277 611 ut
1302 575 1515 625 varietus
1541 588 1603 614 ea-

107 626 186 649 rum
209 618 437 662 (fig-uratum)
461 619 509 654 ita
537 619 722 656 raritas
747 621 869 669 effugit
895 622 931 666 9,
955 624 990 667 3,
1014 625 1072 657 27.

60 657 190 705 Ram.
232 685 315 709 raro
344 675 496 723 assurgit
519 677 701 714 Hesiodus
731 681 801 723 10,
829 682 847 714 1
863 705 874 724 ,
903 681 959 715 52.
985 678 1178 724 pessimum
1199 687 1314 723 vero,
1346 680 1443 715 Raro
1466 678 1601 722 evenit,

108 720 171 752 sed
196 721 432 757 vehementer
459 723 561 760 venit
585 725 628 768 9,
653 726 697 769 3,
723 728 781 760 72.
809 737 838 760 r.
865 726 1054 760 admodum
1078 724 1201 761 evenit
1225 727 1266 760 11
1281 751 1293 770 ,
1318 727 1358 768 1,
1383 723 1439 760 1-4.
1467 736 1549 759 eum
1571 735 1610 760 r.

107 765 209 800 fallet
233 773 384 802 eventus
410 771 475 812 12,
503 770 548 813 8,
573 771 629 806 15.
654 782 684 805 r.
705 771 799 806 belle
822 773 1064 816 respondeant
1085 772 1121 813 6,
1146 773 1181 816 3,
1203 769 1262 806 48.
1297 781 1372 806 non
1401 781 1483 805 raro
1505 772 1543 815 9,
1565 769 1603 824 ᾧ,

108 811 155 847 76
187 824 219 845 υ.
243 814 609 859 Nonnunquam.
645 817 956 862 Frequenter.
987 828 1070 852 raro
1091 823 1280 863 utrumque
1303 820 1347 861 7,
1369 815 1412 860 4,
1440 817 1495 870 36.
1513 828 1604 870 ,Ρη-

106 856 174 891 mis
199 859 342 903 quidem
366 859 602 906 (actionibus)
629 874 660 898 r.
687 875 748 898 un
793 875 909 906 uam,
945 864 1038 899 nisi
1069 864 1166 899 forte
1200 875 1256 907 ap.
1280 874 1363 899 eum
1383 883 1430 903 -ε
1453 864 1604 896 dicimus

106 902 150 946 4,
178 906 215 947 1,
239 904 263 939 4
286 907 335 940 Ν·
359 920 406 941 cr·
450 907 495 950 cf.
525 909 570 952 5,
595 912 638 954 7,
673 913 743 953 223
798 910 982 946 affectibus
1013 921 1156 956 quoque
1186 909 1312 944 iisdem
1333 910 1413 944 fere
1435 914 1604 943 utuntur:

108 951 171 983 sed
195 951 353 986 rarius
379 952 464 996 hic,
488 954 554 989 ille
576 955 778 1001 saepius
803 968 846 991 ac
875 957 1023 1004 magis
1056 957 1129 1000 (sic
1151 969 1194 990 ex
1213 963 1326 991 vetere
1349 957 1496 998 emend.;
1522 962 1606 999 opu.

109 998 213 1078 Codg.
237 997 316 1033 aliis
340 998 392 1090 sJic
417 1005 477 1035 aut
499 1001 562 1037 ille
586 1009 672 1046 etc„
709 1004 796 1039 uncle
820 1005 848 1038 S
853 1016 888 1049 p.
913 1003 1052 1049 conjecit
1083 1001 1163 1038 aliis
1186 1001 1349 1038 hionliis
1376 1001 1439 1037 ille
1463 1001 1546 1046 eto.)
1567 1001 1606 1045 6,

107 1044 124 1075 1
137 1068 148 1085 ,
221 1045 269 1078 JV.
297 1058 340 1079 cr.

60 1095 214 1140 Rffl'US·
263 1111 300 1155 α)
324 1124 446 1159 rarus,
471 1113 533 1161 qui
559 1115 786 1161 recessisset,
812 1117 1057 1163 reperiebatur
1080 1119 1144 1162 12,
1167 1117 1226 1152 Pr.
1250 1118 1286 1152 3.
1311 1115 1373 1162 qui
1394 1127 1486 1156 vero
1508 1114 1605 1161 iudi-

106 1166 187 1192 cem
212 1168 338 1202 rapere
364 1167 426 1195 etc.
451 1168 584 1206 posset,
610 1174 746 1198 rarus
773 1164 880 1209 (Libri
902 1164 1031 1208 rarius)
1056 1176 1136 1208 opp.
1159 1169 1258 1198 certe
1284 1169 1368 1199 sunt
1389 1173 1603 1215 semperque

104 1201 251 1236 fuerunt
277 1215 367 1238 non
392 1218 549 1250 parum
573 1210 711 1244 multi
734 1211 777 1254 6,
803 1213 842 1255 2,
869 1212 890 1245 3
912 1212 959 1246 N.
983 1223 1030 1246 cr.
1055 1210 1151 1244 aliud
1173 1210 1211 1244 in
1234 1209 1369 1245 scholis
1395 1215 1606 1255 permitten-

108 1248 192 1282 dum
222 1261 421 1294 semper,
452 1252 490 1286 in
520 1255 603 1289 foro
635 1267 790 1290 rarum
812 1256 884 1299 (sio
909 1263 988 1300 opii.
1017 1258 1141 1299 codd„
1167 1259 1258 1298 vulg.
1281 1255 1390 1298 raro)
1416 1257 1452 1298 5,
1477 1257 1535 1299 13,
1553 1253 1605 1293 ,45

105 1295 155 1327 Ν.
182 1308 228 1328 cr.
257 1296 296 1330 in
328 1298 453 1331 schola
478 1297 675 1334 liberum
704 1307 779 1345 est,
815 1301 853 1335 in
876 1303 960 1336 soxo
983 1313 1156 1343 rarum,
1189 1306 1229 1334 ut
1259 1300 1306 1335 sit
1338 1300 1491 1335 idoneus
1514 1310 1602 1333 suae

106 1339 161 1375 rei
186 1340 336 1386 quisque
365 1343 537 1378 defensor
560 1343 607 1388 4,
634 1350 673 1389 1,
699 1346 756 1381 46.
786 1345 846 1390 [cs.
874 1349 916 1389 9,
940 1349 981 1389 2,
1007 1347 1052 1381 16
1070 1345 1136 1390 Ν.]
1161 1345 1256 1381 idem
1279 1355 1400 1379 rarum
1423 1351 1496 1397 est,
1526 1355 1603 1378 non

106 1385 185 1420 sine
208 1398 276 1420 usu
305 1393 435 1422 tamen.
482 1390 601 1424 Utitur
623 1402 668 1426 eo
697 1391 825 1426 Cicero
851 1400 912 1426 etc.
942 1391 977 1434 5,
1008 1394 1065 1434 11,
1089 1390 1147 1425 42.
1172 1391 1270 1436 qnod
1293 1397 1346 1425 est
1370 1401 1513 1437 magis
1535 1401 1602 1423 ra-

104 1443 196 1465 rum
220 1433 256 1476 9,
280 1436 316 1476 2,
342 1436 409 1476 73,
434 1446 554 1469 rarum
577 1443 644 1481 est,
668 1444 715 1471 ut
738 1438 822 1471 satis
849 1449 888 1472 se
912 1437 1062 1482 quisque
1087 1437 1135 1481 (a.
1160 1440 1184 1471 l.
1210 1436 1414 1481 quisquam)
1434 1441 1603 1490 vereatur

107 1480 174 1520 10,
202 1482 247 1522 7,
271 1480 329 1514 24.
367 1480 413 1522 cf.
439 1483 481 1524 3,
506 1485 570 1526 10,
597 1485 630 1518 3.
656 1484 689 1526 6,
716 1485 751 1527 3,
775 1485 834 1518 38.
880 1483 928 1529 β)
953 1496 982 1517 c.
1009 1485 1142 1517 suist„-
1170 1493 1200 1517 r.
1223 1482 1377 1516 felicitas
1405 1484 1478 1525 12,
1497 1484 1599 1534 5,.(3.

103 1535 259 1558 rarum
282 1526 461 1560 incessum
486 1539 603 1573 neque
631 1529 681 1563 ita
703 1531 787 1564 lon
831 1540 901 1562 um
930 1532 986 1572 11,
1013 1530 1049 1573 3,
1075 1529 1154 1563 126.
1189 1529 1253 1562 sed
1275 1528 1367 1563 haec
1391 1539 1422 1562 r.
1445 1527 1603 1562 intentu-

105 1575 160 1604 tas
184 1571 252 1604 erit
276 1574 333 1615 1¹1,
362 1576 397 1615 2,
420 1573 478 1609 49.
506 1574 587 1609 lites
610 1586 641 1609 r.
668 1579 704 1618 7,
728 1578 763 1618 1,
814 1577 835 1611 3
858 1575 906 1609 Ν.
941 1586 1032 1610 cava
1060 1579 1097 1609 et
1118 1585 1149 1608 r.
1173 1583 1299 1608 manus
1325 1576 1381 1617 11,
1407 1573 1441 1616 3,
1465 1575 1533 1607 103
1554 1573 1603 1608 Ν.

102 1617 292 1660 procursio
315 1629 345 1651 r.
372 1621 414 1653 ib.
440 1621 518 1654 126.
553 1619 663 1666 [illud
690 1621 730 1656 in
754 1620 865 1667 Lysia
894 1620 1038 1655 dicendi
1070 1625 1211 1664 textum
1233 1624 1379 1654 tenue
1398 1624 1504 1664 atque
1530 1630 1603 1656 ra-

105 1674 206 1696 rum
232 1664 244 1707 (
255 1671 335 1708 opu.
363 1667 466 1700 Codd.
492 1666 638 1712 rasum)
665 1668 711 1710 9,
734 1666 778 1710 4,
807 1670 851 1702 17
872 1665 935 1711 N.]
963 1665 1119 1701 oratoria
1140 1666 1321 1700 urbanitas
1343 1676 1375 1701 r.
1400 1665 1446 1710 6,
1473 1667 1519 1708 3,
1543 1662 1599 1718 14.

106 1709 246 1743 etiamsi
278 1722 403 1745 rarus
431 1713 507 1756 ejus
538 1713 613 1756 rei,
638 1714 904 1748 nonnullus
935 1718 1056 1747 tamen
1081 1723 1168 1745 usus
1190 1713 1236 1755 8,
1259 1712 1305 1756 6,
1338 1713 1407 1754 303
1441 1711 1602 1758 gradano

106 1751 242 1799 κλίμαξ
267 1756 384 1791 rarior
407 1768 487 1793 esse
513 1760 620 1794 debet
643 1760 687 1804 9,
717 1762 762 1804 3,
788 1758 853 1802 54;
891 1758 1110 1806 etymologia
1135 1757 1336 1810 maxim-e
1357 1768 1466 1810 rara
1488 1762 1544 1791 est
1563 1759 1602 1804 7,

103 1802 146 1843 3,
170 1803 216 1836 25
242 1804 289 1837 Ν.
322 1803 503 1841 rarissima
528 1817 584 1850 ap.
612 1816 680 1840 nos
703 1806 741 1841 in
768 1805 936 1841 clausulis
972 1808 1035 1848 12,
1062 1806 1128 1847 10,
1152 1806 1210 1840 31.
1246 1814 1425 1838 rarissima
1456 1814 1514 1848 ap.
1538 1811 1602 1837 eoo

103 1847 304 1890 reperietur
325 1849 387 1884 illa
408 1871 455 1877 —
478 1851 633 1889 servitus
656 1855 692 1896 7,
717 1854 752 1896 3,
779 1854 823 1888 16
840 1853 888 1887 Ν.
915 1851 1036 1888 rariss.
1070 1851 1148 1895 ejus
1170 1861 1257 1905 usus
1282 1852 1317 1893 1,
1341 1851 1376 1893 5,
1398 1848 1476 1884 42...

58 1901 200 1946 Ratio.
238 1917 279 1960 Ι,
304 1916 347 1960 α)
373 1931 400 1952 c.
426 1922 619 1953 Auributfs.
667 1919 704 1962 a)
730 1923 942 1965 simpliciter.-
967 1931 999 1954 r.
1021 1917 1173 1953 Aeolica
1198 1920 1233 1960 1,
1261 1917 1297 1961 6,
1321 1918 1377 1952 31.
1414 1915 1542 1962 εισι-ίῳ.
1563 1916 1611 1970 §.l

100 1962 136 2002 6,
163 1963 220 1996 58.
245 1974 276 1997 r.
299 1974 364 2007 per
388 1975 443 2008 ea,
469 1977 562 2010 quae
587 1972 685 2001 certa
708 1973 804 2010 sunt,
829 1965 976 2000 incertis
999 1965 1107 1999 fidem
1129 1964 1280 1998 afferens
1305 1963 1340 2007 5,
1366 1964 1421 2006 10,
1446 1964 1482 1997 8.
1516 1967 1599 2014 eru-

100 2006 207 2041 ficiali
231 2021 263 2043 r.
289 2010 325 2052 6,
349 2009 385 2051 4,
410 2010 445 2045 4.
470 2012 564 2046 bona
590 2024 618 2048 r.
644 2015 679 2054 2,
702 2014 760 2056 17,
787 2014 844 2051 27,
870 2011 1082 2048 brevissima
1105 2021 1136 2045 r.
1162 2012 1197 2053 1,
1222 2010 1256 2052 5,
1280 2010 1337 2046 29.
1359 2012 1599 2062 communrsset

101 2053 254 2096 primum
278 2066 317 2090 se
341 2055 514 2092 offerente
539 2070 567 2092 r.
591 2060 633 2101 9,
659 2062 699 2101 1,
723 2059 758 2092 4.
788 2059 924 2103 duplex
948 2059 1099 2092 forma
1121 2075 1167 2081 —
1191 2056 1255 2090 sed
1281 2059 1354 2090 rat
1365 2064 1411 2107 1⁰0
1439 2061 1600 2107 comnm-

101 2098 156 2132 nis
180 2100 217 2133 in
242 2108 378 2146 partem
402 2104 445 2146 6,
470 2106 510 2146 3,
538 2103 596 2139 46.
621 2104 782 2147 [ce-nem,
807 2115 900 2150 quae
922 2107 1192 2149 proponuntur,
1218 2106 1414 2137 communis
1436 2112 1468 2135 r.
1492 2099 1599 2134 habet

102 2144 236 2184 (Codd.
265 2158 393 2182 comm.
418 2149 521 2193 hab.;
562 2154 606 2184 Z.
637 2164 710 2184 cum
737 2157 817 2185 vett.
845 2152 921 2185 edd.
952 2159 1160 2184 communes
1186 2149 1287 2182 locos
1312 2147 1445 2199 hebent
1473 2146 1599 2194 5.·13.

102 2192 147 2225 19
171 2194 216 2227 N.
246 2201 277 2227 et
299 2195 345 2228 N.
377 2194 443 2239 cn]
472 2208 505 2230 v.
535 2195 822 2232 Communis.
852 2195 1061 2232 credibilem
1083 2199 1172 2246 rat.
1195 2198 1232 2246 et
1258 2193 1470 2228 ordinem
1493 2190 1536 2235 4,
1561 2193 1598 2244 2,

100 2237 158 2271 89·
189 2238 232 2280 cJI
261 2240 302 2283 5,
328 2243 397 2284 12,
429 2243 484 2276 13.
510 2241 691 2277 diffieilior
713 2254 744 2277 r.
770 2245 832 2285 11,
858 2246 875 2276 1
893 2268 904 2286 ,
932 2241 988 2277 74.
1019 2252 1050 2276 r.
1074 2240 1253 2274 diss1m1hs
1277 2240 1320 2282 8,
1345 2239 1388 2282 5,
1411 2240 1468 2274 10.
1492 2248 1524 2272 r.
1545 2237 1600 2270 dl·-

40 2308 44 2310 -
99 2293 207 2317 versa
234 2289 265 2323 1.
292 2289 325 2327 1,
352 2289 406 2321 13.
432 2288 566 2331 duplici
591 2300 622 2322 r.
650 2290 685 2331 3,
712 2292 747 2332 7,
772 2291 830 2331 20.
856 2288 898 2330 5,
925 2288 983 2322 Pr.
1011 2290 1042 2320 1.
1078 2297 1109 2320 r.
1131 2286 1222 2338 falsa
1250 2287 1267 2318 1
1283 2309 1293 2327 ‚
1317 2286 1382 2328 10,
1405 2285 1461 2337 39.
1485 2282 1598 2318 1..ἲο-

100 2329 215 2363 tensis
239 2333 281 2373 3,
306 2332 350 2375 4,
381 2335 439 2367 10.
466 2334 572 2369 latius
595 2335 675 2368 fusa
698 2346 728 2370 r.
754 2336 788 2377 3,
816 2334 850 2372 6.
875 2335 935 2369 83.
959 2331 1103 2379 longior
1126 2337 1218 2365 ratlo
1249 2331 1337 2375 (Sp.
1359 2331 1494 2376 largior
1515 2338 1600 2382 ora-

101 2372 170 2418 tio)
195 2376 234 2419 5,
262 2376 325 2419 14,
355 2382 399 2412 17
424 2383 466 2413 Ζ.
495 2390 623 2426 magna
650 2386 720 2425 atq.
746 2381 898 2414 honesta
920 2390 951 2414 r.
977 2373 1019 2421 4,
1045 2381 1088 2430 1,
1110 2380 1144 2412 7.
1172 2376 1216 2431 ej:
1245 2379 1302 2420 12,
1330 2379 1368 2424 1,ι
1388 2377 1445 2411 39.
1480 2373 1597 2427 aliqua

101 2419 191 2460 justa
219 2434 248 2454 r.
278 2422 321 2463 4,
351 2426 393 2467 2,
423 2426 481 2462 66.
507 2426 634 2460 Latina
661 2438 690 2460 r.
718 2428 751 2469 1,
783 2427 816 2468 5,
844 2426 899 2461 59.
929 2426 987 2460 63.
1009 2435 1041 2458 r.
1065 2425 1210 2457 linearis
1238 2425 1272 2474 1,
1297 2423 1360 2465 10,
1383 2422 1441 2458 36.
1461 2427 1596 2461 majore

101 2467 204 2508 quad.
237 2478 266 2499 r.
292 2468 326 2511 4,
354 2472 394 2511 1,
426 2474 457 2505 1.
481 2482 510 2505 r.
538 2472 727 2507 manifesta
756 2473 822 2514 10,
847 2474 892 2515 7,
919 2470 1091 2504 14.'haeo
1113 2469 1290 2516 namedia
1313 2469 1335 2502 5
1351 2492 1362 2509 ,
1386 2468 1453 2507 13,
1477 2464 1522 2499 59
1545 2463 1594 2496 Ν.

99 2511 288 2556 multiplex
318 2526 346 2548 r.
372 2517 406 2556 9,
431 2519 467 2559 3,
492 2518 550 2553 96.
585 2530 614 2552 r,
642 2519 767 2562 quaed.
792 2518 862 2551 alte
886 2516 998 2562 petita
1026 2520 1064 2550 et
1086 2516 1295 2565 plerumque
1318 2512 1423 2563 plura·
1442 2519 1596 2553 perpen-

100 2556 188 2590 dens
213 2564 249 2591 et
274 2570 502 2606 comparans,
531 2564 741 2609 habensque
763 2563 803 2597 in
827 2573 866 2597 se
890 2568 926 2597 et
953 2560 1200 2596 inventionem
1224 2564 1260 2592 et
1282 2557 1531 2601 judlcatlonem
1556 2553 1593 2596 6,

99 2603 133 2644 5,
158 2604 190 2636 3.
217 2614 289 2637 non
316 2607 496 2648 praedicta
522 2620 551 2642 r.
579 2611 621 2652 S,
647 2611 683 2653 (5,
709 2611 765 2644 52.
789 2620 821 2642 r.
845 2607 1093 2652 probationem
1116 2609 1299 2650 praestans
1325 2604 1365 2644 5,
1391 2601 1535 2651 mun·
1559 2609 1589 2632 1·-

97 2646 211 2690 Pf'imss
235 2667 276 2673 --
306 2652 415 2685 altera
440 2673 485 2679 —
514 2655 618 2689 tertia
644 2656 685 2698 5,
708 2657 753 2698 9,
780 2658 813 2688 1.
841 2666 890 2688 ex
916 2653 1062 2699 propria
1084 2662 1114 2685 r.
1140 2650 1176 2692 4,
1203 2653 1237 2692 1,
1259 2646 1533 2700 44ff³ct1881m8
1560 2655 1591 2681 r.

100 2697 135 2738 2,
167 2696 222 2738 13,
249 2697 281 2730 3.
308 2702 405 2731 tecta
435 2704 470 2733 et
495 2699 647 2745 simplici
672 2713 702 2735 r.
733 2702 767 2746 9,
799 2703 832 2744 1,
856 2702 889 2735 3.
930 2698 975 2742 os.
1007 2701 1040 2742 1,
1064 2699 1098 2740 5,
1126 2697 1185 2732 35.
1210 2705 1239 2730 r.
1263 2692 1370 2727 simili
1395 2693 1441 2734 2,
1463 2688 1508 2732 4·
1531 2692 1591 2724 21·
