1728 3002
451 218 757 262 sermocinatio
786 242 841 249 -—
871 217 1063 259 Servitus
1176 219 1179 222 ’
1438 216 1519 257 827

38 337 82 370 ὶὶι.
109 335 187 370 163.
220 332 427 382 argumenta
455 331 684 378 partitiones,
710 332 833 377 jocos,
859 337 896 367 et
928 330 1099 376 quidquid
1138 336 1193 366 est
1224 330 1378 366 sermoni
1408 329 1522 376 magis

38 380 153 416 simile
174 381 212 423 9,
233 379 270 421 4,
298 381 376 414 131.
400 390 506 424 supra
529 380 671 414 modum
695 378 871 413 sermonis
895 377 1010 412 attolli
1035 380 1067 420 1,
1090 380 1126 419 2,
1149 379 1206 412 31.
1231 377 1347 411 soluta
1369 374 1523 420 (oratio),

38 426 154 472 qualis
178 425 456 461 insermone
479 430 515 460 et
538 424 769 470 epistolis
794 426 836 467 9,
857 423 899 468 4,
924 425 980 460 19.
1005 424 1167 458 ediscere
1189 441 1234 448 —
1258 434 1348 468 quae
1372 428 1408 457 et
1430 422 1523 456 cla-

38 483 207 507 morem
235 478 271 506 et
296 471 655 516 disputationem
681 477 715 505 et
740 481 1010 506 sermonem
1034 476 1070 504 et
1092 470 1263 504 flexus
1286 469 1439 502 habeant
1466 471 1523 511 11,

36 521 72 562 3,
94 519 160 561 25,
186 517 225 552 ἰιι
248 528 414 553 sermone
437 516 638 561 (Euripides)
665 518 775 561 magis
799 516 938 551 accedit
962 515 1120 550 oratorio
1148 515 1270 563 generi
1296 517 1363 558 10,
1387 518 1429 557 1,
1451 515 1521 557 68;

35 565 111 599 hoc
133 575 246 612 genus
278 563 330 609 (ἰ.
359 577 388 598 e.
415 561 607 605 senarii)
641 562 797 597 sermoni
831 562 1036 608 proximum
1059 564 1104 605 9,
1129 562 1175 604 4,
1202 562 1249 596 76
1276 562 1321 598 Ν.
1369 556 1411 601 δ)
1441 563 1465 595 ι’.
1490 574 1523 605 q.

41 613 195 644 oratio
228 616 415 654 perpetu
428 621 471 644 a:
519 609 662 663 longior
688 621 792 654 quam
816 614 959 654 oportet
986 618 1103 643 sermo
1126 609 1169 649 8,
1194 609 1236 649 3,
1264 607 1322 642 53.
1355 606 1522 650 juvenem

40 657 255 702 praelongos
276 655 443 690 habuisse
465 666 511 698 s.,
535 667 616 700 qma
638 654 721 690 illos
744 666 891 691 numero
914 665 1084 690 versuum
1107 653 1317 688 metiebatur
1340 655 1396 695 10,
1414 655 1448 695 3,
1465 654 1523 687 32.

40 699 269 736 obambulare
299 712 463 736 sermone
491 701 703 745 imperfecto
730 704 794 745 11,
825 703 869 744 3,
897 704 979 735 121.
1011 711 1079 748 ego
1110 700 1264 735 otiosum
1296 710 1326 732 s.
1358 698 1525 741 dixerim,
1580 734 1587 737 ,

39 758 146 793 quem
168 747 308 782 auditor
331 758 397 782 suo
420 747 566 794 ingenio
588 747 764 794 intelliget
788 749 823 791 8,
848 750 883 791 2,
910 749 954 783 19
981 748 1030 782 Ν.
1053 746 1223 791 simplicis
1252 745 1453 790 sumptique
1476 756 1525 778 ex

38 793 206 839 proximo
229 793 403 829 sermonis
428 792 472 836 4,
499 796 541 837 1,
569 793 626 828 54.
650 794 709 828 hic
735 793 902 838 (orator)
925 795 1013 828 deos
1036 793 1135 838 ipsos
1158 792 1195 826 in
1223 801 1525 838 congressum

39 849 155 884 prope
177 851 280 874 suum
307 849 642 884 sermonemque
666 841 818 874 deducet
843 843 899 882 12,
924 842 981 883 10,
1005 840 1064 875 62.
1088 838 1262 874 sermonis
1286 839 1436 883 alicujus
1459 838 1525 871 ha-

38 885 104 919 biti
130 886 324 921 verborum
349 891 539 920 contextus
568 888 623 929 11,
653 889 689 930 2,
713 885 769 920 24.
795 885 840 927 qs.
867 887 927 920 Pr.
948 889 982 921 7.

0 940 317 983 sermocihafio·
352 963 534 987 semones
559 953 744 986 hominum
766 952 988 987 assimulatos
1013 952 1135 987 dicere
1168 946 1358 996 διαλόγους
1379 952 1526 995 malunt,

8 1022 12 1027 -
41 999 136 1044 quod
158 998 366 1033 Latinorum
393 998 535 1043 quidam
559 998 727 1032 dixerunt
755 999 1090 1033 sermocinationem
1118 1000 1159 1040 9,
1184 1001 1225 1039 2,
1249 1000 1307 1031 31.

0 1053 345 1097 SermOCinatl'iX·
390 1067 493 1100 Plato
515 1065 552 1099 in
577 1065 743 1109 Sophiste
768 1066 925 1110 judiciali
951 1072 989 1100 et
1011 1065 1207 1100 contionali
1231 1065 1371 1100 tertiam
1400 1065 1530 1107 adiecit

41 1109 373 1156 προσομιὶητικὴν,
406 1123 511 1156 quam
543 1123 630 1146 sane
661 1111 904 1155 permittamus
926 1111 1032 1147 nobis
1058 1111 1178 1147 dicere
1202 1111 1528 1146 sennocinatricem

4 1172 6 1175 ’
43 1159 86 1200 3,
106 1156 141 1201 4,
167 1159 223 1192 10.
249 1170 279 1193 ν.
298 1157 576 1192 Dialectice.

0 1200 115 1259 ,Βᾶθι
161 1216 254 1250 Adn.
281 1213 324 1259 a)
349 1226 430 1249 cum
446 1214 639 1250 identidem
661 1213 901 1261 interrogaret
923 1212 1145 1258 (aecusator),
1170 1223 1244 1259 qno
1259 1219 1421 1259 tempore
1441 1213 1529 1249 Clo-

42 1259 122 1295 dius
145 1261 286 1295 occisus
310 1260 431 1296 esset?
451 1259 647 1304 ‘respondit
669 1259 814 1304 (Milo),
844 1260 934 1295 Sero
959 1260 1153 1304 (ambigue).
1179 1263 1213 1301 6,
1233 1263 1269 1304 3,
1288 1259 1335 1296 49
1353 1261 1400 1294 Ν.
1426 1272 1456 1294 s.
1478 1260 1530 1295 sic

6 1339 10 1343 .
39 1305 192 1354 intelligi
215 1311 376 1352 coeptam
399 1305 651 1349 (urbanitatem)
671 1323 718 1331 ·—
738 1311 927 1350 postquam
952 1306 1059 1340 Urbis
1082 1306 1355 1351 appellationem
1382 1308 1531 1340 Romam

41 1351 117 1386 acci
142 1351 155 1385 i
178 1351 224 1386 sit
247 1358 431 1397 receptum
456 1355 498 1387 ib.
521 1354 599 1386 103.
625 1353 791 1386 doctores
819 1352 946 1386 artium
971 1362 1081 1387 sero
1105 1353 1195 1396 jam
1222 1359 1258 1388 et
1284 1352 1380 1387 circa
1403 1347 1530 1387 Tisian

0 1439 10 1443 ⁶
41 1403 80 1432 et
139 1408 246 1435 oraca
277 1398 471 1443 primum
503 1403 665 1442 repertos
689 1400 733 1442 2,
765 1401 828 1440 17,
855 1401 877 1433 7
901 1399 949 1433 Ν.
974 1411 1022 1432 cr.
1051 1399 1118 1433 hos
1148 1410 1249 1433 sero
1279 1399 1398 1443 potius
1423 1410 1529 1443 quam

4 1453 239 1492 3unquam
262 1443 429 1479 didicisse
453 1446 498 1477 ib.
524 1447 580 1479 12.
612 1442 657 1485 cs.
684 1447 716 1485 1,
744 1447 776 1487 1,
802 1445 857 1480 19.
893 1444 924 1478 si
953 1444 1038 1489 quid
1061 1444 1151 1480 novi
1174 1446 1236 1479 vel
1260 1456 1288 1478 s.
1311 1444 1531 1479 invenissem

0 1496 13 1537 ᾗ
40 1491 78 1533 2,
99 1491 136 1533 5,
158 1491 181 1525 3
197 1491 245 1524 N.
289 1487 329 1534 β)
355 1493 567 1533 Corriperet..-
593 1489 719 1533 serius,
746 1501 852 1535 quam
874 1490 965 1525 ratio
983 1492 1139 1536 postulat
1161 1493 1196 1534 2,
1222 1494 1255 1534 1,
1283 1493 1315 1524 1.
1342 1502 1531 1538 argumen-

0 1538 11 1570 ’ί
41 1539 118 1569 tum
143 1546 174 1569 s.
196 1535 427 1569 constitutum
450 1536 484 1578 5,
509 1538 566 1578 13,
589 1534 636 1569 34
656 1536 703 1569 Ν.
1159 1535 1164 1547 “
1237 1538 1242 1543 ’

0 1572 119 1631 εἴη·
165 1601 233 1624 nec
256 1590 335 1624 fieri
357 1597 488 1634 potest,
512 1597 552 1624 ut
578 1591 629 1624 ibi
654 1590 780 1624 messis
803 1591 861 1633 sit,
884 1591 947 1625 ubi
969 1597 1085 1625 satum
1110 1601 1185 1626 non
1208 1597 1262 1626 est
1287 1592 1323 1636 5,
1346 1593 1382 1636 9,
1406 1593 1450 1636 5;
1476 1604 1532 1628 ex

45 1637 180 1680 Pelope
203 1641 319 1670 autem
344 1643 439 1670 satus
465 1637 609 1670 Atreus.
643 1639 776 1679 Trogi
789 1650 818 1670 e.
842 1638 888 1680 9,
915 1640 958 1680 3,
982 1638 1039 1672 57.

0 1680 200 1736 Serpens.
243 1693 287 1727 de
314 1698 492 1737 serpente,
516 1703 587 1738 quo
611 1688 733 1736 scipio
759 1693 908 1727 traditur
930 1693 1070 1739 genitus
1098 1696 1133 1737 2,
1156 1687 1276 1736 4‚'19.

0 1747 146 1790 Serus·
194 1771 311 1804 neque
336 1759 432 1795 enim
452 1767 572 1795 rectae
598 1761 776 1795 voluntati
797 1772 917 1795 serum
941 1767 995 1795 est
1017 1767 1155 1804 tempus
1177 1761 1286 1794 ullum
1313 1763 1375 1803 12,
1403 1763 1444 1804 1,
1473 1762 1532 1796 31.

44 1807 130 1839 dum
153 1805 388 1840 deliberamus
401 1832 412 1848 ,
446 1808 588 1852 quando
611 1806 851 1852 incipiendum
877 1807 939 1850 sit,
970 1806 1131 1851 incipere
1153 1807 1236 1850 jam,
1252 1817 1370 1841 serum
1396 1812 1450 1842 est
1475 1809 1531 1850 12,

0 1868 8 1893 ῤ’
45 1852 82 1894 6,
105 1853 139 1886 3.
169 1850 215 1892 qs.
238 1852 274 1894 4,
297 1854 332 1894 2,
358 1853 437 1886 115.

1 1892 195 1940 servilis·
239 1913 377 1955 gestum
401 1909 531 1953 quend.
554 1907 777 1943 humilem
805 1915 873 1954 atq.
898 1908 1132 1945 servilem
1164 1914 1200 1944 et
1224 1908 1325 1953 qnasi
1348 1909 1533 1942 fraudu-

18 1957 23 1960 ’
46 1955 229 1988 lentum
256 1957 322 1997 11,
349 1956 394 1998 3,
422 1956 479 1990 83.
512 1955 612 1989 caedi
645 1955 838 1999 discipulos
870 1956 1088 1990 deforme
1112 1961 1183 2000 atq.
1208 1954 1396 1989 servile
1420 1961 1475 1989 est
1498 1958 1531 1998 1,

43 2001 89 2043 ·3,
114 1998 170 2033 14.
194 2010 264 2033 nec
286 2010 382 2035 serv.
405 2000 607 2035 vernilitate
631 2001 832 2035 imbuantur
856 2004 890 2044 1,
918 2004 974 2044 11,
1000 2005 1034 2036 2.
1424 2009 1429 2019 ⁸

1 2042 168 2086 Servio·
216 2054 438 2099 1)propr1·e.·
472 2057 568 2091 aliud
594 2063 648 2091 est
671 2069 867 2093 servum
891 2069 1017 2101 esse,
1052 2058 1147 2092 aliud
1179 2056 1382 2093 servire
1405 2059 1450 2100 5,
1475 2059 1532 2100 10,

8 2136 10 2138 ,
50 2103 96 2137 60
111 2103 147 2135 S.
173 2101 357 2153 addictus,
390 2114 494 2146 quem
514 2104 577 2137 lex
601 2103 759 2146 servire,
788 2105 903 2139 donec
929 2104 1099 2148 solverit,
1127 2105 1228 2147 jubet
1251 2106 1295 2146 7,
1320 2105 1363 2145 3,
1389 2103 1458 2146 263
1492 2108 1533 2136 ut

8 2164 10 2166 ·
47 2147 184 2192 antiqui
211 2147 399 2190 dixerunt,
437 2148 496 2192 qui
524 2148 810 2184 servitutem
839 2150 992 2185 servit
1019 2153 1085 2193 ib‚;
1117 2154 1271 2194 praestat
1294 2147 1428 2182 nemini
1456 2148 1533 2181 im-

15 2214 17 2218 ι
46 2203 234 2239 perere,
260 2204 365 2237 quam
389 2194 535 2228 alicui
561 2195 744 2230 servire
765 2197 801 2238 9,
825 2197 860 2238 3,
881 2197 942 2231 95.
966 2196 1121 2230 servisse
1152 2207 1233 2229 eum
1255 2194 1391 2228 Pisauri
1416 2194 1533 2228 domi-

8 2260 31 2284 „U
48 2239 107 2274 nis
134 2239 271 2273 duobus
295 2241 455 2273 Pollio.
482 2243 524 2283 7,
547 2243 593 2282 2,
616 2241 673 2275 26.
730 2239 790 2284 11)
813 2245 929 2274 transl.
967 2242 1009 2284 a)
1033 2252 1151 2286 neque
1176 2240 1398 2286 longioribus
1428 2251 1533 2284 quam

6 2287 14 2318 ἴ
49 2290 192 2329 oportet
219 2284 424 2328 hyperbatis
450 2285 699 2330 compositioni
724 2286 920 2322 serviamus
945 2288 989 2330 9,
1015 2286 1056 2330 4,
1081 2286 1159 2321 144.
1185 2297 1259 2320 non
1286 2286 1534 2320 consuetudini

50 2335 87 2364 et
109 2329 232 2364 decori
259 2329 499 2366 serviebamus
523 2334 542 2365 1
556 2356 566 2372 ,
590 2331 632 2375 6,
658 2333 712 2367 18.
739 2332 935 2368 citharoedi
957 2333 1063 2367 simul
1086 2339 1122 2367 et
1143 2332 1356 2374 memoriae,
1383 2337 1418 2365 et
1442 2342 1533 2365 sono

48 2375 174 2418 vocis,
204 2381 239 2409 et
262 2375 421 2419 plurimis
453 2376 606 2411 flexibus
630 2378 792 2413 serviunt
817 2381 859 2421 1,
884 2380 949 2421 12,
973 2381 1006 2413 3.
1039 2378 1175 2413 servire
1202 2384 1316 2412 metro
1341 2380 1358 2410 1
1374 2401 1385 2420 ‚
1410 2379 1452 2419 8,
1480 2376 1534 2412 14.

7 2454 9 2458 ,
47 2431 118 2455 nec
140 2421 382 2466 voluptatibus
404 2422 536 2458 terreni
564 2423 723 2467 eorporis
750 2424 978 2458 serviendum
1003 2427 1067 2467 12,
1092 2427 1134 2468 2,
1163 2427 1220 2457 21.
1273 2422 1319 2468 β)
1350 2425 1392 2456 de
1416 2426 1531 2457 rebus.-

12 2496 21 2511 ⁷·
49 2466 302 2513 orthographia
334 2478 475 2512 quoqne
506 2469 752 2503 consuetudini
775 2469 887 2504 servit
912 2473 952 2512 1,
978 2473 1019 2513 7,
1045 2473 1101 2504 11.
1145 2469 1190 2511 cs.
1218 2472 1260 2512 1,
1283 2470 1325 2511 6,
1349 2471 1405 2504 30.
1438 2473 1534 2504 totus

0 2511 111 2566 ffi‘hic
130 2512 222 2547 liber
247 2513 379 2548 serviat
403 2513 626 2558 dispositioni
650 2518 695 2558 7,
727 2516 788 2555 Pr,
809 2514 844 2549 4.
867 2516 1060 2550 verborum
1084 2515 1259 2557 officium,
1290 2514 1427 2549 servire
1449 2526 1535 2549 sen-

13 2570 16 2576 *
52 2557 150 2592 sibus
166 2561 222 2601 12,
240 2561 297 2600 10,
319 2559 377 2593 40.
396 2561 520 2602 (initia)
543 2559 592 2594 ita
610 2561 904 2604 praecedentibus
926 2561 1107 2606 serviunt,
1127 2567 1167 2596 ut
1187 2560 1377 2595 exordium
1397 2567 1534 2595 sumant

38 2614 134 2638 cum
156 2605 313 2638 clausuta
342 2606 499 2649 qualibet
519 2606 555 2649 9,
581 2604 616 2648 4,
640 2607 697 2641 63.
722 2613 798 2641 toto
821 2605 938 2650 (libro)
963 2608 1054 2641 haec
1077 2609 1155 2642 sola
1178 2611 1385 2650 tractantur,
1408 2607 1534 2652 quibus

15 2641 43 2676 -'⁴'
53 2657 140 2684 sane
168 2657 203 2684 et
225 2661 286 2694 ea,
319 2663 410 2696 quae
435 2652 479 2686 de
505 2652 729 2696 judicialibus
755 2653 871 2687 causis
895 2653 988 2687 dicta
1013 2659 1110 2697 sunt,
1134 2653 1289 2688 serviant
1313 2654 1348 2696 5,
1371 2653 1429 2687 Pr.
1454 2655 1487 2688 3.

69 2695 212 2741 rvitus,
249 2709 285 2750 Ι)
312 2711 468 2751 proprie:
494 2708 669 2743 libertinis
689 2709 929 2744 testimonium
948 2711 1097 2744 reddere
1116 2710 1320 2753 industriae,
1345 2721 1412 2754 per
1430 2722 1535 2755 quam

57 2758 212 2786 emerint
234 2754 280 2788 de
303 2754 475 2790 servitute
499 2758 557 2798 11,
582 2758 615 2797 1,
638 2757 696 2794 88.
742 2757 793 2797 ΙΙ)
819 2761 935 2790 transl.
950 2772 959 2790 :
988 2757 1046 2789 illa
1071 2768 1116 2790 ex
1141 2755 1397 2790 consuetudine
1419 2756 1535 2800 philo-

55 2798 257 2841 sophorum
284 2800 389 2836 ducta
419 2812 510 2837 serv.
547 2801 628 2844 (est
655 2802 749 2837 enim
773 2802 882 2846 serv.)
914 2804 959 2837 ad
986 2809 1082 2837 certa
1113 2814 1151 2836 se
1183 2803 1294 2836 verba
1319 2802 1535 2849 astringendi
