1728 3002
525 118 735 163 Dixti-abo
773 141 829 152 —-
866 118 1077 163 Diversus
1484 119 1562 160 251

81 238 167 294 qnid
186 235 525 329 {matziastssgtum
548 233 915 297 attelaboratum,
942 243 1048 278 quun
1075 236 1131 268 est
1154 231 1216 267 ille
1238 231 1458 268 Discoboloa
1481 232 1568 278 My-

78 297 179 323 romu
338 308 348 327 ,
424 305 436 315 .

33 349 280 443 multip-4
315 361 347 443 {i
374 340 527 442 gordio)
556 371 623 406 per
644 359 722 396 vim
752 364 995 402 cuneatur,
1025 363 1060 393 et
1083 367 1175 404 quae
1200 358 1322 402 juncta
1346 363 1449 393 erant
1479 357 1571 393 dic-

82 414 156 445 tra
196 413 233 443 it
282 434 292 452 ,
339 433 352 452 ,
402 431 413 441 .

35 474 276 519 Dlssm‘buo·
335 495 468 532 pueros
503 485 543 521 in
570 486 704 522 classes
740 484 995 520 distribuerant
1026 487 1044 519 1
1057 510 1069 529 ,
1098 487 1140 528 2,
1175 485 1232 518 23.
1272 494 1319 518 an
1355 484 1501 518 schema
1525 482 1572 518 sit

83 533 277 568 distributis
300 534 459 578 subjecta
478 532 570 568 ratio
592 533 629 576 9,
652 535 688 577 3,
712 533 770 569 93.

39 589 311 632 Distributio.
349 590 434 646 (fig.
461 587 662 647 ap.‘c1·0.:)
690 602 726 644 9,
751 603 785 642 1,
808 602 867 636 3ο.
903 599 940 642 9,
965 601 1003 644 2,
1026 601 1059 633 2.
1086 596 1196 651 celeri
1218 597 1332 651 mpgis
1356 609 1398 632 ac
1420 597 1574 650 rotunda

84 658 200 737 3:181111’
213 659 303 729 ’σει-α
340 648 440 683 distr.
468 650 513 692 3,
536 647 583 692 4,
619 648 674 683 16.
707 646 804 682 utilis
835 657 955 681 rerum
989 656 1033 680 ac
1065 651 1219 690 paruum
1250 655 1303 678 ιιι
1334 646 1437 679 locos
1470 644 1572 678 distr.

39 748 279 806 maringo·
323 773 407 807 spe,
432 762 548 805 curis,
573 762 696 796 labore
723 759 944 808 distringitur
970 758 1109 802 (mens)
1143 761 1207 802 12,
1236 762 1277 802 1,
1301 761 1335 793 7.
1361 759 1460 793 nulla
1487 756 1579 792 dis-

91 807 333 855 tringente
370 814 476 854 atque
508 808 612 843 alio
645 809 847 842 ducente
878 817 984 840 causa
1008 807 1054 839 ib.
1079 805 1114 841 5.
1140 804 1320 839 districtus
1352 804 1412 849 (τι.
1446 809 1470 838 l.
1503 803 1578 838 dis-

90 854 252 896 tractus)
284 854 438 902 negotiis
459 855 527 899 Ep.
560 855 605 890 ad
632 855 773 899 Tryph.
797 857 830 888 1.

42 905 146 950 Diu·
200 920 232 963 1)
257 925 282 956 ι’.
309 936 344 968 q.
368 925 463 957 die.-
490 924 582 957 Nam
604 928 645 957 ut
667 927 807 957 noctu
830 927 866 956 et
888 920 988 964 din,
1011 919 1062 953 ita
1090 917 1230 952 dictu
1253 923 1291 952 et
1319 918 1452 952 factu
1483 920 1518 961 1,
1541 916 1579 960 4,

88 966 147 1001 29.
192 966 247 1011 11)
269 969 312 1001 de
335 972 491 1013 temporis
519 971 640 1012 spatio.
681 966 719 1010 α)
743 970 869 1002 Ροείι..·
900 978 976 1001 non
1012 965 1074 999 diu
1107 975 1248 999 mecum
1280 964 1438 998 sentiunt
1468 962 1512 1008 4,
1544 967 1582 1007 2,

90 1011 170 1048 111.
220 1012 278 1047 Ac
306 1013 368 1048 diu
400 1025 476 1049 non
507 1014 578 1048 nisi
608 1014 762 1058 optimus
796 1013 948 1058 quisque
980 1011 1154 1058 legendus
1178 1015 1234 1044 est
1261 1012 1325 1053 10,
1352 1013 1393 1053 1,
1419 1012 1477 1044 20.
1511 1021 1580 1044 nec

90 1054 315 1093 indocti-nec
333 1059 460 1094 rustici
475 1060 536 1093 diu
553 1066 738 1104 quaerunt,
756 1061 852 1094 unde
868 1058 1112 1103 incipiendum
1130 1059 1186 1099 10,
1202 1058 1237 1099 3,
1252 1056 1308 1091 16.
1322 1067 1370 1091 ne
1389 1055 1451 1089 diu
1467 1055 1583 1090 otiosa

80 1109 188 1140 ,esset
201 1114 327 1138 manus
341 1108 398 1148 11,
417 1107 452 1148 3,
474 1108 552 1140 107.
567 1117 638 1150 qua
664 1106 794 1150 (sama)
819 1105 893 1139 diu
915 1105 1081 1149 princeps
1105 1108 1300 1145 oratorum,
1325 1101 1584 1146 aliquando

92 1150 253 1184 aemulus
273 1149 458 1186 Ciceronis
488 1151 710 1186 existimatus
734 1157 789 1186 eat
815 1153 861 1185 ib.
896 1151 933 1186 8.
991 1149 1037 1195 β)
1073 1151 1264 1191 comparat.
1277 1162 1288 1181 .·
1323 1149 1415 1182 haec
1452 1147 1585 1182 diutius

91 1195 215 1234 forent
238 1195 388 1231 dicenda
410 1200 444 1240 1,
474 1199 530 1235 10.
552 1198 610 1233 29.
637 1208 709 1243 quo
733 1196 874 1242 saepius
897 1195 1101 1240 diutiusque
1124 1193 1263 1227 dicatur
1292 1194 1329 1236 6,
1352 1192 1388 1236 4,
1416 1191 1471 1228 14.
1510 1193 1584 1228 Sed

93 1239 178 1289 guid
200 1251 270 1321 ffio
293 1242 436 1286 diutius,
461 1254 543 1276 ctun
567 1248 608 1276 tu
631 1243 765 1287 optime
786 1242 913 1277 noris?
936 1241 972 1285 4,
995 1245 1032 1285 2,
1056 1244 1114 1275 22.
1138 1239 1251 1286 magis
1275 1239 1427 1274 haerere
1450 1239 1585 1283 animo,

94 1296 187 1330 «tuae
234 1287 294 1322 'ut.
331 1289 440 1323 affixa
465 1288 537 1323 sint
564 1292 628 1333 11,
651 1293 696 1333 2,
727 1287 786 1324 44.
819 1295 860 1323 ut
894 1289 1031 1333 majora
1065 1286 1232 1322 animalia
1264 1285 1350 1320 diut.
1382 1285 1584 1321 visceribus

95 1331 312 1414 εἰιίιίιιιιέᾙιιιιιίι1
331 1334 602 1370 continerentur
643 1338 710 1379 10,
750 1337 792 1379 3,
835 1334 871 1370 4.
916 1345 1036 1380 neque
1076 1333 1165 1367 diat.
1204 1333 1303 1367 ferre
1345 1331 1583 1367 intentionem

147 1403 159 1422 ‚
222 1405 234 1422 ,
318 1406 327 1414 .

12 1508 14 1512 V
50 1443 255 1539 Diurnulsi
300 1464 462 1542 ieiumi?
485 1461 549 1496 vel
576 1460 743 1495 diurno
770 1460 832 1495 vel
865 1465 1096 1494 nocturno
1124 1461 1161 1502 7,
1184 1460 1229 1502 2,
1244 1456 1303 1492 44.
1342 1457 1469 1492 diurna
1495 1462 1588 1492 tem-

95 1514 186 1547 pora
266 1531 278 1549 ,
360 1532 375 1550 ,
447 1529 458 1540 .

51 1572 304 1615 DiVffl’SitaS·
373 1585 411 1620 in
437 1585 641 1629 eloquendo
666 1590 721 1619 est
745 1584 864 1629 aliqua
887 1585 1022 1621 divers.
1053 1588 1111 1628 10,
1135 1588 1170 1628 1,
1198 1584 1276 1619 106.
1311 1583 1374 1618 illa
1404 1581 1592 1627 multiplici

0 1648 4 1650 ἡ
97 1640 348 1675 personarum,
379 1642 564 1666 causarum
590 1638 652 1666 etc.
680 1631 888 1667 diversitate
911 1635 976 1674 10,
1003 1632 1045 1675 5,
1069 1634 1116 1666 10
1138 1635 1181 1666 Ζ.
1208 1630 1340 1665 divers.
1370 1628 1531 1663 ciborum
1556 1632 1591 1671 1,

55 1707 58 1710 ,
99 1676 158 1719 12,
185 1677 220 1712 5.
247 1697 296 1706 —-
316 1677 518 1713 finitionum
543 1681 578 1720 7,
602 1680 637 1720 3,
662 1679 719 1712 12.
745 1693 793 1703 ·—
818 1677 1046 1725 ingeniorum
1070 1680 1138 1720 11,
1162 1680 1206 1719 2,
1230 1675 1290 1711 44.
1315 1695 1363 1702 -
1386 1675 1595 1719 proposito-

101 1732 180 1756 rum
202 1724 238 1765 9,
263 1723 300 1767 4,
326 1725 380 1760 19.
413 1723 466 1757 in
490 1729 590 1758 tanta
614 1734 682 1768 per
706 1734 831 1759 omnes
859 1731 983 1771 gentes
1005 1723 1242 1767 nationesque
1271 1722 1415 1769 linguae
1439 1721 1595 1756 diversi-

102 1772 175 1801 tate
200 1771 257 1810 11,
279 1772 314 1813 3,
337 1771 395 1805 87.
434 1771 610 1813 quaedam
635 1776 718 1804 sunt
749 1770 958 1813 imitabilia,
994 1770 1124 1815 quibus
1148 1775 1209 1803 aut
1234 1768 1421 1802 infirmitas
1445 1773 1594 1801 naturae

102 1821 176 1846 non
204 1815 376 1858 sufficiat,
410 1821 471 1848 ant
504 1815 693 1851 diversitas
725 1823 904 1863 repugnet
936 1819 1005 1860 10,
1042 1818 1082 1857 2,
1116 1817 1173 1851 19.
1214 1816 1308 1858 lonc
1340 1825 1472 1848 *rerum
1502 1824 1593 1848 con-

103 1857 261 1900 junctam
291 1860 554 1896 diversitatem·
569 1861 747 1897 Caecilius
770 1860 978 1908 μεταβολὴν
1000 1866 1109 1898 vocat
1136 1862 1171 1905 9,
1197 1863 1232 1904 3,
1258 1861 1305 1895 38
1329 1861 1376 1894 Ν.

59 1913 283 1978 nive-rsus·
329 1925 360 1970 Ι)
385 1929 408 1962 ἰ.
434 1942 468 1974 q.
490 1931 748 1971 dissimilis,
774 1932 1005 1963 contrariu
1018 1943 1046 1964 s.
1093 1928 1138 1974 ιι)
1163 1932 1366 1973 simpliciter.
1411 1926 1451 1971 a)
1479 1929 1595 1969 Singa

105 1977 142 2006 et
166 1971 289 2006 idem
312 1978 348 2006 et
370 1973 608 2007 diversum
631 1974 862 2019 significantia
884 1976 920 2017 9,
943 1977 979 2017 3,
1001 1974 1059 2010 49.
1083 1986 1290 2019 pransus
1321 1978 1427 2017 atque
1454 1978 1597 2016 potus

106 2016 352 2051 diversum
378 2018 502 2052 valent
528 2021 562 2060 1,
586 2017 621 2060 4,
646 2020 703 2054 29.
732 2021 841 2066 longe
870 2020 1051 2054 diversum
1077 2026 1151 2063 est,
1183 2020 1252 2064 ipsi
1280 2018 1366 2064 quid
1392 2018 1531 2061 videri,
1555 2024 1599 2052 et

106 2068 146 2096 ut
169 2061 228 2096 alii
249 2062 415 2097 videatm-
437 2063 582 2098 efficere
604 2066 640 2107 2,
665 2067 722 2107 17,
748 2066 813 2106 19,
838 2065 915 2098 cui
935 2065 1011 2099 div.
1038 2071 1092 2100 est
1118 2067 1155 2106 9,
1172 2068 1209 2108 2,
1230 2065 1283 2099 15.
1310 2065 1473 2106 alterum,
1499 2064 1598 2107 quod

105 2108 219 2144 huic
245 2108 319 2143 div.
342 2115 396 2143 est
418 2111 453 2153 2,
478 2111 513 2152 5,
536 2112 595 2143 22.
634 2108 678 2150 tf.
705 2110 741 2152 6,
767 2112 803 2153 2,
826 2112 882 2144 20.
909 2110 1062 2154 primum
1085 2116 1211 2152 acuto,
1245 2109 1444 2143 secundum
1468 2108 1596 2153 nitido,

108 2154 253 2190 tertium
277 2154 446 2200 copioso,
483 2154 650 2199 deinceps
677 2154 806 2198 hilari,
835 2156 1014 2199 jucundo,
1047 2160 1215 2189 accurato
1237 2154 1312 2189 div.
1338 2159 1393 2188 est
1417 2155 1453 2196 8,
1478 2156 1513 2198 3,
1535 2154 1595 2191 49.

110 2200 202 2235 nihil
237 2206 291 2235 est
332 2207 404 2235 tam
438 2200 573 2246 Lysiae
616 2199 690 2236 div.
729 2203 798 2244 12,
834 2203 898 2244 10,
935 2203 1002 2242 223
1050 2212 1072 2234 a
1104 2211 1212 2235 causa
1242 2200 1319 2236 div.
1353 2199 1398 2242 5,
1430 2201 1495 2243 13,
1535 2203 1594 2236 17.

113 2245 160 2288 eff.
197 2248 240 2289 2,
274 2249 340 2290 10,
371 2250 404 2282 7.
448 2247 644 2283 Diversum
675 2245 748 2290 (sc.
783 2245 870 2290 est)
901 2247 954 2280 ab
991 2247 1085 2290 hoc,
1123 2257 1206 2280 cum
1228 2262 1273 2271 -
1303 2246 1480 2279 laudanda
1514 2252 1598 2281 sunt

113 2294 171 2335 11,
196 2294 231 2335 1,
253 2294 311 2326 73.
353 2290 391 2335 b)
419 2295 538 2327 Plura.-
578 2292 742 2338 quamvis
774 2291 892 2326 neutri
922 2291 1068 2326 dubium
1096 2291 1155 2335 sit,
1186 2293 1277 2326 haec
1311 2290 1598 2335 (liberalita-

112 2344 198 2370 tem
231 2345 274 2371 et
305 2338 562 2384 luxuriam)
592 2349 671 2373 esse
702 2337 845 2373 diversa
877 2339 921 2382 8,
944 2338 989 2381 6,
1017 2338 1076 2373 36.
1107 2344 1148 2371 ut
1169 2338 1285 2382 primo
1308 2338 1353 2371 ad
1373 2338 1598 2374 voluntatem

113 2384 354 2425 respondeant
375 2381 544 2428 (testes),
578 2395 649 2430 quo
671 2385 807 2427 majore
831 2384 902 2418 fide
926 2383 1070 2418 diversa
1090 2389 1215 2429 postea
1242 2383 1361 2419 dicant
1394 2383 1438 2426 5,
1471 2387 1514 2427 7,
1536 2387 1598 2419 -21,

119 2427 368 2461 'ucundissima
381 2429 418 2462 in
435 2437 579 2465 oratore
592 2430 803 2472 humanitas,
827 2428 981 2464 facilitas
1011 2438 1071 2464 etc.
1109 2431 1182 2465 Sed
1203 2429 1267 2464 illa
1291 2440 1435 2475 quoque
1453 2429 1598 2465 diversa

142 2482 250 2507 onum
276 2472 394 2507 virum
418 2475 566 2520 decent,
601 2477 714 2511 malos
739 2476 857 2511 odisse
881 2483 944 2510 eu:-
972 2478 1036 2519 11,
1066 2478 1106 2519 1,
1130 2474 1190 2511 42.
1224 2482 1264 2511 ut
1295 2476 1416 2510 idem
1438 2477 1598 2520 valeant,

118 2518 409 2571 quae-videntur
447 2531 526 2556 esse
558 2522 747 2558 diversa
779 2523 822 2565 9,
849 2525 892 2565 2,
918 2523 996 2557 105.
1029 2522 1138 2566 (fig.)
1165 2534 1236 2568 qua
1262 2522 1303 2557 fit
1336 2532 1386 2556 ex
1413 2522 1599 2556 vicinia

120 2569 286 2599 transitus
315 2566 359 2600 ad
386 2565 595 2610 diversa,
634 2575 674 2603 ut
696 2567 871 2602 similia
907 2568 951 2610 9,
973 2569 1014 2611 3,
1039 2568 1075 2603 6.
1116 2567 1310 2605 diversa
1342 2571 1470 2601 natm-5
1497 2569 1540 2611 9,
1564 2567 1599 2610 4,

122 2611 198 2644 133.
225 2609 352 2647 πάθος
368 2617 474 2657 atque
486 2607 579 2656 ἦθος
594 2625 673 2649 esse
687 2614 829 2648 interim
846 2624 895 2648 ex
920 2614 1072 2648 eadem
1096 2620 1234 2658 natm-a,
1262 2633 1307 2640 —
1330 2614 1509 2648 interdum
1533 2614 1598 2647 di-

120 2666 257 2707 vel-sa
283 2656 407 2692 inter
428 2669 468 2692 se
490 2658 576 2702 6,2,
594 2662 658 2702 12;
685 2665 929 2707 congeruntur
947 2666 983 2694 et
1002 2659 1143 2696 diversa
1165 2662 1202 2704 9,
1223 2663 1259 2704 3,
1276 2658 1336 2694 48.
1360 2658 1462 2694 testis
1484 2659 1600 2694 testi

122 2700 262 2737 dlversa
287 2702 373 2738 dicit
394 2706 474 2748 5,7,
487 2705 544 2740 29.
571 2705 602 2739 si
616 2706 758 2742 diversa
776 2705 905 2741 fecerit
927 2707 962 2749 3,
975 2706 1009 2750 8,
1020 2707 1076 2743 29.
1112 2706 1233 2742 omnia
1246 2706 1435 2752 protutura
1449 2705 1601 2751 polliciti
