1728 3002
121 229 201 267 114
654 219 859 264 Carn‘iiox
889 244 945 252 —-·
974 218 1111 264 Casus

166 350 277 375 versu
305 335 499 372 omninum
525 337 580 378 10,
607 336 640 377 1,
665 335 722 370 56.
752 334 943 369 deductum
966 346 1110 370 carmen
1133 335 1186 377 (i.
1211 348 1241 371 e.
1265 333 1389 380 tenue)
1417 338 1540 380 Vir-g.
1567 338 1603 379 8,
1626 340 1664 380 2.

167 389 191 421 9
218 387 263 420 Ν.
292 404 338 410 -
378 383 481 416 dulce
509 384 568 424 12,
595 383 659 423 10,
685 382 739 414 33.
778 380 871 424 epici
897 391 1010 427 carm.
1031 392 1142 416 onera
1166 382 1247 426 lyra
1270 381 1504 417 sustinentem
1531 385 1597 425 10,
1628 386 1662 426 1,

168 435 224 468 62.
259 441 365 465 earm.
390 428 540 461 funebre
566 426 709 471 proprie
733 426 869 460 Naeuia
892 427 926 470 8,
953 431 989 471 2,
1013 429 1047 462 8.
1083 427 1298 462 sublimitate
1326 427 1466 462 heroici
1492 440 1600 463 carm.
1626 431 1662 471 1,

168 481 203 521 8,
230 479 262 512 5.
292 474 417 510 lascivi
441 485 548 508 carm.
573 474 608 516 9,
632 471 668 515 4,
693 474 769 507 108.
808 472 956 507 historia
978 491 1025 499 -
1049 475 1311 519 quodammodo
1337 475 1492 509 solutum
1518 485 1665 510 carmen
1727 462 1728 505 J

171 526 226 566 10,
251 526 286 564 1,
309 523 365 556 31.

126 567 348 612 Carnifex.
395 587 492 618 non,
521 574 551 609 si
575 574 739 608 traditum
764 585 846 609 eum
872 574 1098 620 (tyrannum)
1127 575 1291 612 carnifex
1315 576 1511 622 occiderit,
1539 583 1666 623 tyran-

171 625 288 662 nicida
313 623 450 657 dicatur
474 624 508 663 5,
535 623 590 664 10,
617 622 671 656 59.

126 672 255 714 Caro.
295 680 395 715 velut
419 689 525 712 carne
550 677 689 722 spoliati
715 683 810 712 artua
833 678 868 720 5,
893 680 951 722 12,
974 679 1017 722 6;
1046 679 1200 715 carnis
1225 681 1436 726 plushabet,
1462 680 1582 716 minus
1606 681 1669 715 la-
1699 721 1701 726 Ι

174 733 405 763 certorum
433 723 651 768 (Aeschines)
682 726 737 767 10,
764 727 797 767 1,
822 727 879 759 77.

129 775 282 830 Carpo.
330 794 420 827 quae
445 792 519 815 non
542 780 723 815 desierunt
750 780 897 828 maligni
925 792 1071 827 carpere
1096 786 1161 828 11,
1185 787 1227 830 1,
1249 782 1307 820 24.
1344 783 1557 820 Ciceronem
1589 794 1670 819 oar-

173 837 258 877 pant
279 830 316 863 in
341 828 396 862 his
423 829 457 871 9,
484 826 520 870 4,
544 827 602 862 63.

129 878 278 920 Carus.
317 896 422 930 quem
446 883 524 929 quis
548 884 716 918 heredem
739 895 844 918 suum
867 895 948 920 esse
970 885 1110 930 voluit,
1139 896 1261 921 carum
1283 885 1427 929 habuit,
1450 885 1578 928 habet,
1602 887 1671 920 ha·-

171 933 269 970 bebit
293 933 327 974 5,
354 933 412 974 10,
436 929 492 965 74.
521 936 635 965 mater
656 942 755 974 mea,
783 941 876 976 quae
899 931 987 967 mihi
1014 937 1089 967 tum
1113 932 1372 978 carissima,
1399 938 1476 968 tum
1498 931 1673 967 dulcin-
1726 936 1728 940 ⁴

173 981 279 1016 sima
301 977 370 1012 tuit
393 979 507 1011 Asin.
535 977 569 1019 9,
594 979 630 1020 2,
655 975 711 1011 34.
1413 978 1417 982 ‘

129 1025 253 1068 Casa.
297 1033 461 1068 domibus
485 1043 584 1067 casas
606 1032 735 1067 mutari
759 1034 795 1077 9,
822 1032 857 1077 4,
880 1032 918 1068 4.

130 1082 307 1171 (ἶὸεηέΐ.
355 1102 387 1125 e.
421 1090 525 1134 (opu.
554 1092 658 1125 codd.
691 1090 867 1136 casami),
901 1097 1190 1137 assectator,
1225 1102 1246 1127 e
1271 1091 1388 1127 Gallia
1410 1092 1555 1127 ductum
1579 1093 1613 1136 1,
1637 1090 1675 1136 5,

175 1143 197 1175 8
226 1145 271 1172 ,ι’.
1688 1148 1689 1152 ’

130 1182 374 1227 Castellum·
421 1193 566 1226 castella
591 1194 724 1228 tuenda
746 1197 782 1238 7,
809 1196 865 1238 10,
892 1197 948 1230 13.

132 1240 380 1295 Castigatio-
422 1253 454 1293 1,
480 1252 514 1292 3,
545 1248 599 1284 14.
636 1250 698 1286 ille
722 1251 761 1285 in
790 1249 1192 1299 castigationem,
1217 1249 1278 1286 hio
1301 1249 1341 1286 in
1362 1249 1675 1286 hortationem

178 1309 336 1333 amorum
359 1296 575 1340 compositus
599 1299 633 1340 3,
658 1299 693 1340 8,
719 1296 776 1332 54.

134 1344 325 1398 Castigo.
373 1364 444 1397 quo
469 1354 608 1398 saepius
642 1354 896 1398 monuerit,
923 1355 994 1389 hoc
1018 1353 1135 1389 rarius
1157 1353 1406 1402 castigabit
1427 1355 1463 1397 2,
1487 1356 1523 1397 2,
1549 1354 1582 1389 5.
1636 1339 1655 1370 ’Ἰ

134 1401 297 1443 Castra.
345 1412 464 1445 locum
489 1423 618 1455 capere
643 1411 767 1446 castris
794 1415 857 1456 12,
886 1414 920 1456 3,
949 1414 983 1448 5.
1018 1411 1058 1446 in
1080 1411 1206 1446 castris
1230 1423 1277 1446 an
1299 1412 1382 1446 foro
1406 1411 1530 1456 dicas,
1563 1409 1678 1455 pluri·

180 1469 275 1491 mum
298 1456 445 1491 interest
469 1460 525 1501 11,
554 1457 668 1504 1,,47.

137 1502 303 1544 Castro·
352 1514 523 1548 deformis
553 1514 756 1549 translatio:
786 1520 976 1550 castratam
1001 1521 1118 1549 morte
1142 1513 1323 1560 Scipionis
1345 1499 1458 1560 remp.
1482 1513 1518 1558 8,
1541 1513 1576 1557 6,
1605 1512 1661 1548 15.

137 1561 286 1602 Casus.
334 1570 520 1605 Ciceronis
545 1572 766 1616 temporibus
790 1573 1006 1616 paulumque
1029 1572 1123 1606 infra
1151 1583 1314 1607 cassus
1337 1572 1550 1617 (scriptum)
1577 1576 1617 1615 1,
1641 1575 1679 1616 7,

179 1619 237 1651 20.
287 1618 320 1655 l)
345 1621 500 1660 proprie.-
528 1638 575 1644 —
611 1629 683 1662 quo
707 1618 745 1651 in
770 1623 901 1661 terram
926 1620 1138 1653 deferuntur
1163 1623 1196 1662 1,
1218 1621 1274 1662 12,
1301 1621 1356 1653 10.
1405 1620 1454 1659 u)
1479 1622 1502 1653 i.
1522 1631 1552 1664 q.
1573 1619 1680 1661 sors·

180 1665 217 1703 a)
243 1673 364 1704 casus,
394 1663 452 1707 qui
479 1670 530 1697 est
552 1664 706 1698 maxime
730 1664 854 1700 varius
877 1666 912 1707 6,
941 1667 975 1708 3,
1002 1667 1079 1700 101.
1125 1664 1155 1699 si
1178 1664 1257 1710 quis
1280 1676 1384 1699 casus
1408 1666 1498 1700 duos
1521 1665 1616 1700 inter
1638 1668 1679 1699 so'

182 1710 295 1742 bonos
320 1709 417 1743 viros
442 1710 680 1754 composuerit
704 1713 748 1754 2,
777 1714 818 1746 17
832 1738 842 1755 ,
867 1710 923 1746 34.
968 1723 1072 1745 casus
1105 1718 1141 1745 et
1164 1712 1242 1756 ipse
1272 1715 1427 1756 praestat
1448 1710 1680 1765 *argumentis
1700 1708 1703 1712 ’

180 1756 299 1788 locum
324 1755 366 1797 5,
395 1758 458 1798 10,
486 1755 542 1790 48.
591 1757 721 1790 forte
755 1767 823 1791 vos
858 1756 988 1791 obvios
1026 1768 1159 1791 casus
1188 1756 1340 1791 miserae
1375 1756 1518 1792 mulien
1550 1756 1680 1791 obtulit

183 1803 336 1834 Domit.
363 1801 434 1842 As:
460 1803 494 1844 9,
520 1805 553 1843 2,
577 1804 634 1836 20.
669 1808 707 1836 ut
731 1813 805 1837 non
829 1813 977 1837 casum
1001 1803 1161 1845 afferret,
1187 1809 1248 1836 aut
1271 1803 1585 1846 voluntatem,
1612 1802 1679 1837 sed

184 1846 511 1880 necessitatem
535 1868 580 1874 —-
607 1848 777 1883 vomendi
802 1850 843 1890 8,
867 1847 913 1891 4,
942 1851 997 1884 17.
1040 1859 1202 1883 casum
1233 1847 1352 1893 potius
1380 1860 1485 1893 quam
1512 1849 1679 1884 consi-

183 1893 293 1925 lium
317 1899 483 1936 sequatur
505 1897 540 1937 7,
569 1896 624 1928 Pr.
652 1896 691 1936 33
727 1896 857 1928 multos
883 1894 1093 1928 ‘udiciorum
1116 1905 1219 1929 casus
1249 1895 1338 1938 (Sp.
1365 1893 1513 1938 causas)
1540 1895 1584 1929 ad
1607 1893 1682 1928 ini-

185 1944 253 1982 que
280 1939 575 1982 pronuntiandum
598 1942 720 1975 valere
749 1941 782 1983 5,
808 1943 842 1984 2,
867 1906 900 1974 4.
939 1951 1042 1974 casus
1066 1940 1284 1984 proeliorum
1307 1943 1343 1984 7,
1369 1943 1434 1984 10,
1461 1943 1516 1976 13.
1557 1946 1681 1976 orator

185 1983 375 2027 imparatus
407 1986 450 2018 ad
482 1997 582 2020 casus
609 1989 673 2028 10,
699 1989 742 2029 7,
767 1989 801 2022 3.
843 1986 904 2031 qui
928 1986 1174 2021 conticescunt
1197 1987 1242 2020 ad
1269 1998 1373 2021 casus
1395 1988 1441 2030 6,
1467 1989 1510 2030 1,
1533 1985 1591 2022 42.
1616 1986 1680 2025 ,ad

186 2040 311 2063 omnes
346 2041 448 2064 casus
479 2042 696 2076 componere
721 2032 875 2066 animum
900 2035 964 2076 12,
994 2034 1039 2075 9,
1070 2034 1126 2067 20.
1173 2039 1333 2076 paratam
1359 2034 1406 2068 ad
1428 2043 1553 2067 omnes
1576 2042 1682 2067 casus

186 2076 425 2120 eloquentiam
450 2079 517 2120 10,
535 2081 592 2121 ,1,
623 2081 657 2112 2.
701 2080 746 2112 ad
772 2078 907 2114 subitos
938 2089 1082 2123 quoque
1108 2089 1210 2113 casus
1235 2081 1300 2122 10,
1327 2080 1372 2122 3,
1398 2081 1432 2114 3.
1477 2077 1683 2123 hujusmodi

186 2133 289 2155 casus
314 2122 490 2165 efficiunt,
525 2129 564 2157 ut
588 2124 778 2168 aliquando
805 2124 943 2158 dicatur
966 2125 1091 2168 aliter,
1129 2136 1236 2169 quam
1263 2124 1432 2160 scribitur
1454 2127 1512 2169 12,
1537 2127 1594 2168 10,
1621 2126 1680 2159 57.

187 2167 274 2201 citra
297 2168 392 2201 hunc
412 2179 555 2212 quoque
580 2181 699 2204 casum
719 2173 754 2213 3,
777 2171 812 2212 8,
837 2173 892 2205 21.
924 2182 972 2205 ex
996 2182 1082 2205 casu
1105 2171 1327 2205 nascentium
1350 2171 1495 2216 (nomina
1509 2167 1680 2213 feceruut)

189 2216 205 2245 1
225 2239 235 2255 ,
262 2212 308 2255 4,
333 2214 401 2256 253
447 2217 585 2248 Abina.-
615 2215 907 2251 necessitate
939 2228 984 2250 an
1009 2228 1114 2251 casu
1139 2219 1184 2260 3,
1210 2218 1253 2260 6,
1277 2218 1335 2252 26.
1375 2228 1481 2259 casu
1508 2228 1554 2250 an
1579 2226 1682 2260 per-

189 2270 325 2291 suasu
351 2265 386 2292 et
410 2258 594 2294 inductu
621 2262 660 2304 5,
689 2265 753 2304 10,
779 2264 836 2298 69.
882 2262 1021 2307 (leges)
1047 2274 1159 2296 casu
1182 2262 1306 2296 collidi
1329 2267 1365 2296 et
1387 2267 1563 2296 eventu
1585 2264 1621 2304 7,
1643 2264 1683 2304 7,

190 2306 224 2336 2.
263 2306 356 2347 quod
393 2316 477 2338 casu
509 2306 585 2339 fieri
618 2309 710 2341 solet
736 2310 780 2350 5,
808 2311 851 2351 7,
877 2310 934 2344 29.
969 2321 1000 2342 v.
1027 2308 1167 2342 Ratio.
1210 2308 1278 2343 vix
1305 2306 1502 2342 admirabili
1527 2307 1684 2352 quodam

192 2359 275 2381 casu
299 2349 409 2391 possit
436 2351 597 2385 accidere
621 2356 662 2395 2,
690 2357 752 2395 17,
779 2356 834 2387 31.
870 2366 956 2388 casu
979 2354 1100 2398 aliquo
1123 2357 1164 2396 2,
1187 2356 1255 2396 21,
1281 2355 1335 2388 19.
1367 2364 1486 2398 neque
1510 2354 1586 2387 ullo
1609 2352 1683 2388 alio

193 2405 276 2427 casu
300 2397 334 2435 7,
358 2398 392 2436 7,
417 2397 447 2428 5.
479 2407 550 2439 quo
574 2409 657 2431 casu
681 2399 869 2442 impeditus
892 2403 928 2443 2,
954 2401 1010 2442 18,
1034 2403 1068 2433 3.
1099 2410 1185 2433 casu
1208 2398 1414 2443 inopinatae
1431 2399 1486 2434 rei
1508 2400 1544 2442 6,
1570 2402 1604 2442 1,
1627 2398 1687 2435 39.

194 2450 268 2472 non
293 2445 346 2473 est
369 2439 430 2472 tali
454 2452 536 2474 casu
561 2442 599 2486 (i.
621 2457 647 2477 e.
675 2444 859 2485 desectione
882 2444 999 2489 lunae)
1025 2444 1216 2479 deterritus
1242 2447 1275 2488 1,
1305 2447 1360 2488 10,
1383 2443 1443 2481 48.
1501 2445 1543 2489 β)
1570 2445 1687 2488 impri-
1709 2479 1711 2483 .

193 2488 252 2517 mis
275 2486 318 2517 ‹le
343 2489 603 2521 calamitatibus.-
645 2489 810 2532 jactatum
835 2490 943 2524 casib.
971 2490 1082 2525 variis
1105 2494 1148 2533 7,
1180 2493 1225 2534 2,
1255 2492 1312 2526 26.
1362 2490 1401 2526 in
1429 2497 1554 2526 nostro
1578 2489 1688 2525 uimili

196 2542 278 2563 vasu
301 2531 335 2571 6,
361 2533 396 2571 2,
420 2529 474 2563 34.
512 2531 539 2564 si
565 2543 636 2566 non
664 2546 745 2569 meo
771 2547 877 2579 casu,
900 2553 948 2560 —-
975 2542 1010 2571 at
1033 2537 1176 2570 illorum
1201 2543 1323 2581 certe,
1358 2548 1447 2582 quos
1470 2537 1594 2581 utique
1617 2536 1688 2570 im-

192 2576 338 2610 meritos
361 2585 456 2626 mors
485 2578 612 2611 acerba
638 2580 816 2615 damnavit
842 2582 882 2624 6,
912 2583 970 2616 Pr.
994 2581 1030 2617 4.
1076 2594 1162 2616 casu
1185 2582 1282 2627 ejus,
1324 2594 1430 2628 quem
1459 2582 1684 2617 defendimus

194 2622 230 2663 4,
258 2625 289 2664 1,
314 2623 368 2654 30.
399 2632 474 2663 ejus
500 2632 636 2666 casum,
662 2637 672 2656 r
711 2637 767 2660 em
789 2627 972 2661 ulciscitur
995 2629 1036 2672 6,
1063 2631 1102 2671 1,
1130 2630 1183 2663 18.
1217 2639 1322 2673 quam
1345 2629 1455 2663 miser
1477 2638 1582 2662 casua
1604 2627 1691 2662 An-

197 2668 409 2701 dromachae
433 2667 468 2708 6,
492 2670 527 2708 2,
554 2671 609 2701 22.
639 2683 656 2701 c
674 2695 681 2702 .
708 2669 744 2713 4,
767 2675 803 2714 2,
830 2672 907 2707 114.
970 2674 1038 2715 111)
1063 2677 1096 2707 in
1122 2677 1254 2708 verbis.-
1279 2685 1382 2709 casus
1405 2673 1511 2719 primi
1533 2673 1587 2708 illi
1610 2673 1690 2709 sino

196 2719 272 2747 arte
296 2714 494 2763 fuerumt-2,
522 2714 578 2755 17,
605 2716 658 2747 10.
691 2726 774 2749 casu
797 2723 898 2752 recto
926 2720 966 2761 1,
991 2722 1034 2762 5,
1060 2721 1117 2755 61.
1155 2721 1289 2762 verba,
1322 2731 1413 2765 quae
1436 2718 1544 2755 rectis
1572 2719 1686 2754 casib.

197 2763 555 2809 aetate'traustenmt
588 2762 628 2801 1,
659 2758 701 2801 4,
737 2763 789 2796 13.
833 2764 986 2809 obliquis
1020 2765 1157 2801 casib.
1185 2765 1283 2810 ducti
1318 2766 1425 2801 etiam
1456 2765 1589 2811 primas
1620 2764 1690 2801 sibi

197 2804 461 2852 positiones
496 2813 571 2837 non
601 2804 790 2850 invenire,
830 2811 895 2845 sed
923 2816 1060 2847 mutare
1095 2812 1305 2857 permittunt
1334 2814 1377 2857 1,
1409 2813 1452 2856 6,
1485 2814 1543 2848 22.
1605 2821 1692 2848 eam
