1728 3002
511 167 718 211 Probmm
755 191 812 199 —
849 166 1037 211 Procedo
1144 222 1150 229 ,
1454 165 1538 207 699

26 319 29 321 .
61 290 213 320 matur
237 285 293 327 10,
313 281 419 326 1,74.
450 280 483 316 si
504 292 627 327 parum
642 286 766 316 nostra
782 279 1180 325 institutioprobaretur
1193 290 1214 312 a
1229 277 1359 331 ceteris
1375 276 1412 321 4,
1428 278 1486 312 Pr.
1506 281 1541 313 1.

61 343 97 384 y.
109 331 288 382 Pla-ceo.
304 328 390 363 mihi
405 328 511 383 longe
527 326 639 379 magis
653 332 773 361 orator
789 326 931 379 probari
946 325 983 379 in
1000 336 1110 369 opere
1127 335 1192 359 suo
1211 324 1357 405 vggetutri
1358 327 1438 404 ⁰1¹?¹5⁸
1439 327 1470 366 1,
1477 327 1542 404 ἕξ

62 376 277 456 ὶέήφέἒῖζὲἶ
287 376 349 462 13³!
369 374 479 462 ἷῗῗὲἔῖ
495 373 1489 464 '2233335'2'3223325’355330512.&mg
1503 419 1543 460 a,

65 471 101 510 7,
131 468 193 508 183
226 467 291 499 huc
309 464 457 508 sortasse
484 468 624 508 pertinet
634 489 646 507 ‚
670 477 755 509 quae
777 460 958 508 ἐξαλλαγὴ
986 465 1107 496 dicitur
1122 475 1178 507 ap.
1206 465 1395 497 Sallust.
1405 476 1415 495 τ
1443 461 1541 497 Duoi

65 513 241 558 probare,
261 524 324 556 pro
347 512 558 556 probabat
573 523 600 543 s.
627 512 871 552 probabunt
894 512 928 552 9,
954 511 989 552 3,
1015 512 1059 542 12
1084 510 1153 551 Ν.;
1188 508 1327 553 siquid
1351 508 1540 552 probatum

2 557 6 564 '
67 558 178 600 est'5,
203 559 258 599 10,
284 559 339 591 13.
385 568 463 590 omn
485 556 690 600 praesertim
711 556 802 590 haec
831 554 1073 603 chironomia,
1118 566 1208 599 quae
1238 560 1292 588 est
1319 555 1384 589 lex
1407 561 1542 608 gestum,
1603 582 1613 591 .

67 609 103 638 et
129 603 174 638 nb
198 603 269 638 illis
290 603 506 646 temporibus
526 602 682 636 heroicis
706 609 783 636 orta
805 601 870 642 sit,
902 607 940 646 et
969 613 990 635 a
1015 602 1158 635 summis
1188 600 1360 635 Graeciae
1392 602 1483 636 vim
1505 605 1543 635 et

67 650 111 684 ab
135 649 214 693 ipso
238 650 384 683 Socrate
415 647 562 692 probata
585 655 647 681 etc.
672 650 705 690 1,
731 651 787 690 11,
812 650 868 682 17.
914 647 953 686 b)
978 649 1123 680 Pcmic..-
1154 646 1243 680 illud
1266 647 1338 690 jam
1364 656 1438 680 non
1464 657 1545 681 me-

66 694 237 729 diocriter
257 694 476 738 probandum
503 694 540 736 8,
562 695 598 736 2,
622 694 658 728 9.
704 693 948 737 probanda
972 698 1044 737 atq.
1069 692 1377 736 improbanda
1405 693 1542 727 discer-

64 751 154 775 nere
180 743 216 783 2,
239 743 273 782 2,
301 743 354 773 11.
397 740 741 783 probandorum
772 745 809 773 et
834 739 1170 783 culpandorum
1199 741 1234 781 5,
1259 742 1315 780 11,
1338 741 1372 773 7.
1397 751 1431 773 v.
1457 738 1543 772 Ad-

65 787 230 827 miron
267 785 378 820 verba
404 785 474 827 iam
498 785 694 828 probata
717 791 754 820 et
778 786 933 819 electa
955 790 990 818 et
1013 785 1114 819 velut
1148 785 1407 830 assignata
1442 787 1480 827 9,
1501 783 1541 828 4,

62 833 124 868 58.
149 831 355 865 adhibeatur
380 830 550 871 iudicium
573 829 812 872 inventis,
846 829 1032 874 dispositio
1063 830 1283 874 probatis
1308 833 1363 872 10,
1387 829 1422 873 4,
1451 829 1543 865 5.’ν.

68 877 287 912 Invenio.
334 876 433 919 11)1·.
459 890 489 922 q.
517 875 742 917 confirmo.
782 876 824 919 a)
851 879 1017 909 absolute.-
1043 877 1161 909 nullos
1185 876 1391 920 probare
1414 876 1544 919 acrius,

68 929 129 959 aut
152 923 439 956 concludere
464 921 626 955 subfirms
651 923 773 973 Qum
798 923 953 964 Stoicos)
978 924 1036 964 12,
1057 924 1095 964 2,
1127 924 1185 955 25.
1212 933 1244 955 v.
1272 921 1480 968 Colligo-
1505 927 1543 956 et

67 968 107 1002 in
129 968 230 1012 foro,
260 967 292 1001 si
316 968 458 1011 quando
481 966 703 1000 adversarius
733 967 886 1010 probare
901 977 990 1001 *uon
1021 966 1173 1011 poterit,
1211 966 1421 1002 desiderabo
1451 971 1486 1011 7,
1509 970 1547 1011 2,

36 1050 43 1055 ,
70 1015 126 1049 55.
153 1011 183 1048 si
206 1013 292 1067 quid
313 1011 377 1047 tibi
401 1023 540 1054 sumas,
574 1013 795 1056 probandum
826 1018 880 1046 est
915 1015 970 1055 12,
1003 1013 1050 1056 f„
1070 1013 1117 1054 53
1150 1018 1357 1058 argumenta
1389 1013 1548 1048 invicem
1579 1052 1585 1054 ,

0 1066 11 1090 Γ
69 1059 255 1104 probantis
277 1059 311 1100 5,
339 1061 396 1101 10,
421 1061 480 1092 71.
505 1059 534 1091 si
558 1070 667 1091 unum
690 1057 822 1103 aliquid
845 1057 1133 1102 affirmaris,
1167 1060 1456 1102 probandum
1476 1059 1547 1102 est,

70 1111 132 1140 aut
163 1111 270 1139 causa
297 1104 667 1148 periclitandum
694 1107 730 1146 7,
768 1107 804 1146 2,
852 1107 908 1138 12.
955 1103 1182 1148 probandi
1215 1116 1257 1138 ac
1291 1105 1547 1140 refutandi

69 1149 331 1196 (iustrumenta)
355 1148 410 1191 10,
436 1153 476 1192 -1,
496 1148 557 1184 49.
601 1149 836 1194 probandi
857 1150 1178 1194 refutandique
1201 1150 1292 1184 ratio
1325 1151 1359 1192 5,
1398 1153 1454 1194 13,
1486 1151 1548 1187 56.

53 1195 165 1232 'rufo
185 1195 407 1230 narrandi
429 1194 734 1240 probandique
756 1198 813 1237 12,
835 1198 890 1238 10,
908 1196 964 1230 59.
989 1195 1046 1229 vis
1070 1196 1190 1238 prob.
1214 1207 1256 1230 ac
1281 1197 1549 1231 refellendi

70 1244 130 1286 10,
151 1244 188 1284 2,
210 1245 274 1284 27;
299 1239 495 1284 (historia)
509 1240 674 1274 scribitur
699 1242 744 1274 ad
770 1241 1071 1282 narrandum,
1106 1252 1179 1275 non
1208 1243 1252 1275 ad
1275 1241 1401 1286 prob.
1432 1245 1489 1287 10,
1513 1246 1548 1286 1,

35 1286 40 1288 ’
70 1288 128 1323 31.
154 1286 200 1329 ef.
224 1289 281 1330 12,
309 1289 365 1329 10,
390 1286 447 1322 59.
489 1285 536 1331 β)
561 1300 591 1320 c.
621 1287 717 1329 01:12:
750 1288 846 1330 quod
875 1286 1008 1321 indocti
1033 1292 1069 1319 et
1094 1287 1234 1320 barbari
1263 1293 1300 1322 et
1329 1287 1446 1330 servi,
1481 1299 1551 1333 pro

68 1336 109 1368 se
135 1333 453 1377 cqmloqduntur,
486 1332 619 1376 aliquid
641 1352 688 1358 —
719 1333 954 1376 probent,
989 1333 1210 1367 refutent
1238 1341 1299 1367 etc.
1335 1336 1477 1375 2,17,
1510 1335 1547 1370 6.

0 1408 2 1412 ,
67 1376 118 1415 dx
140 1378 325 1424 iis5⁷quae
349 1389 455 1422 supra
475 1377 651 1421 probavi,
690 1385 836 1422 apparet
868 1380 903 1421 9,
932 1379 968 1421 4,
994 1381 1071 1412 100.
1117 1391 1155 1413 se
1190 1380 1392 1423 probare
1427 1382 1546 1425 malle,

139 1433 161 1458 e
186 1424 358 1467 affirmet,
392 1435 497 1468 quam
521 1423 702 1457 dubium
726 1425 889 1470 cuiquam
915 1424 1214 1468 relinquere,
1251 1437 1296 1458 an
1320 1426 1485 1469 pejerarit
1511 1428 1547 1470 5,

128 1470 163 1506 5.
186 1468 232 1512 ιζΙὶ
257 1469 293 1514 4,
318 1471 354 1512 3,
378 1473 418 1510 1;
443 1470 592 1513 probant
618 1471 781 1511 confessa
804 1472 838 1514 5,
864 1470 920 1513 14,
935 1472 990 1504 32.
1020 1471 1265 1505 inventum
1289 1491 1334 1497 —
1357 1473 1548 1516 praecipue

0 1518 23 1568 ,τ’
68 1516 234 1562 probet
256 1517 291 1558 5,
318 1518 374 1557 12,
397 1518 461 1557 223
485 1521 525 1548 ut
549 1515 683 1549 crimen
702 1522 874 1562 augeant,
902 1517 997 1560 quod
1021 1522 1074 1550 est
1096 1518 1319 1560 probandum
1346 1519 1380 1558 5,
1410 1520 1463 1559 13,
1489 1518 1548 1553 34.

0 1593 3 1603 ,
71 1561 117 1604 cf.
144 1561 181 1604 4,
204 1563 240 1603 3,
261 1562 295 1596 6.
321 1571 431 1608 genus
456 1562 500 1594 ad
523 1562 810 1604 probandam
833 1563 987 1605 speciem
1009 1562 1192 1596 minimum
1217 1564 1333 1603 valet,
1359 1564 1549 1606 plurimum

71 1609 115 1641 ad
137 1607 459 1640 refellendam
486 1608 519 1648 5,
547 1609 601 1647 10,
627 1608 683 1642 56.
712 1606 758 1648 cf.
784 1607 820 1650 4,
847 1611 883 1650 2,
906 1609 962 1642 86.
986 1620 1022 1641 v.
1054 1609 1256 1642 Refello.
1303 1610 1391 1642 haec
1414 1620 1549 1653 propo-

70 1653 153 1686 sitio
178 1657 238 1685 ant
260 1652 476 1685 confessa
507 1658 582 1692 cm,
608 1658 667 1686 aut
697 1654 934 1696 probanda
970 1654 1005 1694 5,
1039 1652 1095 1695 14,
1132 1654 1209 1687 13.’
1234 1654 1286 1687 rei
1320 1661 1571 1690 narratae‘

69 1699 132 1734 vel
155 1697 378 1741 probatae
402 1698 438 1739 8,
465 1697 499 1738 5,
525 1700 578 1730 11.
625 1699 663 1740 y)
695 1711 723 1731 c.
755 1700 897 1732 Ablan:
946 1698 1096 1742 plurima
1128 1699 1316 1733 contrariis
1353 1701 1550 1743 probantur

72 1746 130 1785 12,
158 1746 192 1784 1,
215 1741 284 1776 35..
318 1747 359 1774 ut
380 1741 519 1775 incerta
545 1743 650 1776 certis
673 1743 798 1786 probet
823 1746 857 1785 1,
880 1744 916 1785 6,
938 1743 973 1778 4.
1009 1744 1053 1785 cs.
1083 1746 1117 1786 1,
1151 1747 1207 1787 10,
1239 1747 1310 1785 37.,
1333 1747 1550 1790 argumentis

69 1789 279 1834 probare‘9‚
300 1785 335 1829 4,
358 1786 392 1820 4.
438 1788 534 1831 quod
558 1789 722 1830 probavit
743 1794 860 1830 morte
882 1800 1024 1834 quoque
1046 1790 1123 1833 ipsa
1148 1793 1203 1833 12,
1231 1793 1263 1832 1,
1289 1794 1343 1823 17.
1369 1793 1552 1834 probatam

71 1832 317 1886 experimento
342 1833 516 1866 cuiun-am
543 1835 600 1875 10,
628 1837 664 1876 2,
686 1837 721 1867 2.
769 1831 807 1878 ὅ)
835 1847 863 1868 c.
890 1838 1072 1878 Praepos.:
1108 1846 1176 1868 nec
1205 1837 1301 1868 nulla
1322 1847 1381 1870 res
1407 1839 1552 1881 probari

70 1880 140 1914 nist
164 1888 219 1912 ex
243 1876 313 1911 alia
335 1879 507 1920 potest-¹5,
529 1879 563 1920 8,
591 1878 624 1912 5.
671 1890 726 1913 ex
750 1879 926 1923 prioribus
960 1881 1154 1927 geometria
1179 1882 1306 1924 probat
1328 1882 1553 1926 insequentia

71 1930 107 1968 1,
132 1926 187 1965 10,
212 1925 269 1957 37.
316 1933 407 1966 quse
438 1923 570 1966 majora
603 1934 662 1957 ex
691 1924 887 1959 minoribus
915 1933 977 1960 etc.
1012 1927 1163 1970 probant
1193 1927 1234 1970 5,
1268 1929 1332 1969 10,
1365 1929 1432 1971 86;
1467 1941 1552 1974 per

47 2004 50 2005 ,
72 1972 168 2016 quod
190 1969 403 2013 probemus,
436 1969 533 2001 aliud
554 1970 820 2014 legumlatorem
842 1971 1000 2005 voluisse
1027 1975 1061 2013 7,
1097 1973 1132 2013 6,
1160 1975 1193 2006 8.
1240 1973 1274 2014 ε)
1300 1975 1367 2018 seq.
1393 1978 1494 2008 Acc-
1518 1989 1551 2011 ο.

71 2015 175 2057 Infi:
208 2025 247 2047 se
270 2024 350 2047 esse
370 2014 551 2047 hominem
574 2015 670 2061 frugi
692 2017 770 2050 vult
796 2017 947 2059 probare
972 2020 1004 2059 1,
1027 2018 1063 2059 6,
1090 2020 1147 2052 29.
1194 2018 1291 2060 quod
1318 2029 1397 2052 esse
1422 2021 1551 2055 falsum
1607 2016 1609 2018 ¹

70 2061 231 2107 probabp
254 2062 372 2111 2,·1·7‚
397 2061 453 2093 17.
477 2058 523 2100 ιφ.
547 2061 582 2103 3,
605 2060 641 2102 6,
668 2061 726 2095 85.
754 2061 788 2100 6,
821 2064 852 2103 1,
875 2053 932 2096 48.
956 2063 991 2103 9,
1016 2065 1050 2103 2,
1076 2062 1130 2096 τι..
1157 2064 1268 2104 proba
1302 2068 1338 2098 te
1371 2066 1552 2111 habuisse,

70 2107 183 2187 probla
203 2105 421 2184 pgrdiidisse,
451 2105 563 2149 proba
588 2105 685 2139 furto
707 2106 924 2151 perdidisse,
950 2109 1060 2151 proba
1084 2119 1164 2141 mea
1188 2109 1311 2143 [raude
1334 2113 1377 2153 7,
1415 2115 1458 2155 1,
1490 2115 1551 2147 22.

28 2152 261 2241 Prtgzbrlim:
291 2206 331 2240 in
357 2217 448 2250 quae
470 2207 601 2250 probra
625 2206 695 2241 isto
729 2209 900 2242 caedendi
923 2209 1001 2252 jure
1025 2210 1212 2243 abutantur
1236 2213 1269 2253 1,
1295 2213 1329 2255 3,
1356 2215 1412 2247 17.

29 2253 207 2298 Probus.
261 2263 436 2307 probus
459 2273 602 2308 quoque
624 2264 692 2298 erit
713 2263 775 2298 ille
802 2276 890 2300 vere
914 2265 1126 2311 ingeniosus
1145 2270 1178 2310 1,
1202 2268 1238 2310 3,
1263 2271 1287 2301 2
1315 2281 1348 2304 v.
1378 2253 1552 2317 Segnis·

73 2311 255 2356 probos
283 2309 407 2352 quosd.
432 2314 468 2341 et
489 2311 784 2344 verecundos
807 2312 841 2354 5,
865 2314 900 2354 7,
923 2314 981 2346 27.
1027 2312 1226 2359 virginibus
1249 2325 1303 2357 pr.
1329 2317 1369 2359 1,
1395 2318 1452 2361 10,
1482 2319 1550 2361 31;

73 2367 128 2400 pr.
149 2357 330 2398 mores-7,
351 2357 387 2396 2,
409 2355 467 2388 33.

27 2411 231 2454 Procedo.
285 2419 320 2465 1)
341 2424 494 2465 propn'e:
524 2423 723 2468 procedens
748 2422 892 2457 minimo
919 2408 1098 2460 momento
1128 2426 1272 2461 sinister
1291 2426 1339 2462 sit
1363 2410 1473 2473 (pec)
1493 2433 1550 2476 11,

72 2470 108 2511 3,
134 2467 211 2503 159.
235 2467 450 2512 procedente
472 2467 531 2510 (α.
562 2471 584 2501 1.
606 2468 849 2512 producente)
883 2471 927 2502 ad
954 2471 1130 2514 proelium
1151 2471 1314 2517 exercitu
1334 2474 1378 2518 9,
1413 2475 1455 2517 4,
1493 2479 1550 2511 11.

72 2512 122 2554 11)
145 2517 281 2548 tramu-
317 2523 384 2547 nec
408 2514 576 2557 procedat
599 2515 709 2555 ultra,
742 2525 846 2558 quam
870 2526 989 2557 comes
1014 2516 1126 2561 possit
1151 2520 1188 2560 2,
1213 2520 1248 2561 3,
1270 2521 1306 2553 7.
1353 2523 1549 2564 procedere

71 2559 164 2593 ultra
193 2558 246 2601 (in
271 2557 444 2600 oratione)
466 2557 503 2598 4,
529 2562 562 2602 1,
590 2560 621 2594 5.
667 2561 759 2593 haec
790 2561 935 2594 ulterius
966 2573 1109 2608 quoque
1140 2565 1337 2608 procedere
1369 2568 1486 2601 solent
1514 2570 1551 2611 5,

0 2610 15 2634 ·.
72 2607 131 2648 11,
153 2603 211 2638 34.
237 2610 404 2649 quantum
428 2604 658 2647 processeris,
680 2605 821 2640 mollior
849 2607 963 2641 clivus
992 2611 1047 2650 12,
1070 2611 1128 2651 10,
1151 2610 1209 2645 78.
1237 2612 1281 2644 ad
1308 2623 1413 2655 quem
1437 2625 1550 2658 usque

0 2631 35 2697 ξ,
70 2651 221 2685 modum-
238 2650 535 2695 processerimus,
572 2650 735 2685 meliores
758 2652 887 2686 erimus
912 2664 960 2687 ex
982 2658 1135 2699 utroque
1160 2659 1215 2699 12,
1240 2659 1275 2699 1,
1307 2660 1365 2692 32.
1412 2665 1454 2692 ut
1477 2670 1550 2693 non

0 2695 43 2740 j*
70 2695 188 2730 minus
212 2701 402 2739 prospectu
423 2697 653 2738 procedamus
671 2709 775 2740 quam
800 2700 906 2743 gradu
926 2702 981 2742 10,
1007 2703 1041 2740 7,
1067 2704 1130 2742 10;
1158 2705 1305 2737 Partie..·
1333 2706 1551 2747 procedente

73 2749 154 2777 actu
183 2746 238 2786 11,
262 2745 298 2786 3,
324 2742 401 2777 144.
447 2753 557 2787 proc..
578 2744 742 2778 »cruciatu
773 2747 807 2787 5,
838 2747 874 2788 4,
906 2747 939 2780 2.
986 2758 1085 2791 proc.
1111 2749 1205 2783 libro
1239 2750 1275 2790 3,
1310 2752 1343 2791 1,
1366 2753 1400 2783 7.
1445 2762 1546 2793 proc.
