<?xml version="1.0" encoding="UTF-8"?>
<!DOCTYPE html PUBLIC "-//W3C//DTD XHTML 1.0 Transitional//EN"
    "http://www.w3.org/TR/xhtml1/DTD/xhtml1-transitional.dtd">
<html xmlns="http://www.w3.org/1999/xhtml" xml:lang="en" lang="en">
 <head>
  <title>
</title>
<meta http-equiv="Content-Type" content="text/html;charset=utf-8" />
  <meta name='ocr-system' content='tesseract 3.04.00' />
  <meta name='ocr-capabilities' content='ocr_page ocr_carea ocr_par ocr_line ocrx_word'/>
</head>
<body>
  <div class='ocr_page' id='page_1' title='image "./lexiconquintilia06bonnuoft_0167.png"; bbox 0 0 1728 3002; ppageno 0'>
   <div class='ocr_carea' id='block_1_1' title="bbox 653 197 1635 257">
    <p class='ocr_par' dir='ltr' id='par_1_1' title="bbox 653 197 1635 257">
     <span class='ocr_line' id='line_1_1' title="bbox 653 197 1635 257; baseline -0.005 -15"><span class='ocrx_word' id='word_1_1' title='bbox 653 199 780 257; x_wconf 84' lang='lat' dir='ltr'><strong>Aqua</strong></span> <span class='ocrx_word' id='word_1_2' title='bbox 807 223 864 231; x_wconf 90' lang='lat'><strong>—-</strong></span> <span class='ocrx_word' id='word_1_3' title='bbox 893 199 1082 240; x_wconf 81' lang='lat' dir='ltr'><strong>Arcesso</strong></span> <span class='ocrx_word' id='word_1_4' title='bbox 1582 197 1635 237; x_wconf 80' lang='lat'><strong>⁷⁵</strong></span> 
     </span>
    </p>
   </div>
   <div class='ocr_carea' id='block_1_2' title="bbox 100 307 1657 1608">
    <p class='ocr_par' dir='ltr' id='par_1_2' title="bbox 151 307 1637 408">
     <span class='ocr_line' id='line_1_2' title="bbox 153 307 1637 362; baseline -0.005 -10"><span class='ocrx_word' id='word_1_5' title='bbox 153 319 212 362; x_wconf 84' lang='grc'><strong>10,</strong></span> <span class='ocrx_word' id='word_1_6' title='bbox 237 318 272 362; x_wconf 97' lang='grc'><strong>1,</strong></span> <span class='ocrx_word' id='word_1_7' title='bbox 296 317 375 351; x_wconf 83' lang='lat'><strong>112.</strong></span> <span class='ocrx_word' id='word_1_8' title='bbox 414 317 473 360; x_wconf 78' lang='grc'><strong>12,</strong></span> <span class='ocrx_word' id='word_1_9' title='bbox 496 316 552 359; x_wconf 92' lang='grc'><strong>11,</strong></span> <span class='ocrx_word' id='word_1_10' title='bbox 576 318 612 351; x_wconf 91' lang='grc'><strong>7.</strong></span> <span class='ocrx_word' id='word_1_11' title='bbox 649 315 741 350; x_wconf 83' lang='lat' dir='ltr'><strong>haec</strong></span> <span class='ocrx_word' id='word_1_12' title='bbox 770 311 956 348; x_wconf 73' lang='lat' dir='ltr'><strong>translatio</strong></span> <span class='ocrx_word' id='word_1_13' title='bbox 980 309 1222 347; x_wconf 69' lang='lat' dir='ltr'><strong>verecundior</strong></span> <span class='ocrx_word' id='word_1_14' title='bbox 1256 321 1314 355; x_wconf 87' lang='lat' dir='ltr'><strong>ap.</strong></span> <span class='ocrx_word' id='word_1_15' title='bbox 1342 307 1482 354; x_wconf 75' lang='lat' dir='ltr'><strong>priores</strong></span> <span class='ocrx_word' id='word_1_16' title='bbox 1508 308 1577 343; x_wconf 74' lang='lat' dir='ltr'><strong>ruit</strong></span> <span class='ocrx_word' id='word_1_17' title='bbox 1600 311 1637 352; x_wconf 88' lang='grc'><strong>9,</strong></span> 
     </span>
     <span class='ocr_line' id='line_1_3' title="bbox 151 355 1634 408; baseline -0.005 -10"><span class='ocrx_word' id='word_1_18' title='bbox 151 366 189 408; x_wconf 82' lang='grc'><strong>2,</strong></span> <span class='ocrx_word' id='word_1_19' title='bbox 206 361 267 398; x_wconf 75' lang='grc'><strong>41.</strong></span> <span class='ocrx_word' id='word_1_20' title='bbox 296 374 354 408; x_wconf 84' lang='lat' dir='ltr'><strong>ap.</strong></span> <span class='ocrx_word' id='word_1_21' title='bbox 381 366 470 408; x_wconf 81' lang='lat' dir='ltr'><strong>quos</strong></span> <span class='ocrx_word' id='word_1_22' title='bbox 496 359 738 405; x_wconf 72' lang='lat' dir='ltr'><strong>(philosophos)</strong></span> <span class='ocrx_word' id='word_1_23' title='bbox 764 359 844 395; x_wconf 77' lang='lat' dir='ltr'><strong>vitii</strong></span> <span class='ocrx_word' id='word_1_24' title='bbox 869 359 953 393; x_wconf 92' lang='lat' dir='ltr'><strong>loco</strong></span> <span class='ocrx_word' id='word_1_25' title='bbox 976 364 1029 392; x_wconf 85' lang='lat' dir='ltr'><strong>est</strong></span> <span class='ocrx_word' id='word_1_26' title='bbox 1052 358 1088 400; x_wconf 88' lang='lat'><strong>6,</strong></span> <span class='ocrx_word' id='word_1_27' title='bbox 1110 360 1143 401; x_wconf 92' lang='grc'><strong>1,</strong></span> <span class='ocrx_word' id='word_1_28' title='bbox 1166 359 1201 391; x_wconf 86' lang='grc'><strong>7.</strong></span> <span class='ocrx_word' id='word_1_29' title='bbox 1232 361 1272 389; x_wconf 88' lang='lat' dir='ltr'><strong>ut</strong></span> <span class='ocrx_word' id='word_1_30' title='bbox 1295 355 1547 390; x_wconf 79' lang='lat' dir='ltr'><strong>obscuritatem</strong></span> <span class='ocrx_word' id='word_1_31' title='bbox 1570 367 1634 400; x_wconf 89' lang='lat' dir='ltr'><strong>ap.</strong></span> 
     </span>
    </p>

    <p class='ocr_par' dir='ltr' id='par_1_3' title="bbox 100 401 1637 590">
     <span class='ocr_line' id='line_1_4' title="bbox 100 401 1637 454; baseline -0.005 -10"><span class='ocrx_word' id='word_1_32' title='bbox 100 419 108 431; x_wconf 75' lang='lat'><em>⁴</em></span> <span class='ocrx_word' id='word_1_33' title='bbox 151 420 203 444; x_wconf 74' lang='lat' dir='ltr'><strong>se</strong></span> <span class='ocrx_word' id='word_1_34' title='bbox 225 409 303 454; x_wconf 87' lang='lat' dir='ltr'><strong>ipse</strong></span> <span class='ocrx_word' id='word_1_35' title='bbox 325 407 550 451; x_wconf 78' lang='lat' dir='ltr'><strong>discutiat&#39;S,</strong></span> <span class='ocrx_word' id='word_1_36' title='bbox 575 410 610 450; x_wconf 84' lang='lat'><strong>3,</strong></span> <span class='ocrx_word' id='word_1_37' title='bbox 634 409 692 442; x_wconf 85' lang='grc'><strong>23.</strong></span> <span class='ocrx_word' id='word_1_38' title='bbox 727 411 762 440; x_wconf 86' lang='lat' dir='ltr'><strong>et</strong></span> <span class='ocrx_word' id='word_1_39' title='bbox 788 406 908 439; x_wconf 89' lang='lat' dir='ltr'><strong>inter</strong></span> <span class='ocrx_word' id='word_1_40' title='bbox 931 404 1108 447; x_wconf 84' lang='lat' dir='ltr'><strong>eruditos,</strong></span> <span class='ocrx_word' id='word_1_41' title='bbox 1137 408 1172 437; x_wconf 87' lang='lat' dir='ltr'><strong>et</strong></span> <span class='ocrx_word' id='word_1_42' title='bbox 1199 403 1317 446; x_wconf 86' lang='lat' dir='ltr'><strong>apud</strong></span> <span class='ocrx_word' id='word_1_43' title='bbox 1344 401 1497 436; x_wconf 82' lang='lat' dir='ltr'><strong>rusticos</strong></span> <span class='ocrx_word' id='word_1_44' title='bbox 1521 408 1575 436; x_wconf 88' lang='lat' dir='ltr'><strong>est</strong></span> <span class='ocrx_word' id='word_1_45' title='bbox 1599 402 1637 436; x_wconf 92' lang='lat' dir='ltr'><strong>in</strong></span> 
     </span>
     <span class='ocr_line' id='line_1_5' title="bbox 152 449 1634 497; baseline -0.006 -6"><span class='ocrx_word' id='word_1_46' title='bbox 152 465 223 493; x_wconf 72' lang='lat' dir='ltr'><strong>usu</strong></span> <span class='ocrx_word' id='word_1_47' title='bbox 249 456 293 497; x_wconf 85' lang='lat'><strong>8,</strong></span> <span class='ocrx_word' id='word_1_48' title='bbox 314 455 356 496; x_wconf 83' lang='grc'><strong>6,</strong></span> <span class='ocrx_word' id='word_1_49' title='bbox 379 454 426 489; x_wconf 87' lang='grc'><strong>75</strong></span> <span class='ocrx_word' id='word_1_50' title='bbox 448 453 495 487; x_wconf 88' lang='lat' dir='ltr'><strong>N.</strong></span> <span class='ocrx_word' id='word_1_51' title='bbox 522 467 568 487; x_wconf 83' lang='lat' dir='ltr'><strong>cr.</strong></span> <span class='ocrx_word' id='word_1_52' title='bbox 606 465 662 497; x_wconf 86' lang='lat' dir='ltr'><strong>ap.</strong></span> <span class='ocrx_word' id='word_1_53' title='bbox 690 449 835 487; x_wconf 47' lang='lat' dir='ltr'><strong>&amp;oteres</strong></span> <span class='ocrx_word' id='word_1_54' title='bbox 859 454 900 494; x_wconf 86' lang='grc'><strong>1,</strong></span> <span class='ocrx_word' id='word_1_55' title='bbox 923 452 965 494; x_wconf 88' lang='grc'><strong>5,</strong></span> <span class='ocrx_word' id='word_1_56' title='bbox 987 449 1046 484; x_wconf 82' lang='grc'><strong>42.</strong></span> <span class='ocrx_word' id='word_1_57' title='bbox 1140 450 1206 489; x_wconf 79' lang='lat' dir='ltr'><strong>lv)</strong></span> <span class='ocrx_word' id='word_1_58' title='bbox 1234 450 1276 481; x_wconf 71' lang='lat' dir='ltr'><strong>ele</strong></span> <span class='ocrx_word' id='word_1_59' title='bbox 1307 451 1387 481; x_wconf 80' lang='lat' dir='ltr'><strong>locis</strong></span> <span class='ocrx_word' id='word_1_60' title='bbox 1416 451 1634 491; x_wconf 77' lang='lat' dir='ltr'><strong>scriptorum.-</strong></span> 
     </span>
     <span class='ocr_line' id='line_1_6' title="bbox 153 493 1637 548; baseline -0.004 -14"><span class='ocrx_word' id='word_1_61' title='bbox 153 501 249 548; x_wconf 85' lang='lat' dir='ltr'><strong>apud</strong></span> <span class='ocrx_word' id='word_1_62' title='bbox 260 498 420 535; x_wconf 78' lang='lat' dir='ltr'><strong>caelium</strong></span> <span class='ocrx_word' id='word_1_63' title='bbox 435 499 585 546; x_wconf 82' lang='lat' dir='ltr'><strong>legimus</strong></span> <span class='ocrx_word' id='word_1_64' title='bbox 603 500 635 542; x_wconf 90' lang='lat'><strong>1,</strong></span> <span class='ocrx_word' id='word_1_65' title='bbox 646 500 680 541; x_wconf 85' lang='lat'><strong>5,</strong></span> <span class='ocrx_word' id='word_1_66' title='bbox 691 499 748 531; x_wconf 94' lang='grc'><strong>61.</strong></span> <span class='ocrx_word' id='word_1_67' title='bbox 767 510 822 542; x_wconf 85' lang='lat' dir='ltr'><strong>ap.</strong></span> <span class='ocrx_word' id='word_1_68' title='bbox 836 495 911 531; x_wconf 85' lang='lat' dir='ltr'><strong>Cic.</strong></span> <span class='ocrx_word' id='word_1_69' title='bbox 929 503 990 530; x_wconf 78' lang='lat' dir='ltr'><strong>etc.</strong></span> <span class='ocrx_word' id='word_1_70' title='bbox 1006 495 1161 529; x_wconf 72' lang='lat' dir='ltr'><strong>vidimus</strong></span> <span class='ocrx_word' id='word_1_71' title='bbox 1182 494 1287 528; x_wconf 83' lang='lat' dir='ltr'><strong>Ennii</strong></span> <span class='ocrx_word' id='word_1_72' title='bbox 1305 502 1366 527; x_wconf 77' lang='lat' dir='ltr'><strong>etc.</strong></span> <span class='ocrx_word' id='word_1_73' title='bbox 1383 493 1493 528; x_wconf 87' lang='lat' dir='ltr'><strong>inseri</strong></span> <span class='ocrx_word' id='word_1_74' title='bbox 1509 506 1637 528; x_wconf 78' lang='lat' dir='ltr'><strong>versus</strong></span> 
     </span>
     <span class='ocr_line' id='line_1_7' title="bbox 199 539 1636 590; baseline -0.004 -10"><span class='ocrx_word' id='word_1_75' title='bbox 199 547 251 589; x_wconf 85' lang='lat'><strong>·8,</strong></span> <span class='ocrx_word' id='word_1_76' title='bbox 276 549 332 580; x_wconf 89' lang='grc'><strong>11.</strong></span> <span class='ocrx_word' id='word_1_77' title='bbox 371 557 428 590; x_wconf 81' lang='lat' dir='ltr'><strong>ap.</strong></span> <span class='ocrx_word' id='word_1_78' title='bbox 453 546 642 578; x_wconf 73' lang='lat' dir='ltr'><strong>Demosth.</strong></span> <span class='ocrx_word' id='word_1_79' title='bbox 671 544 898 588; x_wconf 88' lang='lat' dir='ltr'><strong>reperiuntur</strong></span> <span class='ocrx_word' id='word_1_80' title='bbox 921 544 955 585; x_wconf 83' lang='lat'><strong>5,</strong></span> <span class='ocrx_word' id='word_1_81' title='bbox 985 542 1040 585; x_wconf 79' lang='lat'><strong>14,</strong></span> <span class='ocrx_word' id='word_1_82' title='bbox 1065 544 1123 576; x_wconf 85' lang='lat'><strong>32.</strong></span> <span class='ocrx_word' id='word_1_83' title='bbox 1161 553 1224 585; x_wconf 81' lang='lat' dir='ltr'><strong>ap.</strong></span> <span class='ocrx_word' id='word_1_84' title='bbox 1250 540 1393 574; x_wconf 82' lang='lat' dir='ltr'><strong>Livium</strong></span> <span class='ocrx_word' id='word_1_85' title='bbox 1416 539 1460 573; x_wconf 90' lang='lat' dir='ltr'><strong>in</strong></span> <span class='ocrx_word' id='word_1_86' title='bbox 1485 540 1636 584; x_wconf 85' lang='lat' dir='ltr'><strong>epistola</strong></span> 
     </span>
    </p>

    <p class='ocr_par' dir='ltr' id='par_1_4' title="bbox 154 586 1640 774">
     <span class='ocr_line' id='line_1_8' title="bbox 207 586 1638 637; baseline -0.005 -12"><span class='ocrx_word' id='word_1_87' title='bbox 207 617 220 636; x_wconf 89' lang='lat'>‚</span> <span class='ocrx_word' id='word_1_88' title='bbox 245 593 287 634; x_wconf 88' lang='lat'><strong>1,</strong></span> <span class='ocrx_word' id='word_1_89' title='bbox 309 592 367 627; x_wconf 81' lang='lat'><strong>39.</strong></span> <span class='ocrx_word' id='word_1_90' title='bbox 406 602 472 635; x_wconf 87' lang='lat' dir='ltr'><strong>ap.</strong></span> <span class='ocrx_word' id='word_1_91' title='bbox 498 590 686 637; x_wconf 80' lang='lat' dir='ltr'><strong>Virgilium</strong></span> <span class='ocrx_word' id='word_1_92' title='bbox 709 590 757 623; x_wconf 90' lang='lat' dir='ltr'><strong>in</strong></span> <span class='ocrx_word' id='word_1_93' title='bbox 786 588 963 623; x_wconf 89' lang='lat' dir='ltr'><strong>Bucolicis</strong></span> <span class='ocrx_word' id='word_1_94' title='bbox 985 590 1027 630; x_wconf 88' lang='lat'><strong>9,</strong></span> <span class='ocrx_word' id='word_1_95' title='bbox 1049 591 1092 630; x_wconf 83' lang='lat'><strong>2,</strong></span> <span class='ocrx_word' id='word_1_96' title='bbox 1119 590 1174 621; x_wconf 87' lang='lat'><strong>13.</strong></span> <span class='ocrx_word' id='word_1_97' title='bbox 1217 598 1279 630; x_wconf 88' lang='lat' dir='ltr'><strong>ap.</strong></span> <span class='ocrx_word' id='word_1_98' title='bbox 1307 586 1471 630; x_wconf 84' lang='lat' dir='ltr'><strong>antiquos</strong></span> <span class='ocrx_word' id='word_1_99' title='bbox 1493 592 1638 634; x_wconf 78' lang='lat' dir='ltr'><strong>tragoe-</strong></span> 
     </span>
     <span class='ocr_line' id='line_1_9' title="bbox 155 633 1637 683; baseline -0.004 -11"><span class='ocrx_word' id='word_1_100' title='bbox 155 637 294 679; x_wconf 78' lang='lat' dir='ltr'><strong>diamm</strong></span> <span class='ocrx_word' id='word_1_101' title='bbox 326 637 518 683; x_wconf 81' lang='lat' dir='ltr'><strong>praecipue</strong></span> <span class='ocrx_word' id='word_1_102' title='bbox 549 637 762 681; x_wconf 74' lang='lat' dir='ltr'><strong>scriptores,</strong></span> <span class='ocrx_word' id='word_1_103' title='bbox 799 636 843 668; x_wconf 92' lang='lat' dir='ltr'><strong>in</strong></span> <span class='ocrx_word' id='word_1_104' title='bbox 874 634 1058 670; x_wconf 78' lang='lat' dir='ltr'><strong>veteribus</strong></span> <span class='ocrx_word' id='word_1_105' title='bbox 1082 633 1183 667; x_wconf 90' lang='lat' dir='ltr'><strong>libris</strong></span> <span class='ocrx_word' id='word_1_106' title='bbox 1211 633 1418 667; x_wconf 74' lang='lat' dir='ltr'><strong>invenimus</strong></span> <span class='ocrx_word' id='word_1_107' title='bbox 1443 635 1485 675; x_wconf 89' lang='lat'><strong>1,</strong></span> <span class='ocrx_word' id='word_1_108' title='bbox 1510 633 1552 675; x_wconf 87' lang='lat'><strong>5,</strong></span> <span class='ocrx_word' id='word_1_109' title='bbox 1578 636 1637 666; x_wconf 86' lang='grc'><strong>21.</strong></span> 
     </span>
     <span class='ocr_line' id='line_1_10' title="bbox 154 679 1639 730; baseline -0.003 -12"><span class='ocrx_word' id='word_1_110' title='bbox 154 681 219 728; x_wconf 67' lang='lat' dir='ltr'><strong>[ef</strong></span> <span class='ocrx_word' id='word_1_111' title='bbox 248 694 315 728; x_wconf 76' lang='lat' dir='ltr'><strong>ap.</strong></span> <span class='ocrx_word' id='word_1_112' title='bbox 345 683 521 730; x_wconf 80' lang='lat' dir='ltr'><strong>Tragicos</strong></span> <span class='ocrx_word' id='word_1_113' title='bbox 548 684 592 716; x_wconf 85' lang='lat' dir='ltr'><strong>ab</strong></span> <span class='ocrx_word' id='word_1_114' title='bbox 612 682 787 728; x_wconf 75' lang='lat' dir='ltr'><strong>Aegialeo</strong></span> <span class='ocrx_word' id='word_1_115' title='bbox 822 679 891 724; x_wconf 79' lang='lat' dir='ltr'><strong>(sc.</strong></span> <span class='ocrx_word' id='word_1_116' title='bbox 919 683 1092 722; x_wconf 75' lang='lat' dir='ltr'><strong>sexaginta</strong></span> <span class='ocrx_word' id='word_1_117' title='bbox 1119 682 1221 712; x_wconf 72' lang='lat' dir='ltr'><strong>millia</strong></span> <span class='ocrx_word' id='word_1_118' title='bbox 1245 691 1368 721; x_wconf 75' lang='lat' dir='ltr'><strong>caesa5</strong></span> <span class='ocrx_word' id='word_1_119' title='bbox 1403 680 1463 711; x_wconf 76' lang='lat' dir='ltr'><strong>sed</strong></span> <span class='ocrx_word' id='word_1_120' title='bbox 1488 679 1572 712; x_wconf 78' lang='lat' dir='ltr'><strong>haec</strong></span> <span class='ocrx_word' id='word_1_121' title='bbox 1594 683 1639 713; x_wconf 87' lang='lat' dir='ltr'><strong>Z.</strong></span> 
     </span>
     <span class='ocr_line' id='line_1_11' title="bbox 154 724 1640 774; baseline -0.004 -11"><span class='ocrx_word' id='word_1_122' title='bbox 154 736 313 774; x_wconf 68' lang='lat' dir='ltr'><strong>tanquam</strong></span> <span class='ocrx_word' id='word_1_123' title='bbox 334 733 477 771; x_wconf 74' lang='lat' dir='ltr'><strong>glossam</strong></span> <span class='ocrx_word' id='word_1_124' title='bbox 506 741 525 762; x_wconf 85' lang='lat' dir='ltr'><strong>e</strong></span> <span class='ocrx_word' id='word_1_125' title='bbox 545 736 635 762; x_wconf 69' lang='lat' dir='ltr'><strong>tex-tu</strong></span> <span class='ocrx_word' id='word_1_126' title='bbox 665 727 791 770; x_wconf 76' lang='lat' dir='ltr'><strong>ejecit.)</strong></span> <span class='ocrx_word' id='word_1_127' title='bbox 816 728 852 770; x_wconf 81' lang='lat'><strong>8,</strong></span> <span class='ocrx_word' id='word_1_128' title='bbox 871 728 907 769; x_wconf 88' lang='grc'><strong>6,</strong></span> <span class='ocrx_word' id='word_1_129' title='bbox 924 728 969 759; x_wconf 82' lang='grc'><strong>26</strong></span> <span class='ocrx_word' id='word_1_130' title='bbox 995 727 1041 759; x_wconf 77' lang='grc' dir='ltr'><strong>Ν.</strong></span> <span class='ocrx_word' id='word_1_131' title='bbox 1067 724 1140 769; x_wconf 67' lang='lat' dir='ltr'><strong>cn]</strong></span> <span class='ocrx_word' id='word_1_132' title='bbox 1169 736 1250 758; x_wconf 86' lang='lat' dir='ltr'><strong>cum</strong></span> <span class='ocrx_word' id='word_1_133' title='bbox 1275 736 1332 768; x_wconf 87' lang='lat' dir='ltr'><strong>ap.</strong></span> <span class='ocrx_word' id='word_1_134' title='bbox 1361 735 1443 757; x_wconf 88' lang='lat' dir='ltr'><strong>enm</strong></span> <span class='ocrx_word' id='word_1_135' title='bbox 1467 724 1640 768; x_wconf 72' lang='lat' dir='ltr'><strong>(Acelum)</strong></span> 
     </span>
    </p>

    <p class='ocr_par' dir='ltr' id='par_1_5' title="bbox 119 770 1657 1221">
     <span class='ocr_line' id='line_1_12' title="bbox 119 770 1640 822; baseline -0.005 -12"><span class='ocrx_word' id='word_1_136' title='bbox 119 781 122 783; x_wconf 86' lang='lat'>&#39;</span> <span class='ocrx_word' id='word_1_137' title='bbox 152 773 194 811; x_wconf 73' lang='lat' dir='ltr'><strong>ln</strong></span> <span class='ocrx_word' id='word_1_138' title='bbox 214 774 413 822; x_wconf 69' lang='lat' dir='ltr'><strong>¹tragoediis</strong></span> <span class='ocrx_word' id='word_1_139' title='bbox 446 781 544 808; x_wconf 87' lang='lat' dir='ltr'><strong>tanta</strong></span> <span class='ocrx_word' id='word_1_140' title='bbox 574 774 632 809; x_wconf 74' lang='lat' dir='ltr'><strong>vis</strong></span> <span class='ocrx_word' id='word_1_141' title='bbox 664 780 757 808; x_wconf 73' lang='lat' dir='ltr'><strong>esset</strong></span> <span class='ocrx_word' id='word_1_142' title='bbox 790 775 829 815; x_wconf 85' lang='lat'><strong>5,</strong></span> <span class='ocrx_word' id='word_1_143' title='bbox 855 775 918 813; x_wconf 73' lang='grc'><strong>13,</strong></span> <span class='ocrx_word' id='word_1_144' title='bbox 942 771 1000 805; x_wconf 82' lang='lat'><strong>43.</strong></span> <span class='ocrx_word' id='word_1_145' title='bbox 1045 771 1314 812; x_wconf 84' lang='lat' dir='ltr'><strong>collectionem,</strong></span> <span class='ocrx_word' id='word_1_146' title='bbox 1353 770 1413 814; x_wconf 83' lang='lat' dir='ltr'><strong>qui</strong></span> <span class='ocrx_word' id='word_1_147' title='bbox 1450 782 1507 814; x_wconf 87' lang='lat' dir='ltr'><strong>ap.</strong></span> <span class='ocrx_word' id='word_1_148' title='bbox 1537 770 1640 804; x_wconf 91' lang='lat' dir='ltr'><strong>illum</strong></span> 
     </span>
     <span class='ocr_line' id='line_1_13' title="bbox 151 816 1640 864; baseline -0.003 -9"><span class='ocrx_word' id='word_1_149' title='bbox 151 820 313 864; x_wconf 71' lang='lat' dir='ltr'><strong>(Celsum)</strong></span> <span class='ocrx_word' id='word_1_150' title='bbox 338 826 392 855; x_wconf 87' lang='lat' dir='ltr'><strong>est</strong></span> <span class='ocrx_word' id='word_1_151' title='bbox 414 818 648 864; x_wconf 69' lang='grc' dir='ltr'><strong>συλλογισμός</strong></span> <span class='ocrx_word' id='word_1_152' title='bbox 662 822 698 862; x_wconf 89' lang='grc'><strong>9,</strong></span> <span class='ocrx_word' id='word_1_153' title='bbox 717 823 749 862; x_wconf 72' lang='grc'><strong>2,</strong></span> <span class='ocrx_word' id='word_1_154' title='bbox 767 821 844 852; x_wconf 89' lang='grc'><strong>103.</strong></span> <span class='ocrx_word' id='word_1_155' title='bbox 877 817 936 862; x_wconf 84' lang='lat' dir='ltr'><strong>qui</strong></span> <span class='ocrx_word' id='word_1_156' title='bbox 961 818 1100 859; x_wconf 76' lang='lat' dir='ltr'><strong>(Brutus</strong></span> <span class='ocrx_word' id='word_1_157' title='bbox 1121 823 1157 850; x_wconf 89' lang='lat' dir='ltr'><strong>et</strong></span> <span class='ocrx_word' id='word_1_158' title='bbox 1180 819 1315 850; x_wconf 66' lang='lat' dir='ltr'><strong>Calvus]</strong></span> <span class='ocrx_word' id='word_1_159' title='bbox 1343 816 1640 860; x_wconf 77' lang='lat' dir='ltr'><strong>compositionem</strong></span> 
     </span>
     <span class='ocr_line' id='line_1_14' title="bbox 153 863 1643 909; baseline -0.003 -9"><span class='ocrx_word' id='word_1_160' title='bbox 153 863 251 900; x_wconf 75' lang='lat' dir='ltr'><strong>illius</strong></span> <span class='ocrx_word' id='word_1_161' title='bbox 288 864 496 909; x_wconf 68' lang='lat' dir='ltr'><strong>(ciceronis)</strong></span> <span class='ocrx_word' id='word_1_162' title='bbox 534 866 639 899; x_wconf 84' lang='lat' dir='ltr'><strong>etiam</strong></span> <span class='ocrx_word' id='word_1_163' title='bbox 674 878 731 909; x_wconf 83' lang='lat' dir='ltr'><strong>ap.</strong></span> <span class='ocrx_word' id='word_1_164' title='bbox 766 865 881 908; x_wconf 87' lang='lat' dir='ltr'><strong>ipsum</strong></span> <span class='ocrx_word' id='word_1_165' title='bbox 911 863 1176 906; x_wconf 74' lang='lat' dir='ltr'><strong>reprehendunt</strong></span> <span class='ocrx_word' id='word_1_166' title='bbox 1203 865 1256 904; x_wconf 77' lang='grc'><strong>12,</strong></span> <span class='ocrx_word' id='word_1_167' title='bbox 1283 865 1316 903; x_wconf 91' lang='grc'><strong>1,</strong></span> <span class='ocrx_word' id='word_1_168' title='bbox 1343 864 1400 895; x_wconf 80' lang='grc'><strong>22.</strong></span> <span class='ocrx_word' id='word_1_169' title='bbox 1441 873 1498 906; x_wconf 87' lang='lat' dir='ltr'><strong>ap.</strong></span> <span class='ocrx_word' id='word_1_170' title='bbox 1536 874 1643 907; x_wconf 80' lang='lat' dir='ltr'><strong>quem</strong></span> 
     </span>
     <span class='ocr_line' id='line_1_15' title="bbox 157 908 1640 956; baseline -0.002 -10"><span class='ocrx_word' id='word_1_171' title='bbox 157 911 339 956; x_wconf 67' lang='lat' dir='ltr'><strong>(Ea-potin)</strong></span> <span class='ocrx_word' id='word_1_172' title='bbox 371 913 566 946; x_wconf 83' lang='lat' dir='ltr'><strong>Prodamus</strong></span> <span class='ocrx_word' id='word_1_173' title='bbox 600 916 634 944; x_wconf 89' lang='lat' dir='ltr'><strong>et</strong></span> <span class='ocrx_word' id='word_1_174' title='bbox 667 910 828 943; x_wconf 84' lang='lat' dir='ltr'><strong>musicen</strong></span> <span class='ocrx_word' id='word_1_175' title='bbox 859 915 894 943; x_wconf 90' lang='lat' dir='ltr'><strong>et</strong></span> <span class='ocrx_word' id='word_1_176' title='bbox 926 909 1047 942; x_wconf 76' lang='lat' dir='ltr'><strong>literas</strong></span> <span class='ocrx_word' id='word_1_177' title='bbox 1081 909 1188 941; x_wconf 82' lang='lat' dir='ltr'><strong>(locet</strong></span> <span class='ocrx_word' id='word_1_178' title='bbox 1214 911 1254 949; x_wconf 90' lang='lat'><strong>1,</strong></span> <span class='ocrx_word' id='word_1_179' title='bbox 1280 910 1341 950; x_wconf 87' lang='grc'><strong>10,</strong></span> <span class='ocrx_word' id='word_1_180' title='bbox 1367 908 1422 941; x_wconf 86' lang='grc'><strong>18.</strong></span> <span class='ocrx_word' id='word_1_181' title='bbox 1460 919 1543 941; x_wconf 87' lang='lat' dir='ltr'><strong>cnm</strong></span> <span class='ocrx_word' id='word_1_182' title='bbox 1575 920 1640 952; x_wconf 86' lang='lat' dir='ltr'><strong>ap.</strong></span> 
     </span>
     <span class='ocr_line' id='line_1_16' title="bbox 155 948 1642 1001; baseline -0.002 -10"><span class='ocrx_word' id='word_1_183' title='bbox 155 957 247 991; x_wconf 75' lang='lat' dir='ltr'><strong>alios</strong></span> <span class='ocrx_word' id='word_1_184' title='bbox 272 956 457 1001; x_wconf 67' lang='lat' dir='ltr'><strong>(auderes)</strong></span> <span class='ocrx_word' id='word_1_185' title='bbox 482 958 528 990; x_wconf 87' lang='lat' dir='ltr'><strong>sit</strong></span> <span class='ocrx_word' id='word_1_186' title='bbox 552 957 658 990; x_wconf 83' lang='lat' dir='ltr'><strong>etiam</strong></span> <span class='ocrx_word' id='word_1_187' title='bbox 682 957 871 1000; x_wconf 77' lang='lat' dir='ltr'><strong>frequens,</strong></span> <span class='ocrx_word' id='word_1_188' title='bbox 906 966 969 998; x_wconf 82' lang='lat' dir='ltr'><strong>ap.</strong></span> <span class='ocrx_word' id='word_1_189' title='bbox 994 948 1086 988; x_wconf 70' lang='lat' dir='ltr'><strong>alios</strong></span> <span class='ocrx_word' id='word_1_190' title='bbox 1110 965 1292 996; x_wconf 80' lang='lat' dir='ltr'><strong>nunquam</strong></span> <span class='ocrx_word' id='word_1_191' title='bbox 1314 953 1515 996; x_wconf 74' lang='lat' dir='ltr'><strong>reperiatur</strong></span> <span class='ocrx_word' id='word_1_192' title='bbox 1548 957 1581 998; x_wconf 91' lang='lat'><strong>1,</strong></span> <span class='ocrx_word' id='word_1_193' title='bbox 1605 955 1642 999; x_wconf 87' lang='lat'><strong>5,</strong></span> 
     </span>
     <span class='ocr_line' id='line_1_17' title="bbox 156 999 1640 1047; baseline -0.003 -9"><span class='ocrx_word' id='word_1_194' title='bbox 156 1003 215 1038; x_wconf 83' lang='lat'><strong>39.</strong></span> <span class='ocrx_word' id='word_1_195' title='bbox 251 1014 309 1046; x_wconf 82' lang='lat' dir='ltr'><strong>ap.</strong></span> <span class='ocrx_word' id='word_1_196' title='bbox 334 1004 526 1046; x_wconf 79' lang='lat' dir='ltr'><strong>plerosque</strong></span> <span class='ocrx_word' id='word_1_197' title='bbox 553 1013 677 1036; x_wconf 88' lang='lat' dir='ltr'><strong>eorum</strong></span> <span class='ocrx_word' id='word_1_198' title='bbox 701 1013 870 1035; x_wconf 84' lang='lat' dir='ltr'><strong>numerus</strong></span> <span class='ocrx_word' id='word_1_199' title='bbox 897 1005 1047 1047; x_wconf 80' lang='lat' dir='ltr'><strong>angetur</strong></span> <span class='ocrx_word' id='word_1_200' title='bbox 1071 1001 1107 1041; x_wconf 86' lang='grc'><strong>3,</strong></span> <span class='ocrx_word' id='word_1_201' title='bbox 1130 1001 1165 1042; x_wconf 87' lang='grc'><strong>8,</strong></span> <span class='ocrx_word' id='word_1_202' title='bbox 1190 1000 1247 1033; x_wconf 80' lang='grc'><strong>26.</strong></span> <span class='ocrx_word' id='word_1_203' title='bbox 1282 999 1469 1033; x_wconf 83' lang='lat' dir='ltr'><strong>clarissimi</strong></span> <span class='ocrx_word' id='word_1_204' title='bbox 1495 1003 1640 1043; x_wconf 67' lang='lat' dir='ltr'><strong>poetae,</strong></span> 
     </span>
     <span class='ocr_line' id='line_1_18' title="bbox 157 1046 1645 1136; baseline -0.002 -7"><span class='ocrx_word' id='word_1_205' title='bbox 157 1059 238 1129; x_wconf 65' lang='lat'><strong>23.</strong></span> <span class='ocrx_word' id='word_1_206' title='bbox 246 1059 308 1128; x_wconf 64' lang='lat'><strong>21¹:</strong></span> <span class='ocrx_word' id='word_1_207' title='bbox 305 1057 339 1127; x_wconf 70' lang='grc' dir='ltr'><strong>,Γ</strong></span> <span class='ocrx_word' id='word_1_208' title='bbox 334 1059 366 1128; x_wconf 74' lang='lat'><strong>„³</strong></span> <span class='ocrx_word' id='word_1_209' title='bbox 366 1099 380 1126; x_wconf 66' lang='grc' dir='ltr'>ι</span> <span class='ocrx_word' id='word_1_210' title='bbox 387 1048 428 1127; x_wconf 66' lang='lat'><strong>{1¹¹</strong></span> <span class='ocrx_word' id='word_1_211' title='bbox 420 1054 486 1128; x_wconf 53' lang='lat'><strong>5³3</strong></span> <span class='ocrx_word' id='word_1_212' title='bbox 506 1046 1645 1136; x_wconf 49' lang='lat' dir='ltr'><strong>“iii¹³³1‹iiivissiniffdffidiffiniessssuffifflo³2p⁶³¹33333³</strong></span> 
     </span>
     <span class='ocr_line' id='line_1_19' title="bbox 127 1119 1657 1221; baseline 0 -48"><span class='ocrx_word' id='word_1_213' title='bbox 127 1160 135 1164; x_wconf 90' lang='lat'><em>-</em></span> <span class='ocrx_word' id='word_1_214' title='bbox 155 1149 236 1219; x_wconf 57' lang='grc' dir='ltr'><strong>ἷξε</strong></span> <span class='ocrx_word' id='word_1_215' title='bbox 251 1139 460 1221; x_wconf 56' lang='grc' dir='ltr'><strong>ἱῐὸιεεέἰωιιι</strong></span> <span class='ocrx_word' id='word_1_216' title='bbox 481 1120 517 1183; x_wconf 83' lang='lat'><strong>7’,</strong></span> <span class='ocrx_word' id='word_1_217' title='bbox 540 1142 575 1182; x_wconf 88' lang='lat'><strong>1,</strong></span> <span class='ocrx_word' id='word_1_218' title='bbox 589 1119 665 1182; x_wconf 75' lang='lat'><strong>’375</strong></span> <span class='ocrx_word' id='word_1_219' title='bbox 693 1150 750 1183; x_wconf 84' lang='lat' dir='ltr'><strong>ap.</strong></span> <span class='ocrx_word' id='word_1_220' title='bbox 779 1140 876 1172; x_wconf 86' lang='lat' dir='ltr'><strong>hunc</strong></span> <span class='ocrx_word' id='word_1_221' title='bbox 900 1136 1099 1181; x_wconf 73' lang='lat' dir='ltr'><strong>(oratorem)</strong></span> <span class='ocrx_word' id='word_1_222' title='bbox 1126 1143 1161 1171; x_wconf 89' lang='lat' dir='ltr'><strong>et</strong></span> <span class='ocrx_word' id='word_1_223' title='bbox 1184 1136 1299 1182; x_wconf 85' lang='lat' dir='ltr'><strong>patria</strong></span> <span class='ocrx_word' id='word_1_224' title='bbox 1319 1137 1399 1181; x_wconf 86' lang='lat' dir='ltr'><strong>ipsa</strong></span> <span class='ocrx_word' id='word_1_225' title='bbox 1423 1139 1657 1182; x_wconf 32' lang='lat' dir='ltr'><strong>exclamabit·</strong></span> 
     </span>
    </p>

    <p class='ocr_par' dir='ltr' id='par_1_6' title="bbox 211 1187 398 1228">
     <span class='ocr_line' id='line_1_20' title="bbox 211 1187 398 1228; baseline 0.005 -1"><span class='ocrx_word' id='word_1_226' title='bbox 211 1210 225 1227; x_wconf 73' lang='lat'><em>2</em></span> <span class='ocrx_word' id='word_1_227' title='bbox 304 1209 317 1228; x_wconf 67' lang='grc' dir='ltr'><strong>ι</strong></span> <span class='ocrx_word' id='word_1_228' title='bbox 365 1187 398 1218; x_wconf 84' lang='lat'><strong>¹·</strong></span> 
     </span>
    </p>

    <p class='ocr_par' dir='ltr' id='par_1_7' title="bbox 110 1227 1646 1608">
     <span class='ocr_line' id='line_1_21' title="bbox 110 1227 1644 1287; baseline -0.002 -10"><span class='ocrx_word' id='word_1_229' title='bbox 110 1227 249 1286; x_wconf 64' lang='lat' dir='ltr'><strong>Aqua·</strong></span> <span class='ocrx_word' id='word_1_230' title='bbox 300 1240 338 1286; x_wconf 87' lang='lat'><strong>1)</strong></span> <span class='ocrx_word' id='word_1_231' title='bbox 364 1246 528 1276; x_wconf 86' lang='lat' dir='ltr'><strong>contorta</strong></span> <span class='ocrx_word' id='word_1_232' title='bbox 554 1241 593 1276; x_wconf 89' lang='lat' dir='ltr'><strong>in</strong></span> <span class='ocrx_word' id='word_1_233' title='bbox 618 1253 659 1275; x_wconf 89' lang='lat' dir='ltr'><strong>se</strong></span> <span class='ocrx_word' id='word_1_234' title='bbox 682 1253 774 1287; x_wconf 76' lang='lat' dir='ltr'><strong>aqua</strong></span> <span class='ocrx_word' id='word_1_235' title='bbox 798 1242 834 1283; x_wconf 90' lang='grc'><strong>8,</strong></span> <span class='ocrx_word' id='word_1_236' title='bbox 857 1242 894 1284; x_wconf 88' lang='grc'><strong>2,</strong></span> <span class='ocrx_word' id='word_1_237' title='bbox 917 1242 952 1275; x_wconf 88' lang='grc'><strong>7.</strong></span> <span class='ocrx_word' id='word_1_238' title='bbox 986 1238 1104 1273; x_wconf 89' lang='lat' dir='ltr'><strong>tenuis</strong></span> <span class='ocrx_word' id='word_1_239' title='bbox 1129 1251 1185 1284; x_wconf 81' lang='lat' dir='ltr'><strong>aq.</strong></span> <span class='ocrx_word' id='word_1_240' title='bbox 1213 1245 1250 1273; x_wconf 86' lang='lat' dir='ltr'><strong>et</strong></span> <span class='ocrx_word' id='word_1_241' title='bbox 1272 1239 1418 1283; x_wconf 79' lang='lat' dir='ltr'><strong>objectu</strong></span> <span class='ocrx_word' id='word_1_242' title='bbox 1439 1239 1644 1284; x_wconf 85' lang='lat' dir='ltr'><strong>lapillorum</strong></span> 
     </span>
     <span class='ocr_line' id='line_1_22' title="bbox 154 1285 1645 1332; baseline -0.001 -10"><span class='ocrx_word' id='word_1_243' title='bbox 154 1287 357 1322; x_wconf 76' lang='lat' dir='ltr'><strong>resultantis</strong></span> <span class='ocrx_word' id='word_1_244' title='bbox 384 1290 441 1330; x_wconf 84' lang='lat'><strong>12,</strong></span> <span class='ocrx_word' id='word_1_245' title='bbox 469 1291 505 1332; x_wconf 83' lang='lat'><strong>2,</strong></span> <span class='ocrx_word' id='word_1_246' title='bbox 530 1290 587 1322; x_wconf 88' lang='lat'><strong>11.</strong></span> <span class='ocrx_word' id='word_1_247' title='bbox 628 1299 686 1332; x_wconf 75' lang='lat' dir='ltr'><strong>aq.</strong></span> <span class='ocrx_word' id='word_1_248' title='bbox 712 1287 870 1332; x_wconf 87' lang='lat' dir='ltr'><strong>piscibus</strong></span> <span class='ocrx_word' id='word_1_249' title='bbox 897 1285 1070 1320; x_wconf 79' lang='lat' dir='ltr'><strong>convenit</strong></span> <span class='ocrx_word' id='word_1_250' title='bbox 1096 1288 1152 1327; x_wconf 82' lang='lat'><strong>12,</strong></span> <span class='ocrx_word' id='word_1_251' title='bbox 1182 1288 1238 1328; x_wconf 88' lang='lat'><strong>11,</strong></span> <span class='ocrx_word' id='word_1_252' title='bbox 1268 1287 1324 1318; x_wconf 88' lang='grc'><strong>13.</strong></span> <span class='ocrx_word' id='word_1_253' title='bbox 1367 1286 1433 1319; x_wconf 89' lang='lat' dir='ltr'><strong>sub</strong></span> <span class='ocrx_word' id='word_1_254' title='bbox 1464 1298 1556 1331; x_wconf 85' lang='lat' dir='ltr'><strong>aqua</strong></span> <span class='ocrx_word' id='word_1_255' title='bbox 1583 1289 1645 1323; x_wconf 82' lang='lat' dir='ltr'><strong>diu</strong></span> 
     </span>
     <span class='ocr_line' id='line_1_23' title="bbox 154 1331 1646 1378; baseline 0.001 -11"><span class='ocrx_word' id='word_1_256' title='bbox 154 1333 270 1378; x_wconf 67' lang='lat' dir='ltr'><strong>pressi</strong></span> <span class='ocrx_word' id='word_1_257' title='bbox 295 1335 353 1376; x_wconf 89' lang='lat'><strong>11,</strong></span> <span class='ocrx_word' id='word_1_258' title='bbox 376 1335 412 1376; x_wconf 88' lang='lat'><strong>3,</strong></span> <span class='ocrx_word' id='word_1_259' title='bbox 437 1334 494 1368; x_wconf 88' lang='grc'><strong>53.</strong></span> <span class='ocrx_word' id='word_1_260' title='bbox 533 1344 659 1378; x_wconf 82' lang='lat' dir='ltr'><strong>aquam</strong></span> <span class='ocrx_word' id='word_1_261' title='bbox 686 1345 787 1375; x_wconf 87' lang='lat' dir='ltr'><strong>esse,</strong></span> <span class='ocrx_word' id='word_1_262' title='bbox 827 1343 873 1367; x_wconf 80' lang='lat' dir='ltr'><strong>ex</strong></span> <span class='ocrx_word' id='word_1_263' title='bbox 901 1343 985 1376; x_wconf 82' lang='lat' dir='ltr'><strong>qua</strong></span> <span class='ocrx_word' id='word_1_264' title='bbox 1011 1343 1069 1365; x_wconf 88' lang='lat' dir='ltr'><strong>res</strong></span> <span class='ocrx_word' id='word_1_265' title='bbox 1095 1342 1220 1366; x_wconf 89' lang='lat' dir='ltr'><strong>omnes</strong></span> <span class='ocrx_word' id='word_1_266' title='bbox 1246 1331 1387 1364; x_wconf 80' lang='lat' dir='ltr'><strong>initium</strong></span> <span class='ocrx_word' id='word_1_267' title='bbox 1415 1332 1586 1368; x_wconf 77' lang='lat' dir='ltr'><strong>duxerint</strong></span> <span class='ocrx_word' id='word_1_268' title='bbox 1607 1338 1646 1378; x_wconf 86' lang='grc'><strong>2,</strong></span> 
     </span>
     <span class='ocr_line' id='line_1_24' title="bbox 155 1376 1643 1424; baseline -0.001 -10"><span class='ocrx_word' id='word_1_269' title='bbox 155 1381 216 1423; x_wconf 85' lang='grc'><strong>17,</strong></span> <span class='ocrx_word' id='word_1_270' title='bbox 234 1380 302 1422; x_wconf 85' lang='grc'><strong>38;</strong></span> <span class='ocrx_word' id='word_1_271' title='bbox 330 1378 506 1422; x_wconf 80' lang='lat' dir='ltr'><strong>corruptis</strong></span> <span class='ocrx_word' id='word_1_272' title='bbox 533 1379 633 1424; x_wconf 80' lang='lat' dir='ltr'><strong>aquis</strong></span> <span class='ocrx_word' id='word_1_273' title='bbox 657 1383 692 1423; x_wconf 93' lang='lat'><strong>7,</strong></span> <span class='ocrx_word' id='word_1_274' title='bbox 710 1382 745 1422; x_wconf 85' lang='lat'><strong>2,</strong></span> <span class='ocrx_word' id='word_1_275' title='bbox 762 1381 797 1414; x_wconf 83' lang='lat'><strong>3.</strong></span> <span class='ocrx_word' id='word_1_276' title='bbox 825 1378 946 1422; x_wconf 89' lang='lat' dir='ltr'><strong>lapillo</strong></span> <span class='ocrx_word' id='word_1_277' title='bbox 970 1383 1098 1411; x_wconf 85' lang='lat' dir='ltr'><strong>tenues</strong></span> <span class='ocrx_word' id='word_1_278' title='bbox 1126 1389 1183 1421; x_wconf 83' lang='lat' dir='ltr'><strong>aq.</strong></span> <span class='ocrx_word' id='word_1_279' title='bbox 1211 1376 1432 1421; x_wconf 73' lang='lat' dir='ltr'><strong>(finduntur)</strong></span> <span class='ocrx_word' id='word_1_280' title='bbox 1458 1382 1515 1423; x_wconf 89' lang='lat'><strong>11,</strong></span> <span class='ocrx_word' id='word_1_281' title='bbox 1532 1382 1567 1423; x_wconf 85' lang='lat'><strong>3,</strong></span> <span class='ocrx_word' id='word_1_282' title='bbox 1584 1383 1643 1415; x_wconf 87' lang='grc'><strong>21.</strong></span> 
     </span>
     <span class='ocr_line' id='line_1_25' title="bbox 154 1423 1644 1470; baseline 0.001 -12"><span class='ocrx_word' id='word_1_283' title='bbox 154 1423 279 1458; x_wconf 76' lang='lat' dir='ltr'><strong>fractis</strong></span> <span class='ocrx_word' id='word_1_284' title='bbox 292 1427 372 1469; x_wconf 60' lang='lat' dir='ltr'><strong>‘asp</strong></span> <span class='ocrx_word' id='word_1_285' title='bbox 403 1436 445 1458; x_wconf 88' lang='lat' dir='ltr'><strong>ac</strong></span> <span class='ocrx_word' id='word_1_286' title='bbox 476 1426 733 1460; x_wconf 78' lang='lat' dir='ltr'><strong>reluctantibus</strong></span> <span class='ocrx_word' id='word_1_287' title='bbox 755 1427 800 1467; x_wconf 87' lang='grc'><strong>9,</strong></span> <span class='ocrx_word' id='word_1_288' title='bbox 825 1424 869 1467; x_wconf 84' lang='lat'><strong>4,</strong></span> <span class='ocrx_word' id='word_1_289' title='bbox 893 1427 929 1466; x_wconf 86' lang='lat'><strong>7,</strong></span> <span class='ocrx_word' id='word_1_290' title='bbox 967 1430 1108 1457; x_wconf 85' lang='lat' dir='ltr'><strong>tranare</strong></span> <span class='ocrx_word' id='word_1_291' title='bbox 1143 1435 1253 1467; x_wconf 83' lang='lat' dir='ltr'><strong>aquas</strong></span> <span class='ocrx_word' id='word_1_292' title='bbox 1276 1426 1320 1466; x_wconf 83' lang='lat'><strong>2,</strong></span> <span class='ocrx_word' id='word_1_293' title='bbox 1349 1423 1411 1466; x_wconf 88' lang='grc'><strong>16,</strong></span> <span class='ocrx_word' id='word_1_294' title='bbox 1436 1426 1492 1459; x_wconf 86' lang='grc'><strong>13.</strong></span> <span class='ocrx_word' id='word_1_295' title='bbox 1534 1437 1644 1470; x_wconf 81' lang='lat' dir='ltr'><strong>aquas</strong></span> 
     </span>
     <span class='ocr_line' id='line_1_26' title="bbox 155 1469 1646 1516; baseline -0.001 -11"><span class='ocrx_word' id='word_1_296' title='bbox 155 1470 347 1515; x_wconf 71' lang='lat' dir='ltr'><strong>aliquando</strong></span> <span class='ocrx_word' id='word_1_297' title='bbox 374 1470 483 1505; x_wconf 88' lang='lat' dir='ltr'><strong>etiam</strong></span> <span class='ocrx_word' id='word_1_298' title='bbox 506 1482 639 1505; x_wconf 88' lang='lat' dir='ltr'><strong>nocere</strong></span> <span class='ocrx_word' id='word_1_299' title='bbox 665 1474 709 1505; x_wconf 84' lang='lat' dir='ltr'><strong>ib.</strong></span> <span class='ocrx_word' id='word_1_300' title='bbox 735 1471 770 1505; x_wconf 92' lang='grc'><strong>6.</strong></span> <span class='ocrx_word' id='word_1_301' title='bbox 798 1470 940 1514; x_wconf 73' lang='lat' dir='ltr'><strong>pluvias</strong></span> <span class='ocrx_word' id='word_1_302' title='bbox 967 1481 1024 1514; x_wconf 80' lang='lat' dir='ltr'><strong>aq.</strong></span> <span class='ocrx_word' id='word_1_303' title='bbox 1053 1469 1190 1516; x_wconf 80' lang='lat' dir='ltr'><strong>colligit</strong></span> <span class='ocrx_word' id='word_1_304' title='bbox 1217 1472 1272 1510; x_wconf 95' lang='grc'><strong>10,</strong></span> <span class='ocrx_word' id='word_1_305' title='bbox 1295 1473 1329 1512; x_wconf 89' lang='grc'><strong>1,</strong></span> <span class='ocrx_word' id='word_1_306' title='bbox 1355 1471 1434 1505; x_wconf 90' lang='grc'><strong>109.</strong></span> <span class='ocrx_word' id='word_1_307' title='bbox 1527 1472 1575 1514; x_wconf 87' lang='lat'><strong>11)</strong></span> <span class='ocrx_word' id='word_1_308' title='bbox 1602 1475 1646 1507; x_wconf 80' lang='lat' dir='ltr'><strong>de</strong></span> 
     </span>
     <span class='ocr_line' id='line_1_27' title="bbox 141 1514 1645 1562; baseline -0.001 -12"><span class='ocrx_word' id='word_1_309' title='bbox 141 1518 352 1560; x_wconf 56' lang='lat' dir='ltr'><strong>umnam:</strong></span> <span class='ocrx_word' id='word_1_310' title='bbox 386 1517 605 1560; x_wconf 84' lang='lat' dir='ltr'><strong>temporibus</strong></span> <span class='ocrx_word' id='word_1_311' title='bbox 631 1516 828 1562; x_wconf 86' lang='lat' dir='ltr'><strong>praefinitis</strong></span> <span class='ocrx_word' id='word_1_312' title='bbox 862 1517 954 1559; x_wconf 86' lang='lat' dir='ltr'><strong>(Sp.</strong></span> <span class='ocrx_word' id='word_1_313' title='bbox 981 1515 1068 1559; x_wconf 82' lang='lat' dir='ltr'><strong>conj.</strong></span> <span class='ocrx_word' id='word_1_314' title='bbox 1095 1514 1340 1560; x_wconf 75' lang='lat' dir='ltr'><strong>praefinitam)</strong></span> <span class='ocrx_word' id='word_1_315' title='bbox 1369 1526 1499 1561; x_wconf 79' lang='lat' dir='ltr'><strong>aquam</strong></span> <span class='ocrx_word' id='word_1_316' title='bbox 1526 1518 1645 1562; x_wconf 75' lang='lat' dir='ltr'><strong>perdit</strong></span> 
     </span>
     <span class='ocr_line' id='line_1_28' title="bbox 155 1561 1087 1608; baseline -0.001 -12"><span class='ocrx_word' id='word_1_317' title='bbox 155 1564 216 1605; x_wconf 83' lang='grc'><strong>11,</strong></span> <span class='ocrx_word' id='word_1_318' title='bbox 240 1563 276 1606; x_wconf 82' lang='grc'><strong>3,</strong></span> <span class='ocrx_word' id='word_1_319' title='bbox 297 1563 344 1598; x_wconf 89' lang='grc'><strong>52</strong></span> <span class='ocrx_word' id='word_1_320' title='bbox 366 1563 415 1596; x_wconf 89' lang='grc' dir='ltr'><strong>Ν.</strong></span> <span class='ocrx_word' id='word_1_321' title='bbox 444 1562 625 1597; x_wconf 85' lang='lat' dir='ltr'><strong>actionem</strong></span> <span class='ocrx_word' id='word_1_322' title='bbox 648 1574 740 1608; x_wconf 80' lang='lat' dir='ltr'><strong>aqua</strong></span> <span class='ocrx_word' id='word_1_323' title='bbox 762 1562 881 1596; x_wconf 84' lang='lat' dir='ltr'><strong>deficit</strong></span> <span class='ocrx_word' id='word_1_324' title='bbox 910 1564 967 1605; x_wconf 85' lang='grc'><strong>12,</strong></span> <span class='ocrx_word' id='word_1_325' title='bbox 990 1562 1028 1605; x_wconf 90' lang='grc'><strong>6,</strong></span> <span class='ocrx_word' id='word_1_326' title='bbox 1052 1561 1087 1596; x_wconf 87' lang='grc'><strong>5.</strong></span> 
     </span>
    </p>
   </div>
   <div class='ocr_carea' id='block_1_3' title="bbox 110 1613 1646 1934">
    <p class='ocr_par' dir='ltr' id='par_1_8' title="bbox 110 1613 1646 1722">
     <span class='ocr_line' id='line_1_29' title="bbox 110 1613 1646 1679; baseline 0.001 -16"><span class='ocrx_word' id='word_1_327' title='bbox 110 1613 226 1679; x_wconf 45' lang='grc' dir='ltr'><strong>ΑῙΊΙ-ἶ</strong></span> <span class='ocrx_word' id='word_1_328' title='bbox 257 1629 439 1678; x_wconf 78' lang='lat' dir='ltr'><strong>Augustus</strong></span> <span class='ocrx_word' id='word_1_329' title='bbox 460 1630 703 1664; x_wconf 82' lang='lat' dir='ltr'><strong>nuntiantibus</strong></span> <span class='ocrx_word' id='word_1_330' title='bbox 723 1628 1066 1671; x_wconf 83' lang='lat' dir='ltr'><strong>Tarraconensibus,</strong></span> <span class='ocrx_word' id='word_1_331' title='bbox 1094 1628 1247 1672; x_wconf 82' lang='lat' dir='ltr'><strong>palmam</strong></span> <span class='ocrx_word' id='word_1_332' title='bbox 1263 1627 1302 1661; x_wconf 88' lang='lat' dir='ltr'><strong>in</strong></span> <span class='ocrx_word' id='word_1_333' title='bbox 1321 1639 1382 1662; x_wconf 87' lang='lat' dir='ltr'><strong>ara</strong></span> <span class='ocrx_word' id='word_1_334' title='bbox 1401 1629 1478 1673; x_wconf 83' lang='lat' dir='ltr'><strong>ejus</strong></span> <span class='ocrx_word' id='word_1_335' title='bbox 1492 1638 1646 1678; x_wconf 81' lang='lat' dir='ltr'><strong>enatam,</strong></span> 
     </span>
     <span class='ocr_line' id='line_1_30' title="bbox 155 1673 1553 1722; baseline 0 -12"><span class='ocrx_word' id='word_1_336' title='bbox 155 1674 337 1720; x_wconf 77' lang='lat' dir='ltr'><strong>Apparet,</strong></span> <span class='ocrx_word' id='word_1_337' title='bbox 359 1676 495 1721; x_wconf 84' lang='lat' dir='ltr'><strong>inquit,</strong></span> <span class='ocrx_word' id='word_1_338' title='bbox 521 1688 627 1722; x_wconf 83' lang='lat' dir='ltr'><strong>quam</strong></span> <span class='ocrx_word' id='word_1_339' title='bbox 651 1688 758 1722; x_wconf 85' lang='lat' dir='ltr'><strong>saepe</strong></span> <span class='ocrx_word' id='word_1_340' title='bbox 785 1675 987 1710; x_wconf 88' lang='lat' dir='ltr'><strong>accendatis</strong></span> <span class='ocrx_word' id='word_1_341' title='bbox 1012 1673 1064 1719; x_wconf 86' lang='lat' dir='ltr'><strong>(a.</strong></span> <span class='ocrx_word' id='word_1_342' title='bbox 1090 1678 1113 1708; x_wconf 84' lang='lat'><strong>1.</strong></span> <span class='ocrx_word' id='word_1_343' title='bbox 1143 1673 1346 1719; x_wconf 75' lang='lat' dir='ltr'><strong>accedatis)</strong></span> <span class='ocrx_word' id='word_1_344' title='bbox 1377 1675 1413 1720; x_wconf 90' lang='grc'><strong>6,</strong></span> <span class='ocrx_word' id='word_1_345' title='bbox 1437 1677 1473 1720; x_wconf 85' lang='grc'><strong>3,</strong></span> <span class='ocrx_word' id='word_1_346' title='bbox 1496 1680 1553 1712; x_wconf 89' lang='lat'><strong>77.</strong></span> 
     </span>
    </p>

    <p class='ocr_par' dir='ltr' id='par_1_9' title="bbox 111 1720 1239 1776">
     <span class='ocr_line' id='line_1_31' title="bbox 111 1720 1239 1776; baseline -0.003 -9"><span class='ocrx_word' id='word_1_347' title='bbox 111 1720 283 1764; x_wconf 67' lang='lat' dir='ltr'><strong>Arator·</strong></span> <span class='ocrx_word' id='word_1_348' title='bbox 306 1727 379 1767; x_wconf 41' lang='lat' dir='ltr'><strong>‘ex</strong></span> <span class='ocrx_word' id='word_1_349' title='bbox 404 1739 591 1768; x_wconf 88' lang='lat' dir='ltr'><strong>oratore</strong></span> <span class='ocrx_word' id='word_1_350' title='bbox 618 1739 774 1768; x_wconf 88' lang='lat' dir='ltr'><strong>arator</strong></span> <span class='ocrx_word' id='word_1_351' title='bbox 802 1731 917 1776; x_wconf 81' lang='lat' dir='ltr'><strong>(fig.)</strong></span> <span class='ocrx_word' id='word_1_352' title='bbox 948 1734 1034 1766; x_wconf 86' lang='lat' dir='ltr'><strong>Cic.</strong></span> <span class='ocrx_word' id='word_1_353' title='bbox 1062 1732 1097 1773; x_wconf 89' lang='grc'><strong>9,</strong></span> <span class='ocrx_word' id='word_1_354' title='bbox 1122 1733 1158 1774; x_wconf 93' lang='grc'><strong>3,</strong></span> <span class='ocrx_word' id='word_1_355' title='bbox 1179 1733 1239 1766; x_wconf 87' lang='grc'><strong>72.</strong></span> 
     </span>
    </p>

    <p class='ocr_par' dir='ltr' id='par_1_10' title="bbox 110 1777 1163 1837">
     <span class='ocr_line' id='line_1_32' title="bbox 110 1777 1163 1837; baseline -0.002 -13"><span class='ocrx_word' id='word_1_356' title='bbox 110 1777 326 1831; x_wconf 55' lang='lat' dir='ltr'><strong>Asturum·</strong></span> <span class='ocrx_word' id='word_1_357' title='bbox 349 1809 395 1815; x_wconf 91' lang='lat'><em>—</em></span> <span class='ocrx_word' id='word_1_358' title='bbox 441 1789 603 1834; x_wconf 83' lang='lat' dir='ltr'><strong>accipere</strong></span> <span class='ocrx_word' id='word_1_359' title='bbox 627 1790 772 1837; x_wconf 87' lang='lat' dir='ltr'><strong>pignori</strong></span> <span class='ocrx_word' id='word_1_360' title='bbox 797 1800 873 1823; x_wconf 91' lang='lat' dir='ltr'><strong>non</strong></span> <span class='ocrx_word' id='word_1_361' title='bbox 897 1789 981 1823; x_wconf 89' lang='lat' dir='ltr'><strong>licet</strong></span> <span class='ocrx_word' id='word_1_362' title='bbox 1007 1792 1043 1831; x_wconf 85' lang='lat'><strong>7,</strong></span> <span class='ocrx_word' id='word_1_363' title='bbox 1068 1789 1104 1831; x_wconf 91' lang='grc'><strong>8,</strong></span> <span class='ocrx_word' id='word_1_364' title='bbox 1127 1786 1163 1822; x_wconf 82' lang='lat'><strong>4.</strong></span> 
     </span>
    </p>

    <p class='ocr_par' dir='ltr' id='par_1_11' title="bbox 111 1833 1646 1934">
     <span class='ocr_line' id='line_1_33' title="bbox 111 1833 1646 1891; baseline 0 -11"><span class='ocrx_word' id='word_1_365' title='bbox 111 1833 297 1890; x_wconf 50' lang='lat' dir='ltr'><strong>Albitgl&#39;·</strong></span> <span class='ocrx_word' id='word_1_366' title='bbox 353 1846 505 1880; x_wconf 89' lang='lat' dir='ltr'><strong>liberum</strong></span> <span class='ocrx_word' id='word_1_367' title='bbox 540 1847 681 1881; x_wconf 86' lang='lat' dir='ltr'><strong>arbitris</strong></span> <span class='ocrx_word' id='word_1_368' title='bbox 707 1848 827 1881; x_wconf 86' lang='lat' dir='ltr'><strong>locum</strong></span> <span class='ocrx_word' id='word_1_369' title='bbox 855 1848 921 1889; x_wconf 89' lang='lat'><strong>10,</strong></span> <span class='ocrx_word' id='word_1_370' title='bbox 946 1847 991 1887; x_wconf 84' lang='lat'><strong>3,</strong></span> <span class='ocrx_word' id='word_1_371' title='bbox 1019 1847 1076 1878; x_wconf 86' lang='grc'><strong>22.</strong></span> <span class='ocrx_word' id='word_1_372' title='bbox 1121 1844 1335 1878; x_wconf 85' lang='lat' dir='ltr'><strong>arbitrorum</strong></span> <span class='ocrx_word' id='word_1_373' title='bbox 1370 1844 1646 1891; x_wconf 77' lang='lat' dir='ltr'><strong>disceptationes</strong></span> 
     </span>
     <span class='ocr_line' id='line_1_34' title="bbox 157 1890 1354 1934; baseline 0 -10"><span class='ocrx_word' id='word_1_374' title='bbox 157 1893 220 1933; x_wconf 84' lang='lat'><strong>11,</strong></span> <span class='ocrx_word' id='word_1_375' title='bbox 239 1893 275 1933; x_wconf 86' lang='lat'><strong>1,</strong></span> <span class='ocrx_word' id='word_1_376' title='bbox 296 1890 354 1926; x_wconf 78' lang='lat'><strong>43.</strong></span> <span class='ocrx_word' id='word_1_377' title='bbox 393 1892 495 1926; x_wconf 84' lang='lat' dir='ltr'><strong>stilus</strong></span> <span class='ocrx_word' id='word_1_378' title='bbox 518 1912 565 1918; x_wconf 94' lang='lat'>—</span> <span class='ocrx_word' id='word_1_379' title='bbox 590 1903 714 1926; x_wconf 84' lang='lat' dir='ltr'><strong>omnes</strong></span> <span class='ocrx_word' id='word_1_380' title='bbox 739 1893 890 1926; x_wconf 73' lang='lat' dir='ltr'><strong>arbitros</strong></span> <span class='ocrx_word' id='word_1_381' title='bbox 912 1891 1122 1925; x_wconf 83' lang='lat' dir='ltr'><strong>reformidet</strong></span> <span class='ocrx_word' id='word_1_382' title='bbox 1149 1893 1207 1934; x_wconf 89' lang='lat'><strong>10,</strong></span> <span class='ocrx_word' id='word_1_383' title='bbox 1233 1893 1270 1933; x_wconf 93' lang='lat'><strong>7,</strong></span> <span class='ocrx_word' id='word_1_384' title='bbox 1297 1891 1354 1925; x_wconf 82' lang='lat'><strong>16.</strong></span> 
     </span>
    </p>
   </div>
   <div class='ocr_carea' id='block_1_4' title="bbox 114 1933 1684 2036">
    <p class='ocr_par' dir='ltr' id='par_1_12' title="bbox 114 1933 1684 2036">
     <span class='ocr_line' id='line_1_35' title="bbox 114 1933 1684 1994; baseline 0.004 -14"><span class='ocrx_word' id='word_1_385' title='bbox 114 1933 363 1976; x_wconf 69' lang='lat' dir='ltr'><strong>Arbitrium·</strong></span> <span class='ocrx_word' id='word_1_386' title='bbox 419 1958 486 1981; x_wconf 88' lang='lat' dir='ltr'><strong>suo</strong></span> <span class='ocrx_word' id='word_1_387' title='bbox 511 1947 656 1982; x_wconf 86' lang='lat' dir='ltr'><strong>arbitrio</strong></span> <span class='ocrx_word' id='word_1_388' title='bbox 684 1947 719 1990; x_wconf 88' lang='lat'><strong>4,</strong></span> <span class='ocrx_word' id='word_1_389' title='bbox 744 1951 778 1991; x_wconf 88' lang='lat'><strong>1,</strong></span> <span class='ocrx_word' id='word_1_390' title='bbox 803 1950 861 1982; x_wconf 88' lang='grc'><strong>32.</strong></span> <span class='ocrx_word' id='word_1_391' title='bbox 898 1953 1024 1982; x_wconf 87' lang='lat' dir='ltr'><strong>nostro</strong></span> <span class='ocrx_word' id='word_1_392' title='bbox 1046 1947 1124 1991; x_wconf 66' lang='lat' dir='ltr'><strong>arb.</strong></span> <span class='ocrx_word' id='word_1_393' title='bbox 1152 1950 1208 1990; x_wconf 88' lang='lat'><strong>11,</strong></span> <span class='ocrx_word' id='word_1_394' title='bbox 1232 1949 1269 1991; x_wconf 88' lang='grc'><strong>2,</strong></span> <span class='ocrx_word' id='word_1_395' title='bbox 1292 1948 1350 1983; x_wconf 88' lang='grc'><strong>38.</strong></span> <span class='ocrx_word' id='word_1_396' title='bbox 1382 1948 1459 1983; x_wconf 85' lang='lat' dir='ltr'><strong>arb.</strong></span> <span class='ocrx_word' id='word_1_397' title='bbox 1482 1951 1646 1994; x_wconf 83' lang='lat' dir='ltr'><strong>petitoris</strong></span> <span class='ocrx_word' id='word_1_398' title='bbox 1677 1974 1684 1977; x_wconf 81' lang='lat'><em>-</em></span> 
     </span>
     <span class='ocr_line' id='line_1_36' title="bbox 159 1992 976 2036; baseline 0 -10"><span class='ocrx_word' id='word_1_399' title='bbox 159 1994 195 2033; x_wconf 90' lang='lat'><strong>7,</strong></span> <span class='ocrx_word' id='word_1_400' title='bbox 218 1993 255 2032; x_wconf 91' lang='lat'><strong>1,</strong></span> <span class='ocrx_word' id='word_1_401' title='bbox 277 1993 312 2025; x_wconf 91' lang='lat'><strong>3.</strong></span> <span class='ocrx_word' id='word_1_402' title='bbox 351 1992 397 2024; x_wconf 84' lang='lat' dir='ltr'><strong>ad</strong></span> <span class='ocrx_word' id='word_1_403' title='bbox 421 1992 604 2026; x_wconf 80' lang='lat' dir='ltr'><strong>arbitrium</strong></span> <span class='ocrx_word' id='word_1_404' title='bbox 626 2004 752 2028; x_wconf 87' lang='lat' dir='ltr'><strong>eorum</strong></span> <span class='ocrx_word' id='word_1_405' title='bbox 779 1993 835 2036; x_wconf 88' lang='grc'><strong>12,</strong></span> <span class='ocrx_word' id='word_1_406' title='bbox 858 1994 894 2036; x_wconf 89' lang='grc'><strong>9,</strong></span> <span class='ocrx_word' id='word_1_407' title='bbox 920 1996 976 2027; x_wconf 90' lang='grc'><strong>10.</strong></span> 
     </span>
    </p>
   </div>
   <div class='ocr_carea' id='block_1_5' title="bbox 115 2035 1648 2411">
    <p class='ocr_par' dir='ltr' id='par_1_13' title="bbox 115 2035 1648 2411">
     <span class='ocr_line' id='line_1_37' title="bbox 115 2035 1645 2098; baseline 0.003 -19"><span class='ocrx_word' id='word_1_408' title='bbox 115 2035 326 2098; x_wconf 67' lang='lat' dir='ltr'><strong>Arbitror.</strong></span> <span class='ocrx_word' id='word_1_409' title='bbox 370 2048 406 2090; x_wconf 86' lang='lat'><strong>9,</strong></span> <span class='ocrx_word' id='word_1_410' title='bbox 431 2049 466 2089; x_wconf 81' lang='lat'><strong>3,</strong></span> <span class='ocrx_word' id='word_1_411' title='bbox 488 2051 526 2082; x_wconf 88' lang='lat'><strong>7.</strong></span> <span class='ocrx_word' id='word_1_412' title='bbox 560 2055 601 2082; x_wconf 83' lang='lat' dir='ltr'><strong>ut</strong></span> <span class='ocrx_word' id='word_1_413' title='bbox 635 2049 790 2082; x_wconf 71' lang='lat' dir='ltr'><strong>arbitror</strong></span> <span class='ocrx_word' id='word_1_414' title='bbox 814 2052 851 2091; x_wconf 85' lang='lat'><strong>2,</strong></span> <span class='ocrx_word' id='word_1_415' title='bbox 878 2049 936 2091; x_wconf 88' lang='lat'><strong>15,</strong></span> <span class='ocrx_word' id='word_1_416' title='bbox 963 2051 1025 2082; x_wconf 81' lang='lat'><strong>37.</strong></span> <span class='ocrx_word' id='word_1_417' title='bbox 1060 2047 1096 2090; x_wconf 86' lang='lat'><strong>5,</strong></span> <span class='ocrx_word' id='word_1_418' title='bbox 1124 2049 1183 2090; x_wconf 91' lang='lat'><strong>10,</strong></span> <span class='ocrx_word' id='word_1_419' title='bbox 1207 2050 1263 2082; x_wconf 90' lang='lat'><strong>10.</strong></span> <span class='ocrx_word' id='word_1_420' title='bbox 1300 2051 1337 2090; x_wconf 91' lang='lat'><strong>7,</strong></span> <span class='ocrx_word' id='word_1_421' title='bbox 1359 2049 1418 2082; x_wconf 78' lang='lat' dir='ltr'><strong>rr.</strong></span> <span class='ocrx_word' id='word_1_422' title='bbox 1445 2052 1479 2083; x_wconf 87' lang='lat'><strong>1.</strong></span> <span class='ocrx_word' id='word_1_423' title='bbox 1512 2051 1645 2098; x_wconf 51' lang='lat' dir='ltr'><strong>pano,</strong></span> 
     </span>
     <span class='ocr_line' id='line_1_38' title="bbox 159 2092 1647 2143; baseline 0.001 -17"><span class='ocrx_word' id='word_1_424' title='bbox 159 2097 203 2126; x_wconf 85' lang='lat' dir='ltr'><strong>nt</strong></span> <span class='ocrx_word' id='word_1_425' title='bbox 227 2092 400 2134; x_wconf 76' lang='lat' dir='ltr'><strong>arbitror,</strong></span> <span class='ocrx_word' id='word_1_426' title='bbox 436 2093 529 2126; x_wconf 89' lang='lat' dir='ltr'><strong>libro</strong></span> <span class='ocrx_word' id='word_1_427' title='bbox 555 2096 612 2135; x_wconf 87' lang='lat'><strong>10,</strong></span> <span class='ocrx_word' id='word_1_428' title='bbox 639 2094 674 2136; x_wconf 84' lang='lat'><strong>5,</strong></span> <span class='ocrx_word' id='word_1_429' title='bbox 698 2096 755 2127; x_wconf 85' lang='lat'><strong>22.</strong></span> <span class='ocrx_word' id='word_1_430' title='bbox 796 2096 855 2136; x_wconf 87' lang='lat'><strong>11,</strong></span> <span class='ocrx_word' id='word_1_431' title='bbox 879 2097 913 2135; x_wconf 93' lang='lat'><strong>1,</strong></span> <span class='ocrx_word' id='word_1_432' title='bbox 937 2094 993 2128; x_wconf 88' lang='grc'><strong>59.</strong></span> <span class='ocrx_word' id='word_1_433' title='bbox 1031 2103 1127 2135; x_wconf 89' lang='lat' dir='ltr'><strong>non,</strong></span> <span class='ocrx_word' id='word_1_434' title='bbox 1161 2098 1202 2126; x_wconf 87' lang='lat' dir='ltr'><strong>ut</strong></span> <span class='ocrx_word' id='word_1_435' title='bbox 1228 2093 1461 2137; x_wconf 82' lang='lat' dir='ltr'><strong>arbitror,</strong></span> <span class='ocrx_word' id='word_1_436' title='bbox 1498 2105 1647 2143; x_wconf 66' lang='lat' dir='ltr'><strong>propter</strong></span> 
     </span>
     <span class='ocr_line' id='line_1_39' title="bbox 161 2137 1645 2192; baseline 0.003 -19"><span class='ocrx_word' id='word_1_437' title='bbox 161 2139 340 2180; x_wconf 76' lang='lat' dir='ltr'><strong>calorem,</strong></span> <span class='ocrx_word' id='word_1_438' title='bbox 376 2139 472 2183; x_wconf 73' lang='lat' dir='ltr'><strong>quod</strong></span> <span class='ocrx_word' id='word_1_439' title='bbox 497 2138 642 2182; x_wconf 75' lang='lat' dir='ltr'><strong>quidam</strong></span> <span class='ocrx_word' id='word_1_440' title='bbox 665 2144 955 2182; x_wconf 80' lang='lat' dir='ltr'><strong>putaverunt</strong></span> <span class='ocrx_word' id='word_1_441' title='bbox 985 2140 1043 2179; x_wconf 86' lang='lat'><strong>11,</strong></span> <span class='ocrx_word' id='word_1_442' title='bbox 1069 2140 1104 2180; x_wconf 87' lang='lat'><strong>3,</strong></span> <span class='ocrx_word' id='word_1_443' title='bbox 1128 2138 1186 2171; x_wconf 89' lang='grc'><strong>28.</strong></span> <span class='ocrx_word' id='word_1_444' title='bbox 1226 2137 1271 2178; x_wconf 81' lang='lat' dir='ltr'><strong>cs·</strong></span> <span class='ocrx_word' id='word_1_445' title='bbox 1299 2139 1335 2180; x_wconf 87' lang='lat'><strong>9,</strong></span> <span class='ocrx_word' id='word_1_446' title='bbox 1358 2142 1391 2181; x_wconf 90' lang='lat'><strong>1,</strong></span> <span class='ocrx_word' id='word_1_447' title='bbox 1414 2141 1473 2175; x_wconf 83' lang='lat'><strong>25.</strong></span> <span class='ocrx_word' id='word_1_448' title='bbox 1513 2150 1554 2177; x_wconf 89' lang='lat' dir='ltr'><strong>ut</strong></span> <span class='ocrx_word' id='word_1_449' title='bbox 1575 2156 1645 2192; x_wconf 83' lang='lat' dir='ltr'><strong>ego</strong></span> 
     </span>
     <span class='ocr_line' id='line_1_40' title="bbox 160 2182 1646 2234; baseline 0.001 -15"><span class='ocrx_word' id='word_1_450' title='bbox 160 2184 237 2219; x_wconf 68' lang='lat' dir='ltr'><strong>arb.</strong></span> <span class='ocrx_word' id='word_1_451' title='bbox 263 2185 305 2226; x_wconf 88' lang='lat'><strong>3,</strong></span> <span class='ocrx_word' id='word_1_452' title='bbox 331 2186 393 2227; x_wconf 90' lang='grc'><strong>11,</strong></span> <span class='ocrx_word' id='word_1_453' title='bbox 416 2187 450 2218; x_wconf 91' lang='grc'><strong>7.</strong></span> <span class='ocrx_word' id='word_1_454' title='bbox 501 2185 580 2229; x_wconf 85' lang='lat' dir='ltr'><strong>Qua</strong></span> <span class='ocrx_word' id='word_1_455' title='bbox 611 2185 651 2217; x_wconf 90' lang='lat' dir='ltr'><strong>in</strong></span> <span class='ocrx_word' id='word_1_456' title='bbox 677 2195 719 2218; x_wconf 85' lang='lat' dir='ltr'><strong>re</strong></span> <span class='ocrx_word' id='word_1_457' title='bbox 742 2183 830 2217; x_wconf 85' lang='lat' dir='ltr'><strong>mihi</strong></span> <span class='ocrx_word' id='word_1_458' title='bbox 851 2194 926 2216; x_wconf 91' lang='lat' dir='ltr'><strong>non</strong></span> <span class='ocrx_word' id='word_1_459' title='bbox 951 2183 1104 2216; x_wconf 78' lang='lat' dir='ltr'><strong>arbitror</strong></span> <span class='ocrx_word' id='word_1_460' title='bbox 1134 2182 1195 2216; x_wconf 84' lang='lat' dir='ltr'><strong>diu</strong></span> <span class='ocrx_word' id='word_1_461' title='bbox 1218 2184 1449 2219; x_wconf 86' lang='lat' dir='ltr'><strong>laborandum</strong></span> <span class='ocrx_word' id='word_1_462' title='bbox 1472 2190 1517 2231; x_wconf 91' lang='grc'><strong>2,</strong></span> <span class='ocrx_word' id='word_1_463' title='bbox 1541 2191 1586 2234; x_wconf 78' lang='grc'><strong>3,</strong></span> <span class='ocrx_word' id='word_1_464' title='bbox 1611 2195 1646 2225; x_wconf 82' lang='lat'><strong>2.</strong></span> 
     </span>
     <span class='ocr_line' id='line_1_41' title="bbox 159 2227 1648 2273; baseline 0.004 -10"><span class='ocrx_word' id='word_1_465' title='bbox 159 2229 251 2265; x_wconf 81' lang='lat' dir='ltr'><strong>nihil</strong></span> <span class='ocrx_word' id='word_1_466' title='bbox 275 2229 449 2263; x_wconf 80' lang='lat' dir='ltr'><strong>interesse</strong></span> <span class='ocrx_word' id='word_1_467' title='bbox 473 2230 684 2264; x_wconf 83' lang='lat' dir='ltr'><strong>arbitramur</strong></span> <span class='ocrx_word' id='word_1_468' title='bbox 711 2230 745 2272; x_wconf 87' lang='lat'><strong>5,</strong></span> <span class='ocrx_word' id='word_1_469' title='bbox 772 2232 827 2272; x_wconf 88' lang='grc'><strong>12,</strong></span> <span class='ocrx_word' id='word_1_470' title='bbox 852 2230 908 2264; x_wconf 87' lang='grc'><strong>18.</strong></span> <span class='ocrx_word' id='word_1_471' title='bbox 944 2227 1029 2262; x_wconf 85' lang='lat' dir='ltr'><strong>satis</strong></span> <span class='ocrx_word' id='word_1_472' title='bbox 1053 2239 1092 2261; x_wconf 85' lang='lat' dir='ltr'><strong>se</strong></span> <span class='ocrx_word' id='word_1_473' title='bbox 1120 2229 1164 2261; x_wconf 83' lang='lat' dir='ltr'><strong>ad</strong></span> <span class='ocrx_word' id='word_1_474' title='bbox 1188 2229 1431 2273; x_wconf 80' lang='lat' dir='ltr'><strong>eloquentiam</strong></span> <span class='ocrx_word' id='word_1_475' title='bbox 1454 2232 1648 2272; x_wconf 84' lang='lat' dir='ltr'><strong>instructos</strong></span> 
     </span>
     <span class='ocr_line' id='line_1_42' title="bbox 163 2273 1647 2318; baseline 0.002 -10"><span class='ocrx_word' id='word_1_476' title='bbox 163 2275 375 2310; x_wconf 85' lang='lat' dir='ltr'><strong>arbitrantur</strong></span> <span class='ocrx_word' id='word_1_477' title='bbox 400 2276 436 2317; x_wconf 87' lang='lat'><strong>8,</strong></span> <span class='ocrx_word' id='word_1_478' title='bbox 458 2276 518 2309; x_wconf 80' lang='lat' dir='ltr'><strong>Pr.</strong></span> <span class='ocrx_word' id='word_1_479' title='bbox 543 2279 578 2309; x_wconf 88' lang='grc'><strong>2.</strong></span> <span class='ocrx_word' id='word_1_480' title='bbox 614 2275 760 2311; x_wconf 80' lang='lat' dir='ltr'><strong>veniam</strong></span> <span class='ocrx_word' id='word_1_481' title='bbox 785 2286 886 2308; x_wconf 88' lang='lat' dir='ltr'><strong>meae</strong></span> <span class='ocrx_word' id='word_1_482' title='bbox 913 2273 1175 2318; x_wconf 84' lang='lat' dir='ltr'><strong>deprecationis</strong></span> <span class='ocrx_word' id='word_1_483' title='bbox 1200 2275 1396 2310; x_wconf 85' lang='lat' dir='ltr'><strong>arbitrabar</strong></span> <span class='ocrx_word' id='word_1_484' title='bbox 1418 2278 1500 2314; x_wconf 84' lang='lat' dir='ltr'><strong>fore</strong></span> <span class='ocrx_word' id='word_1_485' title='bbox 1525 2282 1584 2316; x_wconf 80' lang='lat' dir='ltr'><strong>Pr,</strong></span> <span class='ocrx_word' id='word_1_486' title='bbox 1610 2287 1647 2318; x_wconf 78' lang='lat'><strong>2,</strong></span> 
     </span>
     <span class='ocr_line' id='line_1_43' title="bbox 163 2319 1648 2369; baseline 0.003 -16"><span class='ocrx_word' id='word_1_487' title='bbox 163 2320 307 2366; x_wconf 77' lang='lat' dir='ltr'><strong>quidam</strong></span> <span class='ocrx_word' id='word_1_488' title='bbox 329 2321 427 2355; x_wconf 84' lang='lat' dir='ltr'><strong>solos</strong></span> <span class='ocrx_word' id='word_1_489' title='bbox 449 2327 591 2356; x_wconf 80' lang='lat' dir='ltr'><strong>veteres</strong></span> <span class='ocrx_word' id='word_1_490' title='bbox 617 2322 789 2369; x_wconf 83' lang='lat' dir='ltr'><strong>legendos</strong></span> <span class='ocrx_word' id='word_1_491' title='bbox 817 2325 998 2365; x_wconf 83' lang='lat' dir='ltr'><strong>putant,</strong></span> <span class='ocrx_word' id='word_1_492' title='bbox 1024 2330 1143 2364; x_wconf 85' lang='lat' dir='ltr'><strong>neque</strong></span> <span class='ocrx_word' id='word_1_493' title='bbox 1166 2319 1206 2354; x_wconf 90' lang='lat' dir='ltr'><strong>in</strong></span> <span class='ocrx_word' id='word_1_494' title='bbox 1227 2321 1311 2356; x_wconf 86' lang='lat' dir='ltr'><strong>ullis</strong></span> <span class='ocrx_word' id='word_1_495' title='bbox 1336 2321 1415 2357; x_wconf 88' lang='lat' dir='ltr'><strong>aliis</strong></span> <span class='ocrx_word' id='word_1_496' title='bbox 1438 2335 1518 2360; x_wconf 85' lang='lat' dir='ltr'><strong>esse</strong></span> <span class='ocrx_word' id='word_1_497' title='bbox 1540 2335 1648 2362; x_wconf 86' lang='lat' dir='ltr'><strong>natu-</strong></span> 
     </span>
     <span class='ocr_line' id='line_1_44' title="bbox 161 2364 1155 2411; baseline 0.001 -12"><span class='ocrx_word' id='word_1_498' title='bbox 161 2366 274 2408; x_wconf 60' lang='lat' dir='ltr'><strong>talem</strong></span> <span class='ocrx_word' id='word_1_499' title='bbox 297 2366 534 2411; x_wconf 78' lang='lat' dir='ltr'><strong>eloquentiam</strong></span> <span class='ocrx_word' id='word_1_500' title='bbox 558 2385 603 2392; x_wconf 95' lang='lat'><strong>—</strong></span> <span class='ocrx_word' id='word_1_501' title='bbox 628 2367 923 2401; x_wconf 83' lang='lat' dir='ltr'><strong>arbitrantur</strong></span> <span class='ocrx_word' id='word_1_502' title='bbox 951 2368 1007 2408; x_wconf 92' lang='lat'><strong>10,</strong></span> <span class='ocrx_word' id='word_1_503' title='bbox 1033 2369 1067 2408; x_wconf 90' lang='lat'><strong>1,</strong></span> <span class='ocrx_word' id='word_1_504' title='bbox 1089 2364 1155 2400; x_wconf 78' lang='lat'><strong>43.</strong></span> 
     </span>
    </p>
   </div>
   <div class='ocr_carea' id='block_1_6' title="bbox 115 2409 1648 2706">
    <p class='ocr_par' dir='ltr' id='par_1_14' title="bbox 117 2409 1648 2654">
     <span class='ocr_line' id='line_1_45' title="bbox 117 2409 1645 2474; baseline 0.009 -24"><span class='ocrx_word' id='word_1_505' title='bbox 117 2409 276 2469; x_wconf 67' lang='lat' dir='ltr'><strong>Arbor·</strong></span> <span class='ocrx_word' id='word_1_506' title='bbox 319 2423 432 2474; x_wconf 39' lang='lat' dir='ltr'><strong>‘arbor</strong></span> <span class='ocrx_word' id='word_1_507' title='bbox 455 2422 608 2467; x_wconf 70' lang='lat' dir='ltr'><strong>(genus)</strong></span> <span class='ocrx_word' id='word_1_508' title='bbox 637 2423 761 2468; x_wconf 82' lang='lat' dir='ltr'><strong>pinus,</strong></span> <span class='ocrx_word' id='word_1_509' title='bbox 800 2429 836 2457; x_wconf 79' lang='lat' dir='ltr'><strong>et</strong></span> <span class='ocrx_word' id='word_1_510' title='bbox 860 2424 962 2464; x_wconf 81' lang='lat' dir='ltr'><strong>olea,</strong></span> <span class='ocrx_word' id='word_1_511' title='bbox 999 2427 1035 2455; x_wconf 77' lang='lat' dir='ltr'><strong>et</strong></span> <span class='ocrx_word' id='word_1_512' title='bbox 1057 2432 1246 2466; x_wconf 70' lang='lat' dir='ltr'><strong>cupressus</strong></span> <span class='ocrx_word' id='word_1_513' title='bbox 1272 2422 1450 2470; x_wconf 64' lang='lat' dir='ltr'><strong>(species)</strong></span> <span class='ocrx_word' id='word_1_514' title='bbox 1472 2428 1508 2470; x_wconf 84' lang='grc'><strong>8,</strong></span> <span class='ocrx_word' id='word_1_515' title='bbox 1530 2429 1567 2473; x_wconf 73' lang='grc'><strong>6,</strong></span> <span class='ocrx_word' id='word_1_516' title='bbox 1588 2430 1645 2465; x_wconf 87' lang='grc'><strong>58.</strong></span> 
     </span>
     <span class='ocr_line' id='line_1_46' title="bbox 164 2468 1648 2519; baseline 0.005 -18"><span class='ocrx_word' id='word_1_517' title='bbox 164 2468 404 2519; x_wconf 65' lang='lat' dir='ltr'><strong>generosioris</strong></span> <span class='ocrx_word' id='word_1_518' title='bbox 432 2471 508 2503; x_wconf 82' lang='lat' dir='ltr'><strong>arb.</strong></span> <span class='ocrx_word' id='word_1_519' title='bbox 531 2469 649 2504; x_wconf 86' lang='lat' dir='ltr'><strong>statim</strong></span> <span class='ocrx_word' id='word_1_520' title='bbox 671 2471 791 2514; x_wconf 87' lang='lat' dir='ltr'><strong>planta</strong></span> <span class='ocrx_word' id='word_1_521' title='bbox 817 2480 899 2502; x_wconf 85' lang='lat' dir='ltr'><strong>cum</strong></span> <span class='ocrx_word' id='word_1_522' title='bbox 923 2469 1043 2501; x_wconf 84' lang='lat' dir='ltr'><strong>fructu</strong></span> <span class='ocrx_word' id='word_1_523' title='bbox 1068 2474 1121 2502; x_wconf 87' lang='lat' dir='ltr'><strong>est</strong></span> <span class='ocrx_word' id='word_1_524' title='bbox 1146 2469 1182 2510; x_wconf 87' lang='lat'><strong>8,</strong></span> <span class='ocrx_word' id='word_1_525' title='bbox 1206 2471 1241 2512; x_wconf 89' lang='lat'><strong>3,</strong></span> <span class='ocrx_word' id='word_1_526' title='bbox 1264 2471 1322 2505; x_wconf 82' lang='lat'><strong>76.</strong></span> <span class='ocrx_word' id='word_1_527' title='bbox 1362 2472 1503 2507; x_wconf 85' lang='lat' dir='ltr'><strong>Taurus</strong></span> <span class='ocrx_word' id='word_1_528' title='bbox 1530 2486 1577 2509; x_wconf 90' lang='lat' dir='ltr'><strong>an</strong></span> <span class='ocrx_word' id='word_1_529' title='bbox 1602 2477 1648 2510; x_wconf 89' lang='lat' dir='ltr'><strong>sit</strong></span> 
     </span>
     <span class='ocr_line' id='line_1_47' title="bbox 162 2513 1644 2564; baseline 0.006 -17"><span class='ocrx_word' id='word_1_530' title='bbox 162 2513 266 2547; x_wconf 76' lang='lat' dir='ltr'><strong>radix</strong></span> <span class='ocrx_word' id='word_1_531' title='bbox 290 2514 428 2547; x_wconf 89' lang='lat' dir='ltr'><strong>arboris</strong></span> <span class='ocrx_word' id='word_1_532' title='bbox 452 2516 487 2557; x_wconf 87' lang='grc'><strong>8,</strong></span> <span class='ocrx_word' id='word_1_533' title='bbox 512 2518 548 2558; x_wconf 86' lang='grc'><strong>2,</strong></span> <span class='ocrx_word' id='word_1_534' title='bbox 572 2517 616 2550; x_wconf 90' lang='grc'><strong>13</strong></span> <span class='ocrx_word' id='word_1_535' title='bbox 639 2517 688 2549; x_wconf 88' lang='grc' dir='ltr'><strong>Ν.</strong></span> <span class='ocrx_word' id='word_1_536' title='bbox 726 2516 766 2549; x_wconf 89' lang='lat' dir='ltr'><strong>in</strong></span> <span class='ocrx_word' id='word_1_537' title='bbox 789 2514 874 2548; x_wconf 88' lang='lat' dir='ltr'><strong>satis</strong></span> <span class='ocrx_word' id='word_1_538' title='bbox 899 2513 1063 2547; x_wconf 88' lang='lat' dir='ltr'><strong>omnibus</strong></span> <span class='ocrx_word' id='word_1_539' title='bbox 1084 2514 1332 2559; x_wconf 71' lang='lat' dir='ltr'><strong>fructibusque</strong></span> <span class='ocrx_word' id='word_1_540' title='bbox 1357 2518 1524 2553; x_wconf 84' lang='lat' dir='ltr'><strong>arborum</strong></span> <span class='ocrx_word' id='word_1_541' title='bbox 1552 2520 1605 2564; x_wconf 81' lang='lat' dir='ltr'><strong>(a.</strong></span> <span class='ocrx_word' id='word_1_542' title='bbox 1620 2526 1644 2556; x_wconf 83' lang='lat'><strong>1.</strong></span> 
     </span>
     <span class='ocr_line' id='line_1_48' title="bbox 163 2559 1646 2605; baseline 0.008 -14"><span class='ocrx_word' id='word_1_543' title='bbox 163 2559 350 2603; x_wconf 81' lang='lat' dir='ltr'><strong>arvorum)</strong></span> <span class='ocrx_word' id='word_1_544' title='bbox 374 2561 409 2602; x_wconf 88' lang='grc'><strong>8,</strong></span> <span class='ocrx_word' id='word_1_545' title='bbox 431 2562 466 2602; x_wconf 87' lang='grc'><strong>5,</strong></span> <span class='ocrx_word' id='word_1_546' title='bbox 485 2562 532 2596; x_wconf 91' lang='grc'><strong>26</strong></span> <span class='ocrx_word' id='word_1_547' title='bbox 554 2562 603 2595; x_wconf 90' lang='grc' dir='ltr'><strong>Ν.</strong></span> <span class='ocrx_word' id='word_1_548' title='bbox 628 2574 676 2594; x_wconf 80' lang='lat' dir='ltr'><strong>cr.</strong></span> <span class='ocrx_word' id='word_1_549' title='bbox 716 2561 811 2595; x_wconf 79' lang='lat' dir='ltr'><strong>vites</strong></span> <span class='ocrx_word' id='word_1_550' title='bbox 838 2559 995 2593; x_wconf 87' lang='lat' dir='ltr'><strong>arborib.</strong></span> <span class='ocrx_word' id='word_1_551' title='bbox 1021 2559 1209 2604; x_wconf 85' lang='lat' dir='ltr'><strong>applicitae</strong></span> <span class='ocrx_word' id='word_1_552' title='bbox 1233 2564 1267 2604; x_wconf 89' lang='lat'><strong>1,</strong></span> <span class='ocrx_word' id='word_1_553' title='bbox 1284 2565 1319 2605; x_wconf 88' lang='grc'><strong>2,</strong></span> <span class='ocrx_word' id='word_1_554' title='bbox 1338 2563 1394 2598; x_wconf 84' lang='grc'><strong>26.</strong></span> <span class='ocrx_word' id='word_1_555' title='bbox 1419 2563 1457 2598; x_wconf 88' lang='lat' dir='ltr'><strong>in</strong></span> <span class='ocrx_word' id='word_1_556' title='bbox 1483 2566 1646 2602; x_wconf 85' lang='lat' dir='ltr'><strong>ordinem</strong></span> 
     </span>
     <span class='ocr_line' id='line_1_49' title="bbox 163 2605 1199 2654; baseline 0.001 -16"><span class='ocrx_word' id='word_1_557' title='bbox 163 2609 333 2649; x_wconf 81' lang='lat' dir='ltr'><strong>certaque</strong></span> <span class='ocrx_word' id='word_1_558' title='bbox 355 2605 544 2641; x_wconf 80' lang='lat' dir='ltr'><strong>intervalla</strong></span> <span class='ocrx_word' id='word_1_559' title='bbox 564 2607 725 2654; x_wconf 86' lang='lat' dir='ltr'><strong>redigam</strong></span> <span class='ocrx_word' id='word_1_560' title='bbox 749 2617 848 2641; x_wconf 84' lang='lat' dir='ltr'><strong>meas</strong></span> <span class='ocrx_word' id='word_1_561' title='bbox 876 2605 1022 2640; x_wconf 82' lang='lat' dir='ltr'><strong>arbores</strong></span> <span class='ocrx_word' id='word_1_562' title='bbox 1047 2607 1084 2649; x_wconf 88' lang='grc'><strong>8,</strong></span> <span class='ocrx_word' id='word_1_563' title='bbox 1105 2608 1142 2650; x_wconf 86' lang='grc'><strong>3,</strong></span> <span class='ocrx_word' id='word_1_564' title='bbox 1165 2607 1199 2642; x_wconf 87' lang='grc'><strong>9.</strong></span> 
     </span>
    </p>

    <p class='ocr_par' dir='ltr' id='par_1_15' title="bbox 115 2645 820 2706">
     <span class='ocr_line' id='line_1_50' title="bbox 115 2645 820 2706; baseline 0.01 -16"><span class='ocrx_word' id='word_1_565' title='bbox 115 2645 366 2690; x_wconf 78' lang='lat' dir='ltr'><strong>Arbustum.</strong></span> <span class='ocrx_word' id='word_1_566' title='bbox 403 2679 449 2686; x_wconf 83' lang='lat'><strong>..</strong></span> <span class='ocrx_word' id='word_1_567' title='bbox 493 2663 617 2698; x_wconf 78' lang='lat' dir='ltr'><strong>colant</strong></span> <span class='ocrx_word' id='word_1_568' title='bbox 641 2666 676 2706; x_wconf 88' lang='lat'><strong>1,</strong></span> <span class='ocrx_word' id='word_1_569' title='bbox 702 2666 759 2706; x_wconf 86' lang='lat'><strong>12,</strong></span> <span class='ocrx_word' id='word_1_570' title='bbox 785 2666 820 2697; x_wconf 90' lang='lat'><strong>7.</strong></span> 
     </span>
    </p>
   </div>
   <div class='ocr_carea' id='block_1_7' title="bbox 117 2701 1645 2820">
    <p class='ocr_par' dir='ltr' id='par_1_16' title="bbox 117 2701 1645 2820">
     <span class='ocr_line' id='line_1_51' title="bbox 117 2701 1645 2767; baseline 0.009 -22"><span class='ocrx_word' id='word_1_571' title='bbox 117 2701 346 2751; x_wconf 80' lang='lat' dir='ltr'><strong>Arcanum.</strong></span> <span class='ocrx_word' id='word_1_572' title='bbox 385 2718 485 2753; x_wconf 82' lang='lat' dir='ltr'><strong>Plato</strong></span> <span class='ocrx_word' id='word_1_573' title='bbox 496 2737 539 2744; x_wconf 95' lang='lat'>—</span> <span class='ocrx_word' id='word_1_574' title='bbox 550 2726 677 2754; x_wconf 86' lang='lat' dir='ltr'><strong>eorum</strong></span> <span class='ocrx_word' id='word_1_575' title='bbox 694 2718 857 2763; x_wconf 61' lang='lat' dir='ltr'><strong>(Aegypti</strong></span> <span class='ocrx_word' id='word_1_576' title='bbox 873 2716 1097 2762; x_wconf 71' lang='lat' dir='ltr'><strong>sacerdotum)</strong></span> <span class='ocrx_word' id='word_1_577' title='bbox 1116 2728 1247 2752; x_wconf 85' lang='lat' dir='ltr'><strong>arcana</strong></span> <span class='ocrx_word' id='word_1_578' title='bbox 1264 2718 1452 2763; x_wconf 90' lang='lat' dir='ltr'><strong>perdidicit</strong></span> <span class='ocrx_word' id='word_1_579' title='bbox 1470 2724 1503 2766; x_wconf 86' lang='lat'><strong>1,</strong></span> <span class='ocrx_word' id='word_1_580' title='bbox 1517 2725 1574 2767; x_wconf 85' lang='lat'><strong>12,</strong></span> <span class='ocrx_word' id='word_1_581' title='bbox 1588 2726 1645 2760; x_wconf 87' lang='grc'><strong>15.</strong></span> 
     </span>
     <span class='ocr_line' id='line_1_52' title="bbox 118 2758 1645 2820; baseline 0.009 -18"><span class='ocrx_word' id='word_1_582' title='bbox 118 2758 315 2804; x_wconf 76' lang='lat' dir='ltr'><strong>ArceSSO·</strong></span> <span class='ocrx_word' id='word_1_583' title='bbox 361 2772 393 2817; x_wconf 80' lang='lat'><strong>1)</strong></span> <span class='ocrx_word' id='word_1_584' title='bbox 419 2778 575 2820; x_wconf 75' lang='lat' dir='ltr'><strong>proprie:</strong></span> <span class='ocrx_word' id='word_1_585' title='bbox 612 2775 760 2811; x_wconf 78' lang='lat' dir='ltr'><strong>arcessit</strong></span> <span class='ocrx_word' id='word_1_586' title='bbox 782 2776 933 2810; x_wconf 88' lang='lat' dir='ltr'><strong>alterum</strong></span> <span class='ocrx_word' id='word_1_587' title='bbox 958 2773 1170 2819; x_wconf 64' lang='lat' dir='ltr'><strong>(faedio-um)</strong></span> <span class='ocrx_word' id='word_1_588' title='bbox 1203 2778 1248 2819; x_wconf 92' lang='grc'><strong>7,</strong></span> <span class='ocrx_word' id='word_1_589' title='bbox 1273 2778 1319 2819; x_wconf 89' lang='grc'><strong>2,</strong></span> <span class='ocrx_word' id='word_1_590' title='bbox 1342 2777 1400 2811; x_wconf 82' lang='grc'><strong>25.</strong></span> <span class='ocrx_word' id='word_1_591' title='bbox 1438 2778 1470 2812; x_wconf 86' lang='lat' dir='ltr'><strong>si</strong></span> <span class='ocrx_word' id='word_1_592' title='bbox 1491 2780 1645 2816; x_wconf 85' lang='lat' dir='ltr'><strong>amicum</strong></span> 
     </span>
    </p>
   </div>
  </div>
 </body>
</html>
