1728 3002
43 206 128 244 420
529 195 668 239 Induo
703 220 761 228 --
797 195 1096 254 Inexpectatus

95 313 245 348 dnlsisse
259 311 397 347 homini
418 312 563 348 videtur
588 311 715 353 (rerum
730 310 867 355 natura)
886 315 942 357 12,
957 315 989 357 1,
1005 317 1039 348 2.
1069 313 1202 360 aliquid
1219 312 1480 362 <indulgendum
1503 325 1583 349 esse

96 358 273 395 desiderio
299 357 334 400 4,
359 363 393 402 2,
420 362 498 392 122.
534 358 721 405 indulgere
747 359 880 404 aliquid
906 360 1024 395 studio
1050 371 1116 394 suo
1141 363 1176 405 3,
1200 361 1236 403 8,
1261 363 1315 396 13.
1348 361 1386 395 in
1410 372 1481 407 quo
1504 363 1584 406 plus

95 407 162 442 sibi
188 405 348 450 indulget
373 411 493 439 orator
515 406 557 448 8,
585 406 627 445 3,
655 407 687 439 1.
738 407 817 449 plns
841 406 988 440 indulsit
1010 407 1188 452 voluptati
1213 409 1280 450 12,
1306 409 1374 448 10,
1405 409 1475 449 223
1503 407 1584 450 ,qni

91 452 194 488 malis
216 453 373 485 moribus
402 461 535 484 nomen
564 450 716 486 oratoris
742 451 948 500 indulgeant
970 456 1013 496 2,
1041 457 1097 497 17,
1121 455 1168 488 32
1190 457 1235 487 Ζ.
1282 451 1321 498 y)
1347 455 1492 487 Parric..·
1527 453 1586 486 in-

88 498 335 546 ‘dulgentiores
358 503 524 542 parentes
551 495 587 540 4,
610 500 644 541 2,
669 495 725 533 74.

47 556 198 601 Induo·
246 564 276 607 Ι)
301 567 458 609 proprie.-
485 565 630 599 indutus
655 577 700 599 ea
737 564 873 611 (lorica)
896 566 932 609 8,
955 565 990 610 4,
1017 564 1083 609 24;
1118 565 1327 610 [induuntur
1349 566 1397 600 in
1422 564 1588 610 laqueum
1615 586 1626 597 x

94 614 129 656 5,
159 617 194 655 7,
223 615 262 646 11
289 613 338 645 N.
367 625 412 646 cr.
443 624 478 646 v.
509 610 727 656 Induco]
774 612 826 655 ΙΙ)
849 617 991 647 1ναηεῑ..·
1029 611 1070 656 α)
1090 626 1126 657 >c.
1151 616 1298 646 Aecum
1340 610 1587 646 auctoritatem

94 660 218 694 induat
240 669 329 692 vera
355 658 540 692 sentientis
563 658 606 700 4,
632 661 650 692 1
666 684 676 701 ,
701 657 758 692 46.
806 660 955 693 eandem
979 670 1167 703 personam
1190 658 1307 692 induit
1329 658 1457 693 Cicero
1482 661 1524 701 3,
1551 659 1588 700 8,

95 707 150 740 50.
178 715 330 749 quorum
356 704 504 738 induere
528 705 578 745 (a.
596 709 618 738 l.
646 704 836 748 inducere)
859 715 1032 749 personas
1056 706 1090 748 6,
1115 708 1150 748 2,
1175 706 1220 740 36
1246 706 1293 739 N.
1317 718 1365 738 cr.
1397 715 1589 749 personam

95 753 216 786 induat
241 749 368 794 judicis
398 754 454 794 12,
481 752 517 794 8,
548 751 603 785 15.
643 762 747 794 quam
775 751 1031 795 (voluntatem),
1061 751 1123 795 qui
1142 762 1233 786 vera
1255 751 1412 785 induerit
1434 751 1504 784 fide
1531 753 1587 793 12,

97 802 154 840 11,
179 800 234 830 11.
283 796 325 841 ῥ’)
351 797 420 841 adj.
443 800 550 830 Dat„-
578 797 696 831 fictam
719 796 915 831 orationem
939 797 1088 832 induere
1110 797 1272 842 personis
1295 796 1330 839 4,
1358 800 1390 840 1,
1414 798 1470 831 28.
1503 807 1590 830 can-

95 856 152 879 sas
175 843 325 877 induere
350 843 504 887 propriis
527 843 691 887 personis
715 845 757 878 ib.
781 843 839 879 47.
897 844 974 888 ΙΙΙ)
1003 847 1100 878 Pass.
1129 846 1152 876 i.
1183 857 1221 888 q.
1239 846 1470 887 implicor.-
1507 853 1589 877 cum

94 891 144 925 in
171 890 398 937 gravissimas
429 909 476 916 —-
499 899 633 934 poenas
657 901 678 923 a
701 896 814 924 semet
839 889 926 934 ipsis
953 908 999 917 -—-
1021 891 1214 924 induantur
1237 889 1287 932 (ὰ.
1311 894 1335 924 l.
1359 889 1590 931 inducantur)

30 973 32 982 ,
96 941 161 979 12,
189 939 229 978 1,
257 938 292 970 3.
1148 974 1152 978 ,

47 984 296 1026 Induresco.
355 1003 447 1037 qnae
481 992 525 1026 in
551 1003 705 1036 pravum
729 991 965 1028 induruerunt
999 995 1032 1037 1,
1058 995 1094 1037 3,
1118 996 1173 1028 12.

48 1051 280 1094 Industria.
319 1061 354 1099 α)
379 1068 442 1094 eos
467 1060 638 1103 juvenum
663 1060 822 1095 imitatur
848 1073 890 1096 ac
913 1062 1073 1106 sequitur
1098 1061 1171 1095 ind.
1207 1063 1271 1103 10,
1296 1062 1334 1103 1,
1361 1063 1441 1094 122.
1487 1058 1590 1093 Afri-

94 1118 187 1143 cano
211 1107 382 1142 virtutem
410 1106 483 1141 ind.
508 1107 728 1150 comparavit
750 1109 793 1150 9,
818 1110 852 1151 3,
878 1109 933 1143 56.
965 1109 1009 1142 iis
1034 1106 1275 1143 testimonium
1306 1107 1459 1141 reddere
1482 1106 1590 1140 indu-

96 1155 203 1189 striae
232 1156 298 1195 11,
325 1155 365 1194 1,
393 1153 451 1187 88.
491 1158 572 1186 uter
595 1154 674 1197 plus
700 1154 971 1188 industriae
1000 1160 1060 1189 aut
1083 1154 1255 1189 virium
1282 1152 1328 1187 sit
1351 1154 1522 1187 allaturus
1545 1152 1591 1185 ad

97 1200 335 1235 accusandum
363 1202 404 1241 7,
430 1196 477 1242 4,
507 1198 565 1232 34.
610 1199 848 1234 intermissam
871 1201 1037 1235 historias
1065 1199 1242 1235 scribendi
1266 1199 1339 1233 ind.
1366 1209 1462 1233 nova
1483 1199 1591 1232 laude

97 1245 280 1290 reparavit
299 1247 356 1285 10,
370 1245 473 1286 1,75.
520 1244 561 1288 ῥ’)
585 1248 701 1279 Ablat.
722 1248 977 1280 adverbialiter.-
1002 1246 1175 1280 industrii
1200 1247 1432 1290 depravatum
1453 1245 1488 1287 6,
1501 1246 1536 1287 3,
1552 1244 1589 1278 6.

99 1294 152 1327 de
176 1292 248 1325 ind.
271 1291 307 1332 9,
331 1289 366 1331 4,
393 1287 471 1323 144.
509 1300 563 1323 ex
587 1289 660 1324 ind.
688 1294 722 1333 1,
747 1292 782 1334 5,
805 1293 828 1325 8
861 1304 894 1325 v.
922 1293 1000 1326 Ex.

49 1348 283 1440 Indusstrissg
315 1368 396 1437 <gum
407 1356 542 1390 Verres
564 1357 706 1391 fortiter
729 1363 764 1392 et
787 1357 862 1391 ind.
888 1358 998 1393 tuitus
1027 1365 1150 1394 contra
1172 1359 1303 1403 piratas
1318 1356 1477 1392 Siciliam
1499 1355 1592 1390 dici-

95 1413 153 1440 tur
201 1432 211 1447 ‚
287 1430 296 1445 ,
346 1415 378 1437 o.
1456 1408 1459 1410 '
1504 1412 1506 1414 ·

50 1447 400 1495 Inemendabilis.
420 1476 464 1484 —
474 1458 631 1504 pravitas
644 1462 679 1504 1,
693 1463 725 1504 1,
735 1462 792 1496 37.
808 1460 1084 1496 inemendabilia
1097 1461 1169 1496 oris
1181 1454 1521 1510 incommoda115‘3}
1530 1459 1588 1496 122.

51 1515 391 1562 Inenal'l'abillS?
415 1529 564 1563 latens
590 1530 762 1574 quaedam
786 1535 821 1563 et
842 1529 900 1563 in.
924 1530 1016 1564 ratio
1043 1532 1099 1573 11,
1115 1531 1151 1573 3,
1177 1532 1254 1565 177.
1278 1528 1328 1564 iu.
1348 1528 1430 1572 (ml.
1452 1523 1589 1561 inerra-

97 1576 188 1611 biles
217 1579 263 1608 al.
291 1573 533 1618 inevitabiles)
558 1576 638 1610 soni
663 1578 695 1619 1,
717 1575 755 1626 5,
779 1577 824 1610 33
854 1577 902 1611 Ν.
926 1589 971 1609 cr.
1201 1581 1205 1585 ’
1327 1576 1330 1577 ’

51 1633 173 1676 Ineo.
221 1653 375 1689 pugnam
399 1642 603 1677 ineuntibus
630 1646 693 1687 12,
719 1645 754 1686 1,
777 1644 845 1684 28;
882 1643 1033 1678 initurus
1056 1641 1263 1687 frequentet·
1286 1640 1485 1676 sorensium
1506 1649 1590 1675 cer-

96 1690 268 1725 taminum
294 1700 448 1735 pugnam
472 1692 506 1732 5,
533 1693 589 1732 12,
609 1693 665 1724 22.
702 1694 755 1724 tot
777 1689 937 1733 pericula
963 1689 1166 1725 ineuntibus
1179 1691 1225 1732 ·2‚
1250 1688 1306 1732 16,
1331 1689 1366 1724 8.
1399 1698 1447 1722 ne
1469 1686 1590 1721 mino-

97 1748 175 1771 rem
205 1734 353 1782 gra-tiam
376 1734 474 1769 ineat
501 1737 536 1778 3,
568 1738 602 1778 1,
630 1736 665 1771 5.

52 1781 229 1837 ῙηθΡῐθ-,
263 1791 482 1835 ineptissime
504 1792 582 1826 fieri
611 1796 667 1835 11,
691 1794 726 1835 3,
754 1795 831 1827 131.

52 1839 262 1895 Ineptiae.
309 1851 399 1883 haec
422 1849 516 1883 inter
537 1849 631 1894 ipsas
654 1850 806 1894 ineptias
830 1852 1054 1884 evanuerunt
1086 1850 1119 1891 1,
1149 1850 1184 1891 7,
1207 1848 1243 1883 6.

53 1895 241 1951 InePtUS·
282 1913 555 1951 praeceptores,
589 1907 649 1951 qui
676 1925 720 1932 —
748 1917 832 1949 eos,
870 1905 930 1950 qui
960 1906 1037 1949 plus
1063 1905 1213 1939 honoris
1236 1904 1350 1939 literis
1375 1902 1588 1947 tribuerunt,

100 1953 311 1997 ineptos,
337 1959 370 1986 et
395 1954 600 1996 jejunos,
631 1959 666 1987 et
692 1953 928 1997 trepidos,
957 1958 993 1985 et
1019 1952 1244 1994 infirmos,
1266 1952 1485 1995 utquodque
1500 1960 1588 1985 ver-

98 2000 185 2033 bum
209 1999 606 2033 contumeliosissimum
631 1999 806 2041 occurrit,
832 1999 1011 2042 appellent
1033 2001 1067 2041 2,
1095 2001 1150 2040 12,
1178 2001 1245 2040 11;
1282 1998 1377 2041 quod
1401 2002 1455 2030 est
1477 1997 1590 2029 multo

99 2045 254 2090 ineptius
281 2046 326 2088 9,
353 2048 395 2088 2,
420 2048 488 2088 703
538 2045 654 2092 longis
680 2045 826 2090 syllabis
850 2044 1014 2078 omnibus
1040 2054 1221 2087 apponere
1247 2044 1384 2088 apicem
1411 2041 1589 2085 ineptissi-

99 2103 197 2125 mum
223 2097 277 2125 est
305 2093 339 2134 1,
363 2095 397 2130 7,
423 2094 458 2125 2.
494 2090 692 2125 discursare
719 2098 755 2126 et
776 2097 937 2136 satagere
952 2090 1209 2134 ineptissimum
1233 2091 1289 2131 11,
1315 2091 1349 2132 3,
1376 2089 1459 2128 1263
1488 2087 1589 2131 pedis

100 2137 282 2182 supplosio
313 2138 437 2171 crebra
459 2137 570 2181 inepti
594 2144 648 2171 est
672 2137 828 2171 hominis
862 2140 904 2175 ib,
932 2138 1012 2171 128.
1064 2136 1207 2179 ineptae
1235 2145 1321 2169 sane
1350 2133 1588 2168 cavillationis

98 2187 133 2265 ζ,
157 2186 192 2264 93,
219 2183 375 2264 ‘liosgcut
398 2189 568 2218 ornent
592 2183 791 2218 orationem
816 2181 990 2228 (figurae)
1015 2198 1059 2206 --
1080 2182 1132 2215 ita
1155 2179 1484 2225 ineptissimas
1508 2190 1588 2213 esse

132 2255 142 2272 ,
203 2256 214 2272 ,
311 2253 320 2263 .

56 2272 218 2365 [Inefs.
261 2285 447 2377 tardi]or
482 2286 520 2322 in
549 2287 740 2322 scribendo
772 2292 833 2322 ant
861 2285 1074 2321 inertior
1106 2283 1146 2318 in
1175 2283 1330 2330 legendo
1365 2284 1432 2326 10,
1471 2283 1517 2325 3,
1543 2283 1591 2315 20

102 2344 133 2365 υ.
185 2339 386 2367 ncertus.

55 2374 286 2419 Inerudite.
327 2400 401 2423 non
424 2388 472 2423 in.
498 2390 580 2424 ficta
603 2390 750 2425 materia
775 2393 808 2433 1,
831 2392 888 2433 10,
913 2391 970 2424 33-

56 2430 314 2476 Ineruditus.
353 2446 416 2480 ille
440 2448 577 2480 durus
601 2453 706 2491 atque
729 2445 998 2481 ineruditus
1022 2446 1056 2486 8,
1079 2445 1136 2477 Pr.
1161 2443 1216 2477 26.
1245 2438 1452 2487 (hyperbole)
1477 2445 1530 2474 est
1551 2438 1591 2473 in

106 2499 174 2522 usu
198 2493 343 2538 vulgo
368 2503 523 2537 quoque,
549 2498 584 2526 et
605 2493 700 2527 inter
724 2493 768 2526 in
781 2492 988 2526 eruditos
1014 2492 1099 2534 (Sp.
1124 2487 1241 2531 erud.)
1267 2495 1302 2522 et
1322 2488 1414 2531 apud
1438 2485 1592 2520 rusti-

109 2544 185 2568 008
213 2537 247 2577 8,
271 2538 305 2578 6,
331 2540 375 2572 75
402 2542 444 2573 Ζ.
471 2540 516 2572 N.
544 2552 590 2572 cr.
639 2538 819 2572 maledicit
846 2538 984 2572 inerud.
1012 2535 1164 2580 apertius
1192 2540 1227 2569 et
1251 2533 1390 2577 saepius
1414 2535 1448 2574 2,
1474 2530 1592 2582 12,·4.

109 2580 262 2623 judicem
287 2582 337 2614 in.
367 2586 471 2627 10,1‚
487 2587 550 2627 323
578 2584 626 2619 in.
649 2587 852 2628 voluptates
879 2586 912 2628 1,
929 2587 983 2627 12,
1003 2584 1067 2625 18;
1097 2583 1215 2628 Quare
1237 2578 1405 2614 ineruditi
1430 2577 1592 2624 ingemo-

110 2625 222 2660 siores
247 2628 356 2680 vulgo
383 2630 605 2664 habeantur?
639 2633 674 2674 2,
700 2629 786 2674 Cap.
813 2632 868 2664 12.

63 2669 388 2712 Inexercuatus.
421 2684 556 2720 indocti
582 2693 617 2721 et
642 2685 867 2722 inexercitati
895 2688 952 2727 11,
976 2687 1011 2728 2,
1034 2685 1069 2720 9.

62 2726 377 2783 Inexpectfflus·
425 2741 557 2785 aliquid
584 2743 851 2787 inexpectatum
871 2741 1114 2788 subjungimus
1127 2739 1162 2783 9,
1177 2741 1212 2782 2,
1223 2740 1278 2772 22.
1307 2736 1390 2782 quid
1412 2735 1516 2770 nobis
1535 2734 1593 2768 in-

107 2790 334 2831 ⁰xpectatum
359 2786 411 2828 (A
419 2789 489 2820 mh.
516 2790 547 2822 1.
570 2787 798 2833 inexpectato
823 2792 870 2824 al.
890 2785 1124 2831 inopinatum)
1148 2783 1319 2821 accidisse
1343 2786 1386 2816 ib.
1401 2781 1457 2816 24.
1483 2783 1529 2816 Ν.
1545 2794 1601 2830 εν,
