1702 3054
382 261 434 303 de
465 257 749 314 Grammatica
779 254 1087 306 Quintilianea.
1373 259 1509 301 xxix

0 383 107 431 iem
131 373 623 445 supplicandum
651 367 748 420 eet
772 374 820 431 4,
843 384 888 431 2,
915 369 993 421 26.
1028 371 1256 436 quotiens
1275 387 1374 422 mm
1406 391 1506 423 re-

0 460 330 509 bellendum
360 463 562 506 tantem»
585 453 717 502 erit
740 452 954 512 crimen,
990 453 1079 500 sed
1105 453 1261 501 etiam
1296 462 1359 502 tr
1371 473 1446 504 an
1458 474 1505 505 s-

0 538 308 590 *erendum
345 537 504 597 erit,
562 551 693 600 quos
734 532 948 598 quidem
993 533 1267 599 Partieipii
1310 536 1506 586 Futuri

0 637 120 670 ocos
145 629 357 670 tantum
387 630 612 684 propter
635 613 925 681 repetitum
946 615 1184 665 Verbum
1216 615 1506 665 substanti-

0 712 104 750 'rum
136 697 679 749 commemoravimus.

105 782 153 830 F
156 789 328 829 ornias
348 758 756 843 Pariicipiorum
778 788 1086 843 pugnantes
1106 785 1228 824 ou'm
1249 775 1328 836 iis,
1362 794 1507 843 quae

0 864 140 930 nilgo
162 863 479 920 traduntur,
513 857 908 907 animadverte:
935 865 1177 922 protenso
1211 877 1285 920 11,
1314 858 1361 919 5,
1398 875 1506 923 ¹¹9·

0 944 29 991 ·‘t
60 944 116 991 in
145 943 316 990 defore
332 944 410 1005 fe
423 957 497 987 ru
508 957 540 986 n
553 940 625 986 do
649 957 692 1000 7,
716 941 762 999 5,
788 937 894 998 34„
923 936 1179 985 inusitata
1198 941 1333 987 haec
1356 944 1509 1005 apud

0 1021 368 1088 Quintilianum
416 1021 601 1086 itaque
654 1021 744 1068 vel
788 1017 900 1065 sine
950 1016 1236 1066 Codioibus
1256 1055 1271 1080 ‚
1332 1020 1504 1068 omni-

15 1120 73 1150 us
103 1105 324 1150 fortasse
347 1105 399 1149 h.
430 1103 460 1150 l.
490 1097 846 1167 negligentius
875 1097 1108 1160 collatis,
1147 1104 1505 1149 emendanda.

25 1181 348 1247 &articipia
392 1179 627 1244 denique
668 1181 723 1227 D
743 1196 821 1244 ep
841 1197 872 1226 o
892 1196 931 1226 n
948 1196 978 1226 e
996 1196 1033 1226 n
1050 1178 1166 1227 tiu
1184 1198 1236 1228 m
1288 1183 1505 1231 Passivo

71 1279 135 1310 su
166 1260 523 1311 inveniuntur
559 1263 722 1308 haec:
765 1261 1027 1308 deme-usus
1056 1257 1111 1321 5,
1149 1276 1231 1322 ιο,
1270 1267 1377 1317 124.
1430 1263 1508 1310 da·-

111 1358 173 1391 ηε
202 1357 259 1405 9,
290 1348 347 1405 4,
377 1357 455 1404 27.
489 1341 723 1390 imitatus
756 1357 807 1386 11
826 1377 841 1402 ‚
872 1339 928 1402 5,
959 1339 1038 1387 61.
1078 1344 1322 1407 confesse}
1345 1343 1510 1392 verbis

67 1422 122 1488 5,
157 1423 237 1473 58.

43 1609 134 1657 III.
199 1606 302 1656 DE
337 1604 627 1655 FORMIS
661 1605 763 1652 ET
799 1605 948 1653 USU
980 1606 1451 1680 QUARUNDAM

175 1688 178 1690 ’
349 1683 749 1734 ORATIONIS
783 1687 1137 1735 PARTIUM.

23 1822 71 1894 ἶς’
430 1815 468 1852 1.
525 1809 613 1852 DE
642 1810 1051 1855 ADJECTIVO.

47 1931 50 1933 >
113 1908 169 1965 a)
217 1906 314 1952 De
353 1903 660 1954 Positivo.
742 1904 794 1953 Si
829 1908 1104 1954 ducuntur
1143 1904 1434 1973 Adjectiva
1476 1925 1510 1957 a

25 1984 293 2050 'ominibus
322 1983 549 2047 propriis
580 1988 649 2031 ad
675 2003 841 2050 opera
862 1986 1084 2050 publica
1108 2003 1175 2034 ex
1197 1987 1508 2036 auctoribus

28 2061 166 2110 >rum
188 2062 559 2127 significanda,
594 2065 851 2112 usitatum
879 2083 993 2112 non
1027 2080 1105 2113 est
1116 2103 1128 2127 ,
1159 2068 1378 2115 flectere
1399 2070 1512 2115 No-

37 2159 105 2190 en
134 2141 268 2188 illud
296 2140 352 2186 in
382 2141 678 2187 derivatam
708 2143 943 2207 aliquam
970 2145 1244 2210 Adjectivi
1271 2149 1513 2208 formam,

31 2225 73 2270 ⁴d
102 2239 170 2270 ex
200 2220 428 2269 Nomine
455 2219 568 2284 ipso
605 2219 883 2268 immutato
915 2220 1126 2270 efficere
1149 2223 1513 2291 Adjectivum‚

4 2302 121 2350 'eut
156 2317 238 2362 12,
272 2297 327 2361 5,
361 2298 406 2346 6.
446 2300 654 2348 basilei-a
699 2301 870 2362 Iulia,
915 2318 980 2349 ac
1026 2319 1186 2368 saepe
1224 2305 1308 2353 lex
1349 2307 1511 2369 Julia,

35 2372 203 2430 &badia
239 2396 338 2429 etc.
379 2380 484 2428 diei
519 2383 669 2429 solet.
746 2383 868 2430 Hac
916 2381 1126 2430 ratione
1170 2385 1512 2454 Spalding-ius

37 2476 130 2514 cte
151 2461 449 2528 analogiam
474 2476 775 2509 ceterorum
796 2476 1007 2510 secutus
1031 2465 1075 2522 6,
1088 2462 1133 2524 5,
1151 2462 1227 2525 67.
1250 2467 1515 2528 fornicem

43 2541 252 2590 abiam
280 2558 343 2588 ex
371 2541 655 2593 Codicibus
683 2559 782 2606 pro
805 2543 1071 2607 scriptura
1092 2543 1387 2592 editionum
1413 2547 1515 2595 Fa-

41 2622 62 2669 s'
73 2611 276 2688 recepit
297 2624 388 2685 (cf.
411 2623 475 2668 N.
496 2625 601 2680 cn).
668 2623 873 2669 Rarum
904 2623 960 2669 in
985 2640 1148 2688 prosa
1167 2624 1516 2689 Adjectivum

43 2702 148 2752 ibes
171 2699 216 2761 5,
243 2717 318 2765 ιο,
347 2713 453 2759 104.
488 2702 542 2748 in
563 2702 652 2749 illo
672 2702 973 2750 adultero
994 2703 1254 2751 sacerdote
1262 2721 1286 2761 ‚·
1321 2718 1515 2751 contra

16 2819 19 2836 5
45 2778 134 2841 iud
155 2781 494 2847 Adjeetivum
525 2797 781 2830 connexu
807 2782 1107 2831 sententiae
1134 2782 1517 2833 vim'Substan—

1049 2865 1137 2895 a*
