1728 3002
0 797 11 822 ⁴.

578 193 750 237 Diduco
777 216 830 225 —-
860 192 1120 236 Differentia
1533 200 1613 241 235

127 288 276 354 «lidia,
300 320 408 355 quem
428 309 512 355 ma,
531 319 583 347 ex
604 308 733 354 quibus
756 319 842 352 eae,
868 318 956 353 quas
978 309 1245 344 sententian
1269 320 1452 353 vocamus,
1477 312 1616 346 ducun-

126 363 184 399 tur
213 358 256 391 a.
282 357 347 399 363
379 357 419 390 in
447 355 655 400 metalepsin
687 366 830 400 quoque
863 354 959 389 cadit
995 357 1121 389 eadem
1153 356 1245 390 ratio
1279 356 1457 390 dictorum
1483 360 1525 391 ι’ὀ.
1557 361 1612 393 52.

100 403 107 406 ’
125 414 264 446 omnes,
288 402 327 436 in
353 414 441 446 quas
468 402 631 436 nonnulli
654 401 865 445 diviserunt,
892 401 1032 445 species
1056 402 1232 435 dictorum
1258 404 1300 436 ib.
1327 405 1385 437 70.
1411 409 1450 437 ut
1475 404 1615 448 parcius

54 459 59 471 ¹
126 449 303 484 dictorum
326 459 476 482 numero
498 447 728 482 indulsissent
751 450 794 482 ib.
821 448 880 489 53—
901 446 1049 494 [gratiae
1071 448 1260 492 plurimum
1285 448 1387 482 dictis
1411 450 1466 492 (Z.
1494 450 1616 484 diceu-

126 494 179 537 di)
210 495 384 534 severitas
415 494 516 528 affert
549 496 592 528 fb.
626 492 703 538 26.]
738 493 841 527 dictis
866 494 970 528 aliter
991 493 1206 537 accipiendis
1230 497 1273 528 ib.
1300 494 1357 536 24.
1393 495 1486 529 dicta
1514 497 1617 531 aliter

125 539 349 588 intelligendi
374 542 425 576 ib.
455 539 519 582 843
556 539 676 585 [unde
706 539 850 574 interim
880 539 971 587 grati
996 539 1032 573 in
1062 540 1165 574 dictis
1189 540 1261 583 joci
1287 540 1372 585 (sic.
1397 545 1433 575 Z
1464 543 1506 575 ‹Ie
1530 543 1617 586 coni.

128 588 420 630 Spaldingii,
454 588 514 620 sed
535 598 568 620 v.
595 585 770 631 Idiota)
798 587 842 629 8,
879 588 926 629 3,
955 584 1029 630 22]
1064 587 1349 630 Demosthenes,
1380 587 1480 629 cujus
1505 600 1624 632 pauca,

126 633 314 668 admodum
345 632 439 666 dicta
470 632 505 675 6,
538 634 583 676 3,
613 635 637 666 2
671 633 718 667 N.
751 632 826 666 loci
857 633 1079 676 complures,
1113 644 1160 668 ex
1193 632 1320 677 quibus
1347 632 1441 667 dicta
1466 633 1617 668 ridicula

125 680 303 714 ducuntur
324 680 368 713 ib.
390 678 450 713 46.
478 689 553 712 non
575 684 647 712 tam
671 677 708 712 in
731 677 880 726 singulis
897 677 1014 720 dictis,
1037 689 1140 722 quam
1166 679 1204 713 in
1230 684 1307 713 toto
1325 680 1449 714 colore
1473 681 1617 715 dicendi

125 727 169 759 ib.
197 727 275 759 107.
301 722 347 766 qs.
369 726 413 758 fb.
440 727 519 758 110.
544 730 583 758 ut
615 724 790 759 dictor-tun
812 725 1029 759 urbanorum
1053 724 1122 758 alia
1144 725 1260 768 seria,
1286 725 1356 759 alia
1376 725 1524 770 jocosa,
1548 727 1617 761 alia

123 769 242 805 media
261 771 398 805 faceret
419 773 463 804 ib.
491 771 570 806 106.
594 783 628 805 v.
654 770 778 805 Dico
803 771 885 806 Vn.
909 769 961 814 y).

79 812 266 860 nidum!
316 825 351 871 Ι)
374 830 520 872 proprie.
546 826 584 870 α)
609 828 708 862 labra
736 829 831 862 male
859 845 904 853 —
933 833 969 862 et
991 826 1234 882 astringuntur
1261 832 1298 861 et
1329 827 1544 862 diducuntur
1570 829 1619 873 (a.

126 876 151 907 1.
175 870 320 917 deduc.)
347 876 411 916 11,
434 876 469 915 3,
490 875 534 908 81
559 874 608 908 N.
637 874 682 915 cs.
706 876 921 908 Doederl.
948 876 1038 917 Syn.
1065 875 1127 908 Π.
1154 885 1188 917 p.
1215 874 1294 909 155.
1320 874 1488 909 diducere
1512 887 1618 909 nares

125 921 170 953 ib.
198 920 256 954 80.
287 919 420 954 diducti
458 922 603 964 paulum
642 921 752 964 pedes
785 923 827 954 ib.
853 922 932 956 159.
967 926 1064 954 stare
1087 919 1267 952 diductum
1295 922 1339 952 ib.
1368 921 1444 954 160.
1474 921 1619 956 diducta

123 963 247 998 tunice
268 967 312 1008 2,
339 965 406 1008 15,
432 965 471 1000 9.
512 965 553 1010 β)
579 965 610 1000 si
634 966 788 999 maxima
810 966 957 999 flumina
981 965 1027 1002 iu
1052 965 1153 1000 rivos
1179 965 1393 999 diducuntur
1417 968 1452 1009 5,
1479 969 1536 1009 13,
1561 971 1618 1002 13.

58 1033 62 1035 -
125 1010 271 1043 domum
286 1010 342 1044 -in
361 1012 493 1045 multos
515 1012 696 1045 diductum
718 1022 882 1046 recessus
908 1015 964 1054 11,
982 1014 1017 1054 2,
1039 1013 1095 1046 18.
1122 1010 1175 1054 11)
1197 1015 1314 1045 transl.
1340 1015 1365 1046 ἰ.
1392 1025 1424 1056 q.
1447 1014 1472 1046 nl
1480 1016 1492 1045 ἰ
1499 1016 1538 1046 vi
1545 1016 1617 1048 «10.-

127 1066 220 1099 quae
250 1056 354 1090 turba
378 1058 519 1099 valent,
554 1057 754 1091 diducenda
782 1064 886 1091 erunt
908 1057 1196 1102 (argumentai-5,
1225 1059 1282 1099 13,
1308 1059 1363 1091 12.
1393 1057 1537 1092 diducta
1560 1071 1619 1093 ar-

127 1107 296 1147 gumenta
315 1101 454 1154 leviora
477 1108 559 1136 sunt
588 1102 623 1145 4,
646 1107 682 1146 2,
706 1105 764 1138 82.
799 1116 892 1149 quae
916 1102 1090 1148 (nomina)
1115 1103 1146 1137 si
1172 1104 1339 1146 diducas,
1380 1115 1478 1138 suam
1503 1117 1620 1150 quan-

46 1137 50 1141 ’
95 1149 101 1151 “
128 1148 211 1180 dam
233 1157 413 1192 proprian
439 1148 516 1184 vim
541 1151 734 1183 ostendunt
756 1150 791 1191 6,
815 1152 851 1192 3,
875 1153 931 1185 17.
957 1151 1029 1191 N.‚·
1055 1155 1263 1195 argumenta
1288 1149 1431 1183 diducet
1455 1151 1500 1184 in
1526 1151 1619 1198 digi-
1659 1182 1670 1185 ,

127 1194 201 1226 ποῦ’
218 1192 273 1236 (α.
297 1197 322 1228 1.
345 1187 468 1239 ddiaet)
495 1197 561 1237 11,
588 1197 632 1239 1,
655 1197 714 1234 53.
741 1195 872 1230 divisio
895 1195 941 1229 in
965 1194 1095 1241 digitos
1120 1194 1263 1228 diducta
1284 1194 1332 1237 4,
1357 1196 1400 1237 5,
1426 1196 1491 1237 24;
1525 1198 1619 1232 haec

126 1237 248 1273 omnia
262 1239 616 1274 misun‘diduermnu-
629 1239 669 1275 in
684 1241 823 1285 species
846 1244 882 1284 2,
903 1240 959 1284 14,
976 1242 1007 1276 5.
1027 1240 1073 1282 cs.
1091 1241 1127 1283 5,
1145 1243 1199 1283 10,
1220 1241 1277 1275 61.
1299 1240 1359 1276 94.
1379 1253 1458 1275 cum
1475 1243 1511 1276 in
1531 1244 1620 1277 duas

63 1296 70 1298 ·
124 1288 244 1328 parb-
264 1284 467 1319 intellectus
489 1286 644 1321 nominis
667 1287 854 1322 diducatur
877 1291 913 1331 7,
934 1290 991 1330 10,
1011 1289 1047 1322 1.
1081 1285 1227 1331 [corpus
1252 1287 1423 1321 orationis
1447 1289 1483 1322 iu
1506 1301 1620 1333 parva

124 1335 305 1365 mmnenta
326 1330 527 1366 diducendo
551 1332 604 1374 (a.
629 1337 652 1366 1.
679 1334 821 1376 deduc.)
847 1335 881 1376 3,
908 1337 963 1375 11,
986 1335 1032 1367 23
1054 1345 1088 1366 v.
1124 1334 1260 1367 Duco
1284 1332 1351 1377 111]
1390 1334 1546 1369 animum
1580 1335 1619 1370 in

125 1379 199 1408 tam
218 1375 406 1421 multiplex
429 1378 589 1412 officium
613 1378 781 1414 diducere
810 1382 874 1422 10,
899 1383 934 1422 7,
956 1381 993 1415 9.
1021 1389 1096 1412 nou
1120 1390 1226 1412 causa
1250 1379 1421 1414 universa
1446 1381 1484 1414 in
1510 1393 1621 1426 quae-

124 1419 259 1456 stiones
283 1432 326 1456 uc
347 1425 450 1458 locos
473 1425 673 1459 diducenda
701 1431 754 1459 est
776 1430 811 1468 7,
836 1429 894 1469 10,
917 1428 950 1460 5.
981 1425 1238 1460 dividendi
1262 1425 1417 1471 peritus,
1442 1427 1504 1472 qui
1530 1438 1620 1462 con-

125 1467 340 1503 imvm-siam
360 1469 401 1503 in
421 1471 513 1505 haec
536 1471 780 1506 diduxerit
804 1475 849 1506 ib.
881 1472 916 1508 6.
940 1484 973 1506 υ.
996 1472 1203 1508 Deduco.

0 1492 22 1533 ι
78 1508 200 1554 Dies·
245 1523 284 1568 ι)
309 1527 399 1567 sing.
411 1541 421 1560 .·
445 1526 508 1562 illa
525 1527 691 1563 Censorii
708 1529 866 1571 Catonis,
887 1529 990 1563 diee
1011 1528 1060 1569 (a,
1077 1531 1101 1562 1.
1122 1527 1209 1571 die')
1233 1528 1364 1571 hanc,
1389 1536 1502 1574 aeque
1519 1531 1561 1564 M
1573 1530 1620 1565 li-

122 1574 203 1604 tem
223 1569 264 1607 in
287 1571 317 1605 F
340 1572 478 1607 monita
503 1575 539 1618 9,
562 1575 599 1618 4,
621 1576 679 1610 39.
702 1576 749 1610 Ν.
789 1581 871 1609 ante
893 1576 986 1608 hanc
1004 1574 1100 1608 diem
1123 1574 1174 1615 (α.
1199 1579 1223 1609 1.
1249 1575 1361 1618 hunc)
1387 1575 1475 1610 Cic.
1504 1580 1562 1619 11,
1584 1579 1620 1620 3,

82 1633 85 1635 -
124 1617 198 1653 110
227 1617 277 1650 N.
309 1630 358 1652 ιτ.
424 1620 488 1653 Est
523 1626 559 1660 et
589 1622 679 1655 alius
711 1621 882 1655 naturalis
908 1622 1023 1663 ordo,
1045 1626 1086 1653 ut
1110 1621 1225 1654 diem
1250 1632 1293 1654 ac
1315 1627 1494 1656 noctem
1521 1624 1557 1666 9,
1583 1622 1620 1666 4,

120 1663 191 1704 23ς
214 1663 447 1708 paucissimos
469 1665 542 1700 die
565 1667 808 1712 composuisse
831 1678 960 1702 versus
988 1669 1045 1708 10,
1063 1668 1098 1708 3,
1116 1669 1150 1702 8.
1177 1666 1292 1711 pridie
1318 1684 1364 1690 —
1391 1674 1537 1711 postera
1562 1669 1621 1703 die

123 1705 179 1750 (a.
198 1712 220 1741 1.
238 1709 398 1753 postero)
420 1712 462 1753 6,
489 1714 535 1754 3,
558 1714 606 1748 90
624 1715 672 1747 Ν.
696 1720 795 1747 certa
818 1714 877 1748 die
900 1717 936 1756 2,
958 1716 994 1755 7,
1021 1716 1053 1746 1.
1078 1712 1213 1747 idoneo
1238 1713 1297 1746 die
1322 1714 1358 1755 2,
1381 1713 1418 1755 4,
1443 1715 1500 1748 35.
1528 1726 1624 1749 ven-

108 1756 220 1796 tuso,
240 1755 402 1799 humido,
433 1757 549 1792 calido
578 1759 636 1793 die
665 1762 730 1803 11,
755 1762 797 1803 3,
821 1763 879 1794 27.
919 1760 1050 1794 eodem
1082 1759 1141 1794 die
1180 1758 1242 1802 (a.
1267 1762 1289 1792 1.
1314 1757 1464 1801 eadem)
1495 1764 1621 1795 Asin.

125 1799 162 1841 9,
186 1802 220 1842 2,
243 1800 314 1843 34;
336 1801 462 1837 intra
486 1804 705 1850 trigesimum
728 1806 823 1840 diem
844 1805 888 1848 9,
912 1809 957 1849 2,
972 1807 1031 1840 90.
1058 1805 1120 1848 qui
1143 1804 1395 1849 patrimonium
1418 1816 1493 1839 non
1516 1819 1624 1850 para-

125 1850 222 1886 runt,
249 1848 328 1880 sub
352 1848 469 1882 diem
498 1849 574 1893 (sic.
590 1855 634 1885 Z.
652 1862 700 1885 ex
715 1860 797 1895 opu.
817 1854 928 1894 libris,-
948 1853 1015 1894 Sp.
1031 1850 1198 1893 subinde)
1215 1853 1432 1895 quaeruntS,
1449 1853 1505 1886 Pr.
1519 1854 1622 1889 2925

128 1897 161 1925 et,
182 1893 417 1927 Heinisch.
442 1894 545 1929 miles
570 1898 622 1930 ad
646 1904 864 1932 commeatus
889 1898 985 1932 diem
1010 1908 1087 1930 non
1110 1897 1208 1931 affuit
1227 1900 1261 1939 7,
1273 1897 1310 1939 4,
1331 1898 1386 1931 14.
1410 1909 1554 1942 usque
1575 1899 1621 1932 in

126 1940 310 1978 posterum
335 1938 431 1972 diem
450 1941 487 1982 8,
509 1940 544 1983 4,
571 1945 638 1984 17;
663 1943 807 1976 tertium
827 1944 899 1987 jam
924 1944 1019 1977 diem
1042 1954 1135 1986 esse,
1160 1944 1256 1987 quod
1280 1942 1331 1985 (a.
1359 1947 1379 1976 1.
1406 1954 1490 1987 quo,
1508 1948 1554 1976 al.
1574 1955 1623 1978 ex

128 1981 218 2023 quo)
243 1991 319 2014 non
340 1982 520 2018 inveniret
544 1989 600 2029 10,
622 1990 656 2029 3,
681 1989 726 2021 14
745 1991 790 2022 Ν.
838 1989 902 2022 Sol
928 1994 983 2022 est
1006 2000 1112 2032 supra
1134 1995 1288 2030 terram,
1312 1988 1387 2022 dies
1413 1995 1467 2023 est
1484 1990 1518 2031 5,
1534 1991 1569 2031 8,
1588 1993 1623 2024 7.

28 2070 36 2083 ἱ
87 2024 205 2066 ‚dies
226 2024 303 2069 ipse
329 2037 404 2061 non
425 2030 558 2064 sufficit
582 2035 616 2074 1,
641 2036 699 2075 12,
725 2036 758 2066 1.
783 2034 863 2077 quis
885 2033 945 2067 hic
969 2034 1091 2068 illuxit
1115 2034 1221 2068 dies?
1264 2037 1354 2068 Cic.
1381 2036 1418 2076 9,
1444 2034 1478 2074 4,
1502 2036 1549 2069 76
1571 2036 1618 2069 Ν.

128 2083 197 2114 cr.;
230 2072 468 2115 deplorandus
501 2075 578 2109 dies
611 2080 678 2119 10,
711 2079 754 2119 3,
787 2081 843 2113 28.
878 2089 998 2122 neque
1030 2079 1126 2113 enim
1148 2081 1229 2113 fere
1253 2084 1328 2112 tam
1351 2086 1406 2112 est
1427 2081 1521 2113 ullus
1546 2081 1623 2114 dies

128 2123 322 2160 occupatus
349 2121 407 2162 10,
434 2122 469 2162 7,
496 2123 553 2155 27.
586 2133 671 2155 mun
695 2123 756 2156 ille
781 2130 894 2157 totum
918 2124 957 2157 in
982 2135 1056 2158 uno
1083 2129 1333 2158 consummi-us
1356 2125 1450 2166 diem
1474 2126 1554 2159 est?
1588 2129 1623 2169 1,

128 2165 247 2214 ²².¹¹·
289 2162 334 2208 β)
357 2167 475 2198 Hm..-
505 2166 611 2201 certis
647 2167 771 2202 diebus
803 2170 917 2202 festae
946 2168 1114 2203 licentiae
1147 2171 1188 2212 6,
1221 2171 1266 2211 3,
1301 2170 1358 2204 16.
1387 2170 1425 2203 id
1457 2177 1622 2217 agentem

130 2208 291 2241 diebus
321 2220 362 2243 ac
395 2211 613 2247 noctibus
647 2214 692 2256 6,
720 2215 780 2248 Pr.
807 2217 842 2247 2.
867 2220 951 2258 post
968 2215 1177 2259 interjectos
1205 2214 1282 2249 ‹11ae
1307 2217 1371 2258 12,
1394 2217 1440 2259 9,
1466 2217 1524 2251 16.
1556 2229 1624 2262 per

130 2254 252 2296 plures
278 2254 356 2289 dies
376 2258 437 2299 11,
461 2260 507 2300 2,
532 2260 588 2292 10.
619 2259 687 2293 vix
717 2260 839 2303 paucis
864 2260 988 2294 diebus
1011 2261 1175 2295 insumus
1197 2256 1317 2304 9‚‘3,
1341 2262 1400 2296 73.
1438 2262 1512 2296 dati
1539 2274 1624 2308 spe-

129 2301 277 2351 ctaculis
304 2301 379 2335 dies
409 2305 472 2345 12,
497 2305 531 2346 1,
553 2305 588 2339 6.
618 2305 782 2353 longiore
807 2306 944 2340 dierum
977 2308 1092 2350 spatio
1128 2310 1184 2349 10,
1219 2308 1254 2350 5,
1282 2309 1340 2341 22.
1371 2306 1556 2343 dierum
1579 2321 1622 2344 ac

130 2350 340 2379 noctium
366 2349 486 2383 studio
513 2353 570 2394 12,
593 2351 628 2392 6,
652 2352 686 2387 5.
734 2352 824 2387 Dies
852 2352 1034 2399 longiores
1055 2359 1139 2387 sunt
1160 2354 1196 2396 6,
1222 2355 1259 2397 3,
1286 2355 1344 2389 77.
1368 2354 1413 2388 N.

84 2397 352 2443 Differentia.
410 2414 450 2458 α)
472 2435 520 2442 --
544 2417 681 2453 infinita
711 2422 752 2453 11
767 2445 777 2462 ,
802 2421 844 2461 3,
872 2421 926 2454 18.
952 2439 1000 2446 —-
1023 2422 1176 2466 simplex
1197 2421 1235 2465 9,
1258 2419 1294 2464 4,
1319 2419 1379 2456 45.
1408 2441 1456 2449 —
1490 2424 1621 2476 triper-

132 2455 194 2490 tita
217 2459 260 2491 ib.
291 2461 346 2494 17.
372 2478 418 2485 -—
439 2462 622 2509 utriusque
650 2465 704 2499 rei
726 2467 772 2508 9,
799 2468 839 2507 1,
864 2465 899 2499 4.
930 2464 973 2507 cs.
999 2468 1035 2510 6,
1059 2471 1096 2511 2,
1121 2470 1179 2502 20.
1208 2478 1380 2502 eorumne
1406 2469 1451 2502 sit
1475 2470 1547 2504 diff.
1574 2491 1622 2497 —-

130 2513 176 2535 an
198 2513 323 2538 eorum
347 2507 410 2548 11,
435 2509 478 2550 3,
505 2510 560 2544 16.
600 2513 910 2555 quantulacunque
943 2523 1071 2548 causae
1106 2513 1181 2547 diff.
1210 2514 1254 2556 5,
1281 2517 1324 2557 2,
1352 2515 1386 2549 5.
1420 2516 1510 2550 haec
1534 2517 1622 2559 juris

85 2563 91 2567 ·
130 2549 377 2591 quaestionum
400 2552 471 2587 diff.
497 2562 551 2589 est
575 2559 610 2599 7,
636 2559 670 2600 1,
694 2560 750 2591 21.
777 2558 848 2591 diff.
875 2568 1123 2602 personarum,
1145 2561 1323 2602 locorum,
1348 2566 1622 2606 temporumque

132 2597 190 2636 12,
208 2598 263 2638 10,
279 2598 335 2630 70.
362 2598 571 2642 opinionum
585 2601 658 2637 diff.
675 2606 711 2646 2,
732 2604 788 2645 15,
808 2607 838 2637 1.
856 2604 928 2637 diff.
945 2605 1096 2648 partium
1119 2608 1175 2648 11,
1194 2608 1229 2647 3,
1249 2607 1328 2641 152.
1355 2608 1621 2651 propositorum

131 2644 168 2672 et
191 2647 372 2677 anteactae
395 2645 493 2680 vitae
523 2647 596 2681 diff.
623 2651 688 2692 11,
708 2652 751 2692 1,
766 2649 826 2684 42.
862 2649 936 2687 diff.
966 2652 1080 2686 nostri
1104 2652 1302 2696 Graecique
1327 2654 1503 2686 sermonis
1523 2655 1559 2696 9,
1585 2654 1620 2697 4,

57 2714 62 2718 .
133 2684 212 2720 146.
241 2687 398 2733 quinque
423 2691 548 2727 Graeci
574 2695 749 2730 sermonis
775 2695 1089 2731 differentias
1112 2701 1172 2740 11,
1188 2701 1223 2740 2,
1245 2700 1300 2733 50.
1327 2698 1400 2731 diff.
1427 2700 1649 2734 verborum‘

130 2729 192 2774 Pr,
232 2734 286 2768 16.
330 2734 374 2779 β)
409 2737 699 2775 differentia
729 2741 960 2783 irrationale,
997 2743 1230 2788 proprium
1269 2744 1435 2778 hinniens
1459 2749 1502 2786 7,
1526 2748 1560 2787 3,
1584 2748 1618 2778 3.

0 2760 44 2813 ,ἶ
96 2777 259 2812 «endem
290 2779 498 2830 imiamins
529 2785 602 2821 diff.
640 2789 675 2831 a,
707 2790 744 2832 τ,
769 2789 828 2823 25.
863 2788 909 2823 in
934 2790 1092 2837 utrisque
1122 2789 1193 2839 diis.
1224 2793 1258 2833 3,
1284 2792 1322 2834 ε,
1348 2793 1404 2826 37.
1429 2791 1554 2826 similis
1576 2791 1624 2825 iu
