<?xml version="1.0" encoding="UTF-8"?>
<!DOCTYPE html PUBLIC "-//W3C//DTD XHTML 1.0 Transitional//EN"
    "http://www.w3.org/TR/xhtml1/DTD/xhtml1-transitional.dtd">
<html xmlns="http://www.w3.org/1999/xhtml" xml:lang="en" lang="en">
 <head>
  <title>
</title>
<meta http-equiv="Content-Type" content="text/html;charset=utf-8" />
  <meta name='ocr-system' content='tesseract 3.04.00' />
  <meta name='ocr-capabilities' content='ocr_page ocr_carea ocr_par ocr_line ocrx_word'/>
</head>
<body>
  <div class='ocr_page' id='page_1' title='image "./lexiconquintilia06bonnuoft_0613.png"; bbox 0 0 1728 3002; ppageno 0'>
   <div class='ocr_carea' id='block_1_1' title="bbox 538 275 1583 322">
    <p class='ocr_par' dir='ltr' id='par_1_1' title="bbox 538 275 1583 322">
     <span class='ocr_line' id='line_1_1' title="bbox 538 275 1583 322; baseline -0.004 0"><span class='ocrx_word' id='word_1_1' title='bbox 538 277 567 298; x_wconf 73' lang='grc'><strong>·”</strong></span> <span class='ocrx_word' id='word_1_2' title='bbox 591 277 746 322; x_wconf 80' lang='lat' dir='ltr'><strong>Mensa</strong></span> <span class='ocrx_word' id='word_1_3' title='bbox 773 301 831 310; x_wconf 89' lang='lat'>—</span> <span class='ocrx_word' id='word_1_4' title='bbox 857 275 1046 320; x_wconf 79' lang='lat' dir='ltr'><strong>Mentior</strong></span> <span class='ocrx_word' id='word_1_5' title='bbox 1505 278 1583 319; x_wconf 83' lang='grc'><strong>521</strong></span> 
     </span>
    </p>
   </div>
   <div class='ocr_carea' id='block_1_2' title="bbox 0 390 1600 1775">
    <p class='ocr_par' dir='ltr' id='par_1_2' title="bbox 0 390 1600 1775">
     <span class='ocr_line' id='line_1_2' title="bbox 89 390 1585 439; baseline -0.004 -8"><span class='ocrx_word' id='word_1_6' title='bbox 89 396 134 439; x_wconf 72' lang='grc'><strong>6,</strong></span> <span class='ocrx_word' id='word_1_7' title='bbox 158 396 216 430; x_wconf 77' lang='lat' dir='ltr'><strong>Pr.</strong></span> <span class='ocrx_word' id='word_1_8' title='bbox 235 397 272 430; x_wconf 90' lang='grc'><strong>7.</strong></span> <span class='ocrx_word' id='word_1_9' title='bbox 309 403 359 428; x_wconf 88' lang='grc' dir='ltr'><strong>ιιι.</strong></span> <span class='ocrx_word' id='word_1_10' title='bbox 383 391 513 439; x_wconf 81' lang='lat' dir='ltr'><strong>vigore</strong></span> <span class='ocrx_word' id='word_1_11' title='bbox 535 394 593 435; x_wconf 98' lang='grc'><strong>11,</strong></span> <span class='ocrx_word' id='word_1_12' title='bbox 615 394 652 436; x_wconf 89' lang='grc'><strong>2,</strong></span> <span class='ocrx_word' id='word_1_13' title='bbox 676 395 713 428; x_wconf 99' lang='grc'><strong>3.</strong></span> <span class='ocrx_word' id='word_1_14' title='bbox 751 392 808 428; x_wconf 81' lang='lat' dir='ltr'><strong>vis</strong></span> <span class='ocrx_word' id='word_1_15' title='bbox 830 404 879 427; x_wconf 91' lang='grc' dir='ltr'><strong>ιιι.</strong></span> <span class='ocrx_word' id='word_1_16' title='bbox 905 393 942 436; x_wconf 87' lang='grc'><strong>6,</strong></span> <span class='ocrx_word' id='word_1_17' title='bbox 965 395 1000 436; x_wconf 93' lang='grc'><strong>2,</strong></span> <span class='ocrx_word' id='word_1_18' title='bbox 1028 392 1086 428; x_wconf 92' lang='grc'><strong>26.</strong></span> <span class='ocrx_word' id='word_1_19' title='bbox 1119 391 1249 427; x_wconf 84' lang='lat' dir='ltr'><strong>mentis</strong></span> <span class='ocrx_word' id='word_1_20' title='bbox 1271 390 1370 428; x_wconf 76' lang='lat' dir='ltr'><strong>vitiis</strong></span> <span class='ocrx_word' id='word_1_21' title='bbox 1393 393 1451 434; x_wconf 84' lang='lat'><strong>12,</strong></span> <span class='ocrx_word' id='word_1_22' title='bbox 1469 394 1504 434; x_wconf 90' lang='grc'><strong>1,</strong></span> <span class='ocrx_word' id='word_1_23' title='bbox 1521 393 1585 434; x_wconf 86' lang='grc'><strong>32;</strong></span> 
     </span>
     <span class='ocr_line' id='line_1_3' title="bbox 98 433 1589 484; baseline -0.003 -8"><span class='ocrx_word' id='word_1_24' title='bbox 98 454 133 476; x_wconf 74' lang='grc' dir='ltr'><strong>υ.</strong></span> <span class='ocrx_word' id='word_1_25' title='bbox 158 444 292 483; x_wconf 67' lang='lat' dir='ltr'><strong>singula</strong></span> <span class='ocrx_word' id='word_1_26' title='bbox 313 439 473 474; x_wconf 78' lang='lat' dir='ltr'><strong><em>Nomina.</em></strong></span> <span class='ocrx_word' id='word_1_27' title='bbox 518 433 556 479; x_wconf 76' lang='grc' dir='ltr'><strong>δ)</strong></span> <span class='ocrx_word' id='word_1_28' title='bbox 579 441 765 474; x_wconf 70' lang='grc' dir='ltr'><strong>Ασσιιειιι..·</strong></span> <span class='ocrx_word' id='word_1_29' title='bbox 791 440 834 474; x_wconf 87' lang='lat' dir='ltr'><strong>ab</strong></span> <span class='ocrx_word' id='word_1_30' title='bbox 859 439 936 483; x_wconf 84' lang='lat' dir='ltr'><strong>ipsa</strong></span> <span class='ocrx_word' id='word_1_31' title='bbox 956 438 1036 475; x_wconf 78' lang='lat' dir='ltr'><strong>veri</strong></span> <span class='ocrx_word' id='word_1_32' title='bbox 1058 438 1359 484; x_wconf 78' lang='lat' dir='ltr'>contemplatione</span> <span class='ocrx_word' id='word_1_33' title='bbox 1379 438 1589 472; x_wconf 88' lang='lat' dir='ltr'><strong>abducenda</strong></span> 
     </span>
     <span class='ocr_line' id='line_1_4' title="bbox 98 483 1590 530; baseline -0.003 -8"><span class='ocrx_word' id='word_1_34' title='bbox 98 498 148 522; x_wconf 90' lang='grc' dir='ltr'><strong>ιιι.</strong></span> <span class='ocrx_word' id='word_1_35' title='bbox 173 488 220 529; x_wconf 88' lang='grc'><strong>6,</strong></span> <span class='ocrx_word' id='word_1_36' title='bbox 243 486 348 527; x_wconf 45' lang='grc'><strong>2,,5.</strong></span> <span class='ocrx_word' id='word_1_37' title='bbox 402 495 476 519; x_wconf 90' lang='lat' dir='ltr'><strong>non</strong></span> <span class='ocrx_word' id='word_1_38' title='bbox 497 483 529 519; x_wconf 82' lang='lat' dir='ltr'><strong>is</strong></span> <span class='ocrx_word' id='word_1_39' title='bbox 560 485 723 530; x_wconf 83' lang='lat' dir='ltr'><strong>demum,</strong></span> <span class='ocrx_word' id='word_1_40' title='bbox 756 485 816 530; x_wconf 88' lang='lat' dir='ltr'><strong>qui</strong></span> <span class='ocrx_word' id='word_1_41' title='bbox 839 485 981 520; x_wconf 77' lang='lat' dir='ltr'><strong>vitam</strong></span> <span class='ocrx_word' id='word_1_42' title='bbox 1003 485 1168 527; x_wconf 82' lang='lat' dir='ltr'><strong>abstulit,</strong></span> <span class='ocrx_word' id='word_1_43' title='bbox 1209 486 1291 519; x_wconf 87' lang='lat' dir='ltr'><strong>data</strong></span> <span class='ocrx_word' id='word_1_44' title='bbox 1316 484 1485 529; x_wconf 86' lang='lat' dir='ltr'><strong>potione,</strong></span> <span class='ocrx_word' id='word_1_45' title='bbox 1525 483 1590 518; x_wconf 86' lang='lat' dir='ltr'><strong>sed</strong></span> 
     </span>
     <span class='ocr_line' id='line_1_5' title="bbox 99 531 1590 578; baseline -0.002 -11"><span class='ocrx_word' id='word_1_46' title='bbox 99 533 207 568; x_wconf 87' lang='lat' dir='ltr'><strong>etiam</strong></span> <span class='ocrx_word' id='word_1_47' title='bbox 229 531 290 577; x_wconf 84' lang='lat' dir='ltr'><strong>qui</strong></span> <span class='ocrx_word' id='word_1_48' title='bbox 312 536 507 565; x_wconf 80' lang='lat' dir='ltr'><strong>mentem</strong></span> <span class='ocrx_word' id='word_1_49' title='bbox 531 531 566 573; x_wconf 85' lang='lat'><strong>9,</strong></span> <span class='ocrx_word' id='word_1_50' title='bbox 591 533 626 569; x_wconf 85' lang='lat'><strong>2.</strong></span> <span class='ocrx_word' id='word_1_51' title='bbox 655 532 733 567; x_wconf 88' lang='grc'><strong>105.</strong></span> <span class='ocrx_word' id='word_1_52' title='bbox 772 533 815 566; x_wconf 88' lang='lat' dir='ltr'><strong>ad</strong></span> <span class='ocrx_word' id='word_1_53' title='bbox 839 532 934 576; x_wconf 87' lang='lat' dir='ltr'><strong>qnod</strong></span> <span class='ocrx_word' id='word_1_54' title='bbox 959 531 1154 578; x_wconf 83' lang='lat' dir='ltr'><strong>accingitur</strong></span> <span class='ocrx_word' id='word_1_55' title='bbox 1178 543 1224 566; x_wconf 91' lang='lat' dir='ltr'><strong>m.</strong></span> <span class='ocrx_word' id='word_1_56' title='bbox 1251 534 1307 574; x_wconf 88' lang='lat'><strong>12,</strong></span> <span class='ocrx_word' id='word_1_57' title='bbox 1328 534 1360 573; x_wconf 91' lang='grc'><strong>1,</strong></span> <span class='ocrx_word' id='word_1_58' title='bbox 1383 531 1415 566; x_wconf 92' lang='grc'><strong>5.</strong></span> <span class='ocrx_word' id='word_1_59' title='bbox 1455 542 1501 564; x_wconf 91' lang='lat' dir='ltr'><strong>m.</strong></span> <span class='ocrx_word' id='word_1_60' title='bbox 1522 541 1590 564; x_wconf 83' lang='lat' dir='ltr'><strong>ex-</strong></span> 
     </span>
     <span class='ocr_line' id='line_1_6' title="bbox 99 575 1591 622; baseline -0.003 -9"><span class='ocrx_word' id='word_1_61' title='bbox 99 579 242 614; x_wconf 80' lang='lat' dir='ltr'><strong>citanda</strong></span> <span class='ocrx_word' id='word_1_62' title='bbox 263 587 404 622; x_wconf 77' lang='lat' dir='ltr'>semper</span> <span class='ocrx_word' id='word_1_63' title='bbox 425 583 461 611; x_wconf 91' lang='lat' dir='ltr'><strong>et</strong></span> <span class='ocrx_word' id='word_1_64' title='bbox 483 577 674 611; x_wconf 83' lang='lat' dir='ltr'><strong>attollenda</strong></span> <span class='ocrx_word' id='word_1_65' title='bbox 703 581 737 621; x_wconf 89' lang='lat'><strong>1,</strong></span> <span class='ocrx_word' id='word_1_66' title='bbox 754 581 789 620; x_wconf 88' lang='lat'><strong>2,</strong></span> <span class='ocrx_word' id='word_1_67' title='bbox 810 579 864 613; x_wconf 90' lang='grc'><strong>18.</strong></span> <span class='ocrx_word' id='word_1_68' title='bbox 906 588 980 613; x_wconf 85' lang='grc' dir='ltr'><strong>ιιοιι</strong></span> <span class='ocrx_word' id='word_1_69' title='bbox 1004 578 1097 612; x_wconf 88' lang='lat' dir='ltr'><strong>idem</strong></span> <span class='ocrx_word' id='word_1_70' title='bbox 1125 578 1294 612; x_wconf 89' lang='lat' dir='ltr'><strong>mentis</strong></span> <span class='ocrx_word' id='word_1_71' title='bbox 1319 588 1361 611; x_wconf 87' lang='lat' dir='ltr'><strong>ac</strong></span> <span class='ocrx_word' id='word_1_72' title='bbox 1387 575 1591 620; x_wconf 87' lang='lat' dir='ltr'><strong>spiritus</strong></span> 
     </span>
     <span class='ocr_line' id='line_1_7' title="bbox 101 622 1590 670; baseline -0.003 -11"><span class='ocrx_word' id='word_1_73' title='bbox 101 625 295 668; x_wconf 76' lang='lat' dir='ltr'><strong>concipere</strong></span> <span class='ocrx_word' id='word_1_74' title='bbox 322 626 357 666; x_wconf 88' lang='grc'><strong>1,</strong></span> <span class='ocrx_word' id='word_1_75' title='bbox 384 626 420 666; x_wconf 86' lang='grc'><strong>2,</strong></span> <span class='ocrx_word' id='word_1_76' title='bbox 445 623 502 659; x_wconf 89' lang='grc'><strong>29.</strong></span> <span class='ocrx_word' id='word_1_77' title='bbox 542 623 674 670; x_wconf 83' lang='lat' dir='ltr'><strong>detegit</strong></span> <span class='ocrx_word' id='word_1_78' title='bbox 698 636 744 658; x_wconf 88' lang='lat' dir='ltr'><strong>m.</strong></span> <span class='ocrx_word' id='word_1_79' title='bbox 773 625 808 667; x_wconf 88' lang='grc'><strong>8,</strong></span> <span class='ocrx_word' id='word_1_80' title='bbox 835 626 892 658; x_wconf 87' lang='lat' dir='ltr'><strong>Pr.</strong></span> <span class='ocrx_word' id='word_1_81' title='bbox 917 627 964 659; x_wconf 89' lang='grc'><strong>20</strong></span> <span class='ocrx_word' id='word_1_82' title='bbox 987 637 1020 658; x_wconf 78' lang='grc' dir='ltr'><strong>υ.</strong></span> <span class='ocrx_word' id='word_1_83' title='bbox 1047 624 1240 669; x_wconf 88' lang='lat' dir='ltr'><strong>Corpus.</strong></span> <span class='ocrx_word' id='word_1_84' title='bbox 1282 635 1362 658; x_wconf 87' lang='lat' dir='ltr'><strong>cum</strong></span> <span class='ocrx_word' id='word_1_85' title='bbox 1389 622 1590 665; x_wconf 87' lang='lat' dir='ltr'><strong>insidiatur,</strong></span> 
     </span>
     <span class='ocr_line' id='line_1_8' title="bbox 98 669 1590 720; baseline -0.001 -16"><span class='ocrx_word' id='word_1_86' title='bbox 98 682 183 716; x_wconf 77' lang='lat' dir='ltr'><strong>spe,</strong></span> <span class='ocrx_word' id='word_1_87' title='bbox 207 669 327 712; x_wconf 86' lang='lat' dir='ltr'><strong>curis,</strong></span> <span class='ocrx_word' id='word_1_88' title='bbox 352 669 475 703; x_wconf 81' lang='lat' dir='ltr'><strong>labore</strong></span> <span class='ocrx_word' id='word_1_89' title='bbox 499 669 719 716; x_wconf 75' lang='lat' dir='ltr'><strong>distringitur</strong></span> <span class='ocrx_word' id='word_1_90' title='bbox 743 682 789 704; x_wconf 91' lang='lat' dir='ltr'><strong>m.</strong></span> <span class='ocrx_word' id='word_1_91' title='bbox 818 674 872 714; x_wconf 88' lang='lat'><strong>12,</strong></span> <span class='ocrx_word' id='word_1_92' title='bbox 901 675 931 713; x_wconf 85' lang='lat'><strong>1,</strong></span> <span class='ocrx_word' id='word_1_93' title='bbox 955 673 990 705; x_wconf 93' lang='grc'><strong>7.</strong></span> <span class='ocrx_word' id='word_1_94' title='bbox 1037 671 1195 706; x_wconf 84' lang='lat' dir='ltr'><strong>formare</strong></span> <span class='ocrx_word' id='word_1_95' title='bbox 1219 676 1357 704; x_wconf 84' lang='lat' dir='ltr'><strong>mentes</strong></span> <span class='ocrx_word' id='word_1_96' title='bbox 1381 672 1422 711; x_wconf 88' lang='grc'>2,</span> <span class='ocrx_word' id='word_1_97' title='bbox 1451 670 1506 711; x_wconf 88' lang='grc'><strong>16,</strong></span> <span class='ocrx_word' id='word_1_98' title='bbox 1533 670 1590 720; x_wconf 81' lang='grc'><strong>10.</strong></span> 
     </span>
     <span class='ocr_line' id='line_1_9' title="bbox 99 715 1591 759; baseline -0.002 -9"><span class='ocrx_word' id='word_1_99' title='bbox 99 729 135 754; x_wconf 69' lang='lat' dir='ltr'><strong>n.</strong></span> <span class='ocrx_word' id='word_1_100' title='bbox 158 716 335 750; x_wconf 87' lang='lat' dir='ltr'><strong>Formo.</strong></span> <span class='ocrx_word' id='word_1_101' title='bbox 381 715 467 749; x_wconf 89' lang='lat' dir='ltr'><strong>illuc</strong></span> <span class='ocrx_word' id='word_1_102' title='bbox 489 715 705 751; x_wconf 88' lang='lat' dir='ltr'><strong>intendenda</strong></span> <span class='ocrx_word' id='word_1_103' title='bbox 731 729 781 754; x_wconf 89' lang='grc' dir='ltr'><strong>ιιι.</strong></span> <span class='ocrx_word' id='word_1_104' title='bbox 807 719 873 755; x_wconf 89' lang='grc'><strong>10.</strong></span> <span class='ocrx_word' id='word_1_105' title='bbox 899 720 942 759; x_wconf 91' lang='grc'><strong>2,</strong></span> <span class='ocrx_word' id='word_1_106' title='bbox 966 720 1025 752; x_wconf 88' lang='grc'>27.</span> <span class='ocrx_word' id='word_1_107' title='bbox 1068 718 1113 752; x_wconf 90' lang='lat' dir='ltr'><strong>ad</strong></span> <span class='ocrx_word' id='word_1_108' title='bbox 1145 718 1292 752; x_wconf 76' lang='lat' dir='ltr'><strong>eandem</strong></span> <span class='ocrx_word' id='word_1_109' title='bbox 1318 715 1452 758; x_wconf 76' lang='lat' dir='ltr'><strong>(tyram)</strong></span> <span class='ocrx_word' id='word_1_110' title='bbox 1477 717 1591 749; x_wconf 79' lang='lat' dir='ltr'><strong>lenire</strong></span> 
     </span>
     <span class='ocr_line' id='line_1_10' title="bbox 99 759 1590 807; baseline -0.002 -10"><span class='ocrx_word' id='word_1_111' title='bbox 99 761 281 797; x_wconf 78' lang='lat' dir='ltr'><strong>mentes</strong></span> <span class='ocrx_word' id='word_1_112' title='bbox 308 762 346 804; x_wconf 87' lang='lat'><strong>9,</strong></span> <span class='ocrx_word' id='word_1_113' title='bbox 367 759 403 804; x_wconf 93' lang='lat'><strong>4,</strong></span> <span class='ocrx_word' id='word_1_114' title='bbox 422 764 484 795; x_wconf 72' lang='lat'><strong>⁶12.</strong></span> <span class='ocrx_word' id='word_1_115' title='bbox 508 774 540 796; x_wconf 89' lang='lat' dir='ltr'><strong>v.</strong></span> <span class='ocrx_word' id='word_1_116' title='bbox 566 762 765 798; x_wconf 85' lang='lat' dir='ltr'><strong>Animus.</strong></span> <span class='ocrx_word' id='word_1_117' title='bbox 804 764 965 807; x_wconf 88' lang='lat' dir='ltr'><strong>corporis</strong></span> <span class='ocrx_word' id='word_1_118' title='bbox 988 775 1072 797; x_wconf 87' lang='lat' dir='ltr'><strong>cura</strong></span> <span class='ocrx_word' id='word_1_119' title='bbox 1090 769 1244 798; x_wconf 88' lang='lat' dir='ltr'><strong>mentem</strong></span> <span class='ocrx_word' id='word_1_120' title='bbox 1262 765 1459 798; x_wconf 88' lang='lat' dir='ltr'><strong>obruerunt</strong></span> <span class='ocrx_word' id='word_1_121' title='bbox 1484 763 1590 803; x_wconf 89' lang='lat'><strong>1,11,</strong></span> 
     </span>
     <span class='ocr_line' id='line_1_11' title="bbox 102 807 1592 857; baseline -0.001 -15"><span class='ocrx_word' id='word_1_122' title='bbox 102 809 158 843; x_wconf 89' lang='grc'><strong>15.</strong></span> <span class='ocrx_word' id='word_1_123' title='bbox 171 818 243 852; x_wconf 87' lang='lat' dir='ltr'><strong>quo</strong></span> <span class='ocrx_word' id='word_1_124' title='bbox 262 818 389 842; x_wconf 88' lang='lat' dir='ltr'><strong>mens</strong></span> <span class='ocrx_word' id='word_1_125' title='bbox 402 807 507 841; x_wconf 91' lang='lat' dir='ltr'><strong>simul</strong></span> <span class='ocrx_word' id='word_1_126' title='bbox 530 808 633 843; x_wconf 78' lang='lat' dir='ltr'><strong>visu</strong></span> <span class='ocrx_word' id='word_1_127' title='bbox 646 821 735 854; x_wconf 88' lang='lat' dir='ltr'><strong>sque</strong></span> <span class='ocrx_word' id='word_1_128' title='bbox 758 809 1028 857; x_wconf 73' lang='lat' dir='ltr'><strong>praestringitur</strong></span> <span class='ocrx_word' id='word_1_129' title='bbox 1047 812 1103 853; x_wconf 88' lang='grc'><strong>10,</strong></span> <span class='ocrx_word' id='word_1_130' title='bbox 1123 813 1156 851; x_wconf 90' lang='grc'><strong>1,</strong></span> <span class='ocrx_word' id='word_1_131' title='bbox 1171 811 1228 844; x_wconf 90' lang='grc'><strong>30.</strong></span> <span class='ocrx_word' id='word_1_132' title='bbox 1240 808 1477 850; x_wconf 74' lang='lat' dir='ltr'><strong>solicitudine,</strong></span> <span class='ocrx_word' id='word_1_133' title='bbox 1502 817 1592 851; x_wconf 88' lang='lat' dir='ltr'><strong>poe-</strong></span> 
     </span>
     <span class='ocr_line' id='line_1_12' title="bbox 99 853 1594 900; baseline -0.001 -13"><span class='ocrx_word' id='word_1_134' title='bbox 99 853 270 898; x_wconf 81' lang='lat' dir='ltr'><strong>nitentia,</strong></span> <span class='ocrx_word' id='word_1_135' title='bbox 297 864 493 898; x_wconf 86' lang='lat' dir='ltr'><strong>poenarum</strong></span> <span class='ocrx_word' id='word_1_136' title='bbox 517 854 674 888; x_wconf 90' lang='lat' dir='ltr'><strong>omnium</strong></span> <span class='ocrx_word' id='word_1_137' title='bbox 701 855 952 900; x_wconf 73' lang='lat' dir='ltr'><strong>expectatione</strong></span> <span class='ocrx_word' id='word_1_138' title='bbox 978 861 1164 900; x_wconf 81' lang='lat' dir='ltr'><strong>torquetur</strong></span> <span class='ocrx_word' id='word_1_139' title='bbox 1185 867 1232 889; x_wconf 87' lang='lat' dir='ltr'><strong>m.</strong></span> <span class='ocrx_word' id='word_1_140' title='bbox 1260 859 1316 899; x_wconf 85' lang='lat'><strong>12,</strong></span> <span class='ocrx_word' id='word_1_141' title='bbox 1338 858 1369 892; x_wconf 83' lang='grc'><strong>1.</strong></span> <span class='ocrx_word' id='word_1_142' title='bbox 1390 858 1412 889; x_wconf 92' lang='grc'><strong>7</strong></span> <span class='ocrx_word' id='word_1_143' title='bbox 1426 867 1436 897; x_wconf 74' lang='grc' dir='ltr'>ς</span> <span class='ocrx_word' id='word_1_144' title='bbox 1466 859 1594 887; x_wconf 84' lang='lat' dir='ltr'><strong>natura</strong></span> 
     </span>
     <span class='ocr_line' id='line_1_13' title="bbox 101 899 1595 947; baseline -0.001 -13"><span class='ocrx_word' id='word_1_145' title='bbox 101 911 168 934; x_wconf 90' lang='lat' dir='ltr'><strong>nos</strong></span> <span class='ocrx_word' id='word_1_146' title='bbox 199 900 252 934; x_wconf 84' lang='lat' dir='ltr'><strong>ad</strong></span> <span class='ocrx_word' id='word_1_147' title='bbox 284 899 454 943; x_wconf 86' lang='lat' dir='ltr'><strong>optimam</strong></span> <span class='ocrx_word' id='word_1_148' title='bbox 485 911 532 938; x_wconf 89' lang='lat' dir='ltr'><strong>m.</strong></span> <span class='ocrx_word' id='word_1_149' title='bbox 567 901 690 947; x_wconf 82' lang='lat' dir='ltr'><strong>genuit</strong></span> <span class='ocrx_word' id='word_1_150' title='bbox 715 905 776 944; x_wconf 89' lang='grc'><strong>12,</strong></span> <span class='ocrx_word' id='word_1_151' title='bbox 803 905 865 944; x_wconf 89' lang='grc'><strong>11,</strong></span> <span class='ocrx_word' id='word_1_152' title='bbox 894 905 948 938; x_wconf 83' lang='grc'><strong>12.</strong></span> <span class='ocrx_word' id='word_1_153' title='bbox 991 902 1021 936; x_wconf 91' lang='lat' dir='ltr'><strong>si</strong></span> <span class='ocrx_word' id='word_1_154' title='bbox 1046 907 1217 936; x_wconf 81' lang='lat' dir='ltr'><strong>nocentes</strong></span> <span class='ocrx_word' id='word_1_155' title='bbox 1243 901 1370 935; x_wconf 90' lang='lat' dir='ltr'><strong>mutari</strong></span> <span class='ocrx_word' id='word_1_156' title='bbox 1394 900 1437 934; x_wconf 90' lang='lat' dir='ltr'><strong>in</strong></span> <span class='ocrx_word' id='word_1_157' title='bbox 1462 901 1595 934; x_wconf 87' lang='lat' dir='ltr'><strong>bonam</strong></span> 
     </span>
     <span class='ocr_line' id='line_1_14' title="bbox 101 945 1596 994; baseline 0 -15"><span class='ocrx_word' id='word_1_158' title='bbox 101 951 258 980; x_wconf 88' lang='lat' dir='ltr'><strong>mentem</strong></span> <span class='ocrx_word' id='word_1_159' title='bbox 282 945 400 989; x_wconf 87' lang='lat' dir='ltr'><strong>aliquo</strong></span> <span class='ocrx_word' id='word_1_160' title='bbox 424 947 535 980; x_wconf 91' lang='lat' dir='ltr'><strong>modo</strong></span> <span class='ocrx_word' id='word_1_161' title='bbox 557 947 695 990; x_wconf 81' lang='lat' dir='ltr'><strong>possint</strong></span> <span class='ocrx_word' id='word_1_162' title='bbox 721 951 776 989; x_wconf 89' lang='lat'><strong>12,</strong></span> <span class='ocrx_word' id='word_1_163' title='bbox 804 951 836 990; x_wconf 91' lang='lat'><strong>1,</strong></span> <span class='ocrx_word' id='word_1_164' title='bbox 858 948 915 982; x_wconf 80' lang='lat'><strong>42.</strong></span> <span class='ocrx_word' id='word_1_165' title='bbox 965 947 1093 982; x_wconf 81' lang='lat' dir='ltr'><strong>tacitae</strong></span> <span class='ocrx_word' id='word_1_166' title='bbox 1118 958 1261 992; x_wconf 86' lang='lat' dir='ltr'><strong>quoque</strong></span> <span class='ocrx_word' id='word_1_167' title='bbox 1288 946 1524 994; x_wconf 85' lang='lat' dir='ltr'><strong>cogitationes</strong></span> <span class='ocrx_word' id='word_1_168' title='bbox 1549 945 1596 979; x_wconf 89' lang='lat' dir='ltr'><strong>in</strong></span> 
     </span>
     <span class='ocr_line' id='line_1_15' title="bbox 71 992 1595 1041; baseline 0.003 -18"><span class='ocrx_word' id='word_1_169' title='bbox 71 1020 74 1023; x_wconf 75' lang='grc'><strong>,</strong></span> <span class='ocrx_word' id='word_1_170' title='bbox 101 1003 150 1025; x_wconf 91' lang='grc' dir='ltr'><strong>ιιι.</strong></span> <span class='ocrx_word' id='word_1_171' title='bbox 174 997 405 1041; x_wconf 70' lang='lat' dir='ltr'><strong>revertuntur</strong></span> <span class='ocrx_word' id='word_1_172' title='bbox 432 995 487 1034; x_wconf 91' lang='grc'><strong>11,</strong></span> <span class='ocrx_word' id='word_1_173' title='bbox 512 995 546 1033; x_wconf 88' lang='grc'><strong>2,</strong></span> <span class='ocrx_word' id='word_1_174' title='bbox 572 996 627 1027; x_wconf 90' lang='grc'><strong>17.</strong></span> <span class='ocrx_word' id='word_1_175' title='bbox 665 999 704 1026; x_wconf 90' lang='lat' dir='ltr'><strong>ut</strong></span> <span class='ocrx_word' id='word_1_176' title='bbox 730 994 884 1038; x_wconf 89' lang='lat' dir='ltr'><strong>quidque</strong></span> <span class='ocrx_word' id='word_1_177' title='bbox 912 994 959 1027; x_wconf 91' lang='lat' dir='ltr'><strong>in</strong></span> <span class='ocrx_word' id='word_1_178' title='bbox 985 1006 1034 1027; x_wconf 89' lang='lat' dir='ltr'><strong>m.</strong></span> <span class='ocrx_word' id='word_1_179' title='bbox 1061 994 1184 1029; x_wconf 83' lang='lat' dir='ltr'><strong>veniet</strong></span> <span class='ocrx_word' id='word_1_180' title='bbox 1207 997 1242 1036; x_wconf 88' lang='grc'><strong>7,</strong></span> <span class='ocrx_word' id='word_1_181' title='bbox 1269 996 1324 1035; x_wconf 89' lang='grc'><strong>10,</strong></span> <span class='ocrx_word' id='word_1_182' title='bbox 1347 995 1382 1028; x_wconf 94' lang='grc'><strong>6.</strong></span> <span class='ocrx_word' id='word_1_183' title='bbox 1410 992 1454 1034; x_wconf 67' lang='lat' dir='ltr'><strong>«f.</strong></span> <span class='ocrx_word' id='word_1_184' title='bbox 1480 995 1534 1031; x_wconf 85' lang='lat'><strong>12.</strong></span> <span class='ocrx_word' id='word_1_185' title='bbox 1558 993 1595 1036; x_wconf 90' lang='lat'><strong>9,</strong></span> 
     </span>
     <span class='ocr_line' id='line_1_16' title="bbox 103 1036 1597 1084; baseline -0.001 -12"><span class='ocrx_word' id='word_1_186' title='bbox 103 1039 160 1072; x_wconf 86' lang='lat'><strong>13.</strong></span> <span class='ocrx_word' id='word_1_187' title='bbox 209 1036 237 1079; x_wconf 81' lang='grc' dir='ltr'><strong>ε)</strong></span> <span class='ocrx_word' id='word_1_188' title='bbox 263 1039 401 1070; x_wconf 66' lang='lat' dir='ltr'><strong>Amat..-</strong></span> <span class='ocrx_word' id='word_1_189' title='bbox 427 1049 531 1081; x_wconf 87' lang='lat' dir='ltr'><strong>quam</strong></span> <span class='ocrx_word' id='word_1_190' title='bbox 555 1037 730 1079; x_wconf 80' lang='lat' dir='ltr'><strong>(sormam)</strong></span> <span class='ocrx_word' id='word_1_191' title='bbox 755 1046 874 1074; x_wconf 87' lang='lat' dir='ltr'><strong>mente</strong></span> <span class='ocrx_word' id='word_1_192' title='bbox 898 1039 1038 1079; x_wconf 69' lang='lat' dir='ltr'><strong>penitus</strong></span> <span class='ocrx_word' id='word_1_193' title='bbox 1067 1040 1271 1084; x_wconf 84' lang='lat' dir='ltr'><strong>acceperint</strong></span> <span class='ocrx_word' id='word_1_194' title='bbox 1294 1042 1328 1082; x_wconf 89' lang='lat'><strong>2,</strong></span> <span class='ocrx_word' id='word_1_195' title='bbox 1352 1043 1388 1079; x_wconf 91' lang='lat'><strong>7,</strong></span> <span class='ocrx_word' id='word_1_196' title='bbox 1412 1041 1447 1072; x_wconf 85' lang='lat'><strong>3.</strong></span> <span class='ocrx_word' id='word_1_197' title='bbox 1495 1039 1597 1073; x_wconf 81' lang='lat' dir='ltr'><strong>velut</strong></span> 
     </span>
     <span class='ocr_line' id='line_1_17' title="bbox 102 1082 1593 1130; baseline 0.001 -13"><span class='ocrx_word' id='word_1_198' title='bbox 102 1094 151 1117; x_wconf 91' lang='grc' dir='ltr'><strong>ιιι.</strong></span> <span class='ocrx_word' id='word_1_199' title='bbox 174 1088 296 1126; x_wconf 87' lang='lat' dir='ltr'><strong>captos</strong></span> <span class='ocrx_word' id='word_1_200' title='bbox 319 1084 355 1125; x_wconf 93' lang='grc'><strong>8,</strong></span> <span class='ocrx_word' id='word_1_201' title='bbox 379 1084 412 1125; x_wconf 93' lang='grc'><strong>3,</strong></span> <span class='ocrx_word' id='word_1_202' title='bbox 437 1082 471 1117; x_wconf 81' lang='grc'><strong>4.</strong></span> <span class='ocrx_word' id='word_1_203' title='bbox 511 1089 603 1117; x_wconf 84' lang='lat' dir='ltr'><strong>artes</strong></span> <span class='ocrx_word' id='word_1_204' title='bbox 627 1085 767 1128; x_wconf 84' lang='lat' dir='ltr'><strong>penitus</strong></span> <span class='ocrx_word' id='word_1_205' title='bbox 789 1098 836 1119; x_wconf 91' lang='lat' dir='ltr'><strong>m.</strong></span> <span class='ocrx_word' id='word_1_206' title='bbox 864 1088 1091 1130; x_wconf 83' lang='lat' dir='ltr'><strong>complexum</strong></span> <span class='ocrx_word' id='word_1_207' title='bbox 1117 1090 1172 1128; x_wconf 86' lang='lat'><strong>12,</strong></span> <span class='ocrx_word' id='word_1_208' title='bbox 1198 1089 1231 1130; x_wconf 91' lang='lat'><strong>1,</strong></span> <span class='ocrx_word' id='word_1_209' title='bbox 1260 1085 1385 1128; x_wconf 52' lang='lat' dir='ltr'><strong>251ch</strong></span> <span class='ocrx_word' id='word_1_210' title='bbox 1415 1087 1470 1126; x_wconf 90' lang='lat'><strong>12,</strong></span> <span class='ocrx_word' id='word_1_211' title='bbox 1485 1087 1522 1127; x_wconf 90' lang='grc'>2,</span> <span class='ocrx_word' id='word_1_212' title='bbox 1538 1087 1593 1119; x_wconf 93' lang='grc'><strong>17.</strong></span> 
     </span>
     <span class='ocr_line' id='line_1_18' title="bbox 102 1128 1597 1176; baseline 0.001 -13"><span class='ocrx_word' id='word_1_213' title='bbox 102 1128 280 1171; x_wconf 76' lang='lat' dir='ltr'><strong>concipiat</strong></span> <span class='ocrx_word' id='word_1_214' title='bbox 306 1128 384 1173; x_wconf 88' lang='lat' dir='ltr'><strong>quis</strong></span> <span class='ocrx_word' id='word_1_215' title='bbox 407 1140 455 1166; x_wconf 87' lang='lat' dir='ltr'><strong>m.</strong></span> <span class='ocrx_word' id='word_1_216' title='bbox 478 1130 540 1163; x_wconf 78' lang='lat' dir='ltr'><strong>vel</strong></span> <span class='ocrx_word' id='word_1_217' title='bbox 567 1130 794 1165; x_wconf 87' lang='lat' dir='ltr'><strong>declamantis</strong></span> <span class='ocrx_word' id='word_1_218' title='bbox 818 1132 977 1166; x_wconf 85' lang='lat' dir='ltr'><strong>habitum</strong></span> <span class='ocrx_word' id='word_1_219' title='bbox 1002 1141 1064 1166; x_wconf 77' lang='lat' dir='ltr'><strong>etc.</strong></span> <span class='ocrx_word' id='word_1_220' title='bbox 1093 1135 1135 1176; x_wconf 87' lang='lat'><strong>1,</strong></span> <span class='ocrx_word' id='word_1_221' title='bbox 1155 1135 1202 1174; x_wconf 90' lang='lat'><strong>2,</strong></span> <span class='ocrx_word' id='word_1_222' title='bbox 1227 1134 1284 1165; x_wconf 77' lang='grc'><strong>31.</strong></span> <span class='ocrx_word' id='word_1_223' title='bbox 1310 1130 1356 1173; x_wconf 80' lang='lat' dir='ltr'><strong>cs.</strong></span> <span class='ocrx_word' id='word_1_224' title='bbox 1382 1132 1422 1171; x_wconf 87' lang='lat'><strong>1,</strong></span> <span class='ocrx_word' id='word_1_225' title='bbox 1449 1133 1512 1173; x_wconf 83' lang='lat'><strong>12,</strong></span> <span class='ocrx_word' id='word_1_226' title='bbox 1538 1131 1597 1165; x_wconf 83' lang='lat'><strong>18.</strong></span> 
     </span>
     <span class='ocr_line' id='line_1_19' title="bbox 101 1175 1598 1222; baseline 0.002 -13"><span class='ocrx_word' id='word_1_227' title='bbox 101 1177 148 1216; x_wconf 83' lang='lat'><strong>2,</strong></span> <span class='ocrx_word' id='word_1_228' title='bbox 179 1175 246 1218; x_wconf 88' lang='grc'><strong>16,</strong></span> <span class='ocrx_word' id='word_1_229' title='bbox 272 1175 329 1210; x_wconf 87' lang='grc'><strong>15.</strong></span> <span class='ocrx_word' id='word_1_230' title='bbox 377 1175 604 1218; x_wconf 83' lang='lat' dir='ltr'><strong>enthymema</strong></span> <span class='ocrx_word' id='word_1_231' title='bbox 639 1182 693 1210; x_wconf 91' lang='lat' dir='ltr'><strong>est</strong></span> <span class='ocrx_word' id='word_1_232' title='bbox 724 1188 853 1220; x_wconf 89' lang='lat' dir='ltr'><strong>omne,</strong></span> <span class='ocrx_word' id='word_1_233' title='bbox 886 1179 981 1222; x_wconf 85' lang='lat' dir='ltr'><strong>quod</strong></span> <span class='ocrx_word' id='word_1_234' title='bbox 1020 1185 1139 1212; x_wconf 84' lang='lat' dir='ltr'><strong>mente</strong></span> <span class='ocrx_word' id='word_1_235' title='bbox 1167 1177 1388 1220; x_wconf 76' lang='lat' dir='ltr'><strong>concipimus</strong></span> <span class='ocrx_word' id='word_1_236' title='bbox 1421 1177 1467 1219; x_wconf 90' lang='lat'><strong>8,</strong></span> <span class='ocrx_word' id='word_1_237' title='bbox 1492 1177 1537 1220; x_wconf 83' lang='lat'><strong>5,</strong></span> <span class='ocrx_word' id='word_1_238' title='bbox 1560 1177 1598 1212; x_wconf 81' lang='grc'><strong>9-</strong></span> 
     </span>
     <span class='ocr_line' id='line_1_20' title="bbox 101 1220 1596 1274; baseline 0.001 -21"><span class='ocrx_word' id='word_1_239' title='bbox 101 1225 295 1274; x_wconf 76' lang='lat' dir='ltr'><strong>praecepta</strong></span> <span class='ocrx_word' id='word_1_240' title='bbox 317 1231 364 1254; x_wconf 83' lang='lat' dir='ltr'><strong>m.</strong></span> <span class='ocrx_word' id='word_1_241' title='bbox 389 1220 563 1265; x_wconf 83' lang='lat' dir='ltr'><strong>consequi</strong></span> <span class='ocrx_word' id='word_1_242' title='bbox 588 1224 623 1264; x_wconf 88' lang='lat'><strong>2,</strong></span> <span class='ocrx_word' id='word_1_243' title='bbox 650 1225 685 1264; x_wconf 89' lang='lat'><strong>2,</strong></span> <span class='ocrx_word' id='word_1_244' title='bbox 712 1226 743 1256; x_wconf 89' lang='lat'><strong>1.</strong></span> <span class='ocrx_word' id='word_1_245' title='bbox 783 1235 886 1267; x_wconf 88' lang='lat' dir='ltr'><strong>quam</strong></span> <span class='ocrx_word' id='word_1_246' title='bbox 914 1223 1179 1266; x_wconf 72' lang='lat' dir='ltr'><strong>(intentionem),</strong></span> <span class='ocrx_word' id='word_1_247' title='bbox 1207 1224 1238 1261; x_wconf 85' lang='lat' dir='ltr'><strong>si</strong></span> <span class='ocrx_word' id='word_1_248' title='bbox 1262 1229 1336 1257; x_wconf 82' lang='lat' dir='ltr'><strong>tota</strong></span> <span class='ocrx_word' id='word_1_249' title='bbox 1360 1235 1408 1257; x_wconf 89' lang='lat' dir='ltr'><strong>m.</strong></span> <span class='ocrx_word' id='word_1_250' title='bbox 1437 1221 1476 1256; x_wconf 90' lang='lat' dir='ltr'><strong>in</strong></span> <span class='ocrx_word' id='word_1_251' title='bbox 1504 1233 1596 1267; x_wconf 86' lang='lat' dir='ltr'><strong>opus</strong></span> 
     </span>
     <span class='ocr_line' id='line_1_21' title="bbox 101 1266 1585 1356; baseline 0.001 -10"><span class='ocrx_word' id='word_1_252' title='bbox 101 1266 1585 1356; x_wconf 46' lang='lat' dir='ltr'><strong>¹⁰⁸ffl11¹¹2ffi52²20¹1³02212531¹3³⁸A†.}:.133¹¹5..¹‚}¹&#39;3.2⁹.¹2‘¹?.3¹¹332..¹÷32„¹¹⁵³¹10</strong></span> 
     </span>
     <span class='ocr_line' id='line_1_22' title="bbox 212 1337 1596 1357; baseline 0.001 -11"><span class='ocrx_word' id='word_1_253' title='bbox 212 1346 215 1347; x_wconf 13' lang='grc' dir='ltr'><em>γ</em></span> <span class='ocrx_word' id='word_1_254' title='bbox 295 1337 305 1346; x_wconf 94' lang='grc'><strong>.</strong></span> <span class='ocrx_word' id='word_1_255' title='bbox 350 1337 361 1346; x_wconf 95' lang='grc'><strong>.</strong></span> <span class='ocrx_word' id='word_1_256' title='bbox 640 1340 647 1347; x_wconf 94' lang='grc'><strong>.</strong></span> <span class='ocrx_word' id='word_1_257' title='bbox 726 1338 735 1347; x_wconf 91' lang='grc'><strong>.</strong></span> <span class='ocrx_word' id='word_1_258' title='bbox 1502 1341 1512 1357; x_wconf 87' lang='grc'><strong>,</strong></span> <span class='ocrx_word' id='word_1_259' title='bbox 1585 1340 1596 1357; x_wconf 88' lang='grc'><strong>,</strong></span> 
     </span>
     <span class='ocr_line' id='line_1_23' title="bbox 97 1356 1598 1406; baseline 0.002 -15"><span class='ocrx_word' id='word_1_260' title='bbox 97 1358 185 1402; x_wconf 50' lang='lat'>‚118-</span> <span class='ocrx_word' id='word_1_261' title='bbox 217 1357 250 1392; x_wconf 72' lang='grc' dir='ltr'><strong>εἰ</strong></span> <span class='ocrx_word' id='word_1_262' title='bbox 273 1356 405 1402; x_wconf 81' lang='lat' dir='ltr'><strong>alioqui</strong></span> <span class='ocrx_word' id='word_1_263' title='bbox 433 1358 504 1392; x_wconf 88' lang='lat' dir='ltr'><strong>hoc</strong></span> <span class='ocrx_word' id='word_1_264' title='bbox 530 1359 660 1393; x_wconf 88' lang='lat' dir='ltr'><strong>mentis</strong></span> <span class='ocrx_word' id='word_1_265' title='bbox 684 1361 892 1395; x_wconf 77' lang='lat' dir='ltr'><strong>habuissent</strong></span> <span class='ocrx_word' id='word_1_266' title='bbox 914 1362 957 1405; x_wconf 80' lang='lat'><strong>4,</strong></span> <span class='ocrx_word' id='word_1_267' title='bbox 985 1365 1029 1404; x_wconf 84' lang='lat'><strong>2,</strong></span> <span class='ocrx_word' id='word_1_268' title='bbox 1053 1361 1110 1397; x_wconf 84' lang='lat'><strong>74.</strong></span> <span class='ocrx_word' id='word_1_269' title='bbox 1160 1362 1290 1396; x_wconf 87' lang='lat' dir='ltr'><strong>mentis</strong></span> <span class='ocrx_word' id='word_1_270' title='bbox 1314 1361 1474 1406; x_wconf 82' lang='lat' dir='ltr'><strong>quaestio</strong></span> <span class='ocrx_word' id='word_1_271' title='bbox 1505 1363 1536 1402; x_wconf 82' lang='lat'><strong>3,</strong></span> <span class='ocrx_word' id='word_1_272' title='bbox 1563 1361 1598 1401; x_wconf 88' lang='grc'><strong>6,</strong></span> 
     </span>
     <span class='ocr_line' id='line_1_24' title="bbox 101 1400 1597 1451; baseline 0.001 -12"><span class='ocrx_word' id='word_1_273' title='bbox 101 1404 149 1439; x_wconf 82' lang='grc'><strong>38</strong></span> <span class='ocrx_word' id='word_1_274' title='bbox 168 1400 218 1437; x_wconf 78' lang='grc' dir='ltr'><strong>Ν.</strong></span> <span class='ocrx_word' id='word_1_275' title='bbox 254 1403 345 1438; x_wconf 86' lang='lat' dir='ltr'><strong>nihil</strong></span> <span class='ocrx_word' id='word_1_276' title='bbox 366 1405 524 1448; x_wconf 89' lang='lat' dir='ltr'><strong>proderit</strong></span> <span class='ocrx_word' id='word_1_277' title='bbox 552 1405 710 1451; x_wconf 79' lang='lat' dir='ltr'><strong>signasse</strong></span> <span class='ocrx_word' id='word_1_278' title='bbox 733 1409 883 1450; x_wconf 87' lang='lat' dir='ltr'><strong>tabulas,</strong></span> <span class='ocrx_word' id='word_1_279' title='bbox 911 1408 941 1442; x_wconf 87' lang='lat' dir='ltr'><strong>si</strong></span> <span class='ocrx_word' id='word_1_280' title='bbox 965 1414 1122 1442; x_wconf 88' lang='lat' dir='ltr'><strong>mentem</strong></span> <span class='ocrx_word' id='word_1_281' title='bbox 1147 1408 1362 1442; x_wconf 80' lang='lat' dir='ltr'><strong>matrimonii</strong></span> <span class='ocrx_word' id='word_1_282' title='bbox 1388 1416 1459 1440; x_wconf 90' lang='lat' dir='ltr'><strong>non</strong></span> <span class='ocrx_word' id='word_1_283' title='bbox 1485 1407 1597 1441; x_wconf 81' lang='lat' dir='ltr'><strong>fuisse</strong></span> 
     </span>
     <span class='ocr_line' id='line_1_25' title="bbox 101 1449 1598 1496; baseline 0.002 -12"><span class='ocrx_word' id='word_1_284' title='bbox 101 1449 278 1484; x_wconf 79' lang='lat' dir='ltr'><strong>constabit</strong></span> <span class='ocrx_word' id='word_1_285' title='bbox 305 1452 387 1484; x_wconf 75' lang='lat' dir='ltr'><strong>Cic.</strong></span> <span class='ocrx_word' id='word_1_286' title='bbox 413 1452 457 1490; x_wconf 86' lang='grc'><strong>5,</strong></span> <span class='ocrx_word' id='word_1_287' title='bbox 483 1454 522 1484; x_wconf 92' lang='grc'><strong>11</strong></span> <span class='ocrx_word' id='word_1_288' title='bbox 539 1476 550 1494; x_wconf 91' lang='grc'><strong>,</strong></span> <span class='ocrx_word' id='word_1_289' title='bbox 572 1454 636 1493; x_wconf 81' lang='grc'><strong>32;</strong></span> <span class='ocrx_word' id='word_1_290' title='bbox 670 1455 810 1487; x_wconf 74' lang='lat' dir='ltr'><strong>Ablm.:</strong></span> <span class='ocrx_word' id='word_1_291' title='bbox 835 1455 931 1488; x_wconf 89' lang='lat' dir='ltr'><strong>bona</strong></span> <span class='ocrx_word' id='word_1_292' title='bbox 950 1460 1070 1488; x_wconf 90' lang='lat' dir='ltr'><strong>mente</strong></span> <span class='ocrx_word' id='word_1_293' title='bbox 1090 1456 1245 1496; x_wconf 85' lang='lat' dir='ltr'><strong>factum,</strong></span> <span class='ocrx_word' id='word_1_294' title='bbox 1278 1473 1325 1479; x_wconf 87' lang='lat'><strong>——</strong></span> <span class='ocrx_word' id='word_1_295' title='bbox 1352 1453 1444 1487; x_wconf 85' lang='lat' dir='ltr'><strong>mala</strong></span> <span class='ocrx_word' id='word_1_296' title='bbox 1468 1453 1514 1495; x_wconf 89' lang='grc'><strong>5,</strong></span> <span class='ocrx_word' id='word_1_297' title='bbox 1540 1455 1598 1495; x_wconf 90' lang='grc'><strong>10,</strong></span> 
     </span>
     <span class='ocr_line' id='line_1_26' title="bbox 66 1495 1600 1545; baseline 0.001 -15"><span class='ocrx_word' id='word_1_298' title='bbox 66 1535 69 1537; x_wconf 50' lang='grc'><strong>,</strong></span> <span class='ocrx_word' id='word_1_299' title='bbox 103 1497 162 1530; x_wconf 85' lang='grc'><strong>52.</strong></span> <span class='ocrx_word' id='word_1_300' title='bbox 193 1498 230 1538; x_wconf 88' lang='grc'><strong>7,</strong></span> <span class='ocrx_word' id='word_1_301' title='bbox 253 1495 290 1538; x_wconf 74' lang='grc'><strong>4,</strong></span> <span class='ocrx_word' id='word_1_302' title='bbox 311 1496 369 1530; x_wconf 90' lang='grc'><strong>25.</strong></span> <span class='ocrx_word' id='word_1_303' title='bbox 408 1496 480 1530; x_wconf 86' lang='lat' dir='ltr'><strong>alia</strong></span> <span class='ocrx_word' id='word_1_304' title='bbox 504 1508 552 1530; x_wconf 89' lang='lat' dir='ltr'><strong>m.</strong></span> <span class='ocrx_word' id='word_1_305' title='bbox 580 1498 675 1532; x_wconf 81' lang='lat' dir='ltr'><strong>facta</strong></span> <span class='ocrx_word' id='word_1_306' title='bbox 700 1498 738 1540; x_wconf 93' lang='lat'><strong>4,</strong></span> <span class='ocrx_word' id='word_1_307' title='bbox 757 1503 789 1540; x_wconf 79' lang='lat'><strong>1,</strong></span> <span class='ocrx_word' id='word_1_308' title='bbox 805 1498 863 1535; x_wconf 86' lang='lat'><strong>45.</strong></span> <span class='ocrx_word' id='word_1_309' title='bbox 904 1512 973 1544; x_wconf 87' lang='lat' dir='ltr'><strong>qua</strong></span> <span class='ocrx_word' id='word_1_310' title='bbox 995 1511 1041 1535; x_wconf 90' lang='lat' dir='ltr'><strong>m.</strong></span> <span class='ocrx_word' id='word_1_311' title='bbox 1069 1507 1171 1545; x_wconf 86' lang='lat' dir='ltr'><strong>pater</strong></span> <span class='ocrx_word' id='word_1_312' title='bbox 1192 1500 1380 1535; x_wconf 88' lang='lat' dir='ltr'><strong>intestatus</strong></span> <span class='ocrx_word' id='word_1_313' title='bbox 1405 1498 1600 1534; x_wconf 82' lang='lat' dir='ltr'><strong>decesserit</strong></span> 
     </span>
     <span class='ocr_line' id='line_1_27' title="bbox 0 1541 1598 1591; baseline 0.003 -17"><span class='ocrx_word' id='word_1_314' title='bbox 0 1551 4 1558; x_wconf 90' lang='lat'><strong>·</strong></span> <span class='ocrx_word' id='word_1_315' title='bbox 104 1542 148 1584; x_wconf 88' lang='grc'><strong>7,</strong></span> <span class='ocrx_word' id='word_1_316' title='bbox 176 1543 219 1584; x_wconf 90' lang='grc'><strong>1,</strong></span> <span class='ocrx_word' id='word_1_317' title='bbox 242 1541 302 1576; x_wconf 88' lang='grc'><strong>62.</strong></span> <span class='ocrx_word' id='word_1_318' title='bbox 350 1553 420 1586; x_wconf 83' lang='lat' dir='ltr'><strong>qua</strong></span> <span class='ocrx_word' id='word_1_319' title='bbox 440 1554 489 1576; x_wconf 87' lang='lat' dir='ltr'><strong>m.</strong></span> <span class='ocrx_word' id='word_1_320' title='bbox 513 1542 676 1589; x_wconf 84' lang='lat' dir='ltr'><strong>Ligarius</strong></span> <span class='ocrx_word' id='word_1_321' title='bbox 703 1545 742 1578; x_wconf 89' lang='lat' dir='ltr'><strong>in</strong></span> <span class='ocrx_word' id='word_1_322' title='bbox 765 1545 889 1580; x_wconf 78' lang='lat' dir='ltr'><strong>Africa</strong></span> <span class='ocrx_word' id='word_1_323' title='bbox 915 1546 1023 1580; x_wconf 81' lang='lat' dir='ltr'><strong>ruerit</strong></span> <span class='ocrx_word' id='word_1_324' title='bbox 1046 1550 1091 1590; x_wconf 87' lang='grc'><strong>7,</strong></span> <span class='ocrx_word' id='word_1_325' title='bbox 1113 1550 1156 1590; x_wconf 89' lang='grc'><strong>2,</strong></span> <span class='ocrx_word' id='word_1_326' title='bbox 1179 1547 1214 1582; x_wconf 87' lang='grc'><strong>6.</strong></span> <span class='ocrx_word' id='word_1_327' title='bbox 1265 1548 1409 1591; x_wconf 83' lang='lat' dir='ltr'><strong>qualem</strong></span> <span class='ocrx_word' id='word_1_328' title='bbox 1444 1556 1598 1588; x_wconf 84' lang='lat' dir='ltr'><strong>causam,</strong></span> 
     </span>
     <span class='ocr_line' id='line_1_28' title="bbox 107 1591 1232 1636; baseline 0.008 -16"><span class='ocrx_word' id='word_1_329' title='bbox 107 1597 246 1631; x_wconf 81' lang='lat' dir='ltr'><strong>quare</strong></span> <span class='ocrx_word' id='word_1_330' title='bbox 267 1591 304 1621; x_wconf 85' lang='lat' dir='ltr'><strong>et</strong></span> <span class='ocrx_word' id='word_1_331' title='bbox 326 1599 413 1632; x_wconf 85' lang='lat' dir='ltr'><strong>qua</strong></span> <span class='ocrx_word' id='word_1_332' title='bbox 438 1595 594 1624; x_wconf 88' lang='lat' dir='ltr'><strong>mente</strong></span> <span class='ocrx_word' id='word_1_333' title='bbox 617 1591 785 1626; x_wconf 85' lang='lat' dir='ltr'><strong>defendat</strong></span> <span class='ocrx_word' id='word_1_334' title='bbox 808 1595 865 1635; x_wconf 90' lang='lat'><strong>12,</strong></span> <span class='ocrx_word' id='word_1_335' title='bbox 892 1595 926 1636; x_wconf 94' lang='lat'><strong>1,</strong></span> <span class='ocrx_word' id='word_1_336' title='bbox 950 1594 1007 1627; x_wconf 83' lang='grc'><strong>37.</strong></span> <span class='ocrx_word' id='word_1_337' title='bbox 1227 1607 1232 1611; x_wconf 90' lang='grc'><em>·</em></span> 
     </span>
     <span class='ocr_line' id='line_1_29' title="bbox 179 1631 1600 1682; baseline 0.001 -16"><span class='ocrx_word' id='word_1_338' title='bbox 179 1631 315 1674; x_wconf 65' lang='lat'><strong>‘111)1·.</strong></span> <span class='ocrx_word' id='word_1_339' title='bbox 337 1646 368 1678; x_wconf 79' lang='lat' dir='ltr'><strong>q.</strong></span> <span class='ocrx_word' id='word_1_340' title='bbox 394 1636 684 1670; x_wconf 71' lang='lat' dir='ltr'><strong>intellectus.-</strong></span> <span class='ocrx_word' id='word_1_341' title='bbox 713 1638 800 1672; x_wconf 84' lang='lat' dir='ltr'><strong>duas</strong></span> <span class='ocrx_word' id='word_1_342' title='bbox 820 1640 896 1682; x_wconf 85' lang='lat' dir='ltr'><strong>ejus</strong></span> <span class='ocrx_word' id='word_1_343' title='bbox 913 1637 1082 1682; x_wconf 61' lang='lat' dir='ltr'><strong>(figurae)</strong></span> <span class='ocrx_word' id='word_1_344' title='bbox 1103 1650 1181 1672; x_wconf 88' lang='lat' dir='ltr'><strong>esse</strong></span> <span class='ocrx_word' id='word_1_345' title='bbox 1195 1644 1328 1682; x_wconf 85' lang='lat' dir='ltr'><strong>partes,</strong></span> <span class='ocrx_word' id='word_1_346' title='bbox 1357 1633 1553 1671; x_wconf 64' lang='lat' dir='ltr'><strong>‹tamota</strong></span> <span class='ocrx_word' id='word_1_347' title='bbox 1567 1645 1600 1676; x_wconf 78' lang='grc' dir='ltr'><strong>ς,</strong></span> 
     </span>
     <span class='ocr_line' id='line_1_30' title="bbox 104 1676 1599 1726; baseline 0.003 -14"><span class='ocrx_word' id='word_1_348' title='bbox 104 1676 144 1712; x_wconf 86' lang='lat' dir='ltr'><strong>id</strong></span> <span class='ocrx_word' id='word_1_349' title='bbox 167 1684 222 1712; x_wconf 88' lang='lat' dir='ltr'><strong>est</strong></span> <span class='ocrx_word' id='word_1_350' title='bbox 243 1679 430 1723; x_wconf 87' lang='lat' dir='ltr'><strong>mentis,</strong></span> <span class='ocrx_word' id='word_1_351' title='bbox 453 1681 515 1715; x_wconf 84' lang='lat' dir='ltr'><strong>vel</strong></span> <span class='ocrx_word' id='word_1_352' title='bbox 538 1693 726 1726; x_wconf 86' lang='lat' dir='ltr'><strong>sensus,</strong></span> <span class='ocrx_word' id='word_1_353' title='bbox 753 1685 815 1718; x_wconf 84' lang='lat' dir='ltr'><strong>vel</strong></span> <span class='ocrx_word' id='word_1_354' title='bbox 838 1685 1187 1719; x_wconf 89' lang='lat' dir='ltr'><strong>sententiarum</strong></span> <span class='ocrx_word' id='word_1_355' title='bbox 1212 1697 1279 1718; x_wconf 88' lang='lat'><strong>—:</strong></span> <span class='ocrx_word' id='word_1_356' title='bbox 1310 1690 1347 1718; x_wconf 91' lang='lat' dir='ltr'><strong>et</strong></span> <span class='ocrx_word' id='word_1_357' title='bbox 1371 1678 1540 1721; x_wconf 70' lang='grc' dir='ltr'><strong><em>λέξεως</em></strong></span> <span class='ocrx_word' id='word_1_358' title='bbox 1562 1682 1599 1724; x_wconf 87' lang='grc'><strong>9,</strong></span> 
     </span>
     <span class='ocr_line' id='line_1_31' title="bbox 107 1723 1442 1775; baseline 0.003 -18"><span class='ocrx_word' id='word_1_359' title='bbox 107 1726 141 1764; x_wconf 84' lang='grc'><strong>1,</strong></span> <span class='ocrx_word' id='word_1_360' title='bbox 166 1726 220 1758; x_wconf 90' lang='grc'><strong>17.</strong></span> <span class='ocrx_word' id='word_1_361' title='bbox 245 1723 291 1766; x_wconf 81' lang='lat' dir='ltr'><strong>cs.</strong></span> <span class='ocrx_word' id='word_1_362' title='bbox 315 1724 351 1767; x_wconf 88' lang='grc'><strong>6,</strong></span> <span class='ocrx_word' id='word_1_363' title='bbox 375 1727 410 1767; x_wconf 91' lang='grc'><strong>3,</strong></span> <span class='ocrx_word' id='word_1_364' title='bbox 434 1728 492 1760; x_wconf 88' lang='grc'><strong>70.</strong></span> <span class='ocrx_word' id='word_1_365' title='bbox 529 1727 677 1773; x_wconf 83' lang='lat' dir='ltr'><strong>figurae,</strong></span> <span class='ocrx_word' id='word_1_366' title='bbox 706 1741 800 1774; x_wconf 87' lang='lat' dir='ltr'><strong>quae</strong></span> <span class='ocrx_word' id='word_1_367' title='bbox 824 1731 868 1764; x_wconf 88' lang='lat' dir='ltr'><strong>ad</strong></span> <span class='ocrx_word' id='word_1_368' title='bbox 891 1737 1049 1764; x_wconf 82' lang='lat' dir='ltr'><strong>mentem</strong></span> <span class='ocrx_word' id='word_1_369' title='bbox 1072 1730 1252 1775; x_wconf 81' lang='lat' dir='ltr'><strong>pertinent</strong></span> <span class='ocrx_word' id='word_1_370' title='bbox 1275 1732 1311 1772; x_wconf 85' lang='lat'><strong>9,</strong></span> <span class='ocrx_word' id='word_1_371' title='bbox 1331 1733 1364 1772; x_wconf 91' lang='lat'><strong>1,</strong></span> <span class='ocrx_word' id='word_1_372' title='bbox 1385 1730 1442 1763; x_wconf 88' lang='lat'><strong>19.</strong></span> 
     </span>
    </p>
   </div>
   <div class='ocr_carea' id='block_1_3' title="bbox 60 1766 1501 1837">
    <p class='ocr_par' dir='ltr' id='par_1_3' title="bbox 60 1766 1501 1837">
     <span class='ocr_line' id='line_1_32' title="bbox 60 1766 1501 1837; baseline 0.009 -28"><span class='ocrx_word' id='word_1_373' title='bbox 60 1766 229 1809; x_wconf 72' lang='lat' dir='ltr'><strong>Mensa·</strong></span> <span class='ocrx_word' id='word_1_374' title='bbox 249 1790 259 1799; x_wconf 74' lang='lat'><strong><em>¹</em></strong></span> <span class='ocrx_word' id='word_1_375' title='bbox 274 1791 433 1814; x_wconf 83' lang='lat' dir='ltr'><strong>mensam</strong></span> <span class='ocrx_word' id='word_1_376' title='bbox 457 1781 495 1815; x_wconf 79' lang='lat' dir='ltr'><strong>in</strong></span> <span class='ocrx_word' id='word_1_377' title='bbox 517 1783 697 1818; x_wconf 79' lang='lat' dir='ltr'><strong>vestibulo</strong></span> <span class='ocrx_word' id='word_1_378' title='bbox 722 1793 862 1830; x_wconf 86' lang='lat' dir='ltr'><strong>ponunt</strong></span> <span class='ocrx_word' id='word_1_379' title='bbox 885 1788 932 1831; x_wconf 80' lang='lat' dir='ltr'><strong>(in</strong></span> <span class='ocrx_word' id='word_1_380' title='bbox 959 1795 1032 1821; x_wconf 78' lang='lat' dir='ltr'><strong>arte</strong></span> <span class='ocrx_word' id='word_1_381' title='bbox 1056 1785 1251 1830; x_wconf 80' lang='lat' dir='ltr'><strong>memoriae)</strong></span> <span class='ocrx_word' id='word_1_382' title='bbox 1277 1789 1334 1828; x_wconf 90' lang='lat'><strong>11,</strong></span> <span class='ocrx_word' id='word_1_383' title='bbox 1358 1788 1395 1827; x_wconf 81' lang='grc'><strong>2,</strong></span> <span class='ocrx_word' id='word_1_384' title='bbox 1418 1785 1476 1819; x_wconf 79' lang='grc'><strong>23.</strong></span> <span class='ocrx_word' id='word_1_385' title='bbox 1497 1830 1501 1837; x_wconf 63' lang='lat'><strong>.</strong></span> 
     </span>
    </p>
   </div>
   <div class='ocr_carea' id='block_1_4' title="bbox 66 1834 1604 1988">
    <p class='ocr_par' dir='ltr' id='par_1_4' title="bbox 66 1834 1604 1988">
     <span class='ocr_line' id='line_1_33' title="bbox 66 1834 1602 1892; baseline 0.006 -15"><span class='ocrx_word' id='word_1_386' title='bbox 66 1834 273 1890; x_wconf 58' lang='lat' dir='ltr'><strong>[Menfim</strong></span> <span class='ocrx_word' id='word_1_387' title='bbox 329 1859 387 1881; x_wconf 84' lang='lat' dir='ltr'><strong>ars</strong></span> <span class='ocrx_word' id='word_1_388' title='bbox 408 1868 455 1875; x_wconf 89' lang='lat'>—</span> <span class='ocrx_word' id='word_1_389' title='bbox 481 1850 700 1886; x_wconf 79' lang='lat' dir='ltr'><strong>enuntiatrix</strong></span> <span class='ocrx_word' id='word_1_390' title='bbox 724 1854 875 1888; x_wconf 85' lang='lat' dir='ltr'><strong>decente</strong></span> <span class='ocrx_word' id='word_1_391' title='bbox 898 1860 1026 1888; x_wconf 89' lang='lat' dir='ltr'><strong>ornatu</strong></span> <span class='ocrx_word' id='word_1_392' title='bbox 1052 1855 1249 1889; x_wconf 88' lang='lat' dir='ltr'><strong>secundum</strong></span> <span class='ocrx_word' id='word_1_393' title='bbox 1272 1852 1494 1887; x_wconf 84' lang='lat' dir='ltr'><strong>mensionem</strong></span> <span class='ocrx_word' id='word_1_394' title='bbox 1528 1848 1602 1892; x_wconf 85' lang='grc' dir='ltr'><strong>(Ζ.</strong></span> 
     </span>
     <span class='ocr_line' id='line_1_34' title="bbox 110 1894 1604 1945; baseline 0.005 -20"><span class='ocrx_word' id='word_1_395' title='bbox 110 1904 219 1934; x_wconf 80' lang='lat' dir='ltr'><strong>recep.</strong></span> <span class='ocrx_word' id='word_1_396' title='bbox 252 1894 293 1926; x_wconf 83' lang='lat' dir='ltr'><em>V</em></span> <span class='ocrx_word' id='word_1_397' title='bbox 294 1896 411 1944; x_wconf 68' lang='lat' dir='ltr'><strong>allae</strong></span> <span class='ocrx_word' id='word_1_398' title='bbox 435 1896 570 1938; x_wconf 72' lang='lat' dir='ltr'><strong>conjeci.</strong></span> <span class='ocrx_word' id='word_1_399' title='bbox 599 1897 864 1942; x_wconf 81' lang='lat' dir='ltr'><strong>inventionem)</strong></span> <span class='ocrx_word' id='word_1_400' title='bbox 887 1902 984 1945; x_wconf 89' lang='lat' dir='ltr'><strong>ejus,</strong></span> <span class='ocrx_word' id='word_1_401' title='bbox 1010 1901 1108 1945; x_wconf 78' lang='lat' dir='ltr'><strong>quod</strong></span> <span class='ocrx_word' id='word_1_402' title='bbox 1133 1901 1173 1934; x_wconf 86' lang='lat' dir='ltr'><strong>in</strong></span> <span class='ocrx_word' id='word_1_403' title='bbox 1196 1910 1340 1944; x_wconf 81' lang='lat' dir='ltr'><strong>quoque</strong></span> <span class='ocrx_word' id='word_1_404' title='bbox 1366 1903 1484 1942; x_wconf 86' lang='lat' dir='ltr'><strong>potest</strong></span> <span class='ocrx_word' id='word_1_405' title='bbox 1511 1895 1604 1929; x_wconf 86' lang='lat' dir='ltr'><strong>sumi</strong></span> 
     </span>
     <span class='ocr_line' id='line_1_35' title="bbox 110 1938 1436 1988; baseline 0.011 -17"><span class='ocrx_word' id='word_1_406' title='bbox 110 1938 342 1981; x_wconf 70' lang='lat' dir='ltr'><strong>persuasiblle</strong></span> <span class='ocrx_word' id='word_1_407' title='bbox 363 1941 399 1980; x_wconf 85' lang='lat'><strong>2,</strong></span> <span class='ocrx_word' id='word_1_408' title='bbox 427 1940 484 1982; x_wconf 88' lang='lat'><strong>15,</strong></span> <span class='ocrx_word' id='word_1_409' title='bbox 511 1943 554 1974; x_wconf 89' lang='lat'><strong>21</strong></span> <span class='ocrx_word' id='word_1_410' title='bbox 576 1943 621 1975; x_wconf 88' lang='lat' dir='ltr'><strong>N.</strong></span> <span class='ocrx_word' id='word_1_411' title='bbox 645 1956 690 1976; x_wconf 82' lang='lat' dir='ltr'><strong>cr.</strong></span> <span class='ocrx_word' id='word_1_412' title='bbox 708 1951 739 1977; x_wconf 75' lang='lat' dir='ltr'><strong>et</strong></span> <span class='ocrx_word' id='word_1_413' title='bbox 761 1943 814 1988; x_wconf 91' lang='lat' dir='ltr'><strong>S.]</strong></span> <span class='ocrx_word' id='word_1_414' title='bbox 1424 1964 1436 1970; x_wconf 86' lang='lat'><strong>·</strong></span> 
     </span>
    </p>
   </div>
   <div class='ocr_carea' id='block_1_5' title="bbox 64 1981 1527 2044">
    <p class='ocr_par' dir='ltr' id='par_1_5' title="bbox 64 1981 1527 2044">
     <span class='ocr_line' id='line_1_36' title="bbox 64 1981 1527 2044; baseline 0.014 -22"><span class='ocrx_word' id='word_1_415' title='bbox 64 1981 246 2024; x_wconf 82' lang='lat' dir='ltr'><strong>Mensis.</strong></span> <span class='ocrx_word' id='word_1_416' title='bbox 302 1993 415 2028; x_wconf 83' lang='lat' dir='ltr'><strong>filium</strong></span> <span class='ocrx_word' id='word_1_417' title='bbox 438 1996 597 2031; x_wconf 88' lang='lat' dir='ltr'><strong>decem</strong></span> <span class='ocrx_word' id='word_1_418' title='bbox 618 2000 855 2034; x_wconf 88' lang='lat' dir='ltr'><strong>mensibus</strong></span> <span class='ocrx_word' id='word_1_419' title='bbox 878 2001 917 2036; x_wconf 88' lang='lat' dir='ltr'><strong>in</strong></span> <span class='ocrx_word' id='word_1_420' title='bbox 937 2008 1042 2036; x_wconf 89' lang='lat' dir='ltr'><strong>utero</strong></span> <span class='ocrx_word' id='word_1_421' title='bbox 1066 2004 1179 2036; x_wconf 86' lang='lat' dir='ltr'><strong>latum</strong></span> <span class='ocrx_word' id='word_1_422' title='bbox 1203 2004 1319 2036; x_wconf 72' lang='lat' dir='ltr'><strong>Hirt.</strong></span> <span class='ocrx_word' id='word_1_423' title='bbox 1344 2002 1380 2044; x_wconf 91' lang='lat'><strong>8,</strong></span> <span class='ocrx_word' id='word_1_424' title='bbox 1404 2002 1440 2043; x_wconf 80' lang='lat'><strong>3,</strong></span> <span class='ocrx_word' id='word_1_425' title='bbox 1466 1997 1527 2034; x_wconf 69' lang='lat'><strong>54·</strong></span> 
     </span>
    </p>
   </div>
   <div class='ocr_carea' id='block_1_6' title="bbox 0 2048 1614 2721">
    <p class='ocr_par' dir='ltr' id='par_1_6' title="bbox 65 2048 1605 2114">
     <span class='ocr_line' id='line_1_37' title="bbox 65 2048 1605 2114; baseline 0.007 -23"><span class='ocrx_word' id='word_1_426' title='bbox 65 2048 288 2114; x_wconf 47' lang='lat' dir='ltr'><strong>Mensura·</strong></span> <span class='ocrx_word' id='word_1_427' title='bbox 347 2062 383 2104; x_wconf 92' lang='lat'><strong>1)</strong></span> <span class='ocrx_word' id='word_1_428' title='bbox 418 2066 573 2106; x_wconf 74' lang='lat' dir='ltr'><strong>proprie.-</strong></span> <span class='ocrx_word' id='word_1_429' title='bbox 613 2077 659 2100; x_wconf 92' lang='lat' dir='ltr'><strong>m.</strong></span> <span class='ocrx_word' id='word_1_430' title='bbox 685 2067 720 2110; x_wconf 87' lang='lat' dir='ltr'><strong>jn</strong></span> <span class='ocrx_word' id='word_1_431' title='bbox 747 2067 799 2101; x_wconf 90' lang='lat' dir='ltr'><strong>eri</strong></span> <span class='ocrx_word' id='word_1_432' title='bbox 824 2071 869 2112; x_wconf 89' lang='lat'><strong>1,</strong></span> <span class='ocrx_word' id='word_1_433' title='bbox 898 2071 962 2112; x_wconf 87' lang='lat'><strong>10,</strong></span> <span class='ocrx_word' id='word_1_434' title='bbox 989 2067 1047 2104; x_wconf 88' lang='lat'><strong>42.</strong></span> <span class='ocrx_word' id='word_1_435' title='bbox 1093 2082 1278 2105; x_wconf 83' lang='lat' dir='ltr'><strong>mensuras</strong></span> <span class='ocrx_word' id='word_1_436' title='bbox 1307 2070 1394 2105; x_wconf 87' lang='lat' dir='ltr'><strong>solis</strong></span> <span class='ocrx_word' id='word_1_437' title='bbox 1422 2080 1466 2103; x_wconf 88' lang='lat' dir='ltr'><strong>ac</strong></span> <span class='ocrx_word' id='word_1_438' title='bbox 1487 2074 1605 2103; x_wconf 84' lang='lat' dir='ltr'><strong>terrae</strong></span> 
     </span>
    </p>

    <p class='ocr_par' dir='ltr' id='par_1_7' title="bbox 52 2108 1604 2160">
     <span class='ocr_line' id='line_1_38' title="bbox 52 2108 1604 2160; baseline 0.005 -19"><span class='ocrx_word' id='word_1_439' title='bbox 52 2124 60 2134; x_wconf 66' lang='grc' dir='ltr'><strong>ι</strong></span> <span class='ocrx_word' id='word_1_440' title='bbox 113 2108 282 2160; x_wconf 75' lang='lat' dir='ltr'><strong>colligere</strong></span> <span class='ocrx_word' id='word_1_441' title='bbox 306 2109 354 2151; x_wconf 89' lang='lat'><strong>2,</strong></span> <span class='ocrx_word' id='word_1_442' title='bbox 383 2110 448 2151; x_wconf 88' lang='grc'><strong>17,</strong></span> <span class='ocrx_word' id='word_1_443' title='bbox 470 2111 525 2143; x_wconf 89' lang='grc'><strong>38.</strong></span> <span class='ocrx_word' id='word_1_444' title='bbox 552 2110 597 2152; x_wconf 81' lang='lat' dir='ltr'><strong>cf.</strong></span> <span class='ocrx_word' id='word_1_445' title='bbox 624 2114 667 2154; x_wconf 92' lang='lat'><strong>1,</strong></span> <span class='ocrx_word' id='word_1_446' title='bbox 699 2116 712 2145; x_wconf 86' lang='lat'><strong>1</strong></span> <span class='ocrx_word' id='word_1_447' title='bbox 751 2139 762 2155; x_wconf 96' lang='lat'><strong>,</strong></span> <span class='ocrx_word' id='word_1_448' title='bbox 786 2115 841 2148; x_wconf 82' lang='lat'><strong>39.</strong></span> <span class='ocrx_word' id='word_1_449' title='bbox 897 2114 927 2147; x_wconf 91' lang='lat' dir='ltr'><strong>si</strong></span> <span class='ocrx_word' id='word_1_450' title='bbox 960 2116 1005 2149; x_wconf 92' lang='lat' dir='ltr'><strong>de</strong></span> <span class='ocrx_word' id='word_1_451' title='bbox 1040 2117 1265 2150; x_wconf 84' lang='lat' dir='ltr'><strong>terminis</strong></span> <span class='ocrx_word' id='word_1_452' title='bbox 1299 2115 1604 2159; x_wconf 85' lang='lat' dir='ltr'><strong>mensurisque</strong></span> 
     </span>
    </p>

    <p class='ocr_par' dir='ltr' id='par_1_8' title="bbox 113 2155 1604 2205">
     <span class='ocr_line' id='line_1_39' title="bbox 113 2155 1604 2205; baseline 0.007 -21"><span class='ocrx_word' id='word_1_453' title='bbox 113 2158 184 2186; x_wconf 75' lang='lat' dir='ltr'><strong>sint</strong></span> <span class='ocrx_word' id='word_1_454' title='bbox 209 2155 288 2186; x_wconf 80' lang='lat' dir='ltr'><strong>lites</strong></span> <span class='ocrx_word' id='word_1_455' title='bbox 318 2156 352 2205; x_wconf 75' lang='lat'><strong>1,</strong></span> <span class='ocrx_word' id='word_1_456' title='bbox 378 2155 435 2196; x_wconf 90' lang='lat'><strong>10,</strong></span> <span class='ocrx_word' id='word_1_457' title='bbox 460 2155 564 2190; x_wconf 81' lang='lat'><strong>362.</strong></span> <span class='ocrx_word' id='word_1_458' title='bbox 610 2158 815 2193; x_wconf 86' lang='lat' dir='ltr'><strong>describere</strong></span> <span class='ocrx_word' id='word_1_459' title='bbox 839 2161 975 2194; x_wconf 86' lang='lat' dir='ltr'><strong>tabulas</strong></span> <span class='ocrx_word' id='word_1_460' title='bbox 998 2162 1227 2196; x_wconf 85' lang='lat' dir='ltr'><strong>mensuris</strong></span> <span class='ocrx_word' id='word_1_461' title='bbox 1255 2174 1298 2196; x_wconf 86' lang='lat' dir='ltr'><strong>ac</strong></span> <span class='ocrx_word' id='word_1_462' title='bbox 1319 2161 1462 2202; x_wconf 81' lang='lat' dir='ltr'><strong>lineis</strong></span> <span class='ocrx_word' id='word_1_463' title='bbox 1487 2163 1544 2204; x_wconf 83' lang='lat'><strong>10,</strong></span> <span class='ocrx_word' id='word_1_464' title='bbox 1566 2162 1604 2203; x_wconf 86' lang='lat'><strong>2,</strong></span> 
     </span>
    </p>

    <p class='ocr_par' dir='ltr' id='par_1_9' title="bbox 110 2198 1604 2250">
     <span class='ocr_line' id='line_1_40' title="bbox 110 2198 1604 2250; baseline 0.007 -17"><span class='ocrx_word' id='word_1_465' title='bbox 110 2198 146 2233; x_wconf 89' lang='grc'><strong>6.</strong></span> <span class='ocrx_word' id='word_1_466' title='bbox 190 2198 410 2243; x_wconf 72' lang='lat' dir='ltr'><strong>congiarium</strong></span> <span class='ocrx_word' id='word_1_467' title='bbox 452 2210 641 2236; x_wconf 89' lang='lat' dir='ltr'><strong>commune</strong></span> <span class='ocrx_word' id='word_1_468' title='bbox 678 2203 994 2239; x_wconf 88' lang='lat' dir='ltr'><strong>liberalitatis</strong></span> <span class='ocrx_word' id='word_1_469' title='bbox 1027 2218 1068 2241; x_wconf 85' lang='lat' dir='ltr'><strong>ac</strong></span> <span class='ocrx_word' id='word_1_470' title='bbox 1099 2219 1351 2242; x_wconf 87' lang='lat' dir='ltr'><strong>mensurae</strong></span> <span class='ocrx_word' id='word_1_471' title='bbox 1383 2208 1429 2250; x_wconf 90' lang='grc'><strong>6,</strong></span> <span class='ocrx_word' id='word_1_472' title='bbox 1469 2209 1509 2249; x_wconf 84' lang='grc'><strong>3,</strong></span> <span class='ocrx_word' id='word_1_473' title='bbox 1546 2208 1604 2240; x_wconf 81' lang='lat'><strong>52·</strong></span> 
     </span>
    </p>

    <p class='ocr_par' dir='ltr' id='par_1_10' title="bbox 112 2242 1604 2298">
     <span class='ocr_line' id='line_1_41' title="bbox 112 2242 1604 2298; baseline 0.007 -20"><span class='ocrx_word' id='word_1_474' title='bbox 112 2242 160 2285; x_wconf 81' lang='lat'><strong>11)</strong></span> <span class='ocrx_word' id='word_1_475' title='bbox 188 2247 221 2277; x_wconf 81' lang='lat' dir='ltr'><strong>in</strong></span> <span class='ocrx_word' id='word_1_476' title='bbox 248 2246 411 2278; x_wconf 80' lang='lat' dir='ltr'><strong>dicendo.-</strong></span> <span class='ocrx_word' id='word_1_477' title='bbox 435 2246 648 2287; x_wconf 76' lang='lat' dir='ltr'><strong>Lyricorum</strong></span> <span class='ocrx_word' id='word_1_478' title='bbox 674 2252 848 2294; x_wconf 85' lang='lat' dir='ltr'><strong>quorund.</strong></span> <span class='ocrx_word' id='word_1_479' title='bbox 879 2251 1035 2286; x_wconf 83' lang='lat' dir='ltr'><strong>carmina</strong></span> <span class='ocrx_word' id='word_1_480' title='bbox 1062 2253 1100 2286; x_wconf 79' lang='lat' dir='ltr'><strong>in</strong></span> <span class='ocrx_word' id='word_1_481' title='bbox 1121 2253 1242 2289; x_wconf 78' lang='lat' dir='ltr'><strong>varias</strong></span> <span class='ocrx_word' id='word_1_482' title='bbox 1267 2266 1315 2291; x_wconf 87' lang='lat' dir='ltr'><strong>m.</strong></span> <span class='ocrx_word' id='word_1_483' title='bbox 1341 2254 1391 2298; x_wconf 84' lang='lat' dir='ltr'><strong>(a.</strong></span> <span class='ocrx_word' id='word_1_484' title='bbox 1413 2258 1436 2287; x_wconf 85' lang='lat' dir='ltr'><strong>l.</strong></span> <span class='ocrx_word' id='word_1_485' title='bbox 1459 2250 1604 2298; x_wconf 68' lang='lat' dir='ltr'><strong>figuras)</strong></span> 
     </span>
    </p>

    <p class='ocr_par' dir='ltr' id='par_1_11' title="bbox 112 2290 1606 2343">
     <span class='ocr_line' id='line_1_42' title="bbox 112 2290 1606 2343; baseline 0.005 -19"><span class='ocrx_word' id='word_1_486' title='bbox 112 2293 310 2336; x_wconf 68' lang='lat' dir='ltr'><strong>coegerunt</strong></span> <span class='ocrx_word' id='word_1_487' title='bbox 333 2291 375 2331; x_wconf 84' lang='lat'><strong>9,</strong></span> <span class='ocrx_word' id='word_1_488' title='bbox 398 2290 441 2333; x_wconf 89' lang='lat'><strong>4,</strong></span> <span class='ocrx_word' id='word_1_489' title='bbox 466 2294 510 2327; x_wconf 88' lang='lat'><strong>53</strong></span> <span class='ocrx_word' id='word_1_490' title='bbox 528 2298 570 2327; x_wconf 92' lang='grc' dir='ltr'><strong>Ζ.</strong></span> <span class='ocrx_word' id='word_1_491' title='bbox 610 2295 780 2330; x_wconf 79' lang='lat' dir='ltr'><strong>formas</strong></span> <span class='ocrx_word' id='word_1_492' title='bbox 806 2308 1121 2343; x_wconf 86' lang='lat' dir='ltr'><strong>mensurasque</strong></span> <span class='ocrx_word' id='word_1_493' title='bbox 1148 2300 1363 2342; x_wconf 78' lang='lat' dir='ltr'><strong>(verborum)</strong></span> <span class='ocrx_word' id='word_1_494' title='bbox 1383 2302 1455 2343; x_wconf 50' lang='grc'><strong>10,</strong></span> <span class='ocrx_word' id='word_1_495' title='bbox 1482 2302 1524 2340; x_wconf 90' lang='grc'><strong>1,</strong></span> <span class='ocrx_word' id='word_1_496' title='bbox 1550 2300 1606 2331; x_wconf 88' lang='grc'><strong>10.</strong></span> 
     </span>
    </p>

    <p class='ocr_par' dir='ltr' id='par_1_12' title="bbox 111 2335 1606 2389">
     <span class='ocr_line' id='line_1_43' title="bbox 111 2335 1606 2389; baseline 0.006 -22"><span class='ocrx_word' id='word_1_497' title='bbox 111 2335 181 2377; x_wconf 90' lang='lat' dir='ltr'><strong>Ill)</strong></span> <span class='ocrx_word' id='word_1_498' title='bbox 209 2340 325 2368; x_wconf 74' lang='lat' dir='ltr'><strong>transl.</strong></span> <span class='ocrx_word' id='word_1_499' title='bbox 355 2338 400 2369; x_wconf 81' lang='lat' dir='ltr'><strong>ad</strong></span> <span class='ocrx_word' id='word_1_500' title='bbox 423 2340 509 2371; x_wconf 79' lang='lat' dir='ltr'><strong>alias</strong></span> <span class='ocrx_word' id='word_1_501' title='bbox 530 2352 605 2373; x_wconf 78' lang='lat' dir='ltr'><strong>res.-</strong></span> <span class='ocrx_word' id='word_1_502' title='bbox 641 2341 739 2385; x_wconf 87' lang='lat' dir='ltr'><strong>quasi</strong></span> <span class='ocrx_word' id='word_1_503' title='bbox 754 2354 955 2377; x_wconf 87' lang='lat' dir='ltr'><strong>mensuram</strong></span> <span class='ocrx_word' id='word_1_504' title='bbox 978 2345 1152 2380; x_wconf 81' lang='lat' dir='ltr'><strong>tarditatis</strong></span> <span class='ocrx_word' id='word_1_505' title='bbox 1174 2345 1435 2389; x_wconf 87' lang='lat' dir='ltr'><strong>celeritatisque</strong></span> <span class='ocrx_word' id='word_1_506' title='bbox 1451 2344 1606 2389; x_wconf 85' lang='lat' dir='ltr'><strong>aliquam</strong></span> 
     </span>
    </p>

    <p class='ocr_par' dir='ltr' id='par_1_13' title="bbox 115 2383 1614 2434">
     <span class='ocr_line' id='line_1_44' title="bbox 115 2383 1614 2434; baseline 0.005 -20"><span class='ocrx_word' id='word_1_507' title='bbox 115 2391 196 2415; x_wconf 88' lang='lat' dir='ltr'><strong>esse</strong></span> <span class='ocrx_word' id='word_1_508' title='bbox 218 2383 412 2415; x_wconf 81' lang='lat' dir='ltr'><strong>voluerunt</strong></span> <span class='ocrx_word' id='word_1_509' title='bbox 435 2386 474 2417; x_wconf 91' lang='lat'><strong>11</strong></span> <span class='ocrx_word' id='word_1_510' title='bbox 490 2410 500 2425; x_wconf 92' lang='lat'><strong>‚</strong></span> <span class='ocrx_word' id='word_1_511' title='bbox 523 2386 567 2428; x_wconf 81' lang='lat'><strong>3,</strong></span> <span class='ocrx_word' id='word_1_512' title='bbox 594 2388 671 2421; x_wconf 91' lang='grc'><strong>107.</strong></span> <span class='ocrx_word' id='word_1_513' title='bbox 715 2399 788 2422; x_wconf 84' lang='grc' dir='ltr'><strong>ιιοιι</strong></span> <span class='ocrx_word' id='word_1_514' title='bbox 813 2390 919 2423; x_wconf 85' lang='lat' dir='ltr'><strong>habet</strong></span> <span class='ocrx_word' id='word_1_515' title='bbox 946 2390 1036 2424; x_wconf 87' lang='lat' dir='ltr'><strong>haec</strong></span> <span class='ocrx_word' id='word_1_516' title='bbox 1060 2402 1119 2425; x_wconf 89' lang='lat' dir='ltr'><strong>res</strong></span> <span class='ocrx_word' id='word_1_517' title='bbox 1150 2403 1410 2426; x_wconf 88' lang='lat' dir='ltr'><strong>mensuram</strong></span> <span class='ocrx_word' id='word_1_518' title='bbox 1441 2396 1476 2424; x_wconf 92' lang='lat' dir='ltr'><strong>et</strong></span> <span class='ocrx_word' id='word_1_519' title='bbox 1504 2389 1614 2434; x_wconf 65' lang='lat' dir='ltr'><strong>quasi¹</strong></span> 
     </span>
    </p>

    <p class='ocr_par' dir='ltr' id='par_1_14' title="bbox 112 2428 1606 2481">
     <span class='ocr_line' id='line_1_45' title="bbox 112 2428 1606 2481; baseline 0.011 -22"><span class='ocrx_word' id='word_1_520' title='bbox 112 2428 294 2470; x_wconf 82' lang='lat' dir='ltr'><strong>pondus</strong></span> <span class='ocrx_word' id='word_1_521' title='bbox 319 2431 381 2480; x_wconf 77' lang='grc'><strong>11,</strong></span> <span class='ocrx_word' id='word_1_522' title='bbox 407 2431 446 2467; x_wconf 85' lang='lat'><strong>1,</strong></span> <span class='ocrx_word' id='word_1_523' title='bbox 476 2430 534 2465; x_wconf 91' lang='grc'><strong>91.</strong></span> <span class='ocrx_word' id='word_1_524' title='bbox 563 2433 726 2466; x_wconf 79' lang='lat' dir='ltr'><strong>exhausti</strong></span> <span class='ocrx_word' id='word_1_525' title='bbox 751 2434 881 2469; x_wconf 88' lang='lat' dir='ltr'><strong>laboris</strong></span> <span class='ocrx_word' id='word_1_526' title='bbox 908 2446 1015 2470; x_wconf 88' lang='lat' dir='ltr'><strong>nosse</strong></span> <span class='ocrx_word' id='word_1_527' title='bbox 1038 2448 1243 2471; x_wconf 86' lang='lat' dir='ltr'><strong>mensuram</strong></span> <span class='ocrx_word' id='word_1_528' title='bbox 1265 2437 1307 2481; x_wconf 88' lang='lat'><strong>4,</strong></span> <span class='ocrx_word' id='word_1_529' title='bbox 1332 2438 1374 2480; x_wconf 90' lang='lat'><strong>5,</strong></span> <span class='ocrx_word' id='word_1_530' title='bbox 1404 2438 1461 2470; x_wconf 89' lang='grc'><strong>23.</strong></span> <span class='ocrx_word' id='word_1_531' title='bbox 1500 2436 1606 2478; x_wconf 69' lang='lat' dir='ltr'><strong>huin-³</strong></span> 
     </span>
    </p>

    <p class='ocr_par' dir='ltr' id='par_1_15' title="bbox 0 2480 1607 2574">
     <span class='ocr_line' id='line_1_46' title="bbox 0 2480 1607 2525; baseline 0.004 -14"><span class='ocrx_word' id='word_1_532' title='bbox 0 2487 5 2511; x_wconf 59' lang='grc' dir='ltr'>ᾳ</span> <span class='ocrx_word' id='word_1_533' title='bbox 117 2483 263 2525; x_wconf 57' lang='lat' dir='ltr'><strong>quoque</strong></span> <span class='ocrx_word' id='word_1_534' title='bbox 284 2484 337 2507; x_wconf 78' lang='lat' dir='ltr'><strong>rel</strong></span> <span class='ocrx_word' id='word_1_535' title='bbox 364 2480 528 2510; x_wconf 82' lang='lat' dir='ltr'><strong>servetur</strong></span> <span class='ocrx_word' id='word_1_536' title='bbox 550 2489 596 2512; x_wconf 92' lang='lat' dir='ltr'><strong>m.</strong></span> <span class='ocrx_word' id='word_1_537' title='bbox 626 2481 753 2523; x_wconf 87' lang='lat' dir='ltr'><strong>quaed.</strong></span> <span class='ocrx_word' id='word_1_538' title='bbox 780 2481 816 2523; x_wconf 92' lang='grc'><strong>8,</strong></span> <span class='ocrx_word' id='word_1_539' title='bbox 840 2482 877 2524; x_wconf 87' lang='grc'><strong>6,</strong></span> <span class='ocrx_word' id='word_1_540' title='bbox 902 2484 958 2516; x_wconf 86' lang='grc'><strong>73.</strong></span> <span class='ocrx_word' id='word_1_541' title='bbox 986 2483 1262 2518; x_wconf 87' lang='lat' dir='ltr'><strong>summittentem</strong></span> <span class='ocrx_word' id='word_1_542' title='bbox 1285 2495 1324 2518; x_wconf 85' lang='lat' dir='ltr'><strong>se</strong></span> <span class='ocrx_word' id='word_1_543' title='bbox 1342 2483 1387 2517; x_wconf 88' lang='lat' dir='ltr'><strong>ad</strong></span> <span class='ocrx_word' id='word_1_544' title='bbox 1403 2492 1607 2518; x_wconf 83' lang='lat' dir='ltr'><strong>mensuram</strong></span> 
     </span>
     <span class='ocr_line' id='line_1_47' title="bbox 0 2518 458 2574; baseline 0.009 -25"><span class='ocrx_word' id='word_1_545' title='bbox 0 2519 27 2566; x_wconf 57' lang='grc' dir='ltr'><strong>ξ’</strong></span> <span class='ocrx_word' id='word_1_546' title='bbox 115 2518 283 2574; x_wconf 63' lang='lat' dir='ltr'><strong>discentis</strong></span> <span class='ocrx_word' id='word_1_547' title='bbox 305 2521 341 2562; x_wconf 91' lang='lat'><strong>2,</strong></span> <span class='ocrx_word' id='word_1_548' title='bbox 366 2521 400 2562; x_wconf 85' lang='lat'><strong>3,</strong></span> <span class='ocrx_word' id='word_1_549' title='bbox 425 2523 458 2555; x_wconf 92' lang='grc'><strong>7.</strong></span> 
     </span>
    </p>

    <p class='ocr_par' dir='ltr' id='par_1_16' title="bbox 67 2561 1607 2629">
     <span class='ocr_line' id='line_1_48' title="bbox 67 2561 1607 2629; baseline 0.001 -15"><span class='ocrx_word' id='word_1_550' title='bbox 67 2561 249 2628; x_wconf 42' lang='lat' dir='ltr'><strong>Men-⁸¹9·</strong></span> <span class='ocrx_word' id='word_1_551' title='bbox 302 2587 482 2629; x_wconf 71' lang='lat' dir='ltr'><strong>nunquam</strong></span> <span class='ocrx_word' id='word_1_552' title='bbox 503 2583 601 2613; x_wconf 90' lang='lat' dir='ltr'><strong>certe</strong></span> <span class='ocrx_word' id='word_1_553' title='bbox 624 2580 850 2615; x_wconf 88' lang='lat' dir='ltr'><strong>conditorum</strong></span> <span class='ocrx_word' id='word_1_554' title='bbox 875 2581 1084 2618; x_wconf 86' lang='lat' dir='ltr'><strong>Chalcidico</strong></span> <span class='ocrx_word' id='word_1_555' title='bbox 1107 2596 1217 2619; x_wconf 83' lang='lat' dir='ltr'><strong>versu</strong></span> <span class='ocrx_word' id='word_1_556' title='bbox 1242 2585 1437 2620; x_wconf 87' lang='lat' dir='ltr'><strong>carminum</strong></span> <span class='ocrx_word' id='word_1_557' title='bbox 1465 2583 1503 2617; x_wconf 85' lang='lat' dir='ltr'><strong>in</strong></span> <span class='ocrx_word' id='word_1_558' title='bbox 1530 2584 1607 2616; x_wconf 87' lang='lat' dir='ltr'><strong>Bu-</strong></span> 
     </span>
    </p>

    <p class='ocr_par' dir='ltr' id='par_1_17' title="bbox 114 2621 1605 2674">
     <span class='ocr_line' id='line_1_49' title="bbox 114 2621 1605 2674; baseline 0.013 -21"><span class='ocrx_word' id='word_1_559' title='bbox 114 2621 238 2655; x_wconf 78' lang='lat' dir='ltr'><strong>colicis</strong></span> <span class='ocrx_word' id='word_1_560' title='bbox 261 2628 476 2657; x_wconf 82' lang='lat' dir='ltr'><strong>mentionem</strong></span> <span class='ocrx_word' id='word_1_561' title='bbox 503 2624 650 2660; x_wconf 75' lang='lat' dir='ltr'><strong>fecisset</strong></span> <span class='ocrx_word' id='word_1_562' title='bbox 674 2629 728 2666; x_wconf 92' lang='lat'><strong>10,</strong></span> <span class='ocrx_word' id='word_1_563' title='bbox 754 2631 786 2670; x_wconf 89' lang='lat'><strong>1,</strong></span> <span class='ocrx_word' id='word_1_564' title='bbox 812 2628 868 2662; x_wconf 84' lang='lat'><strong>56.</strong></span> <span class='ocrx_word' id='word_1_565' title='bbox 896 2628 940 2669; x_wconf 86' lang='lat' dir='ltr'><strong>cs.</strong></span> <span class='ocrx_word' id='word_1_566' title='bbox 967 2633 1023 2673; x_wconf 91' lang='lat'><strong>11,</strong></span> <span class='ocrx_word' id='word_1_567' title='bbox 1047 2633 1083 2672; x_wconf 86' lang='lat'><strong>3,</strong></span> <span class='ocrx_word' id='word_1_568' title='bbox 1109 2634 1165 2666; x_wconf 90' lang='grc'><strong>31.</strong></span> <span class='ocrx_word' id='word_1_569' title='bbox 1198 2633 1232 2674; x_wconf 89' lang='grc'><strong>5,</strong></span> <span class='ocrx_word' id='word_1_570' title='bbox 1261 2636 1319 2674; x_wconf 89' lang='grc'><strong>11,</strong></span> <span class='ocrx_word' id='word_1_571' title='bbox 1343 2635 1399 2667; x_wconf 90' lang='lat'><strong>27.</strong></span> <span class='ocrx_word' id='word_1_572' title='bbox 1428 2632 1463 2673; x_wconf 88' lang='lat'><strong>8,</strong></span> <span class='ocrx_word' id='word_1_573' title='bbox 1486 2631 1522 2671; x_wconf 82' lang='lat'><strong>3,</strong></span> <span class='ocrx_word' id='word_1_574' title='bbox 1545 2631 1605 2664; x_wconf 71' lang='lat'><strong>61·</strong></span> 
     </span>
    </p>

    <p class='ocr_par' dir='ltr' id='par_1_18' title="bbox 0 2666 1608 2725">
     <span class='ocr_line' id='line_1_50' title="bbox 0 2666 1608 2721; baseline 0.006 -23"><span class='ocrx_word' id='word_1_575' title='bbox 0 2687 19 2709; x_wconf 53' lang='grc' dir='ltr'><strong>μ.</strong></span> <span class='ocrx_word' id='word_1_576' title='bbox 67 2712 71 2718; x_wconf 84' lang='lat'><strong>.</strong></span> <span class='ocrx_word' id='word_1_577' title='bbox 115 2666 216 2710; x_wconf 77' lang='lat' dir='ltr'><strong>cujus</strong></span> <span class='ocrx_word' id='word_1_578' title='bbox 241 2679 347 2712; x_wconf 86' lang='lat' dir='ltr'><strong>supra</strong></span> <span class='ocrx_word' id='word_1_579' title='bbox 373 2680 421 2702; x_wconf 90' lang='lat' dir='ltr'><strong>m.</strong></span> <span class='ocrx_word' id='word_1_580' title='bbox 448 2670 634 2705; x_wconf 83' lang='lat' dir='ltr'><strong>habuimus</strong></span> <span class='ocrx_word' id='word_1_581' title='bbox 655 2673 692 2716; x_wconf 91' lang='grc'><strong>8,</strong></span> <span class='ocrx_word' id='word_1_582' title='bbox 719 2674 777 2713; x_wconf 63' lang='lat' dir='ltr'><strong>Pr.</strong></span> <span class='ocrx_word' id='word_1_583' title='bbox 805 2676 859 2707; x_wconf 89' lang='grc'><strong>13.</strong></span> <span class='ocrx_word' id='word_1_584' title='bbox 886 2674 930 2716; x_wconf 87' lang='lat' dir='ltr'><strong>cs.</strong></span> <span class='ocrx_word' id='word_1_585' title='bbox 955 2674 990 2717; x_wconf 91' lang='lat'><strong>4,</strong></span> <span class='ocrx_word' id='word_1_586' title='bbox 1015 2679 1049 2715; x_wconf 89' lang='grc'><strong>2,</strong></span> <span class='ocrx_word' id='word_1_587' title='bbox 1076 2679 1132 2714; x_wconf 87' lang='grc'><strong>19.</strong></span> <span class='ocrx_word' id='word_1_588' title='bbox 1172 2678 1207 2721; x_wconf 86' lang='grc'><strong>5,</strong></span> <span class='ocrx_word' id='word_1_589' title='bbox 1230 2682 1266 2721; x_wconf 85' lang='grc'><strong>7,</strong></span> <span class='ocrx_word' id='word_1_590' title='bbox 1288 2681 1344 2713; x_wconf 88' lang='grc'><strong>32.</strong></span> <span class='ocrx_word' id='word_1_591' title='bbox 1382 2679 1440 2719; x_wconf 91' lang='grc'><strong>12,</strong></span> <span class='ocrx_word' id='word_1_592' title='bbox 1470 2679 1523 2718; x_wconf 83' lang='grc'><strong>11,</strong></span> <span class='ocrx_word' id='word_1_593' title='bbox 1552 2675 1608 2708; x_wconf 90' lang='grc'><strong>16.</strong></span> 
     </span>
    </p>
   </div>
   <div class='ocr_carea' id='block_1_7' title="bbox 112 2712 1607 2805">
    <p class='ocr_par' dir='ltr' id='par_1_19' title="bbox 112 2712 1607 2805">
     <span class='ocr_line' id='line_1_51' title="bbox 112 2712 1607 2767; baseline 0.008 -22"><span class='ocrx_word' id='word_1_594' title='bbox 112 2712 298 2748; x_wconf 87' lang='lat' dir='ltr'><strong>mentione</strong></span> <span class='ocrx_word' id='word_1_595' title='bbox 322 2714 443 2748; x_wconf 85' lang='lat' dir='ltr'><strong>habita</strong></span> <span class='ocrx_word' id='word_1_596' title='bbox 465 2716 500 2758; x_wconf 93' lang='lat'><strong>9,</strong></span> <span class='ocrx_word' id='word_1_597' title='bbox 527 2719 562 2760; x_wconf 89' lang='lat'><strong>2,</strong></span> <span class='ocrx_word' id='word_1_598' title='bbox 586 2717 645 2754; x_wconf 88' lang='grc'><strong>63.</strong></span> <span class='ocrx_word' id='word_1_599' title='bbox 681 2719 726 2752; x_wconf 91' lang='lat' dir='ltr'><strong>ad</strong></span> <span class='ocrx_word' id='word_1_600' title='bbox 754 2720 855 2764; x_wconf 83' lang='lat' dir='ltr'><strong>cujus</strong></span> <span class='ocrx_word' id='word_1_601' title='bbox 878 2722 1099 2757; x_wconf 86' lang='lat' dir='ltr'><strong>mentionem</strong></span> <span class='ocrx_word' id='word_1_602' title='bbox 1121 2724 1285 2760; x_wconf 74' lang='lat' dir='ltr'><strong>venimus</strong></span> <span class='ocrx_word' id='word_1_603' title='bbox 1307 2728 1344 2767; x_wconf 86' lang='lat'><strong>7,</strong></span> <span class='ocrx_word' id='word_1_604' title='bbox 1369 2725 1403 2764; x_wconf 89' lang='grc'><strong>3,</strong></span> <span class='ocrx_word' id='word_1_605' title='bbox 1429 2723 1488 2757; x_wconf 86' lang='grc'><strong>36.</strong></span> <span class='ocrx_word' id='word_1_606' title='bbox 1528 2721 1607 2754; x_wconf 77' lang='lat' dir='ltr'><strong>sine</strong></span> 
     </span>
     <span class='ocr_line' id='line_1_52' title="bbox 117 2759 648 2805; baseline 0.013 -14"><span class='ocrx_word' id='word_1_607' title='bbox 117 2766 240 2792; x_wconf 86' lang='lat' dir='ltr'><strong>eorum</strong></span> <span class='ocrx_word' id='word_1_608' title='bbox 264 2759 445 2795; x_wconf 89' lang='lat' dir='ltr'><strong>mentione</strong></span> <span class='ocrx_word' id='word_1_609' title='bbox 467 2760 504 2805; x_wconf 90' lang='lat'><strong>4,</strong></span> <span class='ocrx_word' id='word_1_610' title='bbox 527 2765 563 2805; x_wconf 92' lang='grc'><strong>2,</strong></span> <span class='ocrx_word' id='word_1_611' title='bbox 589 2762 648 2798; x_wconf 85' lang='grc'><strong>48.</strong></span> 
     </span>
    </p>
   </div>
   <div class='ocr_carea' id='block_1_8' title="bbox 0 2797 1609 2919">
    <p class='ocr_par' dir='ltr' id='par_1_20' title="bbox 0 2797 1609 2919">
     <span class='ocr_line' id='line_1_53' title="bbox 0 2797 1608 2872; baseline -0.004 -10"><span class='ocrx_word' id='word_1_612' title='bbox 0 2799 27 2847; x_wconf 48' lang='lat'><strong>3¹</strong></span> <span class='ocrx_word' id='word_1_613' title='bbox 57 2797 275 2872; x_wconf 49' lang='lat' dir='ltr'><strong>‘mentior‘</strong></span> <span class='ocrx_word' id='word_1_614' title='bbox 321 2815 360 2859; x_wconf 75' lang='lat'><strong>⁸)</strong></span> <span class='ocrx_word' id='word_1_615' title='bbox 381 2821 574 2870; x_wconf 61' lang='lat' dir='ltr'><strong>simpliciter</strong></span> <span class='ocrx_word' id='word_1_616' title='bbox 589 2835 601 2855; x_wconf 90' lang='lat'><strong>··</strong></span> <span class='ocrx_word' id='word_1_617' title='bbox 627 2821 743 2865; x_wconf 72' lang='lat' dir='ltr'><strong>Hispo</strong></span> <span class='ocrx_word' id='word_1_618' title='bbox 767 2822 951 2866; x_wconf 81' lang='lat' dir='ltr'><strong>objicienti</strong></span> <span class='ocrx_word' id='word_1_619' title='bbox 984 2824 1040 2859; x_wconf 85' lang='lat' dir='ltr'><strong>bis</strong></span> <span class='ocrx_word' id='word_1_620' title='bbox 1072 2827 1200 2861; x_wconf 84' lang='lat' dir='ltr'><strong>acerba</strong></span> <span class='ocrx_word' id='word_1_621' title='bbox 1234 2826 1403 2870; x_wconf 89' lang='lat' dir='ltr'><strong>crimina,</strong></span> <span class='ocrx_word' id='word_1_622' title='bbox 1439 2821 1608 2859; x_wconf 81' lang='lat' dir='ltr'><strong>Mentiris</strong></span> 
     </span>
     <span class='ocr_line' id='line_1_54' title="bbox 0 2856 1609 2919; baseline 0.001 -25"><span class='ocrx_word' id='word_1_623' title='bbox 0 2872 3 2874; x_wconf 93' lang='lat'>·</span> <span class='ocrx_word' id='word_1_624' title='bbox 116 2856 180 2902; x_wconf 89' lang='grc' dir='ltr'><strong>(Β</strong></span> <span class='ocrx_word' id='word_1_625' title='bbox 194 2867 313 2896; x_wconf 70' lang='lat' dir='ltr'><strong>atim.</strong></span> <span class='ocrx_word' id='word_1_626' title='bbox 339 2876 464 2908; x_wconf 73' lang='lat' dir='ltr'><strong>conyee.</strong></span> <span class='ocrx_word' id='word_1_627' title='bbox 486 2868 562 2900; x_wconf 85' lang='lat' dir='ltr'><strong>Me</strong></span> <span class='ocrx_word' id='word_1_628' title='bbox 585 2878 634 2900; x_wconf 78' lang='lat' dir='ltr'><strong>ex</strong></span> <span class='ocrx_word' id='word_1_629' title='bbox 666 2875 709 2902; x_wconf 74' lang='lat' dir='ltr'><strong>te</strong></span> <span class='ocrx_word' id='word_1_630' title='bbox 732 2869 932 2912; x_wconf 73' lang='lat' dir='ltr'><strong>metiris)</strong></span> <span class='ocrx_word' id='word_1_631' title='bbox 967 2868 1095 2916; x_wconf 72' lang='lat' dir='ltr'><strong>inquit,</strong></span> <span class='ocrx_word' id='word_1_632' title='bbox 1128 2874 1174 2917; x_wconf 64' lang='lat'><strong>6,</strong></span> <span class='ocrx_word' id='word_1_633' title='bbox 1205 2875 1248 2915; x_wconf 73' lang='lat'><strong>3,</strong></span> <span class='ocrx_word' id='word_1_634' title='bbox 1287 2875 1356 2908; x_wconf 84' lang='lat'><strong>100</strong></span> <span class='ocrx_word' id='word_1_635' title='bbox 1391 2873 1428 2906; x_wconf 77' lang='lat' dir='ltr'><strong>S,</strong></span> <span class='ocrx_word' id='word_1_636' title='bbox 1458 2871 1609 2919; x_wconf 21' lang='lat' dir='ltr'><strong>Aju‘nt</strong></span> 
     </span>
    </p>
   </div>
  </div>
 </body>
</html>
