1728 3002
542 158 794 216 Plerumque
825 183 882 192 —
909 159 1054 202 Poena
1457 163 1538 204 063

48 291 94 305 -
120 275 236 318 turpia
259 274 457 310 habeantur
478 275 536 318 11,
554 276 588 318 1,
603 273 662 314 47.
686 279 726 308 ιιι
747 284 822 309 non
841 275 932 309 lecta
950 273 1036 308 mihi
1055 278 1191 308 tantum
1206 285 1260 314 ea,
1288 275 1352 308 sed
1368 275 1538 320 pleraque

47 333 97 358 ex
121 321 201 364 ipso
224 321 296 355 sint
322 320 466 367 cognita
493 320 528 363 5,
555 321 590 363 ’1,
613 323 649 356 7.
694 326 813 364 potest
843 326 963 356 tamen
998 319 1035 354 id
1071 320 1207 364 ipsum,
1244 320 1336 355 siout
1367 322 1537 365 pleraque

12 371 14 374 '
47 367 111 413 (a.
137 373 160 403 1.
181 366 424 411 plerumque),
449 371 592 402 vertere
618 365 750 400 utilitas
778 370 813 410 7,
838 368 874 410 2,
900 365 959 401 40.
984 366 1123 401 animos
1147 367 1192 400 ad
1214 367 1348 412 pleraq.
1373 366 1536 402 duriores

16 415 32 443 .’
47 414 164 456 ipsum
191 414 305 448 robur
324 411 412 446 facit
440 415 474 455 1,
494 415 528 455 1,
543 415 600 446 22.
626 412 819 448 mollienda
836 417 891 448 est
908 412 948 448 in
965 412 1110 458 plerisq.
1135 412 1207 448 alio
1223 413 1348 448 colore
1364 413 1536 456 asperitas

0 495 2 497 .
49 459 221 495 orationis
245 461 302 502 11,
327 462 360 501 1,
383 458 441 494 85.
466 457 512 501 ff.
539 461 597 501 11,
615 461 650 503 2,
677 462 735 494 17.

0 504 272 560 Plerumque.
318 514 349 558 Ι)
378 517 422 549 de
449 516 583 558 gradu:
625 516 716 550 haec
755 516 806 557 pl.
842 514 882 549 in
910 514 1165 559 altercatione,
1232 520 1271 549 ut
1297 514 1335 550 in
1367 515 1534 563 rogandis

48 562 196 597 testibus
227 561 456 607 requiruntur
484 562 522 605 6,
555 563 590 604 3,
620 561 679 597 46.
714 562 967 603 permovendis
1001 562 1127 596 animis
1167 568 1199 596 et
1221 586 1231 596 .
1271 563 1319 604 pl.
1351 562 1534 596 translatio

47 604 190 650 reperta
211 615 267 643 est
288 610 325 652 8,
348 608 384 650 6,
409 609 464 643 19.
500 606 549 648 cf.
577 609 633 650 11,
656 610 691 650 1,
717 610 776 642 23.
820 608 860 642 in
894 609 1096 652 eloquendo
1125 609 1336 653 plerumque
1371 609 1534 642 Homero

49 653 174 689 similis
199 657 252 697 10,
277 657 312 698 1,
334 654 394 688 63.
441 658 480 687 ut
501 653 540 687 in
561 652 762 698 μεταφορᾷ,
783 655 1008 698 μοτωνυμίᾳ,
1032 650 1277 697 α’ντονομασίᾳ
1301 662 1381 698 etc„
1410 655 1531 696 pler.

46 697 244 748 ὑπερβολῇ.
272 702 308 743 9,
332 702 366 743 1,
405 699 439 734 5.
485 699 655 733 funebres
690 699 900 741 contiones,
940 699 1223 742 consolationes,
1259 701 1371 742 pler,
1404 711 1534 735 causae

45 756 205 789 reorum,
227 745 348 780 tristes
374 751 481 790 atque
503 743 708 780 summissae
733 748 789 789 11,
812 748 848 788 3,
877 747 956 781 153.
1003 747 1053 788 ΙΙ)
1079 748 1121 779 de
1153 759 1286 780 numero
1310 759 1353 780 uc
1374 754 1532 790 tempore.

7 830 10 832 q
48 792 91 834 α)
115 794 164 835 pl.
183 792 316 834 optima
338 792 445 826 rebus
471 792 663 826 cohaerent
689 792 726 834 8,
746 793 806 826 Pr.
829 794 889 826 21.
918 793 967 834 pl.
998 803 1019 826 a
1043 792 1190 827 Graecis
1212 794 1374 827 Romana
1397 793 1534 826 dissen-

46 837 141 872 tiunt
164 841 218 880 10,
245 838 279 880 5,
303 840 338 872 3.
372 837 410 871 in
445 837 592 880 scholis,
626 835 752 881 quibus
781 838 832 880 pl.
867 837 1041 878 rusticos.
1085 838 1371 882 superstitiosos,
1403 849 1534 874 avaros

47 891 110 918 etc.
135 883 334 931 effingimus
356 884 394 926 6,
419 886 456 925 2,
490 886 547 917 17.
593 882 781 916 masiliam
814 889 869 917 est
894 884 986 918 ratio
1010 885 1138 928 quaed.
1162 885 1233 918 alte
1255 884 1384 927 petita,
1422 890 1459 918 et
1482 885 1531 926 pl.

46 930 151 972 plura
177 930 402 972 perpendens
429 936 492 963 etc.
516 929 552 971 6,
579 929 614 971 5,
637 930 669 962 3.
695 928 739 970 cdl
764 928 798 969 5.
825 931 883 972 10,
910 929 967 963 24.
996 931 1032 973 9,
1064 933 1100 972 2,
1124 930 1156 964 5.
1184 932 1239 970 10,
1262 931 1299 972 6,
1332 933 1368 964 2.
1408 932 1465 973 11,
1499 933 1531 972 1,

49 974 106 1011 14.
131 978 189 1018 12,
214 977 272 1018 10,
295 974 361 1017 243
391 975 428 1008 in
454 975 592 1020 agendo
615 974 695 1016 plus
717 973 888 1016 impetum
910 983 1020 1016 posse
1041 977 1162 1017 pler.
1189 978 1246 1018 12,
1275 978 1331 1019 10,
1356 977 1413 1010 50.
1442 976 1532 1009 haec

47 1021 191 1058 interim
222 1019 502 1056 necessario
534 1020 646 1063 fiunt,
682 1019 826 1054 interim
859 1022 1004 1064 plen,
1044 1022 1109 1055 sed
1143 1031 1218 1056 non
1249 1021 1533 1056 necessario

47 1069 83 1112 5,
107 1071 164 1108 10,
186 1068 246 1102 80.
274 1068 326 1110 ΡΙ.
354 1066 507 1108 accidit,
539 1072 581 1099 ut
603 1073 667 1100 eto.
694 1069 730 1108 2,
756 1068 790 1108 3,
815 1067 851 1101 8.
896 1072 936 1100 ιιι
957 1067 997 1101 fit
1026 1068 1075 1108 pl.
1105 1070 1139 1110 1,
1176 1070 1208 1109 1,
1245 1069 1304 1102 30.
1332 1072 1372 1100 ut
1408 1077 1532 1102 omnes

46 1121 208 1150 oratores
230 1114 279 1155 pl.
306 1113 471 1147 fecerunt
494 1115 529 1155 7,
553 1113 588 1155 3,
612 1112 670 1146 16.
694 1110 739 1153 cs.
767 1114 823 1155 11,
848 1113 882 1155 1,
909 1113 965 1147 18.
992 1114 1041 1154 ΡΙ.
1072 1114 1165 1148 solet
1200 1116 1236 1156 2,
1274 1112 1310 1156 4,
1344 1115 1405 1147 31.
1450 1124 1533 1147 nam

47 1167 84 1196 et
106 1159 303 1194 Trachalus
342 1160 389 1200 pl.
414 1157 598 1200 sublimis,
633 1162 668 1191 et
691 1157 776 1192 satis
799 1163 941 1199 apertus
962 1158 1053 1202 fuit,
1089 1165 1126 1194 et
1149 1170 1256 1203 quem
1280 1160 1378 1195 velle
1400 1159 1532 1200 optima

47 1208 213 1242 crederes
237 1207 294 1247 10,
319 1207 354 1247 1,
379 1205 458 1239 119.
504 1203 548 1248 β)
571 1204 687 1245 pler.
712 1203 789 1245 ipsa
813 1204 1049 1240 delectatione
1076 1204 1276 1248 capiuntur,
1317 1215 1532 1239 nonnun-

45 1263 183 1298 quam
219 1249 451 1284 admiratione
473 1249 683 1283 auferuntur
712 1250 747 1292 8,
780 1251 816 1294 3,
846 1252 880 1285 5.
925 1250 1114 1284 ridiculum
1151 1251 1283 1284 dictum
1313 1251 1368 1293 pl.
1403 1251 1531 1291 ‚falsum

45 1305 123 1342 est,
158 1298 228 1331 hoc
254 1305 433 1337 semper
454 1294 609 1336 humile;
644 1304 785 1336 saepe
814 1301 869 1330 est
904 1295 1078 1330 industria
1116 1298 1367 1340 depravatum,
1403 1305 1530 1340 prae-

43 1350 184 1380 terea
204 1351 442 1386 nunquam
463 1341 699 1375 honorificum
722 1341 757 1384 6,
782 1343 817 1384 3,
842 1343 875 1375 6.
899 1341 944 1383 cs.
975 1343 1010 1386 9,
1034 1345 1069 1386 3,
1094 1345 1127 1378 3.
1176 1343 1350 1387 quantitas
1374 1352 1530 1387 quoque,

43 1396 86 1425 ut
120 1388 199 1424 dixi
234 1387 335 1431 (Sp.
360 1389 461 1423 inser.
485 1385 727 1431 plerumque),
752 1387 890 1422 etiamsi
913 1399 1004 1423 non
1031 1399 1241 1432 semper,
1273 1390 1387 1431 pler.
1410 1394 1529 1424 tamen

42 1436 159 1472 eidem
182 1434 340 1478 subjacet
360 1436 396 1476 7,
420 1431 456 1478 4,
478 1431 523 1467 41
548 1437 591 1467 Ζ.
616 1434 664 1467 Ν.
697 1446 743 1466 cr.
767 1433 813 1475 cf.
849 1436 884 1477 5,
909 1437 967 1478 10,
994 1435 1047 1470 19.
1082 1438 1137 1478 11,
1161 1438 1194 1479 1,
1218 1436 1275 1470 38.

0 1480 206 1529 Ploratus.
250 1489 440 1525 infantium
461 1489 746 1536 feminarumque
772 1491 821 1532 pL
845 1491 882 1534 a,
905 1492 940 1535 3,
964 1491 1022 1527 68.

0 1537 145 1585 floro..
188 1549 283 1583 Date
304 1557 417 1590 puero
439 1556 589 1589 panem,
627 1559 674 1582 ne
698 1549 817 1590 ploret
848 1548 885 1591 6,
913 1552 947 1592 1,
975 1547 1033 1584 46.
1079 1560 1147 1590 nec
1170 1525 1355 1593 speremus
1376 1549 1469 1594 fore,
1489 1555 1527 1584 ut

42 1595 197 1630 aliena
218 1593 405 1638 quisquam
434 1593 496 1627 diu
517 1594 636 1635 ploret
659 1596 702 1626 ib.
725 1595 783 1629 29.

0 1639 117 1686 Pluo.
162 1661 238 1685 non
258 1649 368 1692 pluit,
389 1669 436 1676 -
458 1649 489 1684 si
511 1649 602 1692 pluit
626 1651 736 1684 Gan,
750 1662 773 1682 a
796 1649 834 1694 6,
852 1651 888 1693 3,
916 1650 973 1686 66.

0 1696 241 1750 flumbeus-
291 1705 511 1747 ponderibus
532 1707 584 1748 ΡΙ.
612 1708 671 1749 11,
691 1708 727 1749 2,
753 1704 812 1740 42.

0 1751 194 1796 muralis·
237 1760 280 1805 μ)
305 1762 389 1806 Aaj.
403 1775 414 1795 .-
447 1763 497 1803 pl.
522 1761 740 1805 (numerum)
770 1764 804 1805 1,
830 1763 865 1805 5,
888 1761 949 1798 42.
980 1761 1142 1809 genitivo
1170 1762 1298 1805 plurali
1331 1766 1365 1806 1,
1400 1764 1435 1806 6,
1455 1763 1525 1799 26.

41 1811 82 1854 β)
109 1810 240 1861 {ub-sin
276 1806 626 1860 cum-singulari
654 1808 866 1849 pluralis
892 1808 1117 1855 subjungitur
1142 1809 1180 1861 9,
1211 1811 1247 1854 3,
1286 1810 1320 1843 8.
1353 1808 1525 1861 singu-

42 1857 170 1901 laria
203 1853 475 1894 plurallbus
509 1859 635 1887 miscet
666 1855 710 1886 ib.
745 1854 805 1888 63.
839 1855 936 1899 quod
975 1855 1183 1895 pluralm
1217 1854 1524 1902 singularner

42 1901 237 1935 efferuntur
260 1900 294 1941 1,
320 1898 353 1940 5,
379 1898 436 1933 16.
465 1897 511 1939 cs.
536 1900 572 1941 8,
595 1899 631 1942 6,
654 1899 712 1936 28.
983 1907 986 1909 ’

0 1943 234 1990 Pluraliter.
289 1959 433 1988 veteres
458 1955 507 1995 pl.
533 1955 712 1996 appellant
734 1954 1004 1998 (cervicem)
1027 1957 1064 1999 8,
1095 1957 1130 1999 3,
1163 1957 1220 1992 35.
1245 1962 1284 1990 ιιι
1312 1957 1440 2001 quaed.
1474 1958 1522 1999 ΡΙ.

6 2032 10 2037 ,
40 2013 117 2038 non
145 2001 306 2034 dicantur
329 2003 362 2042 1,
389 2001 424 2042 6,
448 2001 503 2034 25.
552 2001 633 2041 dico
656 2002 719 2042 pL,
746 2001 842 2044 quod
869 2001 1048 2048 singulare
1070 2007 1124 2036 est
1145 2003 1183 2046 8,
1205 2002 1240 2045 6,
1270 2003 1327 2040 28.
1356 2002 1401 2046 cs.
1428 2005 1462 2046 1,
1486 2005 1520 2047 5,

40 2049 99 2084 16.
123 2053 163 2080 ιιι
187 2047 231 2080 de
250 2055 324 2078 uno
347 2046 395 2086 pl.
417 2045 576 2080 dicamus
598 2047 634 2085 9,
658 2048 693 2088 3,
720 2048 779 2079 20.
1370 2048 1373 2050 ’

0 2093 185 2141 fluvius·
239 2100 380 2143 pluvias
405 2102 463 2145 (a.
488 2106 512 2136 1.
536 2101 740 2147 pluviales)
772 2112 881 2146 aquas
907 2104 961 2145 10,
990 2105 1023 2146 1,
1053 2104 1129 2138 109.

0 2147 337 2242 ΡῖἳιιΙιΞω.11ιέοο.
365 2163 510 2200 epotum
533 2159 569 2202 8,
592 2158 627 2202 6,
652 2158 699 2193 24
720 2171 754 2193 v.
780 2159 938 2201 Epoto.
969 2165 1108 2206 gestum
1140 2160 1308 2202 poculum
1340 2160 1519 2203 poscentis

94 2232 106 2250 ²
175 2230 187 2249 ἱ
289 2227 302 2240 ⁹

0 2265 163 2309 Poema.
209 2274 375 2314 poemata
398 2271 594 2315 (Senecae)
618 2271 783 2305 feruntur
806 2271 862 2314 10,
887 2273 920 2314 1,
949 2273 1028 2307 129.
1051 2271 1180 2316 quibus
1212 2271 1366 2317 (tropis)
1389 2275 1516 2314 poema

41 2325 190 2355 ornatur
214 2321 247 2358 1.
269 2319 304 2361 8,
327 2319 385 2351 16.
426 2317 648 2358 oratoribus,
679 2316 740 2361 qui
762 2323 925 2351 veterum
947 2321 1112 2358 poemata
1145 2319 1273 2355 velad
1295 2319 1401 2352 fidem
1429 2329 1516 2352 cau—

40 2375 160 2400 sarum
187 2364 250 2398 vel
275 2363 321 2396 ad
346 2369 593 2407 ornamentum
624 2363 850 2407 eloquentiae
883 2370 1063 2398 assumunt
1091 2366 1136 2398 ib.
1170 2366 1223 2398 10.
1259 2364 1514 2399 Grammaticus

41 2412 88 2444 de
109 2408 247 2444 ratione
269 2409 437 2452 loquendi
449 2409 478 2443 si
490 2408 694 2443 disserat—
707 2412 870 2450 poemata
891 2415 1033 2444 enarret
1064 2411 1099 2453 1,
1121 2413 1157 2453 2,
1175 2408 1229 2443 14.
1254 2413 1383 2452 poema
1407 2421 1514 2445 nemo

41 2454 255 2491 dubitaverit
281 2454 444 2496 imperito
468 2456 575 2500 quod.
601 2453 702 2489 initio
726 2455 844 2488 fusum
867 2460 903 2489 et
928 2454 1065 2489 aurium
1098 2466 1264 2489 mensura
1296 2461 1333 2490 et
1355 2455 1515 2491 similiter

8 2534 13 2540 ,
41 2500 302 2541 decurrentium
320 2500 511 2542 spatiorum
531 2500 781 2536 observatione
797 2511 875 2535 esse
891 2507 1117 2547 generatum;
1143 2511 1232 2535 mox
1247 2502 1285 2536 in
1296 2512 1341 2536 eo
1353 2508 1514 2543 repertos

0 2545 14 2587 ”,
40 2547 151 2592 pedes
172 2547 208 2589 9,
232 2545 268 2590 4,
293 2545 374 2583 114.
399 2558 503 2590 quem
532 2546 570 2580 in
601 2549 767 2590 poemate
796 2546 916 2580 locum
946 2547 1054 2581 habet
1084 2547 1324 2591 versificatio,
1365 2558 1448 2582 eum
1473 2548 1511 2582 in

2 2587 207 2648 ,oratione
228 2591 438 2635 compositio
473 2595 516 2626 ib.
553 2592 631 2627 116.
665 2591 834 2626 Horatius
868 2603 914 2626 ne
933 2591 972 2625 in
988 2596 1154 2634 poemate
1177 2593 1318 2637 quidem
1340 2594 1511 2630 humilem

0 2674 3 2676 ,
31 2637 186 2688 'generis
202 2638 307 2682 hujus
331 2638 380 2680 (ἰ.
409 2651 438 2676 e,
460 2636 689 2679 fabellae)
711 2649 816 2671 usum
838 2637 976 2679 putavit
999 2638 1033 2682 5,
1058 2641 1112 2681 11,
1133 2640 1191 2673 20.

84 2697 153 2725 Im·
200 2693 242 2738 α)
269 2707 298 2737 ο.
321 2695 431 2740 Adj..·
461 2693 688 2741 gravissimas
710 2703 746 2736 p.
775 2697 831 2738 12,
857 2697 891 2737 1,
921 2697 955 2729 3.
986 2694 1115 2739 injusta
1134 2696 1295 2740 —justa
1324 2706 1360 2740 Ρ.
1391 2697 1425 2737 5,
1457 2695 1511 2738 14,

11 2739 215 2788 „17.-quaa
237 2749 271 2782 p.
298 2741 380 2776 adv.
405 2741 673 2776 interfectorem
706 2739 815 2782 patris
844 2740 936 2782 iusta
966 2745 1020 2776 est
1050 2743 1085 2783 5,
1125 2742 1182 2783 10,
1211 2744 1269 2779 88.
1303 2752 1339 2784 Ρ.
1368 2741 1443 2777 levi
1465 2761 1510 2769 --
