1794 2976
587 204 763 249 Vacuus
791 227 846 238 —
877 202 1014 247 Valeo
1368 212 1374 213 ’
1481 206 1563 246 933

83 327 149 369 12,
175 326 220 367 1,
244 321 282 358 4.
303 331 379 357 non
403 319 574 356 discendo
596 325 731 355 tantum
748 318 825 362 juri
850 329 1003 361 vacare,
1039 318 1103 351 sed
1126 316 1232 352 etiam
1255 317 1418 352 docendo
1442 319 1485 352 fb.
1510 320 1565 352 10.

79 367 226 418 ingenia
247 367 376 404 melin·
397 366 475 403 aliis
496 372 665 403 vacatura
688 370 722 409 1,
745 367 789 409 8,
814 366 882 408 183
910 375 977 398 nec
1004 369 1122 408 potest
1144 363 1178 398 ei
1206 364 1374 407 credere,
1399 369 1459 398 aut
1481 374 1566 408 pro-

78 421 168 462 pter
201 425 284 450 eum
316 414 440 448 dolere
474 418 511 447 et
542 412 649 447 irasci
682 413 812 455 judex,
848 410 922 445 cui
953 415 1051 455 putat
1084 410 1155 443 hoc
1191 421 1322 446 vacare
1349 413 1390 452 9,
1413 410 1458 452 4,·
1486 407 1578 444 143.”

81 461 120 508 y)
134 473 175 496 c.
203 459 271 502 lus.
285 473 298 495 :
319 470 394 494 non
415 457 558 495 vacabit
580 457 750 493 inchoare
774 458 862 491 haee
885 456 999 491 studia
1023 459 1055 497 1,
1081 458 1139 498 12,
1168 458 1222 489 12.
1254 461 1337 490 tunc
1360 461 1396 490 et
1419 455 1567 503 elegiam

80 506 224 543 vacabit
247 506 286 540 in
308 515 431 540 manus
454 515 595 540 sumere
619 507 676 547 10,
701 508 734 547 1,
762 504 828 545 58;
861 502 919 538 cui
943 512 1022 537 esse
1050 502 1183 535 diserto
1214 507 1318 535 vacet
1344 505 1398 545 11,
1426 505 1459 544 1,
1486 503 1543 536 50.

36 550 227 603 Vacuus·
270 562 524 607 relinquendae
561 572 698 597 vacuae
731 561 880 594 tabellae
906 561 967 601 10,
991 560 1034 600 3,
1057 559 1114 593 32.
1151 569 1255 592 aures
1288 569 1469 593 vacuas
1494 563 1566 602 atq.

82 610 290 645 eruditas
326 621 404 652 opp.
442 613 653 652 occupatum
687 607 798 642 variis
819 603 1106 652 'cogitationibus
1137 610 1173 638 et
1201 604 1415 638 ineruditum
1441 605 1504 646 10,
1532 607 1565 647 1,

82 657 140 690 32.
161 654 328 690 vacuis
353 659 388 688 et
411 653 544 687 nudis
568 651 738 695 (manibus)
766 655 821 695 11,
845 655 881 694 2,
907 652 966 685 42.
998 650 1028 684 si
1054 650 1252 684 defecerint
1278 650 1367 692 alia,
1390 649 1566 684 conviciis

78 701 228 746 implent
260 710 375 735 vacua
413 710 596 733 causarum
628 702 695 743 12,
720 701 763 741 9,
787 699 822 734 8.
856 698 951 731 inter
979 696 1116 731 medios
1148 707 1269 731 rerum
1302 702 1401 730 actus
1434 696 1567 740 aliquid

82 746 222 782 invenit
244 749 353 781 vacui
375 746 432 787 10,
454 746 490 788 6,
515 748 548 783 1.

0 798 2 802 ’
36 791 221 835 vadum·
256 802 328 836 illis
351 801 519 854 (Graecis
542 799 751 854 oratqn'bus)
774 799 892 834 facilis
922 809 989 843 per
1019 797 1196 851 quaelibet
1225 799 1346 851 vada
1379 809 1564 851 accessus:

80 859 151 937 {ego
174 847 316 929 :gi-quid
345 864 389 873 —
418 849 595 890 altius,
622 857 660 881 m
685 857 756 891 quo
788 857 867 880 mea
897 845 1025 890 cymba
1056 854 1131 878 non
1153 845 1262 888 sidat,
1294 855 1475 880 inveniam
1509 847 1564 888 12,

35 939 238 995 vaginae
257 949 374 998 gladio
398 948 492 983 intra
516 960 555 985 v.
582 960 682 983 suam
703 947 864 983 haerenti
886 948 922 990 8,
947 948 1004 981 Pr.
1031 948 1087 983 15.

36 1006 236 1064 Vagitus.
276 1018 415 1063 fumus
439 1016 749 1062 eloquentissimus
775 1015 885 1050 edidit
911 1015 1103 1059 aliquando
1135 1013 1293 1061 vagitum
1322 1017 1358 1058 1,
1384 1016 1418 1059 1,
1440 1017 1498 1051 21.

36 1073 202 1131 Vagor-
241 1085 324 1132 quia
350 1097 431 1120 cum
453 1085 641 1129 juvenibus
664 1096 729 1130 per
752 1084 861 1119 silvas
885 1089 1035 1130 vagetur
1058 1083 1093 1126 5,
1119 1083 1155 1126 9,
1185 1085 1239 1117 12.

43 1141 201 1198 Vagus·
245 1152 330 1200 vagi
353 1165 418 1198 per
443 1153 551 1198 silvas
578 1153 650 1188 ritu
671 1154 827 1187 ferarum
848 1154 884 1197 8,
908 1154 949 1196 3,
959 1153 1023 1202 81.
1054 1163 1094 1188 v.
1117 1157 1242 1198 gentes
1266 1153 1301 1195 3,
1325 1154 1360 1195 2,
1383 1149 1419 1185 4.
1443 1161 1482 1186 v.
1503 1148 1566 1184 illa

79 1199 269 1234 multitudo
292 1202 327 1243 2,
351 1201 408 1240 16,
432 1202 468 1235 9.

39 1243 194 1286 Valde·
238 1254 281 1299 1)
304 1267 341 1292 v.
365 1255 462 1291 utilis
484 1253 522 1300 4,
540 1253 578 1298 4,
600 1258 635 1289 2.
659 1267 696 1291 v.
722 1266 844 1290 senem
867 1257 923 1298 12,
949 1257 1006 1298 11,
1029 1256 1063 1289 3.
1090 1253 1148 1288 cui
1175 1252 1250 1288 cic.
1272 1265 1311 1288 v.
1335 1251 1487 1297 placebit
1512 1255 1567 1294 10,

83 1304 121 1344 1,
150 1304 227 1335 112.
252 1311 341 1348 quos
365 1301 442 1346 ipse
467 1313 506 1336 v.
528 1301 656 1345 probet
681 1304 736 1344 10,
761 1304 794 1343 1,
819 1301 877 1336 45.
909 1300 1074 1345 quotiens
1098 1300 1246 1335 verbum
1269 1299 1384 1335 verbo
1409 1304 1469 1332 aut
1494 1307 1567 1332 uon

83 1346 252 1381 dissimile
276 1359 314 1382 v.
340 1347 521 1392 quaeritur
545 1355 604 1381 etc.
631 1348 674 1389 9,
698 1349 739 1388 3,
766 1347 810 1381 75
830 1350 873 1381 Ζ.
899 1345 1015 1390 [Satis
1038 1351 1092 1380 est
1117 1351 1223 1382 vetus
1249 1346 1394 1380 valde
1426 1345 1499 1385 (sic
1523 1348 1566 1378 Z.

63 1394 129 1434 ,de
147 1392 257 1436 conj.)
277 1393 314 1436 8,
342 1395 377 1436 3,
400 1395 446 1429 25
466 1395 502 1426 S.
527 1404 559 1427 υ.
578 1391 731 1436 Satis]
760 1405 795 1426 υ.
817 1392 1032 1426 Utiliter.
1078 1391 1129 1435 11)
1157 1394 1311 1434 Compar.
1335 1392 1566 1424 validius.-

83 1439 325 1473 demensa-are
347 1439 498 1474 virtutes
521 1446 597 1480 eia,
621 1438 657 1472 id
680 1438 913 1481 professionis
936 1439 1012 1482 ejus
1039 1456 1082 1462 —
1105 1437 1262 1471 maxime
1286 1436 1465 1480 proprium
1495 1441 1566 1477 est;

89 1494 136 1523 eo
159 1481 302 1528 quidem
325 1485 496 1527 validius,
530 1485 626 1528 quod
650 1495 722 1517 nou
747 1484 870 1528 utique
895 1485 991 1517 hunc
1014 1484 1170 1517 laborem
1196 1483 1399 1516 docentium
1427 1483 1568 1525 postulo

84 1531 196 1573 2‚.5,‚
225 1533 259 1564 5.
279 1531 487 1564 ·verborum
519 1530 778 1575 magnificentia
810 1541 883 1562 non
912 1531 983 1562 val.
1009 1535 1063 1562 est
1087 1530 1281 1562 affectanda
1304 1528 1481 1561 suasorias
1505 1528 1569 1560 de-

86 1574 317 1608 clamantibus
339 1576 382 1617 3,
406 1576 449 1616 8,
479 1575 536 1609 61.
568 1585 639 1618 quo
662 1585 719 1608 me
750 1585 788 1607 v.
813 1574 984 1608 cruciaret
1013 1575 1056 1615 6,
1080 1575 1137 1608 Pr.
1164 1575 1198 1608 8.
1234 1579 1366 1617 quanto
1392 1585 1429 1607 v.
1455 1574 1569 1606 bonos

87 1619 225 1654 inhibet
248 1621 365 1664 pudor
387 1631 492 1664 quam
519 1625 634 1653 metus
653 1620 689 1662 9,
706 1622 740 1662 2,
758 1621 814 1653 76.
839 1625 938 1653 utros
960 1630 1109 1663 peccare
1132 1631 1170 1654 v.
1190 1625 1310 1663 putem
1338 1621 1393 1661 10,
1414 1620 1447 1661 3,
1467 1621 1510 1653 12
1522 1620 1570 1654 Ν.

40 1674 207 1717 valeo-⁵
234 1688 286 1729 ι)
318 1689 527 1730 simpliciter:
563 1687 733 1731 quidquid
767 1687 805 1720 in
836 1698 902 1721 suo
940 1698 1071 1732 genere
1105 1685 1187 1719 satis
1218 1686 1452 1720 effectum
1482 1691 1568 1729 est,

85 1734 214 1769 valet
235 1734 280 1775 8,
303 1735 346 1775 3,
372 1734 431 1767 88.
469 1732 499 1766 si
531 1743 606 1766 non
639 1739 787 1776 possunt
808 1735 932 1767 valere
952 1733 1200 1775 (argumenta),
1234 1732 1316 1776 (luia
1339 1743 1465 1777 magua
1487 1731 1570 1774 sint,

87 1778 280 1821 valebunt,
306 1778 388 1822 qnia
417 1780 527 1812 multa
550 1779 620 1812 sint
643 1779 677 1821 5,
703 1781 757 1822 12,
783 1779 805 1813 5
825 1780 870 1812 Ν.
888 1792 934 1812 cr.
961 1779 1130 1812 universa
1153 1779 1274 1812 valent
1297 1779 1379 1821 (Sp.
1408 1776 1570 1820 nocent),

88 1823 225 1858 etiamsi
251 1834 324 1858 non
350 1824 518 1866 fulmine,
550 1829 666 1858 tamen
692 1831 731 1858 ut
758 1824 928 1870 grandine
960 1827 1004 1857 ib.
1028 1828 1071 1858 Z.
1105 1823 1166 1856 ubi
1191 1824 1252 1856 illa
1278 1821 1407 1865 (arma)
1430 1824 1572 1857 valeant

88 1871 132 1911 5,
157 1871 223 1912 10,
248 1869 326 1903 114.
352 1871 441 1903 haec
464 1869 687 1913 amplificatio
710 1870 792 1904 alibi
821 1870 974 1914 posita
999 1875 1088 1911 est,
1119 1869 1202 1902 alibi
1226 1871 1357 1904 valet
1380 1870 1424 1911 8,
1444 1868 1488 1912 4,
1513 1869 1569 1903 15.

88 1921 269 1959 utcunque
305 1916 419 1949 valuit
454 1917 673 1949 consuetudo
705 1917 746 1958 9,
783 1917 826 1958 3,
859 1919 889 1948 1.
932 1915 1080 1959 plurima
1114 1915 1250 1948 Gallica
1287 1915 1495 1955 valuerunt.
1531 1919 1573 1948 ut

88 1962 229 1994 rheda
253 1967 314 1994 etc.
342 1964 383 2003 1,
411 1961 455 2002 5,
481 1962 544 2003 57;
576 1972 657 1994 cum
683 1961 711 1995 C
736 1973 777 1995 ac
801 1961 962 1995 similiter
986 1962 1015 1994 G
1040 1971 1113 1994 non
1142 1962 1422 2002 valuerunt,
1454 1960 1512 2003 (h.
1539 1973 1569 1993 e.

90 2019 169 2039 non
194 2009 308 2039 satis
334 2008 486 2039 valide
510 2010 875 2049 pronuntiantur}
906 2007 993 2040 inT
1019 2018 1059 2040 ac
1086 2008 1120 2039 D
1146 2005 1431 2039 molliuntur
1455 2009 1488 2048 1,
1513 2008 1571 2048 11,

90 2053 171 2086 5Ν.
218 2051 259 2096 β)
285 2054 444 2086 c.A11rib.
473 2051 505 2092 a)
521 2065 550 2085 c.
566 2053 797 2094 Neutr.Adj..·
823 2052 948 2086 aliud
972 2052 1041 2085 alio
1067 2054 1147 2085 loco
1171 2053 1278 2093 valet,
1302 2057 1342 2083 nt
1367 2055 1513 2084 lectus
1535 2056 1573 2085 et

90 2099 278 2140 sapiens
304 2100 343 2141 1,
367 2095 410 2138 4,
435 2100 493 2130 27.
522 2099 647 2142 quaed.
671 2097 800 2141 (signa)
824 2105 859 2132 et
886 2104 1081 2132 retrorsum
1107 2098 1225 2131 idem
1254 2098 1376 2131 valent
1403 2098 1444 2139 5,
1468 2098 1511 2139 9,
1535 2097 1572 2131 6.

89 2145 188 2177 valet
215 2142 337 2176 idem
362 2142 551 2187 Chrysippi
575 2143 654 2176 finis
679 2147 720 2186 2,
745 2145 808 2186 15,
834 2146 888 2178 35.
927 2143 974 2185 cs.
998 2145 1042 2186 9,
1066 2147 1107 2186 2,
1133 2144 1210 2177 105.
1235 2143 1325 2184 duo,
1364 2153 1455 2187 quae
1478 2143 1572 2176 idem

91 2188 401 2234 significant,
426 2200 467 2222 ac
492 2191 756 2222 tantundem
779 2190 943 2224 valent
968 2193 1010 2231 1,
1036 2191 1076 2231 5,
1104 2190 1138 2222 4.
1164 2201 1363 2231 pransus
1387 2199 1429 2221 ac
1452 2196 1575 2231 potus

92 2233 334 2268 diversum
366 2235 486 2268 valent
518 2238 560 2276 1,
589 2234 633 2276 4,
663 2237 723 2270 29.
754 2247 785 2269 v.
811 2235 1057 2281 Significo.
1095 2246 1177 2268 cum
1206 2235 1348 2268 valeant
1376 2236 1573 2267 multum

90 2280 203 2314 verba
229 2291 294 2323 per
316 2289 355 2313 se
380 2283 436 2322 11,
459 2279 494 2321 3,
518 2282 553 2314 9.
579 2292 659 2314 cum
683 2286 853 2314 tantum
877 2282 937 2315 ille
964 2282 1083 2315 valeat
1106 2282 1262 2313 alternus
1288 2283 1354 2322 11,
1381 2282 1420 2322 2,
1446 2281 1502 2314 38.
1528 2278 1574 2320 ed:

93 2329 138 2367 7,
162 2324 204 2366 4,
233 2326 291 2359 23.
327 2331 550 2368 quantum
584 2332 706 2359 nostra
737 2326 869 2362 valebit
900 2326 1083 2360 infirmitas
1113 2328 1168 2360 Pr.
1193 2328 1250 2358 22.
1278 2326 1361 2358 dum
1383 2325 1480 2360 levia
1503 2325 1573 2359 sint

93 2381 136 2404 ac
158 2370 291 2412 nitida,
324 2377 540 2414 quantum
563 2373 725 2412 valeant,
759 2372 849 2405 nihil
871 2372 1043 2406 interesse
1071 2374 1112 2409 5,
1137 2374 1200 2412 12,
1225 2372 1282 2405 18.
1314 2370 1358 2411 cs.
1384 2374 1423 2412 1,
1450 2373 1516 2414 12,
1540 2373 1576 2404 2.

92 2417 198 2459 plus
220 2427 304 2449 usus
328 2416 406 2449 sine
436 2417 597 2450 doctrina
633 2429 736 2461 quam
760 2417 847 2450 citra
869 2429 971 2451 usum
997 2417 1156 2451 doctrina
1182 2418 1280 2451 valet
1305 2419 1346 2449 12
1361 2442 1371 2458 ,
1395 2418 1439 2458 6,
1462 2415 1496 2449 4.
1525 2416 1573 2457 es.

93 2463 130 2504 9,
156 2460 192 2503 4,
215 2464 275 2496 25.
305 2466 404 2494 tanto
427 2463 532 2505 plus
552 2463 707 2505 valet,
741 2469 874 2506 quanto
898 2474 957 2497 res
980 2463 1056 2506 ipsa
1080 2462 1201 2497 verbis
1224 2468 1293 2495 est
1317 2461 1518 2495 firmior
1539 2463 1575 2500 8.

91 2506 135 2548 4,
160 2507 224 2541 26.
243 2517 335 2550 quae
358 2505 594 2550 (affirmatio)
621 2508 763 2542 interim
788 2510 893 2551 plus
918 2508 1003 2552 ipsis
1029 2507 1300 2552 probationibus
1332 2509 1429 2541 valet
1451 2510 1515 2549 11,
1537 2509 1574 2548 3,

93 2550 174 2587 154.
198 2553 321 2588 valere
344 2552 577 2596 plurimum
602 2556 634 2596 1,
658 2557 694 2596 7,
716 2556 772 2588 30.
793 2555 947 2588 transfer
969 2555 1040 2587 hoc
1062 2553 1241 2594 ultimmn‚
1265 2552 1419 2587 minus
1441 2553 1574 2588 valebit

92 2599 129 2640 9,
152 2597 188 2641 4,
215 2600 270 2632 30.
297 2608 387 2642 quae
411 2597 556 2641 (finitio)
581 2598 611 2632 si
633 2610 793 2643 parum
815 2600 949 2635 valebit
972 2603 1006 2642 7,
1030 2601 1074 2641 8,
1097 2602 1133 2633 2.
1169 2598 1298 2632 milites
1321 2598 1399 2633 sine
1421 2598 1576 2643 impera-

95 2648 174 2677 tore
196 2643 321 2677 nihil
346 2644 467 2678 valere
491 2645 532 2686 5,
558 2647 623 2686 11,
647 2645 705 2679 26.
734 2646 833 2690 leges
861 2645 959 2689 ipsae
983 2644 1111 2678 nihil
1136 2646 1301 2686 valeant,
1332 2644 1401 2678 nisi
1424 2652 1486 2678 etc.
1517 2647 1574 2687 12,

95 2691 136 2731 7,
155 2692 189 2723 1.
216 2697 278 2722 eie.
302 2692 336 2731 2,
362 2693 419 2731 17,
446 2691 503 2724 28.
555 2689 596 2732 b)
620 2702 648 2723 c.
673 2691 807 2724 Adae.
825 2691 887 2734 qui
909 2697 1036 2724 recte.
1058 2691 1177 2725 valeat
1200 2692 1240 2731 5,
1267 2692 1330 2730 10,
1354 2691 1410 2725 16.
1434 2692 1576 2734 quaudo

93 2744 246 2768 res¹nec
274 2736 348 2768 ulla
374 2735 467 2768 sine
485 2740 561 2768 arte
591 2736 716 2768 satis
741 2737 859 2770 valeat
888 2738 933 2778 9,
957 2735 1000 2779 4,
1024 2739 1058 2770 7.
1097 2735 1144 2768 in
1180 2735 1320 2779 judiciis
1351 2736 1578 2780 praeteritum

96 2784 237 2824 tempus
258 2780 464 2815 maxime
489 2782 584 2815 valet
612 2783 647 2824 7,
668 2783 712 2824 2,
737 2783 771 2815 3.
804 2781 847 2823 cjl
873 2782 914 2824 6,
939 2784 981 2825 3,
1007 2784 1065 2826 57.
1089 2783 1125 2825 8,
1148 2782 1183 2824 6,
1207 2783 1264 2815 20.
1292 2782 1407 2817 mire
1429 2782 1467 2817 in
1494 2792 1579 2815 cau-
