1728 3002
144 155 228 194 448
661 152 901 195 Intumesco
930 178 986 185 ——
1009 152 1175 197 ¹Invado

189 265 371 312 ingenium
394 278 519 312 presso
543 268 736 311 limatoque
761 278 892 314 genere
916 267 1059 302 (licendi
1082 270 1234 316 gaudeat
1268 273 1312 314 2,
1339 273 1382 316 8,
1409 270 1443 306 4.
1497 274 1583 318 qnid
1610 280 1683 308 tum

192 314 390 357 expediret,
415 315 561 348 intuitus
589 317 668 358 7,1,
691 317 743 347 12.
774 315 801 347 si
828 325 899 347 non
931 317 1364 361 expectaverimus,
1389 319 1475 363 quid
1500 321 1682 364 obveniat,

191 361 255 393 sed
284 360 371 403 quid
393 372 450 395 res
473 366 597 404 poscat
627 367 688 393 eie.
712 360 878 393 intuiti
909 364 963 404 10,
989 363 1022 404 3,
1049 363 1106 396 15.
1150 363 1209 406 qui
1238 363 1364 406 judicis
1391 365 1540 410 animus,
1565 367 1684 402 intuiti

193 409 251 448 10,
275 408 314 448 3,
344 406 398 440 15.
439 415 506 452 pro
529 418 590 448 re,
624 417 690 450 pro
714 413 874 450 tempore
898 407 1066 441 intuenda
1092 415 1193 451 sunt,
1229 421 1319 453 quae
1345 411 1484 454 prosint
1505 411 1541 456 4,
1564 417 1599 457 2,
1625 413 1683 448 84.

189 452 420 496 intuendum,
445 453 530 497 quid
554 454 597 486 sit
623 458 733 486 status
760 461 821 486 eie.
845 455 879 495 3,
904 454 938 496 6,
967 457 998 487 1.
1035 464 1106 498 quo
1130 455 1243 501 magis
1267 455 1478 491 intuendum
1502 465 1568 503 est,
1593 471 1684 505 qno-

189 510 304 542 usque
330 507 390 534 etc.
420 501 454 543 8,
482 501 516 542 6,
541 498 598 534 74.
645 499 687 540 cs:
715 499 749 541 5,
780 502 833 541 12,
860 502 912 533 11.
950 501 993 542 8,
1018 501 1074 534 Pr.
1101 502 1134 535 8.
1174 503 1208 543 9,
1235 504 1268 544 1,
1295 504 1350 536 10.
1388 504 1423 545 9,
1446 506 1481 546 2,
1502 503 1574 547 84,
1611 503 1682 540 hoe

189 546 342 590 primum
367 546 569 588 intuemur,
605 544 792 592 litigatoris
818 557 872 579 an
899 547 1063 580 advocati
1091 558 1242 590 persona
1267 548 1312 582 sit
1335 550 1508 584 utendum
1532 549 1566 591 4,
1582 551 1683 594 1,4‹i.

191 591 237 633 cs.
264 594 299 635 5,
329 595 391 635 11,
416 593 449 627 6.
493 593 526 635 5,
553 594 609 634 13,
635 591 669 626 4.
707 591 944 633 intuebimur,
970 598 1181 639 negeturne
1206 595 1339 628 factum
1364 597 1398 637 3,
1431 598 1487 639 10,
1512 598 1545 631 5.
1578 608 1622 631 ea
1645 598 1682 631 in

186 644 264 672 toto
290 650 421 686 genere
442 639 631 679 intuenda,
656 639 686 671 A
704 650 724 671 n
750 637 794 671 sit
814 638 967 671 crudelis
993 647 1054 673 etc.
1081 639 1114 682 5,
1133 642 1280 683 13‚2o.‘
1310 637 1343 675 ὃ)
1369 654 1435 685 seq.
1460 649 1501 675 ut
1526 650 1585 675 aut
1609 656 1679 676 ne:

186 686 386 719 accusatori
413 685 524 719 nihilo
550 687 652 728 plura
679 684 847 717 intuenda
875 690 967 726 sunt,
997 691 1100 728 quam
1126 691 1173 718 ut
1197 686 1325 729 probet
1339 687 1484 731 factum,
1508 688 1578 722 hoc
1603 700 1682 724 esse

185 731 321 766 factum
337 740 395 765 etc.
413 734 447 772 3,
462 733 496 774 6,
509 732 566 765 85.
591 736 630 763 ut
653 731 940 772 intueamur,
967 737 1026 764 aut
1044 737 1154 774 certe,
1179 732 1208 765 si
1228 732 1377 779 digressi
1400 734 1587 778 fuerimus,
1612 736 1682 769 sal-

186 784 260 812 tem
283 777 600 823 respiciamus,
625 788 681 811 ne
704 778 864 821 plausum
888 776 1132 811 affectantibus
1156 789 1254 812 arma
1279 779 1449 814 excidant
1472 782 1506 823 3,
1531 782 1658 823 11,26.

137 836 396 878 lutumesco.
430 844 724 928 qua8(potes1ate)
748 846 819 879 hoc
842 844 1026 879 hominum
1052 856 1164 891 genus
1194 845 1231 891 (ἰ.
1253 859 1282 881 e.
1307 834 1593 892 paedagogi)
1621 847 1681 883 in-

184 900 357 929 tumescat
381 897 414 937 1,
441 897 472 936 1,
523 917 533 927 .

135 940 271 984 Intus·
311 952 341 986 si
364 949 521 996 porrecti
543 948 710 993 utrinque
734 947 950 983 undeviceni
976 945 994 991 (
1002 946 1120 991 pedes)
1148 947 1295 995 singulis
1322 948 1475 993 distent,
1501 960 1576 984 non
1598 951 1680 997 plu-

184 1010 243 1033 res
273 998 367 1032 intus
395 998 587 1043 quadratos
613 996 793 1029 habebunt
819 998 851 1038 1,
871 997 928 1038 10,
951 993 1011 1030 44.
1041 994 1173 1039 pollice
1196 995 1260 1030 int.
1286 994 1458 1032 inclinato
1484 998 1542 1041 11,
1562 998 1597 1040 3,
1620 998 1676 1034 99.

183 1057 216 1079 v.
242 1046 388 1079 Intro.

137 1088 320 1132 Innitus-
362 1102 524 1147 querelas
553 1108 615 1135 etc.
652 1110 728 1133 non
753 1098 884 1132 inultas
910 1097 1064 1142 patietur
1090 1099 1147 1141 12,
1170 1101 1206 1141 7,
1228 1100 1264 1133 2.

135 1147 424 1190 Inumbratus.
473 1157 585 1192 amnis
608 1156 808 1192 virentibus
831 1155 997 1200 utrinque
1022 1154 1123 1189 silvis
1149 1154 1372 1189 inumbratus
1398 1157 1465 1199 12,
1493 1157 1550 1200 10,
1573 1156 1631 1191 60.

132 1203 388 1246 Inul'banus·
429 1223 484 1251 est
511 1215 654 1250 interim
680 1220 716 1249 et
741 1219 926 1258 aspectus,
961 1218 998 1247 et
1021 1212 1160 1247 habitus
1186 1211 1280 1257 oris,
1317 1218 1353 1247 et
1374 1218 1495 1261 gestus
1519 1223 1594 1248 non
1620 1212 1678 1247 in-

149 1306 153 1309 *
179 1263 335 1296 urbanus
360 1264 395 1306 6,
419 1265 454 1305 3,
479 1263 535 1296 26.

131 1306 278 1348 lsslll'O·
326 1319 460 1354 inustas
489 1329 607 1352 comas
634 1319 679 1359 2,
704 1317 747 1358 5,
773 1319 830 1350 12.

133 1363 320 1406 Inutilis.
359 1376 401 1420 α)
427 1378 579 1419 proprie:
616 1384 691 1407 non
714 1373 876 1406 inutilem
898 1369 1013 1405 litium
1035 1372 1248 1407 advocatum
1274 1373 1331 1415 12,
1361 1373 1394 1415 1,
1410 1371 1467 1406 25.
1491 1381 1568 1406 non
1582 1370 1674 1406 inut.

178 1433 293 1469 genus
322 1420 592 1456 exercitationis
615 1423 650 1463 2,
675 1417 710 1462 4,
739 1419 797 1452 26.
836 1428 910 1451 non
938 1417 1026 1453 inut.
1051 1428 1189 1452 morem
1214 1421 1255 1460 1,
1281 1420 1322 1460 2,
1346 1420 1403 1452 23.
1443 1428 1524 1452 eum
1547 1420 1673 1459 (omio-

177 1470 264 1511 rem)
289 1480 356 1502 nec
385 1467 605 1502 inutilem
629 1483 674 1490 —
698 1475 816 1508 neque
843 1482 882 1487 —
910 1474 988 1497 esse
1012 1463 1278 1508 imperitum
1300 1463 1412 1499 velim
1437 1466 1493 1506 12,
1517 1465 1552 1506 3,
1575 1466 1610 1498 5.
1635 1470 1675 1497 ut

177 1525 253 1549 non
277 1516 323 1548 sit
345 1515 405 1548 ille
429 1515 517 1548 inut.
542 1522 670 1548 versus
695 1511 729 1553 5,
764 1512 816 1552 13,
840 1508 898 1543 42.
945 1509 989 1553 β)
1013 1512 1037 1542 ἰ.
1064 1523 1093 1555 q.
1122 1512 1301 1542 noxius.-
1330 1520 1448 1553 neque
1473 1519 1540 1543 nos
1564 1508 1672 1542 simus

178 1567 252 1595 tam
275 1561 446 1604 humiles,
470 1566 528 1603 ut,
556 1569 646 1603 quae
669 1557 873 1597 laudamus,
897 1554 1037 1589 inutilia
1060 1556 1247 1589 credamus
1274 1557 1330 1597 11,
1358 1558 1392 1597 1,
1423 1556 1478 1588 13.
1511 1555 1672 1589 inutilem

176 1609 307 1641 horum
331 1609 492 1642 locorum
519 1603 762 1652 cognitionem
787 1603 821 1644 5,
848 1603 903 1643 10,
929 1602 1007 1636 119.
1042 1601 1104 1634 ubi
1133 1599 1344 1643 inutiles
1379 1611 1422 1635 ac
1454 1600 1673 1635 nefariae

179 1659 300 1688 essent
325 1651 495 1696 (figurae)
521 1652 556 1694 9,
581 1654 616 1694 2,
641 1651 686 1684 79
710 1650 755 1682 Ν.
793 1646 1017 1681 inutilius
1041 1657 1086 1680 an
1110 1646 1297 1681 foedius
1322 1644 1472 1690 (vitium)
1492 1649 1547 1690 11,
1560 1648 1595 1688 3,
1608 1647 1671 1688 57;

180 1701 250 1743 adj.
276 1703 382 1734 Dat„-
421 1711 500 1733 cum
527 1697 614 1741 ipsi,
652 1694 712 1739 qui
739 1693 846 1736 dicit,
880 1692 1085 1736 inutile,
1117 1698 1193 1726 tum
1221 1703 1348 1726 causae
1373 1692 1670 1726 contrarium

175 1749 235 1789 12,
259 1748 294 1790 9,
320 1749 376 1780 11.
410 1745 584 1790 quaedam
604 1744 696 1785 justa
713 1747 848 1782 natura,
871 1740 935 1773 sed
960 1738 1173 1773 condicione
1196 1744 1396 1782 temporum
1418 1737 1558 1773 inutilia
1579 1738 1672 1774 civi-

175 1793 240 1827 tati
266 1796 321 1836 12,
342 1796 375 1835 1,
400 1793 456 1825 41.
491 1789 634 1824 inutiles
659 1786 793 1822 oratori
818 1786 1040 1819 universales
1066 1785 1293 1829 quaestiones
1317 1785 1354 1829 3,
1382 1784 1416 1827 5,
1441 1786 1498 1818 12.
1531 1794 1619 1826 nec,
1639 1783 1670 1818 si

178 1838 303 1883 capitis
328 1840 489 1873 dolorem
514 1835 619 1877 facit,
648 1833 785 1867 inutilis
812 1830 1016 1865 hominibus
1041 1831 1104 1865 Sol
1131 1836 1185 1865 est
1208 1830 1242 1872 5,
1271 1832 1328 1873 10,
1356 1831 1402 1865 82
1425 1830 1500 1872 Ν.;
1531 1843 1561 1864 ο.
1584 1832 1670 1868 Dat.

175 1889 271 1919 Part.
297 1889 374 1919 Fut.
401 1888 521 1918 Pass..·
549 1879 749 1916 excitandis
774 1879 819 1911 ad
842 1876 1055 1911 audiendum
1078 1887 1153 1911 non
1176 1875 1316 1910 inutilia
1341 1875 1376 1919 4,
1402 1877 1437 1918 1,
1457 1874 1514 1910 34.
1539 1886 1670 1910 acuen-

175 1932 230 1965 dis
252 1952 298 1958 -
323 1929 477 1978 ingeniis
502 1939 576 1962 non
598 1925 742 1960 inutiles
766 1926 864 1958 lusus
891 1926 924 1966 1,
950 1925 985 1966 3,
1013 1925 1070 1957 11.
1117 1920 1155 1967 y)
1181 1935 1208 1956 c.
1228 1921 1322 1964 Ins..·
1358 1922 1454 1966 quod
1481 1931 1569 1954 non
1596 1921 1667 1954 in·
1695 1945 1698 1950 .
1719 1964 1722 1966 -

174 1978 296 2012 utile
321 1979 367 2012 sit
390 1974 519 2010 imitari
543 1977 578 2016 2,
603 1975 638 2016 3,
665 1974 719 2006 11.
754 1970 798 2011 cf.
828 1972 882 2011 11,
908 1973 951 2012 2,
977 1970 1035 2003 28.
1059 1969 1116 2003 29.
1156 1971 1221 2011 12,
1247 1971 1286 2010 1,
1310 1966 1377 2010 34,
1414 1966 1520 2000 etiam
1543 1966 1667 2001 inutile

176 2026 222 2069 (ι’.
251 2038 282 2070 q.
307 2019 510 2064 noxium)
544 2019 631 2061 erit,
657 2018 701 2051 ad
723 2015 842 2050 omnia
867 2016 979 2049 verba
1005 2025 1044 2049 se
1069 2014 1214 2060 alligare
1238 2016 1294 2066 11,
1319 2015 1354 2056 2,
1378 2010 1443 2064 48,
1483 2024 1550 2056 seq.
1578 2016 1664 2047 Acc.

174 2084 202 2104 c,
230 2069 319 2112 Injl:
357 2080 430 2103 non
457 2066 583 2101 inutile
608 2063 673 2099 erit
698 2074 760 2097 eas
779 2061 934 2105 insculpi
968 2063 986 2094 1
1001 2086 1012 2104 ,
1041 2063 1058 2093 1
1073 2085 1084 2104 ,
1117 2063 1174 2095 27.
1222 2070 1270 2093 ne
1297 2058 1335 2092 id
1358 2058 1503 2103 qmdem
1525 2058 1664 2102 inutile,

171 2116 279 2151 eliam
302 2120 486 2159 corruptas
509 2111 692 2147 orationes
714 2108 785 2156 legi
808 2109 925 2152 palam
947 2105 1068 2151 pueris
1091 2108 1126 2150 2,
1154 2107 1188 2150 5,
1214 2107 1270 2140 10.

125 2173 350 2217 lumiliter.
393 2194 479 2217 nec
510 2182 599 2216 inut.
626 2177 795 2214 Claudius
818 2175 1008 2210 Aeolicam
1034 2174 1133 2208 illam
1160 2174 1205 2207 ad
1228 2173 1296 2206 hos
1323 2181 1408 2206 usus
1439 2170 1579 2206 literam
1601 2173 1663 2206 ad-

171 2234 307 2277 jecerat
331 2233 365 2274 1,
388 2233 424 2272 7,
448 2229 505 2264 26.
544 2226 591 2269 cf.
619 2229 674 2268 11,
699 2226 733 2267 3,
759 2224 838 2257 183.
874 2220 1137 2255 narrationibus
1168 2229 1258 2253 non
1290 2212 1408 2253 inni.
1441 2217 1664 2265 sub'ungitur

171 2289 262 2323 opus
285 2275 491 2312 destruendi
516 2269 821 2323 confirmandique
839 2279 906 2321 ‚9²3⁸
929 2270 964 2319 2,
987 2266 1023 2309 4,
1049 2267 1105 2303 18,
1137 2264 1180 2306 cs.
1206 2263 1242 2317 4,
1270 2267 1303 2307 1,
1329 2265 1387 2299 26.
1411 2267 1469 2299 71.
1522 2289 1533 2307 ,
1549 2266 1584 2307 2,
1605 2266 1660 2300 15.

171 2323 206 2367 4,
230 2327 265 2366 3,
289 2327 333 2366 73
370 2325 393 2356 i.
419 2334 450 2367 q.
470 2319 678 2362 frustra.-
702 2321 793 2350 mut.
819 2314 887 2348 sibi
910 2314 1054 2348 videtur
1077 2311 1298 2345 consuluisse
1326 2313 1382 2354 11,
1408 2312 1442 2354 1,
1467 2312 1524 2345 12.

125 2380 300 2421 Invado.
343 2390 376 2434 1)
402 2392 426 2424 ἰ.
452 2402 483 2436 q.
508 2390 715 2430 irrumpo.-
741 2394 823 2418 cum
845 2380 895 2414 in
917 2377 1291 2430 bonaotuajnvaserq
1316 2379 1350 2421 8,
1365 2379 1399 2421 3,
1418 2378 1474 2413 89.
1524 2378 1656 2430 101⁸..sp

171 2439 438 2479 aggredior.-
473 2437 649 2475 luctator,
678 2429 739 2475 qui
761 2427 870 2462 totius
894 2435 1055 2468 corporis
1081 2434 1181 2466 msU,
1208 2435 1245 2457 m
1272 2424 1321 2466 ld,
1351 2424 1447 2467 quod
1470 2424 1583 2458 semel
1604 2434 1659 2456 in-

168 2483 276 2525 vasit,
302 2481 476 2516 incumbit
498 2483 534 2522 2,
560 2482 617 2521 12,
641 2480 676 2512 2.
709 2476 840 2509 multos
863 2471 996 2516 pariter
1020 2470 1192 2504 invadere
1215 2469 1356 2522 patroni
1379 2470 1498 2504 solent
1519 2470 1554 2512 5,
1572 2472 1608 2512 7,
1621 2471 1656 2504 5.

170 2529 394 2562 adversarios
413 2525 614 2562 invadimus
637 2524 672 2566 9,
696 2525 730 2565 2,
755 2522 812 2556 38.
842 2528 917 2552 non
939 2526 1195 2559 responsurum
1220 2521 1428 2550 invaserunt
1452 2516 1578 2557 12,1o‚
1593 2516 1655 2556 13;

165 2574 269 2617 plura
293 2573 398 2606 simul
425 2571 627 2607 invadimus
655 2569 697 2612 5,
731 2569 796 2609 13,
830 2566 887 2598 11.
933 2562 1108 2598 invadunt
1131 2563 1223 2594 hanc
1247 2561 1340 2594 inter
1364 2566 1500 2594 ceteras
1526 2569 1654 2595 vocem
1721 2597 1728 2609 ἱ

166 2623 201 2660 9,
228 2617 263 2660 4,
290 2621 345 2653 55.
386 2630 433 2652 ex
461 2619 588 2662 quibus
612 2613 805 2657 fortissime
829 2607 1016 2651 invaseris,
1046 2608 1141 2652 quod
1165 2613 1219 2641 est
1245 2612 1304 2659 aut
1327 2605 1491 2639 omnibus
1510 2604 1655 2658 pericu·
1714 2626 1726 2635 .

165 2666 295 2706 losum,
321 2669 379 2696 aut
406 2671 466 2697 etc.
496 2664 530 2705 5,
555 2665 612 2704 13,
635 2663 694 2695 21.
741 2659 812 2699 ΙΙΙ)
839 2660 861 2690 i.
890 2669 921 2700 q.
948 2666 1118 2706 occupo
1135 2667 1145 2686 .·
1163 2653 1270 2706 yelh,
1296 2658 1331 2685 et
1352 2661 1489 2685 comam
1508 2662 1546 2703 ¹.ss
1573 2661 1654 2698 gra-
1684 2668 1722 2697 '-

168 2712 233 2744 dus
260 2709 448 2756 frangere,
485 2715 543 2741 etc.
584 2705 776 2751 quamlibet
806 2705 896 2737 haec
919 2701 1118 2735 invaserint
1140 2704 1342 2740 civitatem,
1375 2707 1450 2731 non
1473 2701 1541 2749 erit
1564 2707 1654 2731 con-

167 2756 316 2791 suetudo
342 2759 376 2799 1,
403 2755 438 2799 6,
460 2751 519 2787 44.
546 2752 577 2786 si
600 2758 799 2797 praeturam
821 2745 1010 2784 invasisset
1032 2747 1067 2790 9,
1092 2749 1127 2789 2,
1151 2743 1208 2779 41.
1248 2745 1347 2778 Idem
1368 2747 1542 2788 praecipit
1562 2742 1649 2777 illud
1680 2791 1682 2793 Ι
