1728 3002
505 153 695 198 Occurro
726 177 782 185 ——
819 152 1076 200 octonarius
1484 154 1572 195 591⁷

79 275 139 317 21,
162 273 219 307 13.
241 269 287 313 qs.
309 273 346 314 2,
369 271 405 312 1,
429 271 463 303 1.
510 268 683 303 secundas
709 267 865 303 Philetas
899 266 1093 312 occupavit
1125 269 1182 311 10,
1214 269 1249 312 1,
1286 265 1343 301 58.
1391 265 1570 301 enarratio

78 316 326 360 historiarum,
364 315 516 362 diligens
541 314 682 359 quidem
707 313 792 357 illa,
826 324 900 348 non
931 319 1050 348 tamen
1081 325 1197 358 usque
1229 314 1275 348 ad
1306 322 1568 356 supervacuum

79 366 238 399 laborem
262 367 435 406 occupata
462 364 496 404 1,
519 361 554 404 8,
578 362 634 396 18.
677 361 729 402 11)
753 363 775 394 i.
803 374 832 405 q.
858 372 1092 404 praeoccupo.-
1131 358 1325 395 adversarii
1358 359 1451 393 actio
1474 359 1571 402 judi-

79 421 162 446 cum
187 409 323 444 animos
348 405 538 451 occupavit
558 405 594 446 4,
619 409 654 450 1,
675 405 734 442 48.
757 405 803 447 cs.
826 410 862 449 7,
904 410 936 448 1,
968 408 1026 440 31.
1061 418 1095 440 υ.
1132 407 1351 440 Dimitto.
1399 405 1569 449 occupari

78 456 316 502 pertinentem
344 454 388 487 ad
412 463 451 487 se
476 452 634 487 laborem
650 454 691 496 ⁷2,
716 455 750 495 1,
777 452 811 487 5.
859 452 1001 496 optimis
1024 452 1227 496 occupatis,
1270 450 1439 496 quidquid
1465 451 1570 486 aliter

81 502 303 543 dixerimus,
333 510 482 533 necesse
505 497 550 532 sit
578 509 657 533 esse
680 498 835 532 deterius
866 501 922 541 10,
947 500 982 542 5,
1006 499 1038 533 5.
1066 498 1110 539 ej}
1133 500 1168 542 8,
1192 498 1228 541 4,
1258 500 1294 535 5.
1318 497 1443 540 verba,
1477 509 1570 542 quae

80 548 181 593 prior
203 547 331 592 aliquis
357 550 565 589 occupasset
586 547 623 587 2,
647 544 703 588 15,
730 546 788 579 37.
834 544 927 578 ratio
954 544 1170 588 occupandi,
1196 555 1287 588 quae
1311 543 1481 578 videntur
1503 544 1571 578 ob-

81 600 178 628 stare
200 592 237 636 4,
266 595 298 635 1,
321 591 380 626 49.
406 590 452 632 cs.
481 591 517 631 9,
540 593 575 633 2,
601 590 655 625 16.
702 600 902 634 occupare,
938 602 1028 635 quae
1052 590 1228 625 dicturum
1256 591 1482 625 factununve
1506 591 1571 623 ad-

80 638 280 675 versarium
303 642 406 682 putes
429 638 464 680 6,
487 639 520 676 1,
543 638 600 670 20.
646 636 716 679 ΠΙ)
743 639 870 671 Panic.
901 639 923 670 ι’.
947 650 979 682 q.
1020 639 1282 681 impeditus.-
1316 636 1427 679 judex
1459 646 1572 670 occu-

79 691 181 730 patus
202 683 239 727 4,
263 686 298 727 1,
322 686 382 718 72.
411 682 446 726 4,
474 682 508 725 5,
536 684 592 715 10.
617 686 783 726 tanquam
807 683 1053 727 occupati,
1093 693 1306 727 semperque
1337 681 1463 715 aliud
1496 683 1572 716 ha-

79 732 270 774 bentes,
300 730 395 774 quod
419 734 502 763 ante
526 728 700 775 agendum
723 728 768 762 sit
789 732 847 773 12,
871 731 907 772 8,
930 733 964 763 2.
989 735 1250 774 occupatos
1277 728 1315 762 in
1337 734 1480 762 noctem
1503 739 1571 763 ne-

45 795 52 800 ·
79 777 227 812 cessitas
296 775 323 809 't
346 787 424 819 opp.
460 771 492 808 si
522 779 666 809 vacet
694 777 751 818 10,
788 777 823 818 3,
847 779 903 810 27.
951 774 1040 809 nihil
1074 782 1128 810 est
1157 781 1227 809 tam
1261 780 1472 818 occupatum
1506 783 1569 809 etc.

82 834 188 868 quam
213 785 308 864 11:252¹
330 831 431 855 mens
458 822 514 862 12,
541 822 574 862 1,
597 823 619 854 7
645 832 678 853 υ.
700 820 847 863 Mens;
870 820 1023 855 animum
1048 841 1095 848 —
1111 827 1323 865 occupatum
1349 822 1409 854 vel
1432 821 1486 854 ira
1507 822 1572 855 vel

0 872 14 909 ᾖ
82 867 310 903 miseratione
334 866 371 910 4,
394 870 429 907 2,
453 869 520 900 112
553 870 595 899 Ζ.
641 872 852 910 occupatum
881 867 991 902 variis
1021 868 1296 915 cogitationibus
1327 866 1482 910 judicem
1516 869 1572 909 10,

76 913 117 957 ’1,
141 915 199 948 32.
245 919 299 955 tot
322 912 487 949 civilibus
514 910 643 945 officiis
670 918 842 956 occupato
879 915 937 956 11,
971 915 1007 955 3,
1035 917 1092 951 22.
1139 913 1185 946 in
1221 912 1376 947 minimis
1408 912 1574 957 occupati

79 961 115 1003 9,
138 958 176 1001 4,
203 961 282 993 112.
328 968 456 1004 magna
479 969 561 1002 pars
583 958 659 1000 ejus
682 958 730 991 in
750 957 1032 1001 nominibuszest
1055 964 1226 1002 occupata
1251 961 1307 1001 10,
1334 961 1367 1001 1,
1393 959 1451 993 52.

38 1002 244 1046 occurro.
298 1016 333 1058 Ι)
357 1018 380 1049 ι’.
410 1028 442 1060 q.
471 1017 623 1048 obvius
641 1014 735 1056 fio.-
769 1014 810 1059 α)
835 1015 865 1049 si
891 1026 995 1049 mons
1019 1021 1185 1050 occurret
1211 1018 1247 1058 2,
1273 1017 1329 1058 13,
1356 1017 1398 1057 3·,
1424 1016 1467 1048 de
1492 1026 1573 1048 ver-

38 1082 41 1086 .
82 1065 131 1096 bis
155 1070 186 1095 et
214 1063 398 1095 sententiis.-
436 1061 555 1095 omnia
582 1062 683 1096 aliter
716 1061 859 1104 dicere,
892 1073 998 1106 quam
1029 1061 1186 1096 occurrit
1218 1064 1273 1104 10,
1307 1063 1341 1104 3,
1374 1062 1432 1095 11.
1478 1061 1573 1094 Num

82 1109 182 1142 aliud
206 1102 384 1159 σοφή-ὴ,
420 1118 525 1151 quam
544 1106 656 1150 illud,
688 1107 762 1141 Sed
785 1107 937 1141 rusticus
974 1108 1078 1141 sum?
1110 1109 1146 1151 7,
1178 1110 1212 1151 1,
1246 1110 1303 1143 51.
1349 1106 1382 1141 si
1412 1106 1480 1140 alia
1514 1117 1574 1141 ex

83 1152 250 1197 diverso,
281 1164 386 1198 quam
405 1152 546 1197 'opinati
568 1153 723 1196 fuerint,
758 1153 978 1188 occurrerint
1006 1157 1063 1197 12,
1087 1155 1122 1196 9,
1161 1154 1227 1195 16;
1272 1154 1369 1197 quod
1403 1162 1575 1187 nonnun-

83 1210 189 1244 quam
214 1204 252 1234 et
279 1198 509 1234 excidere
534 1200 696 1242 soleant,
726 1210 818 1243 quae
841 1198 1086 1243 promisimus,
1115 1205 1171 1240 et,
1202 1198 1234 1233 si
1257 1210 1327 1243 qua
1352 1198 1391 1232 in
1414 1199 1574 1243 partien-

82 1246 131 1280 do
153 1244 466 1290 praeterierimus,
493 1254 684 1279 occurrere
707 1243 743 1287 4,
767 1245 802 1288 5,
825 1247 860 1279 2.
887 1245 933 1286 cs.
957 1248 993 1287 7,
1018 1247 1053 1288 1,
1075 1245 1134 1281 26.
1163 1250 1203 1278 ut
1227 1255 1304 1278 non
1330 1246 1457 1288 solum,
1482 1255 1574 1290 quo-

82 1292 192 1326 modo
217 1295 410 1329 occurrent
432 1289 491 1335 (a.
519 1294 542 1324 1.
567 1290 833 1333 occurrerint),
868 1292 933 1325 sed
957 1290 1084 1332 etiam,
1108 1291 1289 1336 quomodo
1313 1297 1469 1335 oportet,
1492 1297 1574 1325 uta-

81 1346 171 1373 mur·
184 1334 346 1381 (verbis)
371 1338 428 1379 10,
453 1337 562 1378 1,'13.
582 1337 672 1370 haec
697 1336 852 1371 varietas
875 1343 1164 1384 argumentorum
1188 1343 1224 1371 et
1250 1337 1352 1382 copia
1379 1337 1480 1382 quasi
1502 1338 1573 1372 of-

83 1384 215 1418 ferit
234 1393 282 1418 se
304 1387 341 1417 et
363 1387 585 1416 occurrat
610 1383 643 1422 5,
672 1384 728 1425 10,
752 1383 832 1417 125.
877 1389 917 1416 ut
950 1384 1118 1428 quodque
1147 1383 1300 1418 verbum
1331 1383 1573 1418 contumelio-

82 1429 260 1464 sissimum
281 1427 439 1462 occurrit
462 1430 498 1470 2,
523 1430 579 1470 12,
604 1430 659 1461 11.
706 1438 779 1472 quo
801 1427 941 1463 facilius
969 1435 1175 1463 occurreret
1206 1441 1318 1463 unum
1341 1429 1575 1473 expluribus

83 1477 142 1518 10,
164 1478 200 1517 1,
223 1477 259 1510 7.
301 1473 457 1508 Primum
480 1473 635 1509 occurrit
658 1473 756 1517 fere,
788 1476 885 1518 quod
913 1481 967 1510 est
992 1475 1156 1509 ultimum
1179 1474 1369 1509 dicendum
1394 1479 1430 1518 7,
1456 1480 1489 1516 1,
1512 1477 1571 1510 25.

83 1521 131 1563 «ff.
148 1521 215 1556 61.
260 1531 334 1554 nec
352 1519 470 1561 statim
495 1529 540 1553 eo
562 1520 773 1562 tendamus,
810 1522 906 1564 quod
930 1522 1025 1554 ultro
1051 1521 1208 1555 occurrit
1235 1524 1286 1555 ib.
1312 1523 1395 1563 593.
1410 1521 1575 1556 vocabu-

82 1564 433 1613 lisvulgaribus
459 1570 496 1599 et
517 1565 648 1599 forte
674 1567 1047 1601 occurrentibus
1073 1570 1106 1609 1,
1132 1570 1165 1610 1,
1196 1566 1254 1601 34.
1300 1566 1344 1612 β)
1369 1568 1440 1611 adj.
1464 1571 1572 1601 Dat..-

83 1612 199 1659 eises
224 1622 306 1646 cum
327 1610 530 1645 nominibus
555 1611 641 1644 suis*
656 1618 847 1646 occurrent
868 1614 904 1655 8,
934 1614 995 1650 Pr.
1018 1613 1077 1648 29.
1124 1624 1216 1657 quae
1240 1624 1443 1653 occurrere,
1467 1613 1575 1647 etiam

82 1669 142 1694 me
161 1662 324 1698 tacente,
348 1657 513 1691 omnibus
536 1662 685 1703 possunt
709 1660 765 1700 11,
790 1660 825 1700 3,
854 1658 932 1693 134.
979 1670 1070 1703 quae
1094 1659 1331 1693 scribentibus
1363 1661 1480 1693 solent
1506 1669 1574 1693 ex—

83 1710 141 1738 tra
165 1703 348 1744 ordinem,
386 1702 424 1735 id
456 1708 511 1735 est
546 1713 604 1736 ex
635 1702 736 1745 aliis,
768 1714 873 1746 quam
899 1704 1065 1748 quisunt
1087 1704 1125 1737 in
1148 1705 1312 1739 manibus
1335 1705 1421 1747 loci,
1445 1715 1576 1738 occur-

83 1760 166 1793 rere
190 1751 248 1791 10,
271 1749 308 1790 3,
334 1749 392 1781 33.
417 1748 490 1794 ,11)
513 1748 536 1780 ἰ.
565 1760 597 1792 q.
623 1751 891 1791 respondeo:
923 1749 985 1783 ubi
1019 1751 1278 1784 occurrendum
1312 1751 1483 1784 continuo
1519 1754 1575 1794 12,

84 1798 120 1838 3,
143 1796 185 1836 33
218 1792 411 1837 propositis
434 1803 482 1826 ex
510 1799 610 1836 parte
632 1793 775 1829 diversa
803 1796 1121 1838 respondere?
1158 1796 1447 1830 altercationibus
1469 1797 1576 1831 velo-

84 1842 174 1876 citer
196 1848 448 1874 occurrere
471 1840 506 1880 2,
530 1837 566 1880 4,
590 1839 647 1873 28.
678 1840 1018 1877 contradictionibus
1037 1852 1267 1875 occurremus
1295 1844 1329 1884 5,
1343 1844 1400 1884 13,
1426 1844 1482 1876 50.
1507 1852 1573 1876 oc-

0 1898 14 1961 ?
86 1891 206 1922 currat
228 1882 403 1918 conviciis
425 1881 460 1925 4,
485 1886 519 1925 2,
543 1886 601 1919 27.
634 1885 719 1918 huic
742 1886 866 1931 generi
891 1887 1108 1929 probationis
1132 1887 1332 1921 occurritur
1354 1888 1467 1921 tribus
1494 1898 1575 1921 mo-

6 1974 8 1976 ·
87 1933 143 1967 dis
166 1934 202 1974 5,
226 1928 284 1972 14,
307 1931 365 1962 20.
410 1933 581 1979 patronus
606 1930 711 1963 etiam
737 1930 928 1977 inopinatis
950 1933 1161 1976 frequenter
1189 1933 1345 1967 occurrit
1380 1935 1414 1973 5,
1446 1935 1503 1976 13,
1539 1936 1575 1968 3.

0 1972 14 2029 ᾗ·
86 1977 246 2014 breviter
267 1985 454 2009 occurram
475 1974 728 2018 potentissimis
750 1977 913 2016 locorum
936 1980 970 2020 2,
996 1981 1053 2019 17,
1081 1979 1139 2015 16.
1178 1989 1252 2012 non
1276 1978 1440 2012 omnibus
1464 1991 1576 2023 quae-

84 2023 261 2060 stionibus
285 2020 353 2053 sic
380 2019 521 2054 occurri
547 2022 582 2062 3,
606 2022 640 2062 5,
670 2024 725 2054 12.
772 2022 831 2055 cui
853 2022 907 2056 rei
930 2023 1101 2057 facillime
1131 2024 1289 2058 occurrit
1313 2035 1361 2058 ex
1393 2024 1576 2058 dissimili-
1632 2053 1635 2055 ,

0 2102 9 2112 .
87 2072 154 2105 hus
268 2065 439 2100 mentatio
464 2066 496 2106 5,
521 2068 578 2108 11,
602 2066 659 2101 35.
688 2065 814 2111 quibus
834 2067 990 2102 maxime
1006 2069 1113 2102 rebus
1135 2071 1199 2103 vel
1224 2072 1575 2105 occurrendum

0 2113 9 2152 Ξ
87 2117 146 2160 sit,
171 2125 219 2150 ve
256 2111 522 2157 instandum
546 2112 579 2153 5,
617 2113 673 2154 13,
700 2113 757 2146 52.
804 2118 844 2146 ut
867 2113 991 2147 subitis
1024 2125 1072 2147 ex
1102 2120 1262 2158 tempore
1293 2122 1483 2150 occurrant
1516 2119 1575 2160 10,

0 2156 10 2195 ζ
87 2166 125 2205 7,
148 2162 216 2202 3ος
250 2159 422 2193 Occurrat
446 2156 535 2190 mihi
550 2158 674 2190 forsan
705 2158 855 2202 aliquis,
899 2159 984 2203 quid
1017 2159 1077 2193 hic
1115 2162 1313 2203 promissor
1343 2162 1435 2201 tanti
1455 2162 1574 2206 operis

0 2194 22 2243 Γ
86 2205 259 2253 dignum?
298 2206 332 2245 1,
359 2204 393 2244 5,
410 2202 442 2245 ,6
469 2206 511 2236 Ζ.
555 2208 595 2236 ut
621 2203 652 2236 si
675 2203 830 2246 dicenti,
864 2204 980 2250 Quem
1006 2205 1143 2240 video?
1178 2206 1228 2240 ita
1263 2217 1454 2250 occurras,
1482 2209 1574 2255 Ego.

0 2249 17 2313 *f
81 2252 134 2290 Ἡ),
157 2252 216 2286 36.
242 2249 288 2291 cs.
313 2250 348 2290 9,
371 2251 406 2290 2,
436 2249 491 2281 13.
537 2258 786 2283 occurram
815 2250 910 2284 enim
935 2257 972 2284 et
994 2268 1035 2276 —
1063 2250 1284 2286 resistam
1305 2252 1372 2295 iis,
1413 2253 1474 2298 qui
1509 2262 1574 2289 etc.

0 2315 2 2319 ν
85 2300 123 2341 8,
147 2297 209 2332 Pr.
234 2296 288 2329 18.
335 2294 398 2327 Est
420 2292 539 2337 aliqua
561 2294 667 2328 etiam
693 2295 731 2328 in
752 2297 1086 2340 respondendo
1119 2297 1250 2343 figura,
1290 2310 1371 2332 cum
1398 2299 1493 2333 aliud
1516 2300 1575 2334 in-

86 2340 282 2388 terroganti
306 2340 359 2373 ad
386 2338 480 2372 aliud
506 2341 783 2374 occurritur
804 2343 839 2384 9,
863 2344 899 2385 2,
926 2345 988 2385 12,
1014 2348 1180 2377 contra
1205 2343 1574 2394 scriptum1tribusge-

89 2388 233 2422 neribus
255 2384 455 2419 occurritur
476 2387 510 2427 7,
534 2385 568 2428 6,
593 2386 638 2428 5;
673 2386 711 2420 in
734 2389 958 2422 occurrendo
982 2389 1017 2431 6,
1040 2390 1075 2431 3,
1099 2388 1146 2423 84
1168 2402 1201 2424 v.
1234 2390 1295 2423 La
1307 2402 1383 2425 ces
1396 2402 1456 2426 so.

0 2330 4 2346 l

0 2432 270 2498 <occlusus-
311 2447 350 2475 ut
374 2441 451 2475 sine
476 2442 703 2478 cunctatione
727 2455 770 2478 ac
793 2454 894 2479 mora
917 2451 1035 2489 partes
1059 2445 1141 2488 ejus
1171 2445 1333 2490 (domus)
1356 2459 1480 2483 omnes
1508 2449 1574 2484 cd-

19 2527 21 2529 ,
86 2489 209 2538 gitatio
232 2487 346 2532 possit
367 2498 673 2531 percurrere.
718 2490 764 2524 Et
794 2490 929 2534 primus
958 2491 1019 2526 hic
1048 2492 1152 2525 labor
1176 2498 1241 2535 est,
1264 2503 1340 2527 non
1362 2495 1511 2538 haerere
1533 2497 1573 2530 in

47 2564 58 2577 ⁷,
83 2547 236 2572 occursu
260 2536 317 2576 11,
341 2536 377 2577 2,
405 2534 450 2568 18
470 2533 520 2567 N.

0 2570 253 2636 QssceanuS.
301 2602 392 2635 quae
415 2589 460 2624 sit
484 2589 618 2626 Oceani
640 2591 792 2627 natura?
825 2595 861 2635 7,
886 2591 922 2634 4,
960 2596 995 2627 2.
1043 2593 1103 2628 An
1129 2594 1338 2631 Alexander
1370 2603 1482 2633 terras
1516 2601 1573 2632 ul-
1617 2629 1624 2635 .

15 2629 56 2667 “f
76 2642 141 2671 'utra
164 2638 347 2673 Oceanum
358 2635 415 2670 -sit
436 2636 646 2671 inventurus
670 2639 707 2681 3,
729 2639 763 2680 8,
793 2639 851 2674 16.
879 2638 923 2679 cs.
948 2642 984 2681 7,
1019 2642 1056 2683 2,
1082 2641 1116 2677 5.
1163 2653 1211 2676 ex
1242 2653 1380 2678 oceano
1414 2645 1570 2679 amnium

5 2681 306 2731 *fffflt'ontiumqne
331 2693 455 2718 cursus
483 2682 623 2717 initium
644 2694 774 2727 capere
793 2687 850 2728 10,
876 2687 911 2727 1,
938 2684 984 2719 46
1011 2689 1056 2720 Ζ.

27 2718 311 2794 ,9040118ῐὶ1ιὶ
356 2739 466 2774 cludit
487 2739 630 2785 interim
653 2740 785 2784 optime
811 2740 926 2785 prima
948 2753 1030 2786 pars
1053 2754 1180 2779 versus
1202 2761 1248 2769 —
1278 2747 1470 2792 praecipue
1502 2759 1569 2783 se-
