1702 3054
709 243 938 287 Praefatio.
1499 240 1561 275 1⁸
1574 240 1608 275 u

26 350 419 435 Quintiliani'
403 377 461 408 m
482 372 799 427 tegumento
813 355 1014 409 vetusti
1030 355 1151 405 libri
1169 357 1319 421 apud
1334 351 1606 403 librarium

39 437 566 530 ,Heidelbergensem
599 441 668 489 ab
696 441 1015 509 Hermanno
1045 436 1394 505 Reinganum
1421 450 1607 500 reper-

26 581 41 589 ff,
59 539 191 586 tum,
228 537 396 589 atque
422 522 480 570 in
505 520 752 571 Seebodii
771 518 1013 568 Archivo
1037 517 1369 586 philologico
1391 528 1447 564 et
1474 528 1606 580 pae-

60 604 328 673 dagogice
353 622 399 654 a.
422 601 564 652 1825.
587 621 640 669 p.
655 606 872 667 701-4.
891 599 1117 662 editum,
1138 601 1280 659 VIII,
1294 596 1339 645 3.
1362 596 1398 663 ᾗ.
1421 593 1604 660 7—33.

59 685 290 742 Videtur
319 685 409 732 ille
430 685 617 758 Codex
639 683 865 732 secundi
887 681 1087 733 ordinis
1112 681 1286 743 fuisse,
1322 693 1377 728 et
1397 689 1607 732 tametsl

58 765 280 815 mirifice
314 755 574 831 corrupta
603 780 682 814 est
714 764 827 831 ejus
858 763 1153 829 seriptma,
1192 775 1379 812 tamen
1406 761 1608 825 {futuro

60 846 251 896 editori
282 864 400 896 non
426 848 592 912 plane
622 845 723 895 erit
750 845 1121 913 negligendus.
1182 844 1333 895 Toto
1365 841 1604 908 denique

61 945 226 994 opere
253 927 363 995 jam
388 943 563 992 prope
593 930 665 974 ad
694 926 857 976 finem
885 929 1157 992 perducto
1198 928 1403 972 dudum
1438 940 1604 989 expe-

60 1021 268 1057 ctatum
287 1007 520 1072 primum
548 1009 806 1056 volumen
821 1005 1143 1071 Quintiliani
1168 1007 1237 1054 ab
1259 1007 1480 1068 HMey
1494 1021 1626 1055 ero

61 1086 349 1136 Turioensi
402 1091 509 1135 hoc
568 1091 792 1139 tandem
818 1138 821 1139 γ
854 1104 1003 1137 anno
1056 1087 1294 1148 editum,
1340 1100 1607 1152 quattuor

60 1167 259 1235 primos
277 1167 439 1214 libros
462 1169 763 1229 eontinenS,
783 1182 978 1216 nactus
1008 1184 1147 1230 sum3
1183 1168 1273 1215 oui
1293 1167 1428 1228 viro,
1449 1164 1606 1214 Lati-

0 1307 6 1311 ,
58 1262 255 1311 narum
304 1247 580 1303 literarum
623 1247 869 1302 studiosis
903 1249 1011 1312 jam
1045 1248 1170 1296 satis
1200 1263 1355 1308 noto,
1390 1260 1609 1313 praeter

60 1341 374 1396 spectatam*
389 1328 693 1377 doctrinam
719 1347 870 1380 nova
892 1330 1209 1394 adjumenta
1239 1329 1426 1378 critica
1446 1344 1605 1393 prae-

0 1416 5 1439 ἵ
34 1418 144 1458 “sto
165 1409 424 1458 fuerunt:
459 1427 611 1459 nova
646 1424 703 1458 et
738 1410 1137 1460 accuratissima
1156 1409 1467 1460 Turicensis
1499 1409 1606 1456 Co-

64 1489 192 1539 dicis
219 1489 439 1545 collatio
470 1504 525 1537 et
560 1490 784 1539 Codex
818 1492 1040 1557 quidam
1072 1487 1606 1558 Lassbergensis‚

32 1572 38 1576 ‘
63 1589 224 1637 quem
242 1569 475 1619 maxima
487 1572 651 1618 laude
673 1572 902 1639 dignum
920 1587 1088 1638 atque
1107 1573 1164 1622 in
1188 1572 1400 1638 optimis
1415 1568 1609 1619 lectio-

0 1643 9 1688 ῗ
64 1651 221 1700 nibus
239 1653 351 1699 fere
371 1667 495 1698 cum
514 1651 874 1701 Ambrosiano
896 1655 937 1702 I.
971 1653 1279 1702 consentire
1305 1653 1419 1719 ipse
1448 1649 1610 1710 dixit3

64 1744 336 1798 speramus
363 1730 526 1798 igitur
546 1735 696 1780 hune
730 1734 927 1782 librum
957 1734 1190 1782 maximo
1220 1734 1341 1782 usui
1363 1736 1610 1781 futurum

0 1812 49 1861 3
67 1811 218 1873 iniis,
247 1811 445 1877 quibus
475 1813 545 1860 ab
566 1812 927 1862 Ambrosiano
947 1813 1063 1880 ipso
1093 1814 1447 1875 destituimur,
1482 1829 1610 1878 par—

0 1925 4 1932 ·
67 1892 224 1946 tibus.

187 1971 471 2038 Congesta
500 1973 666 2040 igitur
703 1974 953 2041 undique
983 1975 1219 2025 materia
1258 1992 1438 2024 meum
1476 1989 1615 2038 opus

46 2107 50 2110 ,
72 2048 207 2101 mihi
228 2065 344 2096 erat
366 2058 814 2104 construendum:
852 2056 1123 2122 discerpta
1140 2071 1197 2104 et
1218 2056 1432 2107 divulsa
1449 2069 1614 2102 mem-

0 2154 4 2167 ‹
73 2129 172 2176 bra
212 2127 479 2192 scriptoris
512 2130 571 2177 in
613 2150 822 2183 novum
870 2140 1171 2203 regerenda
1215 2137 1486 2195 ordinem,
1521 2131 1617 2198 qui

73 2209 187 2275 ipse
205 2223 260 2255 et
279 2207 492 2256 ratione
512 2214 1004 2285 essetxcompositus,
1033 2230 1088 2262 et
1108 2232 1272 2280 quam
1301 2215 1615 2262 facillimum

3 2288 352 2346 „utentibus
405 2292 691 2355 praeberet
737 2296 1080 2359 adspectum,
1130 2313 1399 2361 usumque
1451 2311 1619 2360 quam

77 2368 310 2431 maxime
358 2370 652 2436 expediret.
723 2374 827 2422 Sed
860 2392 1033 2440 quum
1076 2375 1203 2423 mihi
1252 2380 1325 2424 ad
1366 2375 1620 2426 Lexicon

7 2476 10 2487 ·
39 2450 50 2483 ἓ
80 2453 429 2504 condendum
450 2468 567 2499 non
588 2453 873 2504 universae
902 2455 1123 2523 linguae
1138 2456 1375 2506 Latinae
1394 2468 1624 2522 paratae

81 2543 253 2576 essent
288 2542 430 2595 opes,
463 2535 554 2580 sed
582 2533 744 2582 unius
770 2549 985 2584 tantum
1005 2536 1303 2602 scriptoris,
1325 2555 1443 2584 non
1464 2532 1625 2601 potui

9 2605 13 2612 ⁸
52 2601 327 2657 ‘intimum
374 2611 828 2679 significationum
876 2629 1188 2666 connexum
1231 2619 1624 2667 vocabulorum

10 2707 13 2711 ’
82 2690 356 2756 persequi,
392 2696 484 2740 sed
515 2693 756 2744 indicare
800 2711 1039 2758 tantum,
1081 2715 1249 2764 quam
1293 2699 1429 2758 vim,
1463 2711 1628 2761 quem

40 2772 64 2838 J
85 2767 240 2826 Usum
260 2770 471 2839 Singula
491 2777 657 2825 verba
677 2790 735 2825 et
750 2779 1053 2828 locutiones
1074 2779 1177 2828 suis
1202 2779 1331 2828 locis
1350 2779 1631 2833 haberent,
