1728 3002
122 178 176 217 26
587 172 829 216 Admirator
857 195 912 204 --·-
938 171 1159 215 Admone«)

164 295 225 322 erc.
249 286 292 331 4,
318 289 358 329 2,
386 287 464 325 107.
516 286 760 333 qualecunque
791 285 851 330 id,
875 301 921 313 -
951 285 1059 320 habet
1085 282 1356 339 admirationem
1386 288 1455 333 12,
1484 289 1548 333 10.,
1576 289 1633 329 75.

162 333 374 368 Aristoteles
398 343 537 378 quoque
563 334 674 374 (adm,
696 335 730 367 in
755 333 958 378 eloquentia)
981 332 1169 376 petendam
1188 342 1346 367 maxime
1367 338 1474 378 punitv
1487 335 1524 378 8,
1540 337 1578 381 3,
1596 337 1633 371 6.

161 392 243 425 per
267 379 532 414 admirationem
555 380 590 422 8,
613 378 645 419 5,
668 378 702 413 5.
735 389 803 423 qua
826 377 1055 413 admiratione
1078 377 1299 414 medicorum
1323 378 1360 422 6,
1385 379 1445 415 Pr.
1463 381 1528 423 ’11,
1555 381 1632 419 vim

163 437 333 460 summam
358 424 498 459 dicendi
521 429 556 459 et
581 423 810 459 admiratione
834 423 974 471 dignam
1000 426 1057 467 12,
1081 426 1137 468 10,
1157 426 1203 459 77
1225 426 1269 459 Ζ.
1303 424 1397 460 adm.
1422 425 1634 467 auferantu-

161 474 202 516 8,
218 474 270 515 ·3,
297 471 332 508 5.
363 476 532 515 perpetua
561 470 762 505 seculorum
790 470 881 504 adm.
914 469 1139 509 celebrantur
1164 471 1226 514 11,
1252 471 1288 512 1.
1311 472 1369 506 13.
1403 472 1502 517 quod
1522 473 1632 508 mdes

158 528 300 563 quoque
323 522 426 561 atque
449 521 605 563 agrestes
629 515 762 551 animos
789 515 1020 551 admiratione
1041 516 1214 551 mulceret
1236 514 1444 563 (Orpheus)
1468 520 1503 564 1,
1521 520 1580 564 10,
1596 520 1634 562 9.

110 574 366 616 Admirator.
413 582 626 629 antiquitatis
652 581 780 617 nimius
805 583 898 617 adm.
923 585 959 627 2,
984 582 1019 627 5,
1044 585 1103 618 21.
1147 593 1258 631 agens
1291 583 1563 630 imperitum
1588 592 1635 631 et

155 631 485 666 admiratorem
512 628 605 673 (Sp.
631 627 741 673 -tor)
769 628 918 664 aliorum
941 635 1107 675 tanquam
1131 629 1344 676 sapientium
1365 631 1402 676 9,
1423 634 1460 678 2,
1482 630 1530 669 46
1552 636 1623 669 2.·

109 675 322 719 Admiror.
369 691 404 722 et
435 685 656 725 admirari
689 706 736 713 —
770 691 806 722 et
838 684 1078 734 indignari
1109 684 1219 732 (nos)
1249 686 1416 735 fingimus
1447 689 1482 729 9,
1505 692 1543 734 2,
1569 690 1630 726 26.

153 735 248 768 huno
273 738 310 768 et
333 731 583 767 admiratus
613 731 765 767 maxime
790 737 864 776 est,
894 737 931 767 et
953 738 1146 768 secutus
1174 735 1230 775 10,
1254 736 1288 776 1,
1309 734 1368 774 69.
1411 733 1537 780 idque
1564 737 1630 771 ad-

154 778 359 813 mirantibus
388 777 570 822 respondit
594 776 644 822 (a.
671 781 693 812 1.
722 783 826 823 atque
852 777 889 812 id
913 777 1011 824 mir.)
1044 781 1100 822 12,
1130 781 1164 823 1,
1186 777 1246 815 43.
1287 779 1375 817 hoo
1395 779 1538 826 'tantum
1564 783 1630 818 ade

153 824 280 868 miror,
303 825 451 858 Flavmn
473 840 518 850 —-
542 829 613 858 tam
637 829 783 870 anguste
805 823 990 859 materiam
1012 824 1189 869 qualitatis
1215 825 1426 871 terminasse
1451 830 1498 870 7,.
1507 826 1544 872 4,
1567 826 1628 863 40.

154 869 403 905 admirantibus
432 869 507 913 ejus
541 869 738 915 orationem
765 872 823 913 11,
852 872 887 914 3,
914 874 949 906 7.
987 871 1063 916 ejus
1089 871 1204 918 magis
1230 870 1386 914 {dmirer
1410 870 1538 919 (eada.
1563 875 1628 909 ad-

150 916 287 958 1nirari3
318 917 410 950 Θῦν.
435 917 475 948 de
502 916 586 959 conj.
612 916 712 960 adjic.
738 915 853 958 subit)
879 923 1042 951 naturam
1066 919 1123 959 11,
1149 920 1184 962 2,
1209 917 1233 960 5
1255 917 1305 956 Ν.
1328 931 1377 954 cr.
1405 924 1443 955 et
1465 921 1502 954 8.
1525 920 1628 966 cujus

150 968 311 996 naturam
343 972 507 996 summe
542 961 732 997 admiratus
757 964 814 1006 11,
843 964 876 1007 1,
899 965 956 999 70.
984 964 1166 1000 leviter
1201 961 1257 1009 (a.
1284 967 1308 999 Ι.
1333 960 1466 1005 leniter
1486 965 1536 1001 Ν.
1557 965 1628 1011 οἱ.)

150 1007 361 1042 admirantes
388 1009 444 1049 11,
468 1009 502 1049 3,
527 1009 605 1041 103.
642 1012 896 1054 nonnunquam
929 1009 1042 1045 resilit
1070 1018 1217 1054 manus,
1251 1011 1316 1048 vel
1339 1010 1627 1059 negantibus

148 1054 270 1098 nobis,
295 1054 356 1089 vel
382 1052 719 1088 admirantibus
751 1057 794 1088 ib.
821 1055 899 1091 106.
947 1055 1029 1091 Non
1061 1073 1108 1080 —
1141 1056 1359 1100 probant,
1392 1056 1628 1100 admiran-

148 1105 240 1143 tur,
270 1099 656 1135 verecundantur
679 1099 852 1144 (manus)'.³
884 1103 927 1135 ib.
946 1102 1004 1137 87.
1030 1119 1075 1128 ·—
1114 1102 1175 1138 vir
1196 1101 1236 1138 in
1259 1102 1422 1148 plurimis
1446 1103 1625 1139 admiran-

145 1147 211 1180 dus
242 1146 275 1186 3,
299 1147 355 1188 11,
378 1147 434 1178 22.
478 1145 588 1179 multa
620 1146 864 1190 probanda
899 1147 938 1182 in
964 1158 1032 1190 eo,
1066 1149 1179 1184 multa
1211 1147 1318 1185 etiam
1349 1149 1624 1185 admiranda

145 1196 226 1226 sunt
254 1193 308 1234 10,
333 1193 367 1234 1,
393 1192 470 1229 131.
515 1191 783 1234 Euphranorem
811 1193 1055 1228 admirandum
1084 1194 1197 1241 facit,
1231 1195 1353 1244 quod
1384 1201 1422 1234 et
1451 1195 1624 1244 pingendi
1695 1207 1698 1213 ·

144 1237 366 1283 fingendique
389 1235 483 1271 idem
505 1236 615 1271 mirus
642 1237 772 1273 artifex
797 1239 866 1274 fuit
889 1242 945 1284 12,
971 1242 1029 1285 10,
1053 1240 1088 1276 6.

97 1291 337 1335 Admisceo.
384 1304 426 1337 In
453 1303 580 1339 ceteris
609 1305 801 1341 admiscere
825 1307 1039 1344 tentavimus
1064 1307 1197 1353 aliquid
1219 1307 1347 1346 nitoris
1371 1312 1407 1356 3,
1431 1314 1467 1356 1,
1491 1312 1528 1349 3.
1564 1310 1622 1347 his

142 1350 306 1385 omnibus
330 1350 593 1392 admiscebitur,
617 1357 656 1385 ut
683 1352 830 1397 quisque
853 1355 955 1388 locus
977 1355 1190 1400 postulabit,
1214 1355 1358 1392 dicendi
1378 1357 1473 1394 ratio
1494 1351 1622 1394 Psi-‚⁴23

142 1398 191 1431 N.
228 1395 369 1430 interim
394 1396 551 1430 admixta
572 1397 744 1443 gravitate
773 1398 891 1444 (risui)
917 1401 951 1442 6,
974 1403 1009 1445 3,
1032 1401 1091 1437 25.
1126 1401 1159 1437 si
1184 1402 1319 1449 aliquid
1343 1403 1384 1440 in
1407 1403 1466 1440 his
1487 1403 1620 1440 serium

141 1453 282 1485 quoque
307 1447 399 1477 esset
423 1442 617 1477 admixtum
647 1446 689 1477 ib.
714 1444 769 1479 16.

95 1483 300 1528 Admitto.
352 1498 386 1542 I)
413 1502 567 1542 proprie.-
603 1500 699 1543 quod
722 1501 766 1535 ab
793 1511 837 1536 eo
862 1501 938 1546 ipse
966 1502 1005 1538 in
1029 1502 1193 1539 Africam
1214 1515 1292 1541 non
1316 1505 1363 1542 sit
1387 1505 1562 1541 admissus
1583 1505 1619 1550 5,

143 1547 198 1587 13,
223 1546 282 1578 31.
330 1555 377 1579 ne
409 1545 495 1578 illud
528 1545 676 1580 actionis
713 1557 823 1594 genus
857 1548 905 1583 in
938 1556 1139 1594 equestrem
1171 1552 1337 1587 ordinem
1364 1552 1551 1588 admittant
1578 1552 1619 1594 ⁵,
1683 1580 1686 1583 ⁴

143 1592 197 1630 13,
219 1593 277 1624 21.
359 1590 406 1633 11)
431 1595 544 1628 transl.
583 1593 624 1634 α)
647 1602 721 1626 non
745 1593 895 1629 admittit
915 1595 987 1630 hoo
1009 1596 1106 1631 idem
1127 1597 1263 1633 veritas
1281 1599 1316 1640 6,
1337 1600 1370 1637 1.
1389 1597 1450 1634 43.
1486 1598 1623 1634 admit-⁴

142 1642 217 1670 tere
242 1635 390 1682 figuram
420 1637 460 1677 9,
486 1639 516 1678 1,
539 1635 597 1671 24.
641 1637 685 1679 es.
708 1640 742 1679 9,
765 1642 799 1684 2,
825 1639 858 1676 5.
904 1652 975 1686 quo
1005 1642 1146 1678 facilius
1175 1655 1280 1683 aures
1309 1644 1490 1690 judicum,
1525 1654 1619 1691 quae

141 1687 222 1726 post
255 1682 383 1716 dicturi
416 1682 567 1725 erimus,
605 1684 788 1720 admittant
821 1685 864 1730 4,
889 1688 933 1730 3,
959 1689 1014 1724 10.
1058 1689 1244 1724 inclinatio
1277 1690 1437 1735 judicum
1470 1691 1517 1725 ad
1547 1701 1617 1725 nos

139 1725 318 1771 p'etitur
342 1727 443 1762 initio
466 1728 628 1772 parcius,
659 1741 741 1764 cum
769 1732 951 1768 admitti
982 1734 1065 1770 satis
1089 1741 1144 1770 est
1165 1736 1200 1779 6,
1223 1738 1259 1780 1,
1282 1738 1328 1778 10
1348 1737 1399 1772 Ν.
1433 1748 1500 1782 per
1522 1737 1617 1780 quae

139 1773 186 1812 in
218 1774 372 1807 animum
401 1774 526 1817 judicis
558 1774 770 1811 admittimur
797 1777 832 1819 4,
859 1782 891 1822 1,
918 1782 948 1815 5.
996 1781 1038 1827 β)
1073 1784 1115 1816 ‹le
1142 1786 1284 1817 sceler
1295 1795 1336 1818 ea
1368 1782 1502 1817 liberet
1531 1793 1615 1818 eum

139 1830 259 1863 noxa,
293 1818 354 1864 qui
378 1819 555 1853 admiserit
582 1821 615 1863 5,
642 1824 697 1865 12,
723 1825 765 1858 13
790 1825 836 1858 N.
878 1836 949 1860 non
976 1837 1055 1863 esse
1078 1839 1100 1864 a
1126 1838 1166 1863 se
1187 1827 1227 1864 id
1251 1827 1394 1864 facinus
1421 1827 1614 1865 admissum

136 1863 172 1906 4,
197 1869 231 1906 2,
256 1868 311 1900 13.
349 1876 394 1899 an
416 1865 640 1913 sacrilegilun
662 1867 707 1902 sit
729 1870 917 1906 admissum
943 1874 986 1907 ib.
1011 1875 1046 1910 8.
1289 1869 1295 1880 “
1370 1873 1382 1880 ‘

90 1907 345 1951 Admodum·
401 1924 424 1956 ΐ.
447 1935 478 1966 q.
511 1926 627 1958 modo
655 1931 693 1958 et
727 1929 902 1962 ratione
939 1931 1143 1965 adhibita
1179 1929 1345 1974 (nostrum
1372 1924 1484 1965 n'aoh
1510 1931 1618 1967 Ver-

136 1965 367 2011 hiiltniss),
398 1971 508 2012 itaque
539 1968 581 2013 a)
609 1978 729 2012 augetx
756 1973 843 2006 dura
869 1977 1042 2018 quaedam
1067 1978 1258 2012 admodum
1281 1975 1419 2022 (verba)
1444 1978 1480 2020 8,
1500 1978 1538 2021 3,
1557 1979 1616 2013 33.

136 2012 224 2045 nihil
247 2014 339 2047 adm.
365 2012 471 2047 distat
490 2015 526 2057 9,
550 2018 585 2058 2,
609 2014 667 2051 44.
702 2017 790 2051 nihil
814 2019 908 2054 enim
933 2033 1018 2056 usus
1055 2023 1148 2057 adm.
1174 2022 1285 2059 video
1307 2024 1345 2066 8,
1368 2023 1404 2066 6,
1427 2024 1474 2060 39
1492 2023 1614 2060 Mor.

135 2057 220 2091 mihi
251 2064 415 2093 nentrum
443 2060 534 2093 adm.
563 2062 679 2104 placet
701 2064 741 2107 8,
766 2065 809 2107 5,
832 2067 889 2102 25.
934 2071 975 2112 β)
1002 2071 1140 2104 minuit.-
1174 2081 1292 2114 pauca
1321 2069 1431 2104 adm.>
1453 2067 1548 2104 dicta
1575 2069 1613 2112 6,
1640 2091 1644 2098 =

135 2106 169 2145 3,
197 2107 230 2137 2.
275 2105 397 2148 paucis
427 2106 517 2140 adm.
543 2106 640 2141 horis
668 2110 724 2151 10,
747 2109 782 2153 6,
809 2112 841 2144 1.
892 2112 938 2154 cs.
965 2117 1001 2157 7,
1025 2115 1061 2159 9,
1089 2117 1122 2149 1.
1164 2118 1221 2159 12,
1246 2118 1303 2170 11,
1327 2117 1386 2150 12.
1425 2116 1611 2160 paululum
1646 2128 1654 2136 ‘-

135 2150 226 2182 adm.
255 2150 413 2194 deperdit
441 2154 496 2195 10,
522 2155 558 2196 7,
584 2151 641 2187 24.
686 2165 768 2190 rara
795 2157 887 2192 adm.
913 2158 947 2203 5,
976 2162 1033 2204 13,
1060 2160 1097 2199 5.
1136 2161 1280 2206 iuvems
1306 2162 1401 2196 adm·
1428 2162 1464 2205 8,
1489 2162 1526 2206 3²
1549 2162 1610 2197 3¹·

133 2205 279 2237 puerum
307 2197 396 2231 adm.
423 2199 479 2241 12,
504 2198 537 2240 6,
561 2201 594 2233 1.
821 2211 826 2215 ’

90 2233 325 2302 Admoneo-
372 2250 413 2296 α)
446 2264 523 2307 non
547 2255 642 2290 enim
676 2257 847 2304 doceo,
884 2260 947 2295 sed
982 2261 1204 2298 admoneo
1231 2263 1402 2298 docturos
1433 2265 1467 2308 1,
1491 2260 1526 2306 4,
1550 2265 1608 2300 17.

133 2296 220 2329 illud
247 2297 435 2347 admonere
460 2305 543 2333 satis
571 2307 625 2335 est
651 2304 684 2345 2,
710 2307 767 2347 17,
792 2305 827 2340 9.
870 2307 1013 2342 Recte
1041 2309 1211 2344 admones
1233 2307 1270 2352 4,
1295 2308 1330 2350 5,
1355 2307 1380 2343 4
1403 2309 1454 2344 N.
1492 2309 1609 2344 bene

134 2341 331 2375 admomtos
355 2354 395 2376 se
421 2344 464 2376 ab
491 2347 695 2382 adversario
720 2350 761 2392 5,
787 2353 850 2393 13,
875 2350 933 2386 46.
965 2354 1160 2390 admonere
1188 2356 1255 2397 fig.
1280 2367 1353 2399 ap..
1370 2356 1476 2390 Cels.
1502 2356 1546 2398 9,
1571 2358 1609 2399 2,

135 2385 215 2421 104.
255 2392 292 2421 et
318 2387 574 2442 admoneri,
611 2398 647 2426 et
672 2395 725 2428 ad
751 2394 963 2432 libellum
995 2400 1242 2445 respicere
1266 2398 1439 2435 vitiosum
1472 2406 1527 2436 est
1550 2403 1608 2443 11,

133 2435 169 2474 2,
192 2430 248 2466 45.
278 2438 491 2486 contrarium
516 2437 552 2469 id
577 2448 675 2480 esse,
702 2442 820 2482 quod
843 2443 1074 2480 admoneatur
1098 2445 1152 2490 (a.
1172 2451 1196 2481 1.
1215 2447 1429 2482 admoneant
1453 2451 1498 2483 Ζ.
1518 2447 1606 2492 conj.

133 2476 285 2519 -antur)
318 2478 352 2518 b,
378 2478 413 2519 4,
437 2481 459 2513 9
484 2482 534 2532 N..
563 2494 609 2515 cr.
634 2489 673 2517 ut
695 2496 818 2520 eoriun
841 2487 995 2534 imagine
1023 2492 1259 2527 admonentur
1289 2494 1346 2537 11,
1369 2495 1406 2538 2,
1430 2494 1488 2527 20.
1525 2498 1610 2527 tan-

132 2528 278 2566 tumque
300 2532 374 2556 non
398 2531 555 2569 cognatis
581 2526 617 2559 id
640 2539 661 2561 e
685 2531 790 2564 rebus
814 2534 998 2568 admoneri
1023 2537 1110 2571 sciet
1138 2537 1188 2582 (α.
1215 2542 1237 2573 1.
1261 2551 1324 2573 om.
1349 2550 1391 2582 e,
1419 2543 1464 2574 Ζ.
1488 2538 1608 2583 conjic.

130 2570 287 2602 Tantum
324 2569 422 2620 quod·
450 2580 523 2621 non
556 2572 705 2617 cognitis
737 2575 797 2611 ille
828 2579 935 2613 rebus
967 2586 1022 2614 sat
1049 2582 1214 2618 habuerit
1239 2585 1298 2626 S.)
1341 2587 1398 2624 12.
1421 2587 1457 2627 2,
1483 2586 1526 2620 31
1553 2585 1604 2619 N.

133 2613 171 2657 ρ)
208 2627 275 2659 κῃ.
304 2621 369 2665 ¹¹.¹·'
413 2620 552 2649 interim
586 2619 774 2654 admonere
805 2621 892 2656 illud
919 2624 1003 2658 satis
1033 2633 1108 2669 est,
1133 2634 1173 2662 ut
1204 2629 1250 2663 sit
1281 2629 1469 2672 (narrandi
1493 2629 1606 2672 ratio)

130 2670 247 2703 noque
279 2660 377 2693 arida
395 2671 557 2711 ‘prorsus
589 2670 649 2696 etc.
680 2667 715 2707 2,
741 2663 776 2708 4,
803 2668 836 2701 3.
870 2668 930 2703 hic
955 2680 1030 2704 non
1057 2672 1212 2709 alienum
1235 2681 1290 2710 est
1313 2677 1528 2720 admonere,
1564 2679 1605 2710 ut

130 2705 200 2739 sint
225 2716 329 2749 quam
357 2706 500 2739 minime
524 2708 712 2761 peregrina
733 2711 767 2752 8,
787 2714 818 2753 1,
833 2716 867 2747 2.
906 2712 940 2759 y)
964 2728 1032 2761 seq·
1056 2720 1141 2752 Ace.
1165 2732 1196 2754 c.
1224 2720 1313 2762 Ins..-
1342 2722 1605 2756 admonendum
1650 2723 1664 2733 '

132 2756 207 2795 est,
233 2750 347 2787 rarius
370 2762 447 2786 esse
472 2752 508 2789 in
534 2759 694 2790 oratione
720 2755 805 2791 illud
832 2769 943 2805 genus
969 2761 1003 2805 5,
1031 2764 1086 2805 11,
1111 2763 1169 2800 24.
1210 2766 1247 2802 in
1273 2767 1345 2812 quo
1372 2767 1514 2813 quidem
1541 2778 1605 2816 go-

1691 1544 1697 1561 .’
1719 1547 1728 1571 ‘J
