1728 3002
80 255 164 294 500
627 245 810 302 Loquax
842 267 898 277 -
924 246 1101 304 Loquor

126 366 184 408 10,
206 363 268 400 91.
311 360 435 409 ignara
462 360 614 396 hu'usce
636 360 822 396 doctrinae
843 362 920 406 loq.
949 367 1046 396 erret
1065 372 1216 398 necesse
1241 367 1296 399 est
1326 367 1387 410 12,
1408 367 1446 410 2,
1467 368 1525 401 20.
1548 365 1630 402 ina-

123 422 206 446 nem
233 409 341 443 modo
364 410 440 452 loq.
464 409 508 441 da
534 407 562 442 it
586 410 649 452 10,
678 410 723 451 3,
744 410 779 443 2.
816 407 962 443 inanem
984 411 1058 454 loq.
1084 410 1222 445 recidet
1245 413 1303 455 10,
1328 412 1365 457 5,
1385 414 1444 448 22.
1473 413 1629 448 circum-

126 463 213 492 eunt
239 455 360 490 omnia
383 452 481 488 inani
503 455 599 498 loq„
636 466 728 499 quae
753 454 877 490 dicere
899 457 1027 490 nolunt
1052 457 1089 500 8,
1113 460 1149 501 2,
1174 459 1233 493 17.

79 502 276 560 LoquaX-
300 525 336 547 v.
362 513 628 547 Facundus.

78 562 267 618 Loquor·
329 568 369 612 α)
392 571 605 614 simpzioiter:
638 580 758 614 neque
784 569 886 615 loqui
907 580 1117 614 possumus,
1145 570 1221 605 nisi.
1238 581 1261 605 e
1283 571 1434 616 syllabis
1458 572 1631 608 brevibus

126 632 169 655 ao
192 617 309 663 longis
334 619 369 659 9,
392 614 428 659 4,
452 617 510 651 61.
556 627 671 660 paene
694 617 766 660 jam
797 616 968 661 quidquid
999 617 1182 661 loquimur
1218 617 1333 663 figura
1361 625 1417 653 est
1449 620 1485 661 9,
1522 621 1560 662 3,
1596 622 1632 653 1.

125 664 342 710 (analogia)
365 662 514 697 inventa
537 668 613 706 est,
649 668 838 707 postquam
860 664 1098 708 loquebantur
1125 664 1316 708 (homines)
1342 665 1376 708 1,
1403 665 1521 707 6,,16.
1570 676 1629 703 ce÷

124 720 224 747 terae
253 715 373 755 partes
401 709 610 755 loquentem
646 709 838 754 adjuvant,
872 710 942 743 hae
974 710 1158 754 (manus),
1190 720 1304 754 prope
1336 717 1392 745 est
1425 716 1466 744 ut
1500 710 1630 754 dicam,

123 759 224 803 ipsae
247 758 444 801 loquuntur
467 758 524 798 11,
545 758 581 798 3,
607 755 665 790 85.
712 766 788 789 non
811 756 902 790 haec
930 755 1085 790 rixantis
1107 755 1216 791 modo
1249 756 1394 801 dixit,
1431 773 1477 781 —
1510 768 1630 802 neque

126 802 230 850 quasi
254 802 486 845 inclamaret,
523 808 584 836 aut
610 807 818 845 testaretur,
850 803 1041 837 locutus
1064 808 1140 837 est
1163 805 1221 842 11,
1244 804 1279 846 3,
1306 805 1386 839 172.
1432 804 1578 847 loque
1590 815 1631 837 n-

126 858 203 886 tes
226 851 271 884 de
296 854 425 882 ornatu
448 865 494 874 —
517 847 669 882 subinde
693 848 911 882 dicemus
936 850 973 892 8,
997 851 1033 892 3,
1066 850 1125 884 58.
1171 850 1255 883 Non
1286 859 1370 883 raro
1407 854 1443 883 et
1476 850 1528 883 sio
1565 851 1631 883 lo-

124 896 225 933 cuti
248 900 376 938 sunt,
408 899 448 928 ut
471 907 607 928 sensa
630 907 710 927 sua
734 894 961 929 dicerent
995 896 1031 939 8,
1070 896 1105 935 5.
1133 897 1167 928 1.
1216 896 1370 941 Quando
1393 894 1492 940 ipsos
1514 895 1630 940 loqui,

122 943 266 989 quando
293 939 461 975 advocati
486 951 581 976 voce
604 939 657 975 uti
680 942 806 975 deceat
830 943 886 984 11,
911 943 945 984 1,
969 942 1027 976 59.
1055 940 1101 983 cs.
1137 939 1196 977 84.
1242 941 1307 975 Est
1336 952 1401 976 sua
1429 942 1631 986 loquen-

121 990 247 1025 tibus
271 986 500 1030 observatio,
531 998 595 1021 sua
619 987 947 1021 scribentibus
980 991 1015 1030 1,
1040 987 1077 1031 6,
1110 989 1145 1021 1.
1200 993 1324 1022 orator
1354 987 1456 1032 loqui
1493 987 1632 1022 nesciet

123 1042 159 1080 2,
185 1038 221 1079 3,
243 1035 279 1070 6.
307 1039 349 1067 ut
371 1043 447 1067 non
474 1032 612 1077 loqui
636 1038 673 1067 et
700 1043 867 1077 orare,
892 1035 955 1068 sed
980 1035 1232 1080 fulgurare
1255 1045 1298 1068 ac
1323 1038 1497 1068 tonare
1524 1034 1633 1070 vide-

123 1082 194 1118 aris
220 1084 256 1124 2,
282 1080 341 1124 16,
370 1081 428 1116 19.
454 1078 501 1121 cs.
529 1081 566 1123 9,
588 1078 625 1123 4,
650 1082 742 1122 110;
774 1081 817 1113 de
840 1083 1132 1124 pronuntiatione:
1169 1080 1292 1124 plures
1323 1080 1553 1124 antiquorum
1576 1079 1630 1114 sio

123 1132 266 1164 locutos
289 1128 324 1170 9,
346 1123 384 1169 4,
407 1126 467 1160 38.
513 1125 554 1171 β)
579 1138 608 1161 c.
631 1129 832 1160 Attribznis:
862 1127 959 1170 quod
983 1126 1131 1160 nimium
1158 1126 1279 1161 Attice
1302 1127 1510 1170 loqueretur
1532 1127 1568 1170 8,
1595 1129 1631 1170 1,
1652 1156 1657 1159 Δ

123 1179 160 1210 2.
207 1173 302 1208 aliud
327 1182 408 1206 esse
430 1171 627 1215 Latine,
663 1172 759 1206 aliud
784 1172 1089 1219 grammatice
1112 1172 1212 1218 loqui
1237 1175 1271 1214 1,
1291 1173 1328 1216 6,
1350 1176 1410 1212 27,
1445 1172 1632 1207 curiose
1668 1173 1674 1180 ‘

122 1220 243 1266 potius
270 1217 372 1262 loqui
394 1229 502 1262 quam
525 1218 616 1252 Lat.
641 1219 679 1261 8,
714 1221 748 1262 1,
772 1222 806 1253 2.
852 1219 986 1263 optime
1016 1221 1176 1254 locutum
1209 1229 1290 1255 esse
1320 1219 1467 1259 Persice
1500 1220 1559 1262 11,
1593 1221 1631 1263 2,

124 1269 188 1309 5Ο;
224 1265 327 1309 loqui
352 1263 553 1298 accuratius
578 1266 613 1305 3,
639 1267 675 1307 2,
699 1267 735 1298 2.
757 1281 806 1287 -
828 1265 979 1299 barbare
1004 1266 1029 1299 l.
1066 1268 1100 1308 1,
1129 1266 1165 1309 5,
1199 1266 1234 1301 9.
1281 1284 1326 1293 -
1368 1264 1556 1300 emendate
1595 1267 1630 1308 1,

70 1327 73 1336 =
123 1316 159 1357 5,
188 1315 221 1346 1.
250 1314 286 1353 1,
308 1311 345 1353 7,
369 1312 427 1344 32.
451 1327 497 1335 -
521 1310 617 1343 Lat.
643 1316 716 1354 atq.
741 1312 994 1345 emendate
1017 1312 1052 1354 8,
1083 1314 1117 1354 1,
1153 1314 1188 1346 2.
1237 1312 1283 1346 de
1317 1322 1389 1356 quo
1421 1322 1491 1346 nos
1525 1310 1630 1346 latius
1722 1331 1728 1335 -

122 1361 313 1403 loquemur
336 1357 372 1398 1,
395 1356 431 1398 5,
461 1354 497 1388 5.
541 1354 656 1388 libere
683 1356 766 1390 adv.
792 1367 831 1389 se
856 1356 1019 1400 loquenti
1042 1358 1077 1399 6,
1111 1359 1148 1399 3,
1183 1358 1242 1391 83.
1287 1357 1432 1391 mollius
1462 1358 1488 1391 l.
1525 1356 1562 1399 4,
1592 1360 1629 1399 2,
1682 1375 1684 1378 -
1724 1368 1728 1384 ’-

119 1407 179 1442 69,
205 1420 252 1430 -
273 1411 382 1446 parce
406 1406 443 1435 et
467 1399 568 1444 quasi
591 1400 715 1434 timide
740 1403 798 1443 11,
825 1403 861 1443 3,
891 1404 971 1435 100.
993 1421 1041 1427 ——
1065 1408 1164 1436 recte
1188 1405 1222 1444 1,
1259 1405 1294 1444 1,
1317 1401 1350 1436 4.
1389 1405 1421 1445 1,
1443 1405 1479 1444 7,
1511 1402 1569 1436 34.
1592 1405 1629 1445 2,

121 1455 156 1495 1,
180 1448 218 1485 4.
240 1465 286 1475 -
308 1446 440 1482 vitiose
470 1449 503 1489 1,
527 1446 563 1488 6,
587 1449 623 1480 7.
670 1451 711 1479 ut
734 1456 802 1480 nos
826 1448 938 1493 vulgo
972 1446 1152 1491 loquimur
1185 1450 1220 1490 2,
1257 1450 1314 1490 10,
1343 1450 1400 1482 13.
1446 1447 1497 1482 ita
1522 1447 1630 1482 Cice-

119 1507 248 1532 ronem
269 1495 474 1528 locuturum
502 1491 615 1526 fuisse
639 1494 696 1535 10,
721 1494 757 1534 2,
783 1494 847 1534 17;
882 1493 1124 1527 ambulantem
1149 1492 1250 1537 loqui
1279 1496 1335 1535 11,
1367 1496 1404 1537 3,
1434 1495 1516 1528 130.
1567 1493 1629 1528 in-

120 1542 282 1578 tentione
308 1539 410 1574 omni
431 1537 582 1572 remissa
607 1539 776 1582 loquetur
801 1541 858 1582 11,
884 1541 917 1581 1,
946 1540 1002 1574 53.
1041 1539 1131 1573 citra
1154 1539 1475 1583 reprehensionem
1496 1541 1629 1585 loque-

118 1596 179 1625 tur
202 1591 237 1631 1,
262 1586 297 1630 5,
324 1586 384 1620 64.
431 1594 538 1629 quam
562 1582 615 1628 (in
641 1591 816 1629 utramque
842 1592 973 1628 par-iem
1002 1584 1232 1629 nutationem)
1261 1585 1299 1619 in
1333 1585 1491 1621 Curione
1523 1592 1627 1630 patre

121 1634 233 1670 irrisit
255 1638 291 1668 et
316 1630 457 1672 Julius,
491 1639 691 1674 quaerens,
730 1629 810 1674 quis
843 1630 884 1665 in
915 1631 1022 1665 lintre
1054 1632 1263 1676 loqueretur
1302 1634 1361 1675 11,
1401 1634 1435 1674 3,
1471 1634 1553 1668 129.
1589 1632 1629 1666 in

121 1692 246 1717 aurem
269 1678 419 1721 alicujus
443 1678 640 1720 loquuntur
661 1678 707 1710 ib.
734 1678 812 1711 131.
858 1675 892 1720 y)
918 1677 992 1721 adj.
1015 1679 1154 1711 Alunt..-
1187 1688 1253 1713 ore
1287 1678 1400 1724 magis
1434 1684 1542 1721 quam
1572 1680 1628 1712 la-

119 1728 194 1764 bris
217 1725 438 1771 loquendum
465 1728 521 1756 est
550 1725 608 1764 11,
637 1723 673 1765 3,
704 1723 763 1757 81.
809 1724 912 1757 velut
944 1734 1010 1757 ore
1044 1723 1163 1758 alieno
1194 1723 1374 1768 loquimur
1405 1726 1462 1766 11,
1499 1726 1533 1767 1,
1566 1725 1625 1759 39.

120 1774 169 1817 cs.
196 1775 252 1816 10,
278 1774 312 1815 1,
340 1772 400 1805 33.
446 1769 570 1802 Musas
594 1767 760 1802 Plautino
784 1779 952 1804 sermone
974 1771 1157 1804 locuturos
1181 1770 1294 1804 fuisse
1319 1772 1375 1813 10,
1414 1772 1447 1813 1,
1482 1770 1541 1805 99.
1578 1770 1625 1811 cs.
1711 1799 1720 1814 ,Α

120 1824 155 1864 1,
181 1820 218 1863 6,
246 1817 303 1852 43.
332 1819 389 1857 12,
415 1816 473 1860 10,
497 1814 556 1849 40.
602 1826 686 1848 cum
710 1815 765 1848 Μ.
790 1814 931 1849 Tullius
964 1821 1018 1849 tot
1052 1815 1210 1850 millibus
1242 1827 1414 1852 versuum
1447 1815 1492 1850 de
1521 1817 1628 1850 Rom.
1706 1819 1720 1849 t

115 1872 254 1902 tautum
277 1860 479 1898 oratoribus
504 1863 673 1906 loquatur
703 1863 760 1903 10,
794 1863 828 1904 1,
857 1863 913 1896 38.
962 1860 1001 1905 δ)
1034 1864 1068 1895 in
1104 1865 1382 1905 Comparatione:
1425 1872 1508 1896 cum
1538 1872 1627 1906 pro—
1727 1871 1728 1889 1

117 1913 196 1959 prie
223 1916 260 1946 et
284 1910 339 1944 ad
361 1910 478 1954 legem
500 1907 613 1951 ipsam
636 1906 800 1941 veritatis
823 1908 1044 1951 loquendum
1068 1908 1137 1942 erit
1162 1911 1218 1951 12,
1248 1911 1281 1952 1,
1309 1910 1365 1944 19.
1409 1907 1524 1942 locuti
1545 1914 1628 1942 sunt

119 1960 172 1994 ad
194 1960 288 1992 hanc
310 1958 473 2000 regulam
496 1959 534 1988 et
556 1953 777 2000 diligentiam
800 1954 835 1996 9,
861 1954 896 1996 4,
920 1952 955 1987 4.
1002 1956 1258 1988 secundum
1280 1965 1488 1988 communes
1513 1954 1626 2000 magis

118 2005 322 2039 intellectus
344 2001 567 2045 loquendum
590 2000 626 2042 3,
652 1999 687 2041 8,
711 2001 754 2041 2;
801 1998 849 2033 in
873 2010 960 2044 quo
984 1999 1034 2034 ita
1065 2000 1265 2044 loquimur,
1302 2006 1448 2044 tanqu
1461 2011 1525 2034 am
1562 2008 1626 2034 etc.

119 2054 157 2095 9,
181 2054 215 2094 1,
242 2052 300 2084 12.
346 2058 423 2081 non
444 2051 496 2080 ut
524 2057 605 2079 cum
631 2051 797 2088 patrono,
829 2047 893 2080 sed
930 2051 979 2079 ut
1002 2057 1085 2080 cum
1111 2047 1230 2091 judice
1263 2048 1459 2090 loquuntur
1490 2048 1554 2089 12,
1588 2047 1624 2090 8,

119 2100 157 2134 9.
200 2101 251 2131 ut
274 2093 471 2142 litigatores
494 2090 679 2136 loquimur
701 2091 947 2136 frequentius,
985 2105 1092 2137 quam
1127 2098 1177 2126 ut
1206 2092 1373 2128 advocati
1399 2093 1435 2134 6,
1462 2094 1498 2134 2,
1521 2092 1581 2128 36.

213 2151 249 2196 ε)
275 2165 305 2186 c.
331 2154 510 2194 Praeposs.
539 2150 576 2191 a)
602 2149 674 2182 de.-
712 2149 820 2194 Quod
844 2150 900 2182 de
923 2149 1029 2183 nobis
1053 2151 1185 2193 loquor
1211 2151 1268 2192 12,
1297 2151 1329 2191 1,
1365 2151 1402 2182 2.
1448 2149 1539 2191 hae,
1573 2149 1624 2183 de
1699 2173 1713 2191 a

119 2198 249 2244 quibus
271 2199 427 2242 loquor,
454 2195 629 2242 imagines
653 2194 688 2237 6,
713 2197 749 2237 2,
774 2196 831 2229 30.
880 2196 936 2229 de
964 2206 1037 2240 quo
1062 2195 1242 2239 loquimur
1271 2198 1307 2236 7,
1334 2196 1368 2237 1,
1406 2195 1463 2229 55.
1499 2197 1556 2237 10,
1591 2197 1626 2238 1,
1693 2198 1712 2230 Q

118 2246 178 2280 42.
225 2245 284 2281 88.
333 2245 391 2285 11,
419 2244 452 2284 1,
480 2244 539 2276 57.
587 2251 658 2285 qua
680 2241 731 2274 de
753 2251 796 2274 re
819 2241 932 2275 locuti
955 2252 1076 2275 sumus
1104 2246 1139 2274 et
1171 2240 1347 2284 prooemii
1383 2246 1419 2276 et
1442 2240 1625 2275 suasoriae

118 2289 322 2336 praeceptis
345 2289 380 2332 5,
407 2291 464 2331 12,
490 2290 547 2322 11.
594 2297 653 2320 res
676 2286 776 2330 ipsa,
810 2287 865 2321 de
895 2299 966 2332 qua
995 2287 1214 2331 loquendum
1239 2292 1294 2321 est
1322 2288 1366 2330 8,
1397 2287 1453 2330 6,,
1477 2287 1534 2321 76.
1582 2287 1624 2330 b)
1693 2286 1710 2312 ’ἶ

121 2339 262 2381 apud,
288 2347 399 2377 cum,
433 2345 528 2377 pro:
562 2333 668 2367 nobis
695 2332 837 2376 saepius
870 2335 951 2377 api
970 2335 1117 2367 omnino
1152 2332 1339 2377 imperitos
1369 2333 1539 2378 loquenti.
1570 2339 1626 2367 est
1691 2366 1705 2378 ,Λ

118 2385 153 2426 5,
179 2383 237 2425 14,
264 2382 331 2423 29;
369 2379 439 2425 ipsi
463 2378 722 2414 nobiscum
746 2379 798 2412 sic
823 2379 1012 2423 loquamur
1035 2383 1069 2422 7,
1096 2382 1129 2422 1,
1153 2382 1210 2413 27.
1256 2381 1359 2414 velut
1380 2387 1427 2413 se
1440 2389 1536 2412 oum
1564 2380 1622 2413 lo-

120 2427 350 2473 quentium9‚
375 2430 409 2468 2,
435 2428 501 2469 3Ο;
527 2435 609 2469 pro
633 2435 705 2469 quo
729 2426 919 2468 loquemur
941 2415 976 2465 Β,
1002 2427 1058 2467 13,
1082 2424 1117 2459 6.
1145 2424 1189 2466 cf.
1212 2423 1248 2468 4,
1278 2429 1310 2469 1,
1333 2426 1391 2460 69.
1418 2430 1455 2459 et
1482 2424 1624 2459 barbari
1692 2434 1698 2450 ³

124 2479 161 2508 et
184 2473 283 2508 servi
314 2483 396 2517 pro
430 2482 479 2506 se
516 2482 596 2505 cum
632 2471 830 2514 loquuntur
861 2473 898 2514 2,
934 2474 990 2515 17,
1025 2472 1060 2506 6.
1089 2470 1151 2515 qui
1170 2477 1304 2505 mutam
1331 2470 1489 2518 effigiem
1509 2470 1623 2518 magis
1688 2469 1695 2481 ¹

118 2529 205 2565 pro
231 2530 278 2554 se
303 2519 508 2553 locuturam
530 2522 631 2561 putet
655 2517 690 2559 6,
715 2519 750 2559 1,
775 2518 834 2550 32.

211 2572 250 2618 ζ)
278 2576 496 2609 Gerundium.
539 2571 574 2616 a)
608 2574 740 2608 Genit..·
780 2571 951 2616 loquendi
986 2574 1197 2618 complexus
1233 2573 1417 2620 seriesque
1454 2576 1488 2617 1,
1521 2574 1556 2616 5,
1586 2575 1621 2608 3.
1686 2599 1695 2614 .-

120 2630 348 2655 communem
371 2621 446 2665 loq.
474 2618 770 2654 consuetudinem
796 2621 852 2661 12,
876 2621 913 2661 2,
939 2619 993 2654 19.
1029 2621 1054 2654 1.
1076 2620 1227 2654 facultas
1249 2623 1286 2663 2,
1309 2619 1345 2664 4,
1371 2621 1425 2655 15.
1449 2621 1476 2653 1.
1502 2620 1622 2654 forma
1686 2635 1694 2658 ,-

123 2668 159 2709 1,
185 2665 221 2708 6,
246 2666 304 2700 16.
351 2665 504 2710 simplici
526 2671 700 2709 rectoque
723 2665 749 2699 1.
776 2675 909 2711 genere
932 2665 967 2707 9,
996 2667 1030 2707 3,
1064 2667 1098 2700 3.
1146 2666 1315 2711 loquendi
1346 2676 1500 2712 genera,
1531 2677 1619 2710 quas
1687 2700 1692 2707 ,

120 2708 329 2746 διαλέκτους
350 2717 486 2745 vocant
513 2714 545 2754 1,
569 2714 603 2754 5,
626 2712 686 2747 29.
713 2730 760 2737 —-
782 2714 844 2744 lex
870 2713 902 2753 1,
931 2711 967 2754 6,
994 2711 1048 2745 16.
1074 2714 1106 2756 1,
1131 2713 1166 2753 8,
1193 2714 1247 2747 13.
1277 2728 1326 2734 --
1349 2712 1517 2759 magistra
1541 2722 1619 2745 cer·
1683 2702 1700 2739 a'

119 2756 276 2800 tissima,
313 2757 535 2791 consuetudo
574 2760 608 2800 1,
640 2758 682 2800 6,
715 2759 751 2791 3.
794 2767 844 2791 ne
867 2757 1074 2791 dicamus
1106 2757 1227 2792 omnia
1258 2756 1352 2792 intra
1381 2756 1617 2802 loquendi

118 2804 264 2838 modum
292 2803 350 2847 11,
372 2804 407 2844 3,
439 2800 498 2836 45.
545 2813 771 2837 communem
806 2804 832 2837 1.
867 2812 1004 2837 moram
1037 2804 1073 2846 8,
1107 2807 1143 2846 2,
1178 2806 1234 2839 17.
1283 2803 1426 2839 divinus
1458 2805 1483 2837 l.
1519 2802 1618 2837 nitor
1681 2815 1688 2818 ·

119 2852 178 2895 10,
202 2851 237 2894 1,
259 2849 317 2885 83.
361 2846 570 2886 observatio
591 2849 618 2883 1.
647 2851 682 2894 1,
704 2849 743 2894 6,
764 2849 822 2885 16.
867 2850 1016 2885 alterum
1051 2846 1208 2895 (λέξεως
1236 2848 1366 2895 genus)
1389 2851 1416 2885 l.
1441 2848 1616 2884 rationem
