1728 3002
109 222 194 262 272
458 255 468 263 .
806 219 962 263 Efficio

153 340 237 371 sunt
272 339 412 381 tempus
429 332 587 380 aliquod,
612 345 684 381 quo
701 335 856 381 primum
869 335 1112 381 efficerentur,
1135 335 1304 372 habuisse
1320 338 1378 383 12,
1391 339 1452 382 11,
1469 339 1526 377 25.
1553 341 1648 386 apud

153 388 346 426 oratorem,
357 381 440 416 ‘nisi
453 381 588 426 aliquid
604 382 772 430 efficitur,
791 385 967 418 redundat
983 382 1181 429 (epitheton)
1205 382 1378 427 8‚6,4o;‘
1389 381 1486 419 aliud
1509 396 1647 440 agere

151 428 330 471 videmur,
354 428 450 462 aliud
477 428 716 463 efficimus
740 431 776 474 9,
796 433 831 474 2,
845 431 902 466 62.
930 430 1016 475 quid
1038 430 1097 474 sit,
1122 431 1167 464 ad
1186 431 1285 474 quod
1311 440 1396 464 nos
1420 430 1647 467 efficien-

152 475 256 508 dum
280 485 525 518 comparemus
550 477 606 518 10,
621 478 657 518 2,
676 474 732 509 14.
757 477 854 519 quod
875 476 1019 512 efficere
1037 476 1215 511 tendimus
1231 478 1267 520 9,
1287 479 1321 519 1,
1336 479 1396 511 21.
1410 487 1458 511 ne
1481 482 1647 524 tentes,

153 522 250 565 quod
278 521 420 555 effici
445 531 519 555 non
534 527 653 565 potest
669 525 705 565 2,
719 523 754 566 8,
767 522 811 556 14
825 535 858 557 v.
876 523 1035 558 Tento.
1062 534 1110 557 ne
1142 524 1239 567 quod
1264 522 1401 557 effici
1424 534 1500 558 non
1515 530 1647 570 potest,

153 567 477 615 aggrediamur
495 568 618 611 6,5,2.
643 569 765 615 colligi
780 580 828 604 ex
843 569 899 612 iis,
925 581 1016 614 quae
1043 567 1237 613 faciunt,
1259 580 1301 603 ea
1319 580 1410 614 quae
1428 570 1648 605 efficiun-

151 619 227 648 tur
251 615 284 656 5,
303 616 360 656 10,
379 615 435 648 80.
456 613 493 647 id
516 615 612 658 quod
629 615 795 649 efficit
809 627 857 649 ex
875 626 932 659 eo,
950 617 1047 660 quod
1070 615 1298 650 efficitur
1321 616 1542 650 ostendimus
1557 618 1592 661 8,
1610 617 1647 661 6,
1672 656 1682 662 -

153 662 210 695 27.
229 661 365 694 nullam
381 666 493 694 artem
518 661 770 704 destruere,
802 663 898 706 quod
923 661 1152 697 effecerit
1174 664 1209 705 2,
1230 664 1288 706 17,
1310 663 1367 697 30.
1398 673 1445 697 ne
1477 665 1647 707 perde—

150 717 258 750 rem,
287 707 477 750 quaejam
505 707 694 741 effecta
720 714 821 742 erant
850 721 924 753 opp.
945 720 1036 754 quae
1060 708 1375 753 promiseram
1394 711 1451 752 12,
1465 709 1524 744 Pr.
1542 711 1576 744 1.

196 751 240 797 β)
265 755 427 796 pendente
450 755 630 787 sentenria:
669 754 941 789 effecturos
976 766 1065 799 nos,
1104 755 1202 799 quod
1237 754 1440 789 dicimus
1463 754 1500 798 4,
1525 757 1561 798 2,
1586 755 1648 791 79.

150 798 196 832 ad
230 798 559 841 efficiendum,
604 801 701 844 quod
730 800 1037 835 intendimus
1076 803 1116 843 1,
1153 802 1216 843 10,
1246 799 1302 836 49.
1347 799 1393 841 cfi
1427 802 1472 843 8,
1511 803 1553 845 3,
1585 800 1646 836 41.

150 847 208 888 12,
228 847 285 887 10,
306 848 364 879 72.
403 846 501 890 quod
524 845 707 889 voluit,
745 847 919 882 effecit
949 850 1006 891 10,
1030 850 1065 891 1,
1082 849 1160 881 131.
1190 844 1236 888 cs.
1257 847 1291 889 5,
1310 849 1346 889 7,
1363 847 1421 881 28.
1453 847 1490 890 8,
1505 848 1565 882 Pr.
1587 849 1647 882 32.

149 902 257 935 quam
290 896 419 935 potens
450 891 650 933 efficiendi,
686 904 780 937 quae
800 893 890 928 velit
916 896 973 937 12,
1002 896 1067 937 11,
1093 895 1148 928 10.
1183 891 1412 939 syllogismus
1434 903 1501 936 per
1522 903 1649 927 omnes

146 943 268 981 partes
293 937 474 978 efficit,
509 940 606 982 quod
629 940 883 983 proposuit
911 941 945 982 5,
970 938 1027 982 14,
1051 937 1110 974 24.
1134 937 1178 980 ej:
1200 941 1257 982 11,
1279 939 1398 982 1‚:35;
1439 948 1592 983 quorum
1614 939 1647 974 si

148 983 234 1028 quid
256 983 296 1017 in
313 995 415 1017 reum
433 984 640 1028 conveniet,
676 985 893 1021 accusatoris
916 991 971 1020 est
990 986 1156 1029 efficere,
1190 985 1236 1018 ad
1251 983 1425 1029 quidquid
1440 985 1646 1020 faciendum

147 1040 275 1064 causae
298 1031 421 1064 valere
447 1030 638 1077 videantur
663 1030 734 1075 (Z.
760 1034 803 1065 de
831 1033 917 1077 conj.
942 1034 1010 1076 Sp.
1035 1035 1135 1065 inser.
1160 1036 1201 1064 ut
1226 1038 1302 1075 post
1324 1031 1492 1074 efficere3
1529 1043 1646 1065 verum

146 1081 239 1118 vulg.
268 1078 462 1118 significat.-
494 1089 583 1111 acc.
617 1085 678 1110 est
712 1081 851 1112 omnia
882 1080 1149 1122 perhibere,
1192 1079 1247 1110 ad
1276 1090 1388 1122 quae
1419 1076 1649 1119 facienda

144 1124 261 1154 satis
286 1124 472 1155 idoneae
497 1136 668 1156 causae
692 1137 787 1157 esse
811 1123 1085 1168 videantur)
1110 1127 1145 1167 7,
1167 1125 1204 1167 2,
1236 1125 1282 1158 35
1318 1124 1366 1158 Ν.
1413 1123 1462 1169 y)
1486 1125 1648 1168 pendente

145 1169 278 1201 Subs1.:
306 1168 449 1201 Phidias
473 1168 540 1201 diis
567 1180 674 1212 quam
696 1169 900 1203 hominibus
924 1170 1124 1204 efficiendis
1149 1168 1192 1211 (i.
1217 1182 1249 1214 q.
1275 1168 1493 1214 effingendis)
1517 1169 1648 1205 melior

144 1212 278 1247 artifex
304 1216 360 1256 12,
387 1216 443 1256 10,
469 1214 493 1248 9
517 1215 563 1247 Ν.
595 1213 869 1249 Anacreontion
891 1217 1000 1249 colon
1025 1215 1161 1250 efficias
1186 1216 1235 1258 9,
1260 1213 1307 1258 4“,
1331 1217 1387 1250 78.
1421 1215 1527 1250 aliam
1566 1216 1650 1251 effi-

142 1259 243 1293 ciunt
266 1259 416 1305 figuram
437 1259 475 1303 9,
498 1260 532 1302 3,
557 1258 615 1294 50.
642 1270 809 1303 moeror,
843 1272 950 1305 quem
972 1272 1149 1295 summum
1171 1265 1313 1305 poterat
1339 1272 1396 1294 ars
1422 1261 1568 1296 efficere
1602 1262 1650 1306 (ί.

143 1318 175 1350 q.
203 1303 456 1348 effingere)
485 1307 521 1347 2,
551 1307 608 1348 13,
634 1308 691 1340 13.
715 1317 828 1350 opus,
860 1308 958 1351 quod
985 1307 1139 1340 efficitur
1162 1307 1206 1340 ab
1229 1306 1364 1340 artifice
1388 1309 1424 1349 2,
1449 1305 1506 1350 14,
1533 1309 1568 1341 5.
1600 1307 1648 1349 cs.

141 1354 179 1394 2,
205 1352 262 1394 16,
289 1351 345 1385 16.
378 1351 419 1385 in
444 1350 637 1385 efficiendo
659 1353 762 1387 velut
788 1363 900 1397 opere
920 1353 1108 1397 proposito
1132 1353 1173 1395 8,
1201 1354 1247 1396 3,
1269 1353 1327 1387 88.
1359 1350 1649 1397 instrumentum,

142 1397 231 1432 sine
254 1407 326 1441 quo
359 1396 456 1442 (Sp.
487 1400 584 1431 inser.
620 1396 682 1440 in)
706 1397 743 1432 id
758 1423 771 1441 ,
804 1400 901 1443 quod
925 1400 1100 1443 velimus,
1131 1408 1223 1442 opus
1253 1397 1350 1432 effici
1373 1408 1450 1432 non
1472 1398 1587 1442 possit
1609 1403 1646 1444 2,
1686 1415 1694 1428 ν

142 1446 203 1486 21,
229 1442 277 1476 24
305 1447 350 1477 Ζ.
382 1445 431 1477 Ν.
468 1456 515 1478 cr.
545 1444 589 1477 ad
619 1444 849 1478 efficiendum
881 1443 930 1489 (ἰ.
956 1458 992 1491 q.
1019 1442 1373 1487 instituendum)
1406 1450 1587 1479 oratorem
1611 1448 1648 1489 1,

144 1492 205 1532 10,
230 1492 265 1523 2.
292 1488 356 1523 ill'a
380 1489 665 1524 circumcurrens
687 1490 797 1534 linea,
824 1490 856 1525 si
879 1491 1014 1526 efficiet
1038 1491 1164 1526 orbem
1185 1508 1230 1516 —
1258 1490 1289 1524 si
1314 1491 1527 1534 quadratum
1549 1491 1648 1536 pari-

143 1536 210 1569 bus
234 1535 308 1569 oris
333 1535 466 1570 efficiat
489 1538 533 1569 ib.
558 1535 616 1570 41.
646 1542 686 1570 ut
719 1536 897 1571 efficiatur
927 1537 976 1582 (ι’.
999 1550 1031 1582 q.
1056 1535 1277 1581 perficiatur)
1305 1537 1404 1570 orbis
1426 1536 1489 1571 ille
1513 1537 1647 1572 doctri-

140 1593 211 1615 nae
227 1584 271 1615 ib.
292 1584 326 1615 1.
351 1581 388 1615 id
411 1594 431 1616 a
453 1593 492 1616 se
522 1584 641 1616 scelus
669 1583 765 1616 effici
791 1586 827 1626 7,
850 1586 887 1627 2,
904 1581 962 1618 42.
980 1589 1020 1617 ut
1042 1582 1120 1627 ipse
1144 1582 1313 1618 transitus
1337 1582 1469 1617 efficiat
1494 1582 1648 1628 aliquam

143 1627 360 1662 sententiam
383 1626 418 1662 4.
453 1631 486 1671 1,
521 1631 579 1663 77.
617 1639 698 1662 cum
727 1629 827 1673 ipsae
859 1631 930 1664 hae
958 1631 1107 1664 vocales
1130 1630 1224 1663 duae
1251 1628 1410 1663 efficiant
1434 1638 1566 1663 sonum
1589 1633 1648 1674 12,

144 1676 201 1716 10,
238 1676 295 1708 30.
333 1680 406 1708 tres
443 1674 575 1708 breves
607 1675 840 1718 trochaeum,
872 1696 919 1702 —
951 1676 1100 1710 totidem
1122 1677 1255 1722 longae
1278 1677 1464 1709 molosson
1486 1674 1648 1710 efficiunt

141 1721 178 1762 9,
203 1718 239 1762 4,
264 1721 322 1755 82.
350 1721 390 1754 in
414 1720 612 1755 efficiendis
635 1720 758 1756 verbis
782 1720 853 1765 (de
875 1724 997 1764 labris,
1024 1724 1048 1755 i.
1073 1735 1103 1766 q.
1128 1721 1498 1764 pronuntiandis)
1533 1723 1588 1760 11,
1610 1723 1646 1764 3,

141 1767 200 1801 81.
223 1777 372 1800 versum
395 1777 469 1800 non
495 1767 605 1801 efficit
627 1768 662 1809 9,
686 1765 722 1810 4,
751 1767 814 1810 98;
839 1773 1056 1811 temperatus
1079 1765 1251 1811 (sanguis)
1286 1765 1444 1800 medium
1467 1767 1646 1810 quoddam

142 1823 312 1846 serenum
342 1812 455 1846 efficit
491 1816 556 1856 11,
582 1815 628 1856 3,
651 1814 710 1848 78.
758 1813 858 1858 Quae
883 1813 913 1846 si
941 1813 1072 1847 nostris
1103 1811 1217 1846 literis
1244 1811 1468 1855 scribantur,
1498 1814 1645 1850 surdum

144 1858 313 1903 quiddam
340 1865 376 1892 et
400 1859 590 1892 barbarum
615 1862 669 1903 (a.
699 1863 722 1892 1.
748 1859 850 1901 adjic.
876 1858 1021 1901 sonum)
1047 1857 1206 1893 efficient
1238 1860 1301 1900 12,,
1322 1859 1378 1900 10,
1407 1859 1465 1893 28.

190 1903 227 1947 ὁ)
251 1905 322 1948 adj.
340 1908 503 1948 Praepos.
524 1907 581 1938 in.-
603 1910 772 1949 (plantum
788 1904 832 1938 in
850 1904 976 1938 studiis
994 1905 1064 1948 jam
1077 1903 1236 1939 effecerit
1245 1902 1358 1947 (puer)
1371 1907 1407 1947 2,
1421 1906 1455 1946 1,
1467 1907 1500 1938 7.
1528 1915 1648 1948 neque

144 1949 193 1983 in
217 1949 275 1992 iis,
296 1950 425 1994 quibus
442 1950 559 1984 minus
576 1957 678 1994 aptus
696 1956 762 1992 est,
780 1949 865 1984 satis
880 1951 1157 1995 possit-efficere
1172 1954 1207 1993 2,
1217 1951 1252 1990 8,
1263 1951 1296 1984 5.
1322 1949 1368 1984 in
1390 1951 1470 1984 solo
1488 1950 1647 1984 fecundo

143 1998 226 2039 plus
241 1997 369 2037 cultor,
394 2007 501 2040 quam
518 1996 594 2040 ipsa
611 2007 676 2040 per
693 2007 732 2030 se
752 1996 892 2030 bonitas
908 1997 976 2031 soli
997 1997 1130 2031 efficiet
1145 1999 1180 2039 2,
1201 1998 1257 2039 19,
1270 1999 1305 2029 2.
1329 2002 1500 2040 quantum
1515 1995 1648 2033 efficiat

143 2042 191 2075 in
215 2041 342 2076 animis
370 2042 555 2076 hominum
578 2043 660 2076 talis
684 2042 826 2087 affectio
845 2043 878 2084 5,
900 2045 957 2086 12,
975 2043 1011 2078 6.
1066 2042 1101 2087 ι)
1127 2043 1200 2086 adj.
1220 2044 1378 2076 Praedic.
1394 2057 1404 2076 .·
1432 2047 1472 2075 ut
1492 2053 1552 2076 me
1575 2042 1648 2086 jam

145 2088 246 2122 nulla
265 2089 412 2122 fortuna
430 2095 551 2132 posset
575 2089 722 2123 efficere
748 2089 894 2123 felicem
915 2089 958 2133 6,
980 2090 1039 2123 Pr.
1063 2089 1096 2124 5.
1129 2088 1227 2133 prius
1255 2093 1331 2131 est,
1363 2089 1461 2132 quod
1481 2088 1643 2132 objicias,

147 2145 278 2168 verum
303 2135 467 2178 efficere,
495 2147 600 2179 quam
623 2145 790 2181 magnum
812 2133 848 2178 4,
866 2137 902 2178 3,
920 2135 955 2171 6.
999 2135 1228 2169 efficiendum
1252 2139 1306 2168 est
1331 2140 1469 2168 certum
1490 2134 1550 2178 id,
1575 2145 1658 2183 quo.
1713 2126 1728 2171 i

148 2181 335 2223 probaturi
366 2192 509 2225 sumus,
540 2182 637 2226 quod
669 2181 846 2214 incertum
874 2186 930 2215 est
957 2193 1020 2215 —:
1059 2180 1288 2215 efficiendum
1315 2186 1370 2214 est
1391 2180 1535 2224 justum,
1559 2183 1648 2224 pro'-
1696 2214 1699 2215 γ

147 2231 228 2268 pter
251 2228 347 2270 quod
372 2227 477 2262 nobis
505 2228 599 2262 bona
623 2227 820 2271 adjudicari
844 2228 996 2262 debeant
1019 2228 1053 2269 5,
1080 2226 1134 2268 14,
1152 2227 1208 2261 16.
1235 2226 1281 2267 ej:
1309 2228 1342 2269 5,
1368 2228 1426 2269 10,
1453 2227 1510 2261 66.
1535 2237 1649 2270 quse-
1718 2230 1728 2275 i

149 2272 234 2304 dam
259 2273 429 2307 videntur
455 2274 579 2321 gravia
603 2285 670 2318 per
695 2284 747 2316 se,
774 2274 947 2317 quaedam
971 2272 1160 2308 efficienda
1181 2278 1264 2306 sunt
1285 2272 1321 2314 6,
1345 2274 1382 2315 2,
1405 2274 1463 2306 21.
1489 2271 1647 2306 animum
1722 2274 1726 2278 '

149 2317 278 2359 judicis
303 2319 455 2354 similem
480 2320 547 2364 iis,
583 2330 676 2364 quae
700 2319 804 2362 dicit,
840 2319 974 2354 efficiat
1005 2322 1041 2363 2,
1068 2319 1103 2362 5,
1129 2319 1163 2353 8.
1193 2318 1324 2351 librum
1344 2333 1392 2343 —
1413 2314 1565 2352 similem
1587 2317 1647 2362 iis,
1713 2314 1728 2357 ἐ

149 2362 212 2405 qui
237 2371 299 2399 etc.
325 2366 481 2399 efficiam
505 2367 541 2409 6,
568 2367 604 2409 3,
627 2367 682 2401 65.
708 2366 875 2410 quasdam
907 2364 1071 2410 (literas)
1101 2365 1202 2399 velut
1225 2363 1384 2398 acriores
1416 2372 1541 2408 parum
1566 2364 1648 2398 effi-
1723 2374 1728 2383 ·

150 2407 277 2451 cimus,
302 2415 337 2443 et
361 2412 439 2445 aliis
466 2430 511 2436 -
534 2418 774 2458 permutemus
800 2414 834 2455 1,
859 2414 917 2454 11,
943 2410 976 2445 4.
1020 2410 1058 2454 ζ)
1082 2410 1152 2454 adj.
1173 2412 1310 2444 Amat..-
1339 2410 1528 2453 caelatura,
1554 2421 1648 2455 qnae

151 2464 293 2497 aur0,
325 2463 524 2503 argento
561 2466 622 2492 etc.
661 2468 771 2501 opera
804 2457 915 2491 efficit
942 2459 985 2499 2,
1010 2459 1076 2498 21,
1100 2457 1138 2490 9.
1172 2467 1217 2489 an
1244 2461 1443 2489 atomorum
1468 2466 1648 2490 concursu
1683 2458 1686 2460 ’

148 2500 303 2533 mundus
327 2501 372 2534 sit
397 2504 542 2538 effectus
566 2508 601 2547 7,
629 2506 664 2547 2,
691 2507 726 2538 2.
762 2513 949 2537 numerum
975 2501 1250 2548 quingentorum
1273 2501 1372 2535 flexo
1397 2501 1529 2545 pollice
1566 2501 1647 2535 effi-

153 2544 280 2579 cientis
316 2545 467 2592 (gestus)
502 2553 559 2593 11,
584 2553 628 2593 3,
654 2552 735 2584 117.
765 2549 879 2583 oratio
904 2547 1058 2582 efficitur
1091 2553 1186 2591 arte,
1218 2547 1309 2582 sicut
1331 2552 1445 2581 statua
1466 2550 1502 2590 2,
1530 2550 1588 2589 21,
1612 2549 1646 2581 1.
1703 2567 1706 2570 >

151 2597 281 2625 neutro
314 2594 423 2626 modo
452 2605 549 2637 vox,
587 2607 693 2640 quam
727 2595 920 2637 sentimus,
953 2593 1108 2637 efficitur
1143 2597 1176 2637 1,
1212 2597 1248 2636 7,
1277 2593 1334 2627 26.
1368 2593 1464 2636 quod
1491 2592 1647 2627 efficitur
1691 2605 1702 2610 ⁴*

156 2637 289 2680 duplici
314 2638 373 2671 via
413 2642 446 2681 1,
470 2641 505 2682 6,
530 2640 564 2674 4.
602 2643 646 2674 ad
681 2641 992 2676 efficiendum
1030 2639 1087 2683 (a.
1115 2643 1138 2673 1.
1171 2637 1438 2684 effingendam)
1470 2638 1646 2682 oratione,

153 2684 252 2726 quod
278 2686 590 2727 proposuerit
619 2690 676 2729 11,
704 2690 737 2728 1,
765 2689 829 2729 353
869 2695 1022 2729 corpora
1048 2696 1154 2730 quam
1186 2683 1447 2728 speciosissima
1471 2683 1526 2728 (a.
1557 2689 1579 2718 1.
1603 2702 1646 2711 -
1704 2698 1706 2703 ’

151 2729 229 2771 me)
253 2729 420 2775 fingendo
446 2730 674 2777 pingendove
701 2732 846 2766 efficere
869 2732 904 2774 5,
929 2734 984 2765 12.
1008 2734 1064 2765 21.
1090 2732 1170 2775 plus
1197 2729 1307 2764 efficit
1329 2729 1482 2763 dicendo
1508 2733 1564 2773 12,
1590 2731 1646 2765 10.
1688 2743 1689 2746 ’
1711 2747 1728 2774 ,;

153 2773 210 2808 44.
266 2777 317 2819 η)
341 2777 411 2819 adj.
446 2790 540 2821 per.-
570 2777 734 2820 probatio
760 2783 796 2812 et
822 2778 910 2811 fides
934 2777 1089 2811 efficitur
1108 2787 1183 2810 non
1208 2781 1345 2809 tantum
1371 2786 1453 2819 per
1485 2776 1574 2811 haec
1598 2778 1644 2810 ib.
1704 2771 1713 2788 ²

153 2823 209 2854 11.
242 2820 328 2866 quid
361 2828 397 2856 et
429 2834 511 2867 per
551 2834 643 2868 quae
672 2823 818 2858 efficere
848 2822 939 2859 velit
964 2834 1047 2868 pars
1074 2821 1217 2859 diversa
1251 2823 1288 2865 3,
1315 2823 1370 2865 11,
1393 2823 1452 2855 23.
1486 2822 1556 2867 jam
1580 2831 1648 2867 per
