1728 3002
307 107 320 125 Q

537 158 782 204 Denomlno
811 179 868 198 o·-
896 157 1082 216 Depello
1320 202 1329 206 ,
1494 160 1577 201 215

85 275 331 322 effluam.
372 275 528 319 6‚2,9.
571 273 725 319 6‚3,8.
769 275 966 317 7‚1o,18.
1011 275 1211 319 8‚3,22.
1246 272 1422 318 10,5‚e.
1479 270 1570 306 snm

85 329 131 359 et
155 323 223 359 illa
252 332 301 357 ex
332 322 457 357 eadem
483 325 619 355 natura.
667 336 712 347 —
763 321 1104 365 Nonnunquam
1137 320 1267 355 etiam
1304 318 1398 354 leals
1437 318 1568 358 caloris

84 369 195 405 alieni
225 367 364 403 derisus
389 378 439 403 ex
459 367 527 401 hac
552 368 669 401 forma
697 367 799 403 venit
820 383 889 400 —.
943 365 1115 407 Verum
1150 366 1396 411 aliquanto
1423 363 1567 411 magis

84 414 228 460 propria
249 420 424 448 sunt.—.
478 410 781 457 Deniqueffhoo
805 422 912 447 omne
933 413 1066 447 bonum
1089 418 1124 447 et
1148 423 1288 448 comem
1309 414 1430 447 viam
1450 409 1569 455 poscit

83 462 128 504 6,
153 463 198 504 2,
227 462 333 495 15-
349 459 415 502 18ς
454 469 536 493 nec
568 458 717 505 pingere
749 458 935 503 quisquam
959 464 1017 493 aut
1039 459 1176 506 fingere
1207 457 1327 503 coepit
1352 469 1375 493 a
1395 457 1566 502 pedibus:

84 517 166 542 nec
192 505 394 551 deniqne
418 515 476 539 ars
497 505 569 538 ulla
594 510 858 538 consummatur
879 503 946 547 ibi,
977 505 1074 540 unde
1096 504 1308 540 ordienduun
1334 509 1391 539 est
1412 505 1448 546 3,
1469 503 1507 547 9,
1529 502 1564 537 9.

84 553 131 594 ‘fi
151 555 188 596 2,
212 551 269 594 16,
292 552 326 586 5.
364 550 396 585 si
417 551 463 585 de
484 561 526 585 re
548 550 705 594 minore,
734 556 808 585 aut
834 550 905 584 alio
933 549 1071 594 animo,
1099 556 1172 586 aut
1197 549 1397 595 denique
1423 559 1499 583 non
1521 547 1565 582 ab

84 598 165 643 ipso
192 597 324 632 dictum
347 596 475 631 fuisset
498 596 534 639 6,
561 598 606 636 3,
635 600 712 631 111.
738 609 771 631 v.
795 596 896 630 Aut.
948 607 995 631 ne
1023 602 1216 632 renovaret
1243 597 1369 630 domus
1391 595 1566 640 pudorem

29 649 32 655 ’
82 650 119 679 et
142 644 377 688 exprobraret
397 642 490 687 patri
512 642 672 686 nuptias,
707 643 810 676 matri
839 642 969 686 prioris
994 642 1091 677 vitae
1112 642 1380 677 necessitatem:
1411 652 1466 676 ne
1494 641 1565 674 do—

81 689 231 736 nique
263 690 380 737 legem
412 689 589 733 quandam
618 687 691 722 suis
721 699 865 733 quoque
893 687 1044 722 subinde
1067 689 1189 723 liberis
1214 690 1314 722 daret
1343 690 1410 730 11,
1434 690 1477 729 1,
1505 687 1563 720 83.

81 736 123 782 7)
143 747 251 782 prope
263 737 289 771 ι’.
305 747 338 782 q.
362 736 543 769 deinde.-
568 735 653 778 Ejus
671 735 841 778 duplex
857 734 1067 781 significatio
1086 741 1151 770 est.
1187 734 1411 770 Generaliter
1421 733 1517 767 enim
1529 737 1565 766 et

81 793 100 816 ι
169 781 179 790 ’
215 781 225 791 ’
314 780 512 825 accipitur.
555 780 687 814 Prius
721 780 810 815 illud
842 786 915 823 est,
953 791 1072 823 nunc,
1111 781 1197 815 olim
1237 788 1320 823 e10.,·
1363 778 1565 823 denique

24 835 31 847 .-
81 827 331 871 praeteritum,
362 827 520 869 instans,
553 827 711 860 futurum
734 827 777 870 5,
805 829 865 870 10,
889 826 947 860 42.
1003 826 1191 861 Sciebatur
1215 826 1443 861 interfectum
1469 835 1565 866 eum,

81 883 212 918 corpus
234 872 388 917 denique
411 873 530 916 ipsum
555 872 756 916 impositum
779 873 874 907 lecto
898 878 974 906 erat
996 873 1038 915 6,
1068 875 1108 916 1,
1137 875 1194 906 31.
1228 872 1400 917 quidquid
1429 872 1474 905 de
1495 872 1565 904 ho-

82 920 192 963 nestis
214 924 252 954 et
270 919 437 961 utilibus,
462 917 658 963 denique
680 918 854 953 faciendis
877 924 914 954 et
939 928 1013 952 non
1037 918 1211 952 faciendis
1234 918 1363 953 dicitur
1386 918 1423 961 6,
1447 920 1483 960 2,
1507 918 1563 950 11.

35 974 294 1017 Denomino.
338 984 489 1029 Propria
518 990 600 1019 sunt
629 985 763 1029 verba,
795 997 876 1020 cum
904 985 943 1020 id
972 985 1202 1033 significant,'
1224 986 1264 1020 in
1293 986 1389 1031 quod
1411 984 1564 1029 primam

82 1031 308 1066 denominata
334 1036 416 1064 sunt
443 1033 461 1065 1
476 1056 487 1074 ,
510 1031 551 1075 5,
578 1033 641 1066 71.
680 1033 790 1066 multa
815 1037 897 1065 mint
920 1037 957 1067 et
984 1033 1122 1067 Graece
1145 1038 1180 1067 et
1204 1032 1330 1067 Latine
1354 1042 1427 1066 non
1450 1032 1565 1065 deno-

80 1078 214 1112 minata
235 1079 270 1120 8,
293 1080 330 1120 2,
352 1075 387 1110 4.
415 1075 521 1112 etiam
547 1076 587 1110 in
611 1077 677 1120 iis,
706 1089 798 1122 quae
824 1077 1050 1112 denominata
1072 1084 1154 1112 sunt
1187 1079 1283 1123 (opp.
1307 1089 1367 1113 res
1389 1076 1564 1122 plurimae

81 1129 206 1158 carent
229 1120 561 1168 appellationibus),
593 1134 730 1157 summa
756 1129 943 1168 paupertas
968 1124 1008 1158 in
1034 1125 1159 1159 eadem
1181 1135 1249 1158 nos
1275 1122 1564 1168 frequentissime

79 1169 238 1205 revolvit
260 1171 325 1213 12,-
343 1170 401 1213 10,
422 1167 489 1211 3⁴3
519 1170 565 1203 de
589 1179 631 1203 re
653 1169 878 1203 denominata
899 1169 996 1214 (opp.
1022 1170 1070 1205 de
1090 1170 1271 1206 communi
1295 1167 1563 1214 appellatione),

77 1215 140 1250 ubi
165 1220 203 1250 et
226 1214 477 1296 gachNessa
498 1220 636 1250 certum
658 1220 736 1258 est,
769 1226 838 1250 nec
866 1215 1068 1260 dubitatur,
1099 1216 1186 1262 quid
1209 1217 1273 1261 sit,
1307 1217 1406 1262 quod
1429 1216 1563 1250 factum

78 1267 144 1296 est.
168 1262 204 1305 3,
251 1286 263 1304 ,
314 1263 332 1294 1
395 1285 406 1295 .

34 1306 168 1349 Dens.
214 1328 296 1363 cum
318 1315 484 1352 dentibus
516 1315 604 1351 albis
646 1319 687 1352 V
691 1319 770 1360 irg.
792 1319 828 1360 8,
851 1320 887 1360 2,
904 1320 962 1362 10,
988 1319 1024 1361 8,
1047 1318 1083 1362 6,
1106 1317 1165 1353 40.
1200 1330 1268 1364 per
1290 1317 1448 1359 dentium
1471 1316 1561 1352 rari-

77 1370 186 1399 tatem
208 1365 265 1406 11,
288 1365 324 1407 3,
347 1363 406 1398 55.
448 1362 543 1398 inter
564 1362 767 1397 discrimina
794 1363 952 1398 dentium
975 1365 1128 1399 efflanda
1153 1371 1206 1399 est
1230 1364 1306 1409 (F)
1340 1368 1396 1407 12,
1423 1367 1480 1407 10,
1503 1364 1563 1399 29.

78 1410 363 1444 labra—dentes
386 1410 522 1443 nudant
541 1411 597 1452 11,
619 1409 655 1453 3,
678 1411 738 1445 81.
769 1420 847 1445 vox
868 1410 931 1445 vel
951 1409 1047 1445 inter
1068 1412 1194 1446 dentes
1217 1421 1390 1455 expressa
1415 1412 1459 1445 ib.
1483 1409 1564 1444 104.

33 1465 252 1508 Densitas.
288 1490 346 1498 —-
373 1475 631 1520 (sententiarum)
655 1477 772 1512 obstat
787 1477 943 1513 invicem
958 1479 992 1521 8,
1017 1478 1051 1522 5,
1072 1478 1130 1514 26.
1158 1478 1334 1514 densitate
1350 1478 1450 1524 ipsae
1471 1477 1564 1526 figu-

78 1534 140 1558 rae
163 1522 368 1568 aperiuntur
390 1524 426 1566 9,
451 1525 487 1566 2,
510 1525 568 1557 72.
1223 1536 1227 1539 -

31 1567 194 1610 Denso·
245 1579 272 1623 1)
293 1583 445 1625 proprie:
470 1580 698 1613 densatus
721 1585 758 1614 et
780 1580 971 1614 laxatus
995 1583 1059 1614 aer
1082 1579 1139 1625 (ex
1157 1575 1296 1623 Vir-g.)
1310 1581 1345 1626 5,
1361 1582 1397 1625 9,
1418 1581 1474 1615 16.
1512 1579 1563 1623 11)

76 1629 111 1659 in
140 1627 299 1660 ‹licendot
338 1637 384 1660 ue
419 1636 484 1660 eae
518 1625 661 1670 quidem
706 1626 914 1668 (figurae),
957 1638 1051 1671 quae
1090 1633 1189 1662 recte
1227 1628 1337 1671 fiunt,
1380 1627 1560 1661 densanda

76 1677 159 1710 sunt
182 1671 286 1709 nimis
309 1672 354 1715 9,
377 1674 421 1714 3,
445 1673 525 1705 101.
555 1671 824 1706 instandum
855 1672 1020 1717 quibusd.
1046 1672 1086 1707 in
1115 1673 1274 1718 partibus
1304 1678 1341 1708 et
1369 1674 1560 1708 densan-

77 1718 131 1751 da
152 1718 268 1752 oratio
300 1720 356 1760 11,
379 1719 415 1761 3,
436 1716 519 1752 164.

33 1759 233 1804 Densus-¹
284 1778 425 1808 transh:
459 1784 624 1818 aspera
660 1785 703 1807 ac
734 1774 886 1808 densa*
911 1774 1007 1820 (vox)
1038 1777 1102 1819 11,
1140 1778 1183 1810 3.
1207 1776 1330 1818 632v.;
1356 1781 1426 1809 tam
1450 1775 1559 1808 densa

79 1818 198 1852 omnia
225 1821 278 1861 (in
301 1819 499 1863 Demosffl.)
531 1822 596 1863 10,
622 1822 662 1862 1,
684 1820 751 1862 76;
793 1822 835 1854 de
865 1823 1099 1864 scriptoribus:
1128 1821 1340 1866 (Euripides)
1375 1820 1560 1855 sententiis

79 1864 210 1898 densus
225 1866 338 1900 ib.68.
363 1867 535 1899 densus
558 1870 595 1900 et
610 1865 765 1900 brevis
788 1872 824 1900 et
839 1866 1286 1911 semperinstanssibi
1306 1866 1559 1911 Thucydides:

77 1909 233 1943 dulcis
265 1917 301 1944 et
334 1910 573 1945 candidus
605 1917 642 1945 et
671 1911 805 1946 fusus
835 1913 1044 1947 Herodotus
1075 1916 1118 1948 th.
1147 1915 1205 1949 73.
1253 1913 1451 1948 densior
1476 1912 1558 1955 ille,

76 1954 136 1988 hic
159 1955 399 1998 copiosior
422 1958 467 1989 ib.
492 1957 571 1990 106.

30 1998 343 2063 Πευΰῐὶῐίίίῐὶθ··
381 2003 416 2055 1)
448 2011 497 2054 si,
527 2022 575 2045 re
609 2022 684 2045 non
718 2018 825 2047 ante
863 2014 1135 2059 proposita,
1170 2026 1354 2058 securum,
1388 2026 1432 2048 ao
1460 2015 1557 2047 nulla

79 2057 443 2090 denuntiatione
472 2057 511 2090 in
546 2067 586 2090 se
612 2067 852 2101 conversum,
883 2059 1023 2094 intrarit
1046 2061 1159 2094 oratio
1182 2060 1218 2101 4,
1243 2063 1277 2102 5,
1306 2062 1340 2096 5.
1400 2059 1451 2102 11)
1474 2063 1498 2092 ἰ.
1524 2072 1556 2102 q.

74 2105 241 2136 minae.-
284 2101 482 2136 dedendine
507 2101 640 2135 fuerint
666 2101 770 2136 etiam
793 2103 881 2138 citra
904 2106 999 2139 hano
1018 2106 1323 2140 denuntiationem
1346 2105 1394 2148 (i.
1414 2118 1443 2138 e.
1461 2107 1558 2138 Fabii

77 2151 184 2185 Gallis
208 2151 326 2182 bellum
363 2148 596 2185 minitantibus)
619 2149 655 2190 3,
679 2147 717 2191 8,
737 2150 796 2182 20.

31 2194 265 2236 Denuntio.
322 2202 367 2248 1)
403 2205 446 2237 de
480 2204 615 2237 testibus
658 2204 682 2236 i.
710 2215 747 2255 31.
787 2206 962 2238 mando.-
1007 2205 1080 2239 duo
1120 2215 1253 2252 genera
1284 2212 1368 2240 sunt
1401 2205 1555 2250 testium,

79 2257 141 2286 aut
162 2249 536 2285 voluntariorum
558 2253 618 2282 aut
642 2249 816 2292 qulbus
844 2249 884 2283 in
910 2250 1049 2292 judiciis
1070 2251 1222 2295 publicis
1252 2253 1353 2297 lege
1382 2253 1555 2286 denun-

80 2297 135 2331 tia
144 2302 217 2330 tur
238 2296 317 2339 (Sp.
338 2295 468 2339 quibus
490 2295 601 2339 judex
624 2293 662 2328 in
684 2294 757 2337 jud.
771 2295 1037 2330 —denuutiare
1052 2298 1161 2339 solet)
1185 2298 1219 2340 5,
1243 2301 1278 2340 7,
1302 2299 1325 2334 9
1342 2302 1384 2332 Ζ.
1412 2300 1457 2332 N.
1503 2299 1550 2333 cf.

76 2345 125 2377 ib.
153 2343 209 2377 15.
253 2341 303 2384 11)
327 2343 352 2375 i.
378 2354 410 2387 q.
437 2342 597 2375 minor.-
619 2351 726 2374 manu
750 2341 890 2375 sublata
909 2342 1118 2376 denuntiant
1142 2345 1197 2386 11,
1221 2345 1259 2387 3,
1281 2342 1349 2378 120
1371 2346 1419 2382 Ν.

33 2398 259 2442 Deorsum·
285 2420 344 2428 —
369 2407 607 2452 spectantibus
630 2407 748 2455 digitis
773 2411 827 2443 11.
849 2411 887 2451 3,
906 2410 965 2446 97.
987 2410 1117 2456 reliqui
1139 2409 1285 2456 (gestus)
1312 2417 1349 2446 et
1377 2424 1553 2447 sarsum

79 2461 115 2490 et
142 2455 364 2488 deorsum
384 2454 518 2498 aliquid
540 2455 731 2490 ostendunt
752 2457 797 2488 ib.
823 2456 902 2491 105.

31 2498 230 2556 Depello.
287 2510 321 2550 1)
347 2512 500 2554 propr-iet
539 2510 583 2555 a)
614 2523 694 2546 eum
727 2513 850 2545 hostes
880 2523 1018 2547 murum
1048 2513 1310 2558 ascendissent,
1343 2515 1554 2561 peregrinus

78 2569 142 2591 eos
168 2555 302 2601 depulit
323 2559 358 2598 7,
380 2555 416 2596 6,
438 2556 481 2598 6;
505 2567 623 2601 neque
640 2557 754 2600 enim,
778 2557 839 2601 qui
855 2563 954 2592 recta
972 2558 1034 2594 via
1060 2561 1268 2604 depulsus
1291 2567 1365 2603 est,
1389 2562 1551 2595 reduci

77 2603 124 2637 ad
153 2613 253 2645 eam,
289 2602 359 2635 nisi
379 2601 499 2654 aliquo
520 2603 618 2636 flexu
638 2609 756 2647 potest
781 2606 816 2636 2.
843 2606 900 2645 17,
919 2603 978 2639 29.
1030 2603 1075 2650 β)
1098 2608 1131 2639 in
1153 2609 1381 2640 similitudine.-
1408 2605 1553 2651 (poesis)

78 2649 228 2692 depulsa
253 2653 361 2695 recta
378 2659 440 2683 via
463 2650 520 2691 10,
547 2651 580 2682 1.
600 2650 657 2685 29.
683 2649 722 2684 vi
745 2649 895 2692 quadam
919 2650 1064 2684 affectus
1090 2653 1191 2686 velut
1212 2658 1313 2686 recto
1336 2651 1475 2686 itinero·
1489 2654 1553 2686 de-

79 2693 175 2738 pulsi
195 2691 232 2736 4,
254 2696 290 2736 2,
314 2691 393 2727 104.
417 2705 510 2738 quae
532 2693 727 2739 (rhetorice)
750 2696 832 2729 dum
848 2704 957 2738 opere
979 2696 1134 2741 cedit,
1156 2699 1226 2742 jam
1248 2709 1362 2743 paene
1377 2698 1551 2742 possessi-

83 2749 166 2778 ona,
182 2739 377 2786 depulsa
401 2745 474 2774 est
501 2742 550 2784 2,
569 2743 610 2784 1,
633 2740 668 2777 5.
722 2739 774 2786 11)
798 2745 935 2776 transl..-
962 2741 1158 2779 intendere
1181 2743 1267 2789 quid
1289 2744 1350 2779 vel
1372 2745 1553 2790 depellere
