1728 3002
118 198 202 237 348
639 171 654 176 κ
711 190 823 239 Fluo
858 217 913 225 -—
950 192 1066 236 Fons

118 296 241 340 fluo.
285 305 323 348 Ι)
353 308 508 351 proprie.
545 305 701 340 amnium
723 308 837 341 multo
862 306 1012 354 gurgitis
1035 313 1151 343 tractu
1173 298 1356 349 fluen‘tium
1381 312 1437 353 12,
1461 312 1497 351 2,
1525 311 1577 343 11.
1616 314 1654 342 ut

163 353 358 388 beatissimi
386 365 508 387 amnes
532 354 614 396 (Sp.
641 353 830 386 latissimus
855 355 982 392 amnis)
1004 354 1088 388 totis
1113 353 1268 389 vallibus
1294 354 1410 389 fluunt
1436 354 1481 398 (S
1490 369 1524 398 p.
1551 354 1653 397 fluat)

165 403 199 443 5,
225 399 280 443 14,
305 403 372 441 313
404 403 541 432 transl..·
579 399 715 433 balteus
738 410 806 434 nec
830 401 1096 446 strangulet
1118 411 1188 434 nec
1211 400 1333 435 fluat
1358 404 1422 446 11,,
1445 401 1578 444 3,·140
1606 402 1650 434 Ν.

126 487 133 489 ⁴
162 449 213 491 11)
248 450 281 480 in
305 447 467 479 ‹lic-endo.-
509 445 543 477 in
568 446 756 479 Herodoto
781 445 901 480 omnia
923 447 1054 484 leniter
1076 447 1190 480 sstnnnt
1213 445 1249 488 9,
1272 445 1308 490 4,
1335 447 1388 482 18.
1422 446 1517 488 acria
1540 458 1652 480 cur-

162 504 289 535 rere,
324 492 473 526 delicata
499 492 659 525 fluere
694 494 736 526 ib.
769 493 844 528 139.
877 494 1058 536 quomodo
1083 498 1252 538 poterunt
1274 492 1437 537 copulata
1459 492 1568 528 fluere
1595 495 1650 534 11,

162 545 205 582 2,
228 539 284 574 26.
318 548 435 572 sermo
461 543 567 582 atque
597 538 749 582 epistola
773 558 820 564 —
843 549 918 573 non
950 540 1136 583 fluunt,
1175 550 1242 574 uec
1266 541 1553 582 cohaerent,
1586 550 1654 572 nec
1720 580 1728 582 ‚

161 586 274 622 verba
296 584 417 619 verbis
440 585 585 618 trahunt
606 586 641 626 9,
669 583 704 626 4,
730 587 788 619 20.
816 585 998 619 lubrica
1022 592 1076 620 est
1100 597 1140 619 ac
1166 585 1275 620 fluit
1307 584 1478 629 (raineria)
1513 587 1558 619 ib.
1574 588 1653 620 129.

161 634 265 666 labor
288 631 348 664 ille
370 641 498 664 vcareus
523 636 664 664 rectore
688 630 766 664 fluit
799 630 857 675 (a.
882 635 906 664 1.
931 631 1098 675 fluitabit)
1125 635 1188 675 10,
1212 635 1256 675 1,
1279 634 1303 665 2
1334 633 1377 666 N.
1405 639 1436 665 et
1460 633 1498 664 S.
1525 630 1655 674 oratio,

162 690 253 724 quae
288 677 410 711 ferri
446 677 551 710 debet
580 688 622 710 ac
648 679 807 711 fluere
835 678 876 721 9,
909 676 954 718 4,
984 682 1062 713 112.
1101 678 1202 712 illum
1226 677 1411 712 horridum
1438 687 1657 720 sermonem,

161 732 199 758 ut
230 726 323 758 forte
347 723 492 757 fluxerit
526 728 575 764 (a.
602 727 623 758 1.
649 722 740 763 effi.)
766 726 809 757 ib.
834 726 879 766 ὃς
911 725 1001 758 haec
1027 725 1145 758 omnia
1168 724 1281 758 fluunt
1303 723 1491 759 illaborata
1527 726 1588 766 10,
1621 727 1654 765 1,

163 774 241 806 111.
275 776 326 812 ut,
353 781 444 814 quae
469 769 651 813 complexi
681 769 799 804 animo
824 782 966 813 sumus,
995 771 1107 805 fluant
1130 782 1258 805 secura
1280 773 1336 816 10,
1365 771 1400 813 6,
1427 771 1460 804 6.
1490 771 1597 814 plena
1620 775 1660 803 et

161 818 317 861 simplex
342 824 401 850 etc.
428 816 504 850 fluit
531 815 627 860 (vox)
653 819 710 860 11,
735 819 769 859 3,
793 817 848 851 63.
874 817 1052 851 Lucilium
1076 817 1187 851 fluere.
1214 818 1424 853 lutulentum
1449 820 1574 850 Hor-ar.
1596 818 1655 858 10,

163 868 195 906 1,
210 865 274 904 9⁴3
301 862 529 906 grammatice
554 864 661 906 pleno
688 863 757 903 iam
781 863 864 897 satis
889 864 996 898 alveo
1017 863 1093 897 fluit
1106 867 1142 907 2,
1157 865 1191 905 1,
1204 862 1239 899 4.
1266 869 1306 898 ut
1327 862 1466 898 numeri
1489 868 1654 906 sponte

121 941 126 946 .
159 909 388 951 fluxisse,
415 919 486 942 non
513 909 737 943 arcessiti
767 915 803 943 et
828 910 985 944 coacti
1009 921 1089 944 esse
1111 909 1302 946 videantur
1323 911 1347 945 9
1381 907 1417 953 4,
1446 907 1536 951 147;
1562 920 1653 953 quae

159 957 243 990 totis
266 955 404 990 viribus
428 955 505 988 fluit
529 954 574 999 (a.
602 959 624 988 1.
650 955 717 988 fnit
752 959 797 990 al.
823 955 926 999 furit)
958 956 1073 990 oratio
1103 958 1147 990 ib.
1174 959 1222 999 73
1246 959 1396 991 Parue..·
1431 954 1471 989 in
1492 954 1583 989 locis
1611 965 1654 989 ac

159 1001 465 1046 descriptionibus
484 1001 585 1034 fusi
618 1013 660 1035 ac
683 1002 893 1036 fluentes
917 1013 1036 1036 sumus
1060 1003 1096 1044 9,
1122 1001 1158 1043 4,
1183 1003 1267 1038 138.Ι
1289 1000 1417 1036 lenis
1441 1006 1478 1037 et
1498 1001 1654 1035 fluens

159 1055 354 1084 contextus
385 1051 428 1082 ib.
456 1051 542 1090 127;
579 1048 728 1082 soluti
755 1059 796 1082 ae
820 1049 1029 1083 fluentes
1056 1048 1116 1094 (de
1140 1045 1285 1090 mollitie)
1315 1051 1348 1092 1,
1373 1050 1409 1092 2,
1432 1048 1469 1083 8.
1517 1048 1586 1090 111)
1613 1049 1656 1080 de

159 1099 304 1137 origine:
347 1093 467 1129 omnia
495 1105 555 1128 ex
582 1100 707 1127 natura
730 1106 849 1128 rerum
871 1095 1128 1140 hominumque
1159 1095 1272 1130 fluere
1303 1095 1349 1138 6,
1372 1097 1417 1136 2,
1443 1095 1502 1136 13,
1533 1093 1655 1134 omnia

157 1140 341 1177 credibilia
367 1153 417 1174 ex
444 1140 647 1182 hujusmodi
669 1140 829 1174 fontibus
853 1141 967 1175 fluunt
991 1143 1042 1184 (a.
1067 1147 1090 1175 l.
1119 1139 1221 1184 fiunt)
1246 1141 1290 1183 5,
1317 1143 1384 1185 10,
1410 1141 1469 1176 19.
1500 1132 1655 1180 ¹(finiendi
1700 1159 1720 1167 -·

155 1189 360 1221 facultatem
389 1197 439 1220 ex
463 1186 596 1219 intimis
624 1186 820 1230 sapientiae
843 1187 1003 1221 fontibus
1031 1187 1142 1222 fluere
1175 1190 1239 1231 12,
1273 1190 1321 1231 2,
1353 1187 1389 1222 6.
1438 1196 1572 1225 nomen
1605 1197 1655 1220 ex

158 1236 298 1268 Graeco
327 1232 476 1265 fluxisse
508 1234 552 1275 3,
585 1230 630 1272 4,
667 1235 722 1265 12.
771 1237 811 1265 nt
834 1234 977 1276 sanguis
1007 1245 1028 1267 e
1058 1226 1170 1268 caede
1195 1233 1247 1267 ita
1273 1232 1335 1266 illa
1361 1243 1411 1266 ex
1434 1230 1658 1276 impudicitia

159 1281 271 1314 fluere
306 1280 350 1315 5,
375 1280 420 1320 9,
452 1278 515 1320 143
561 1277 757 1321 disciplinis
783 1279 931 1312 Graecis
961 1278 1060 1323 prius
1083 1279 1321 1312 instituendus
1345 1283 1424 1321 est,
1461 1280 1583 1312 unde
1605 1283 1655 1313 >et

155 1333 302 1360 nostrae
337 1324 522 1357 fluxerunt
558 1326 600 1365 1,
637 1326 676 1365 1,
705 1327 760 1358 12.
796 1325 1037 1369 undecunque
1066 1336 1173 1359 causa
1199 1323 1306 1358 fluxit
1328 1327 1364 1368 7,
1388 1325 1434 1367 3,
1461 1325 1520 1359 33.
1557 1325 1655 1358 unde

155 1373 191 1407 id
217 1381 360 1416 quoque
383 1370 511 1417 vitium
537 1369 614 1403 fluit
632 1372 699 1412 ,11,
724 1371 758 1412 3,
787 1371 866 1405 109.

109 1430 312 1487 [ΓιυΧῠδ-
359 1449 508 1482 quarum
546 1436 751 1482 (aquarum)
778 1437 815 1473 fl.
837 1437 892 1480 (de
909 1437 996 1482 conj.
1008 1444 1096 1480 vei.,·
1125 1439 1229 1472 codd.
1244 1436 1410 1483 spiritus3
1440 1440 1508 1484 Sp.
1535 1438 1658 1484 conjic.

156 1483 338 1528 cursus)
368 1484 505 1518 etiamsi
527 1486 619 1517 ultra
643 1485 789 1528 paulum
813 1483 887 1518 coit
915 1486 971 1527 11,
995 1486 1030 1527 3,
1053 1487 1095 1518 21
1125 1485 1172 1517 Ν.
1199 1483 1265 1528 cru]
1590 1504 1593 1506 -

107 1542 297 1589 Focalia.
331 1570 376 1578 ο-
405 1553 482 1586 sola
510 1563 688 1586 excusare
715 1557 833 1596 potest
855 1552 1026 1587 valetudo
1059 1553 1116 1596 11,
1144 1553 1180 1596 3,
1206 1550 1288 1587 144.

106 1614 258 1656 Fodio.
307 1633 371 1656 cur
395 1632 454 1656 eas
478 1619 596 1665 (viles)
626 1619 811 1655 fodimus?
834 1621 879 1665 9,
903 1620 946 1664 4,
969 1620 1004 1655 5.

107 1682 325 1725 FoeditaS.
373 1689 403 1723 si
430 1688 560 1723 Cicero
585 1693 686 1723 recte
719 1688 954 1723 sentinam
989 1687 1080 1733 reip.
1110 1687 1203 1723 dixit
1232 1686 1517 1730 foeditatem,
1538 1689 1655 1724 homi-

154 1752 237 1774 num
265 1736 469 1784 significans
494 1736 530 1778 8,
545 1736 580 1778 6,
598 1736 662 1777 15;
687 1734 801 1779 illum,
827 1746 900 1780 quo
923 1736 1141 1778 fefellerant,
1164 1740 1303 1777 exuant
1325 1734 1535 1769 ementitum
1557 1738 1659 1771 colo-
1681 1743 1688 1745 ⁴

152 1798 241 1828 rem,
270 1791 304 1819 et
329 1783 481 1828 quadam
497 1781 571 1822 ,vix
596 1781 789 1827 enarrabili
813 1782 986 1816 foeditate
1009 1782 1207 1826 pallescant
1234 1784 1292 1826 12,
1317 1781 1448 1826 1o‚76.
1510 1804 1513 1806 v

107 1843 295 1886 Foedus.
336 1853 378 1884 «le
406 1852 555 1883 homine:
585 1849 816 1884 foedissimus
846 1850 889 1894 6,
901 1852 936 1893 3,
963 1852 1030 1893 323
1060 1852 1103 1884 de
1125 1852 1239 1893 rebus;
1261 1860 1409 1885 versum
1431 1849 1471 1884 in
1493 1850 1658 1887 oratione
1688 1890 1691 1893 ,

154 1900 232 1935 fieri
261 1900 373 1932 multo
397 1896 644 1931 foedissimum
670 1902 724 1930 est
747 1897 790 1937 9,
812 1895 860 1938 4,
884 1900 942 1931 72.
984 1895 1280 1941 inconsequentia
1303 1906 1425 1931 rerum
1445 1897 1656 1932 foedissima
1694 1895 1697 1899 ’

153 1949 189 1989 8,
214 1947 248 1988 6,
274 1947 329 1979 50.
353 1950 393 1977 ut
416 1955 482 1988 per
507 1954 548 1977 se
566 1944 676 1977 foeda
694 1941 866 1978 vomendi
884 1943 1080 1977 necessitas
1106 1945 1150 1976 ib.
1176 1944 1223 1978 30
1245 1946 1288 1977 Ζ.
1314 1942 1411 1987 qnod
1433 1941 1652 1978 inutilius

155 1994 201 2028 sit
225 2004 270 2026 an
295 1990 495 2024 foedius
517 1988 662 2032 (vitium)
683 1989 811 2029 „nescio
837 1992 894 2032 11,
911 1991 947 2032 3,
973 1990 1029 2024 57.
1062 1989 1187 2041 eadqn
1211 1987 1386 2033 (corpora)
1407 1987 1442 2023 ‘si
1465 1988 1544 2034 quis
1569 1991 1654 2026 vol-

155 2051 194 2074 sa
219 2044 279 2082 atq
320 2038 440 2070 fucata
463 2035 685 2069 muliebriter
710 2040 851 2078 comat,
889 2035 1097 2069 foedissima
1134 2040 1203 2068 sint
1238 2035 1319 2079 ipso
1350 2035 1492 2069 formae
1527 2035 1653 2071 labore

156 2088 202 2129 8,
234 2086 292 2118 Pr.
322 2084 364 2118 19
396 2086 439 2117 Z.
476 2082 576 2115 illum
615 2092 740 2115 cursus
777 2087 813 2115 et
841 2081 979 2127 agilitas
1008 2089 1069 2115 etc.
1104 2080 1261 2124 (decuit).
1310 2081 1491 2126 Quidquid
1523 2082 1654 2122 horum

157 2133 248 2167 alter
268 2129 429 2172 fecisset,
452 2127 702 2163 foedissimum
727 2127 912 2163 videretur
937 2131 994 2172 11,
1009 2130 1046 2173 3,
1073 2128 1153 2162 180.
1178 2128 1224 2161 ad
1247 2127 1398 2162 foediss-
1423 2138 1537 2173 usque
1559 2127 1656 2162 ludi-

155 2178 234 2212 bria
258 2176 425 2210 labuntur
451 2178 468 2209 1
483 2201 494 2218 ,
522 2176 568 2218 6,
593 2176 638 2208 32
662 2178 707 2208 Ζ.

110 2234 298 2281 Foedus,
334 2243 442 2279 eris.
468 2260 513 2268 -
536 2242 793 2277 Numantinmn
815 2244 858 2285 7,
885 2239 922 2286 4,
943 2243 999 2276 12.
1024 2239 1267 2276 vetustissima
1290 2240 1440 2284 foedar-
1462 2241 1507 2284 8,
1529 2243 1572 2285 2,
1597 2243 1653 2276 12.

111 2302 298 2349 Foedus,
333 2311 369 2353 i,
400 2311 475 2356 (pro
502 2312 659 2354 hoedo)
685 2313 718 2355 1,
745 2309 781 2355 4,
809 2308 865 2344 14.

112 2370 299 2412 Poenus.
339 2378 528 2425 pecuniam
555 2378 645 2424 petit
673 2390 723 2413 ex
750 2380 905 2413 foenore
929 2376 987 2420 (Ζ.
1010 2374 1152 2420 fenore)
1183 2375 1401 2420 hereditas-io
1421 2379 1459 2421 7,
1487 2378 1529 2420 1,
1552 2377 1611 2412 19.

112 2437 287 2480 Foetus.
357 2446 430 2490 (sic
459 2449 551 2491 Sp.,-
583 2451 626 2481 Z.
650 2445 774 2490 fetus),
806 2446 1021 2485 v.,Fetns,

113 2494 384 2536 Fomentum.
430 2504 489 2538 hic
517 2505 610 2548 (Sp.
634 2502 709 2549 his)
733 2505 834 2540 velut
855 2502 1045 2546 fomentis,
1076 2501 1107 2536 si
1131 2501 1217 2547 quid
1242 2501 1311 2537 erit
1336 2513 1526 2553 asperum,
1552 2508 1656 2547 prae-

162 2549 362 2584 molliemus
394 2549 430 2592 4,
461 2552 494 2592 3,
527 2552 570 2584 10
587 2554 631 2586 Ζ.

114 2596 246 2639 Fons.
294 2603 325 2646 1)
349 2604 398 2638 uti
428 2606 548 2640 fontes
573 2606 731 2653 augustis
763 2606 889 2641 fistulis
913 2605 1130 2653 colliguntur
1161 2605 1204 2648 5,
1241 2603 1303 2647 14,
1336 2606 1394 2639 31.
1447 2613 1656 2648 anemonas,

163 2651 283 2687 sontes
307 2649 358 2695 (a.
387 2654 410 2684 l.
436 2650 551 2693 fonte)
583 2658 769 2705 surgentes
794 2652 845 2693 (a.
869 2657 892 2686 1.
917 2663 1088 2686 amoenos
1121 2656 1305 2698 surgentes
1332 2648 1468 2690 fontes)
1495 2651 1532 2691 8,
1557 2652 1593 2692 3,
1618 2651 1654 2686 8.

122 2710 133 2713 ’
166 2699 213 2733 N.
239 2710 286 2731 cr.
326 2707 375 2730 ex
399 2707 535 2730 oceano
564 2710 720 2731 amnium
742 2699 796 2741 (S
805 2712 838 2742 p.
869 2701 966 2732 inscr-
996 2695 1093 2737 vim)
1117 2695 1342 2739 fontiumque
1366 2705 1491 2741 cursurus
1516 2695 1654 2730 initium

167 2755 297 2788 capere
324 2745 384 2784 10,
414 2746 452 2784 1,
475 2742 522 2775 40
544 2747 587 2776 Z.
628 2755 745 2787 neque
778 2743 989 2777 fontibus
1025 2742 1148 2785 puris,
1195 2751 1311 2784 neque
1351 2741 1655 2776 torrentibus

167 2788 329 2833 turbidis,
352 2789 417 2822 sed
440 2788 580 2823 lenibus
606 2789 785 2835 stagnis
810 2788 943 2824 similes
966 2789 1144 2823 habentur
1173 2790 1228 2831 12,
1246 2789 1301 2831 10,
1327 2787 1381 2823 19.
1407 2798 1438 2821 v.
1464 2787 1655 2830 flumen.
