1728 3002
143 250 226 289 676
686 244 807 287 Potin
843 267 901 274 ·--
930 243 1144 286 praecedo

149 359 280 403 Potin.
323 369 411 416 Quis
438 370 531 415 potis
554 369 708 416 ingentis
737 373 860 404 causas
888 371 1062 404 evolvere
1091 370 1178 404 belli
1201 372 1257 404 En
1268 382 1302 403 n.
1326 369 1363 413 6,
1390 371 1427 415 ³,
1449 369 1507 406 86.

150 418 310 460 Pollus-
369 430 400 471 1)
430 435 470 468 a)
497 441 530 471 p.
553 428 699 462 habenti
723 427 946 471 periculosus
971 430 1027 471 10,
1054 430 1086 470 1,
1115 430 1172 462 30.
1205 428 1310 472 hujus
1339 437 1419 462 esse
1441 425 1513 462 lodi
1536 439 1571 472 p.
1593 427 1630 470 9,
1656 428 1691 468 3,

200 479 255 509 22.
286 474 330 516 cs-
358 477 380 510 9
417 473 452 516 4,
480 477 557 508 103.
604 475 677 509 Sed
703 474 784 507 finis
808 483 883 507 non
907 473 997 515 erit,
1031 473 1060 506 si
1095 474 1252 520 singulas
1288 479 1694 518 corruptor-timperse-

201 533 289 566 quar
312 525 444 554 formas
484 521 574 554 Illud
603 533 650 564 p.,
677 522 775 564 quod
799 526 852 554 est
875 520 986 567 magis
1011 520 1263 554 necessarium.
1289 521 1325 563 8,
1353 519 1387 562 5,
1412 521 1469 554 25.
1496 516 1575 564 quis
1599 519 1695 556 enim

201 580 234 612 p.
266 567 486 612 praeparabit
515 578 576 600 vos
602 571 658 607 12,
683 570 718 609 3,
749 569 782 601 5.
829 567 955 600 Sermo
993 567 1110 600 nullus
1145 565 1298 605 scilicet.
1343 566 1409 600 nisi
1443 567 1488 600 de
1515 570 1570 599 te:
1609 565 1694 610 quid

202 614 294 648 euim
312 614 456 658 potius?
488 617 568 648 Cic.
593 614 807 656 (Quintil.
831 615 916 646 inter
932 614 1068 654 figuras
1089 625 1150 657 per
1165 614 1397 646 detractionem
1425 613 1527 655 ponit,
1565 618 1695 655 poterat

203 673 280 693 vfro
340 663 437 693 mium
497 661 613 693 Neutr.
653 659 738 702 Adj-
784 658 882 702 esse)
923 663 964 700 9,
1010 661 1043 699 3,
1085 660 1141 694 58.
1187 659 1326 705 singula
1362 659 1488 692 horum
1524 666 1695 705 generum

205 708 370 750 exempla
396 717 443 740 ex
469 705 646 740 Cicerone
671 706 774 745 (nam
800 710 895 739 unde
923 705 1082 749 potius'3)
1106 715 1282 750 ponamus
1307 705 1339 744 5.
1365 708 1420 747 11,
1446 708 1502 738 11.
1528 715 1562 748 p.
1584 702 1697 738 >suerit

206 764 285 786 esse
314 758 522 786 contentum
546 763 590 786 eo
617 753 650 794 5,
669 754 726 794 10,
750 751 827 786 124.
875 751 987 797 figura
1010 763 1044 794 p.
1071 752 1264 786 verborum
1289 749 1358 784 dici
1382 756 1499 795 potest
1515 751 1555 788 8.
1578 750 1615 793 6,
1636 750 1695 785 67.

206 808 309 843 quam
336 800 530 840 (figuram)
555 797 750 832 sententiae
772 811 807 843 p.
832 804 918 842 puto
941 799 976 839 9,
1000 799 1034 839 3,
1057 799 1115 833 97.
1166 807 1238 842 quo
1263 808 1301 841 p.
1339 796 1448 830 utaris
1483 798 1536 838 10,
1570 799 1604 839 1,
1638 798 1694 830 11.

207 844 252 886 cf.
282 847 317 886 8,
344 847 379 887 6,
404 848 461 879 35.
497 854 569 878 non
602 849 748 888 propter
781 846 937 878 calorem
969 844 1052 877 sed
1085 849 1234 888 propter
1262 840 1449 876 hum‘orem
1485 847 1577 886 pot.
1599 841 1698 886 ,(υοκ

206 891 410 935 impeditur)
438 894 491 933 11,
515 895 550 933 3,
576 891 633 924 28.
663 890 706 931 vj.
733 891 767 932 8,
793 894 827 930 3,
854 892 912 925 79.
961 889 1052 923 nisi
1078 891 1212 924 forte
1241 889 1342 923 visus
1378 888 1554 922 infirmior
1582 898 1698 921 mem-

208 938 394 972 branarum
422 943 513 981 pot.
543 948 646 970 usum
672 935 793 980 exiget
818 939 875 978 10,
900 938 933 976 3,
961 938 1018 969 31.
1056 935 1148 969 nisi
1170 940 1263 981 pot.
1287 937 1358 969 hoc
1385 934 1700 971 esse-volumus

209 984 388 1028 dactylum
417 987 451 1026 9,
475 983 510 1026 4,
536 986 615 1017 101.
641 984 923 1017 Demosthenem
946 982 982 1015 in
1008 981 1130 1026 primis
1157 981 1346 1029 legendum
1372 981 1448 1016 vel
1471 976 1701 1014 ediscendum

209 1036 296 1074 pot.
328 1032 385 1072 10,
411 1034 444 1072 1,
470 1032 536 1064 105
559 1042 592 1063 v.
621 1029 722 1064 Vel.
771 1029 810 1072 ῤ’)
837 1042 902 1073 seq.
930 1041 1075 1073 quam.-
1117 1034 1157 1062 ut
1185 1029 1421 1061 audaciter
1450 1031 1540 1071 pot.
1567 1027 1700 1068 dicant,

210 1089 233 1120 q
245 1087 345 1109 uam
384 1078 614 1108 audacter
640 1078 673 1118 1,
698 1077 733 1118 6,
760 1079 815 1109 17.
864 1080 935 1118 pnt.
965 1071 1114 1108 amicunl
1151 1085 1254 1119 quam
1293 1073 1425 1106 dictum
1458 1072 1630 1118 perdendi
1662 1072 1698 1114 6,

210 1127 245 1164 3,
270 1123 326 1156 ¹28.
357 1133 466 1156 causa
492 1134 524 1166 p.
550 1122 713 1155 laudetur
749 1134 783 1165 q.
815 1127 986 1165 patronus
1019 1124 1086 1162 12,
1121 1122 1167 1163 9,
1197 1123 1233 1155 6.
1279 1130 1429 1164 quarum
1462 1118 1720 1162 (figurarum)

208 1180 289 1214 pars
318 1176 382 1207 est,
413 1180 503 1212 quae
531 1167 782 1201 sententiarum
802 1180 852 1211 p.,
877 1178 982 1211 quam
1003 1168 1198 1202 verborum
1219 1165 1265 1200 sit
1285 1168 1321 1206 9,
1347 1167 1383 1208 3,
1406 1165 1463 1200 90.
1488 1176 1554 1198 cur
1574 1165 1700 1209 hosce

210 1228 245 1258 p.
278 1227 380 1258 cpiam
406 1215 505 1247 hos?
539 1218 574 1256 9,
601 1214 635 1256 4,
671 1217 750 1248 119.
800 1225 872 1246 non
904 1214 1091 1257 quisquam
1122 1218 1158 1246 te
1194 1218 1289 1257 pot.
1327 1212 1563 1255 optandus
1596 1210 1701 1244 nobis

211 1261 278 1294 fuit
302 1263 344 1293 ib.
379 1263 454 1293 132.
483 1263 604 1293 duram
630 1266 723 1303 pot.
756 1266 861 1304 atque
893 1271 1055 1303 asperam
1087 1257 1383 1303 compositionem
1413 1257 1573 1291 malim
1608 1267 1701 1301 esse,

213 1316 344 1350 quam
371 1313 432 1338 etc.
460 1308 502 1338 ib.
533 1307 611 1338 14¹2.
644 1304 691 1346 es.
716 1305 741 1338 4
775 1309 811 1347 2,
838 1308 883 1339 50
922 1308 997 1339 126.
1025 1306 1058 1347 6,
1087 1308 1120 1346 3,
1147 1307 1203 1339 30.
1230 1308 1266 1346 7,
1291 1305 1346 1338 Pr.
1374 1302 1406 1338 3·
1428 1304 1464 1345 8,
1491 1306 1524 1341 1,
1547 1306 1582 1336 2.
1606 1303 1643 1346 9,
1668 1305 1702 1347 1,

209 1355 242 1387 3.
267 1353 302 1393 9,
339 1357 372 1392 2,
393 1350 453 1384 40.
478 1353 535 1385 87.
561 1353 719 1393 101.1o‚
744 1354 778 1392 2,
803 1355 836 1384 9.
865 1354 920 1392 10,
947 1353 979 1392 5,
1007 1354 1063 1383 21.
1091 1354 1148 1393 11,
1178 1354 1212 1393 1,
1238 1353 1281 1383 12
1316 1349 1373 1384 84.
1410 1352 1468 1390 11,
1491 1352 1523 1383 2.
1550 1350 1606 1381 22.
1653 1346 1707 1390 ll)

214 1400 268 1431 Su
282 1401 472 1440 perlan:
498 1406 572 1429 non
594 1395 727 1429 iccirco
747 1396 969 1439 potissimum
994 1396 1031 1428 in
1052 1397 1120 1428 hac
1138 1402 1237 1438 parte
1253 1400 1406 1428 tractare
1421 1405 1499 1427 sum
1519 1404 1706 1439 aggressus

214 1448 246 1485 2.
275 1447 310 1484 2,
335 1447 368 1475 2.
394 1448 433 1476 ut
460 1454 479 1475 a
505 1443 695 1475 defensore
722 1448 785 1485 pot
827 1442 992 1485 incipiam
1016 1443 1051 1483 3,
1077 1442 1111 1481 6,
1136 1443 1194 1475 83.
1220 1440 1266 1482 cs,
1289 1443 1324 1483 3,
1341 1443 1377 1483 7,
1395 1443 1429 1473 1.
1455 1439 1548 1474 nisi
1574 1441 1704 1474 forte

212 1494 332 1524 nostra
361 1495 449 1532 pot.
476 1494 637 1531 tempora
661 1489 863 1521 damnamus
887 1488 991 1530 liujus
1014 1487 1232 1521 infelicitatis
1257 1488 1312 1528 10,
1336 1489 1371 1525 2.
1398 1486 1433 1520 8.
1458 1496 1563 1530 quem
1585 1495 1706 1520 nunc

214 1534 450 1571 consummari
473 1540 564 1579 pot.
591 1539 753 1578 oporteat
779 1536 823 1568 ib.
847 1535 905 1568 28.
932 1539 1006 1577 pot.
1031 1531 1116 1567 huic
1138 1534 1220 1567 loco
1245 1532 1478 1576 subjiciantur
1500 1534 1556 1576 11,
1579 1533 1616 1576 3,
1635 1531 1704 1567 56.

167 1581 287 1626 Poto,-
336 1602 390 1635 po
406 1597 475 1624 tus
503 1590 684 1625 diversum
708 1592 826 1634 valet,
863 1603 966 1635 quam
991 1590 1125 1624 indicat
1160 1592 1192 1633 1,
1217 1587 1252 1633 4,
1277 1590 1334 1624 29.

166 1638 288 1680 Prac.
335 1659 421 1692 prae
449 1659 488 1682 se
511 1658 570 1682 res
598 1654 677 1695 agat
702 1650 757 1690 10,
783 1651 818 1691 7,
852 1650 906 1682 10.
933 1660 966 1681 v.
993 1648 1121 1682 Fero.

167 1692 373 1736 Praebeo·
421 1716 500 1738 cum
548 1702 689 1738 in'terim
729 1705 817 1739 alios
857 1715 992 1739 nervos
1034 1705 1164 1738 dextra
1205 1705 1437 1748 percurrunt,
1478 1700 1568 1737 alios
1600 1702 1705 1737 laeva

214 1752 429 1793 trahunt,
476 1751 756 1789 continent.
802 1752 1026 1795 praebent
1062 1750 1124 1794 (a.
1157 1754 1177 1783 1.
1213 1747 1389 1793 probant)
1421 1751 1454 1791 1,
1491 1750 1549 1791 12,
1579 1749 1603 1785 3
1633 1749 1704 1791 N.;

216 1810 285 1832 uec
309 1799 431 1830 falsam
457 1798 501 1831 de
524 1798 564 1831 se'
602 1798 807 1841 opinionem
845 1796 1035 1840 habuit,
1081 1797 1144 1830 sed
1175 1795 1381 1829 custodibus
1415 1794 1639 1843 praebuit
1670 1797 1728 1838 2,ι

216 1848 274 1888 17,
299 1847 360 1886 203
397 1854 453 1877 ars
477 1843 638 1877 variandi
667 1844 815 1890 gratiam
839 1845 985 1887 praebet
1011 1846 1065 1885 11,
1093 1845 1128 1885 3,
1158 1842 1215 1875 44.
1262 1842 1429 1875 translata
1453 1841 1560 1875 alium
1582 1841 1710 1883 natura

217 1891 455 1931 intellectum,
494 1890 598 1922 alium
628 1891 710 1924 loco
735 1890 906 1934 praebent
931 1894 962 1928 1,
988 1890 1021 1931 5,
1052 1891 1109 1924 71.
1156 1888 1303 1932 praebet
1329 1886 1555 1922 occasionem
1579 1887 1707 1932 quaed.

217 1937 370 1971 felicitas
397 1936 519 1969 utendi
548 1938 582 1978 6,
609 1938 642 1978 3,
678 1937 722 1970 56
751 1949 783 1969 ϊ.
818 1935 1032 1970 Occasio.
1081 1933 1268 1968 transitum
1299 1934 1469 1977 praebent
1500 1933 1648 1966 flumina
1671 1935 1708 1975 5,

224 1985 280 2027 13,
306 1985 360 2016 13.
388 1982 432 2023 cf.
459 1985 493 2023 ὃ,
518 1983 551 2015 6,
575 1983 630 2016 38.
680 1982 768 2024 alia,
801 1993 892 2026 quae
927 1981 1023 2016 viam
1056 1979 1211 2014 docendi
1247 1991 1319 2014 non
1356 1980 1552 2024 praebeant
1579 1981 1615 2021 7,
1650 1980 1709 2021 10,

219 2032 258 2072 53
292 2041 369 2062 cum
394 2029 597 2072 exemplum
621 2027 674 2061 rei
698 2028 882 2072 utriusque
907 2027 1010 2062 nobis
1034 2026 1137 2060 claris
1173 2025 1395 2060 orationibus
1428 2025 1641 2070 praebeatur
1671 2026 1709 2067 2,

217 2074 253 2117 4,
278 2077 323 2108 39
382 2075 486 2116 liujus
510 2074 562 2107 rei
589 2074 719 2115 iudicia
746 2075 1005 2116 praebebantur
1026 2074 1061 2115 6,
1086 2075 1120 2115 3,
1146 2073 1191 2107 66
1219 2073 1265 2106 N.
1315 2082 1468 2117 genere,
1503 2071 1623 2115 specie
1644 2077 1708 2104 ete.

218 2121 340 2154 similis
368 2122 513 2154 materia
542 2121 734 2164 praebetur
756 2121 790 2162 6,
818 2122 852 2163 3,
876 2122 943 2162 653
976 2119 1152 2164 praebere
1176 2129 1224 2152 se
1255 2118 1390 2152 dociles
1415 2120 1450 2160 2,
1475 2119 1509 2160 9,
1534 2118 1569 2151 3.
1724 2152 1728 2157 ,

171 2165 425 2208 praecaveo.
483 2178 579 2220 quod
603 2188 683 2210 cum
705 2177 752 2212 in
781 2176 824 2211 iis
848 2187 1016 2221 quoque,
1051 2176 1198 2220 quiea,
1241 2187 1332 2219 quae
1366 2173 1494 2208 dicturi
1529 2172 1710 2216 videntur,

218 2236 258 2258 re
286 2235 370 2256 vera
397 2222 532 2263 sciunt,
568 2223 808 2257 necessarium
832 2229 886 2257 est
907 2233 1143 2267 praecavere;
1175 2228 1251 2255 nun
1282 2222 1396 2255 multo
1425 2222 1536 2266 magis
1565 2219 1613 2253 in
1649 2217 1708 2263 iis,

218 2269 278 2313 qui
302 2278 362 2303 etc.
390 2272 422 2312 5,
450 2273 484 2312 7,
511 2271 566 2303 13.

175 2314 402 2356 praecedo·
462 2327 494 2367 l)
526 2328 675 2369 proprie.
713 2323 751 2366 α)
778 2328 936 2359 absolute.
977 2324 1012 2363 al
1043 2325 1202 2357 deloco:
1243 2323 1272 2358 si
1307 2321 1566 2367 praecesserint
1599 2321 1657 2360 (α.
1682 2325 1722 2370 1‘.

218 2371 469 2415 praecesserit)
494 2371 691 2418 gemini,
727 2373 904 2406 fratres
928 2372 1060 2405 addere
1084 2380 1158 2403 non
1186 2375 1240 2403 est
1267 2379 1415 2403 necesse
1448 2371 1484 2411 9,
1514 2369 1551 2410 4,
1585 2366 1728 2414 24.,ἐἰ;

219 2419 417 2462 tribrachys
443 2419 632 2460 praecedat
654 2420 694 2449 ib.
723 2420 780 2452 97.
827 2418 1062 2461 praecedente
1086 2417 1246 2459 spondeo
1270 2418 1311 2449 ib.
1345 2418 1423 2449 111.
1452 2414 1709 2460 praecedentes

219 2466 328 2507 pedes
353 2467 395 2496 ib.
427 2465 500 2498 109.
526 2464 574 2496 ita
598 2463 892 2506 praecedentibus
917 2463 1077 2497 serviunt
1101 2462 1227 2504 (initia)
1251 2464 1294 2495 ib.
1322 2463 1386 2503 633
1411 2465 1450 2493 ut
1472 2459 1728 2505 intelligamus-

220 2529 265 2534 —-
294 2509 698 2552 praecedentibus
723 2509 977 2553 sequentia
1003 2509 1037 2550 8,
1068 2508 1110 2551 6,
1145 2509 1201 2542 19.
1247 2505 1285 2541 in
1320 2506 1418 2541 omni
1450 2500 1619 2550 parabole
1648 2510 1728 2548 aut,⁴

221 2555 471 2597 praecedit
513 2554 730 2598 similitudo,
769 2567 827 2589 res
860 2555 1097 2599 sequitur.
1141 2561 1200 2587 aut
1248 2561 1310 2587 etc.
1343 2554 1390 2595 8,
1417 2554 1460 2595 3,
1493 2553 1559 2591 77;
1597 2550 1707 2595 longe

221 2603 482 2642 praecedat
506 2602 656 2634 intentio
682 2613 724 2634 ac
748 2612 855 2644 prae
883 2612 931 2635 se
958 2612 1030 2634 res
1055 2605 1163 2646 agat
1189 2601 1244 2641 10,
1271 2600 1387 2641 7,10.
1412 2596 1451 2639 b)
1475 2598 1518 2630 cle
1538 2603 1728 2645 tempores·¹

221 2645 310 2678 haec
337 2646 399 2678 tria
428 2646 463 2678 in
492 2648 565 2680 vita
590 2649 826 2690 praecedere,
861 2648 889 2680 si
913 2647 1106 2686 innocens,
1144 2645 1173 2679 si
1203 2646 1296 2679 bene
1331 2643 1475 2677 meritus
1507 2650 1569 2675 etc.
1603 2645 1639 2681 7,
1669 2641 1728 2684 4,·’

225 2694 278 2724 18.
303 2692 537 2735 argumentis,
572 2704 661 2736 quae
685 2703 832 2727 necesse
857 2699 909 2726 est
940 2691 1177 2737 praecessisse
1200 2694 1234 2732 7,
1259 2693 1292 2729 2,
1317 2689 1352 2723 4.
1378 2688 1422 2729 cs.
1457 2687 1493 2731 4,
1525 2693 1561 2731 2,
1593 2689 1639 2723 87
1669 2690 1728 2734 S.i

222 2745 310 2779 opus
337 2742 387 2768 est
410 2737 525 2769 studio
548 2741 785 2780 praecedente
810 2741 843 2779 S,
865 2741 917 2772 Pr.
940 2743 996 2776 24³,
1026 2738 1231 2772 convivium
1248 2735 1479 2778 praecesserit
1499 2743 1542 2767 an
1567 2733 1728 2768 tristitia-

218 2785 251 2822 7,
276 2784 309 2822 2,
340 2779 392 2814 14.
440 2792 508 2816 nec
532 2784 575 2815 ad
603 2785 708 2816 uilius
739 2785 789 2818 rei
816 2796 1008 2826 summam,
1049 2783 1116 2817 nisi
1145 2780 1434 2827 praecedentibus
1463 2779 1592 2823 initiis,
1622 2790 1728 2823 per--

221 2826 337 2863 veniri
366 2828 422 2860 Pr.
456 2828 488 2860 5.
514 2833 652 2870 tempus
677 2833 895 2873 praecedens
923 2833 958 2873 5,
987 2832 1041 2872 10,
1065 2830 1121 2865 94.
1167 2829 1209 2872 β)
1238 2841 1267 2861 c.
1295 2830 1456 2864 Accusat.
1484 2829 1518 2869 a)
1545 2828 1587 2858 de
1610 2829 1704 2859 loco.-
