1728 3002
490 214 807 258 circumversio
836 237 892 246 --
922 211 1077 257 Civilis
1480 211 1560 252 122

22 322 359 368 Circumvenio.
393 341 478 366 eum
499 329 617 366 omni·
642 335 762 364 motus
794 339 863 364 sex
888 334 1008 374 partes
1035 327 1186 370 habeat,
1221 325 1394 371 septimus
1419 325 1466 359 sit
1486 325 1563 369 illo,

73 382 137 429 qui
157 381 198 416 in
220 391 260 414 se
283 377 379 414 redit
402 377 560 421 orbis,
586 375 719 412 vitiosa
744 381 799 411 est
823 386 894 410 una
916 375 1134 410 nircumv.
1159 376 1216 418 11,
1243 375 1279 417 3,
1303 373 1371 408 105
1394 371 1442 407 Ν.

27 423 315 470 Circumvolo.
351 434 611 470 circumvolare
634 435 755 468 sedem
778 436 814 475 2,
838 433 873 476 6,
900 435 934 467 7.

30 483 221 576 Cifclgs·⁵
223 497 271 554 -1,
293 493 328 539 5,
349 493 408 528 26.
436 491 524 527 circi
538 491 642 526 turba
666 493 700 535 1,
723 492 759 534 6,
781 489 838 527 45.
866 501 1098 535 mappam,
1120 488 1288 523 usitatum
1310 486 1408 522 circo
1431 495 1565 520 nomeu

100 569 111 585 5
161 568 172 584 ,
228 556 257 575 1·

31 585 165 628 Cista-
206 609 248 631 ex
270 608 367 630 versu
393 596 495 641 quod,
522 594 558 638 8,
582 596 618 638 3,
643 595 698 631 19.

34 641 188 685 Citam·
228 651 326 688 servi
350 659 412 686 etc.
441 651 582 686 citatius
604 657 796 686 moventur
820 653 881 694 11,
908 651 952 694 3,
981 651 1058 685 112.
1094 654 1135 683 ut
1157 647 1303 684 nomina
1327 648 1456 693 quaed.
1478 658 1568 683 ver-

80 711 211 746 susque
237 709 344 744 quam
371 697 578 732 citatissime
599 699 752 734 volvant
781 700 813 740 1,
841 700 872 740 ¹,
900 698 958 732 37.

35 741 215 787 cuatus·
256 755 296 790 in
320 754 539 802 argumentis
566 754 705 789 citati
735 760 840 799 atque
867 753 948 798 ipso
977 751 1082 788 etiam
1112 756 1213 785 motu
1238 752 1422 786 celeres
1445 762 1568 786 sumus

79 802 116 844 9,
138 800 175 845 4,
199 803 278 837 138.
317 801 468 836 Roscius
493 800 711 844 citatior,
741 801 906 844 Aesopus
931 797 1123 847 gravior
1144 796 1213 850 fuit
1236 799 1302 840 11,
1325 798 1367 840 3,
1395 800 1472 832 111.
1512 809 1570 830 ar-

78 853 247 894 gumenta
270 847 394 882 acria
417 852 452 881 et
476 847 552 881 cit.
578 848 623 889 9,
646 846 693 889 4,
722 847 801 881 135.
849 846 921 880 cit.
954 844 1196 889 pronuntiatio
1219 855 1299 887 opp.
1324 855 1482 887 pressa
1513 846 1570 886 11,

63 879 116 937 Χ3,
143 896 230 936 111;
261 892 383 938 spatiis
407 893 707 927 lentioribus
734 898 795 926 aut
819 891 1074 926 citatiorib.
1102 893 1144 924 ib.
1174 892 1231 924 17.
1260 889 1459 924 citatior
1482 892 1572 932 (ma-

79 938 158 983 nus)
185 939 367 981 hortatur,
394 938 538 973 interim
560 939 683 972 laudat
707 951 785 982 opp.
811 939 970 972 lenior
995 939 1039 970 ib.
1068 939 1146 970 102.

38 981 229 1026 Cithara.-
264 993 391 1040 (qualis
415 998 456 1028 sit
479 994 675 1038 perfectam
703 998 739 1038 2,
762 996 796 1037 8,
822 997 877 1030 15.
909 994 947 1028 in
972 994 1107 1028 cithara
1131 993 1288 1038 quinquo
1311 991 1574 1027 constituerunt

83 1051 193 1075 sonos
217 1044 273 1084 12,
303 1043 358 1082 10,
385 1042 442 1076 68.
472 1041 532 1086 qui
556 1041 712 1075 citharae
736 1051 846 1075 sonos
873 1039 1076 1074 nominibus
1100 1045 1136 1073 et
1160 1038 1282 1083 spatiis
1308 1038 1511 1073 distinxerit
1538 1041 1572 1083 1,

7 1093 10 1104 ²
79 1089 141 1129 40,
165 1089 187 1121 3
212 1088 257 1121 Ν.
297 1086 455 1121 citharae
478 1088 587 1122 modo
609 1086 747 1121 intenta
771 1087 863 1121 ratio
890 1086 1074 1120 doctrinae
1099 1086 1134 1128 5,
1159 1087 1216 1127 10,
1246 1083 1323 1118 124.

41 1129 339 1174 Citharoedlss·
375 1146 407 1186 1,
433 1146 488 1186 12,
511 1146 553 1178 3>
577 1146 632 1187 11,
658 1146 693 1187 3,
716 1145 776 1179 88.
804 1142 1000 1178 citharoedi
1017 1153 1130 1187 pauca
1153 1142 1232 1186 illa,
1266 1148 1359 1186 quae
1381 1146 1573 1186 antequam

84 1188 280 1236 legitimum
305 1192 487 1223 certamen
514 1189 704 1233 inchoent,
738 1189 921 1224 emerendi
944 1189 1082 1224 favoris
1111 1188 1227 1236 gratia
1252 1193 1407 1232 canunt,
1440 1199 1575 1233 prooe-

83 1235 194 1269 mium
216 1234 558 1282 cognominaverunt
583 1234 618 1279 4,
644 1238 679 1279 1,
702 1238 737 1270 2.

38 1277 152 1322 Cito·
184 1301 263 1328 vox
285 1292 473 1337 praeconis
497 1293 635 1337 ipsum,
663 1292 724 1338 qui
747 1291 881 1340 egerit,
908 1291 993 1326 citat
1015 1291 1050 1335 6,
1074 1290 1110 1335 4,
1133 1294 1155 1327 7
1179 1291 1227 1326 Ν.

37 1334 152 1379 Cito.
183 1349 276 1383 Ᾱᾶσ.
323 1348 365 1393 α)
391 1360 449 1383 res
477 1349 549 1384 cito
573 1350 754 1394 accepisse
780 1353 837 1394 12,
863 1351 899 1393 8,
925 1352 959 1384 3.
994 1361 1025 1383 c.
1050 1349 1171 1383 dicere
1193 1352 1229 1391 2,
1251 1346 1288 1391 4,
1312 1350 1370 1383 17.
1403 1346 1493 1382 nihil
1515 1359 1577 1382 re-

85 1401 306 1429 rumnatura
320 1394 436 1429 vo1uit
458 1395 581 1443 effingi
602 1407 632 1430 c.
657 1399 713 1440 10,
739 1399 774 1438 3,
796 1395 830 1430 4.
866 1407 913 1430 ne
938 1397 985 1429 ad
1005 1396 1099 1439 hanc
1125 1394 1269 1440 quidem
1291 1394 1367 1429 vim
1392 1393 1577 1441 cogitandi

84 1440 267 1486 perveniri
291 1446 410 1484 potest
435 1447 495 1476 aut
522 1441 681 1476 subito
713 1449 773 1476 aut
799 1442 894 1476 cito
925 1445 987 1484 10,
1018 1444 1064 1484 6,
1097 1444 1131 1475 2.
1176 1442 1376 1485 praevelox
1402 1440 1578 1474 memoria

86 1487 166 1521 fere
191 1498 223 1521 c.
250 1486 365 1531 effluit
389 1489 444 1529 11,
467 1491 502 1530 2,
526 1486 583 1522 44.
610 1488 709 1523 vires
728 1500 759 1522 c.
779 1488 868 1522 facit
886 1491 943 1531 12,
970 1490 1027 1530 11,
1054 1488 1110 1522 16.
1150 1498 1182 1521 c.
1206 1486 1393 1531 percipere
1412 1489 1468 1529 11,
1487 1490 1523 1529 2,
1541 1489 1577 1521 2.

88 1543 164 1568 non
185 1533 364 1567 multum
390 1536 591 1577 praestant,
616 1535 679 1568 sed
703 1534 794 1568 cito
820 1537 854 1576 1,
879 1536 915 1578 3,
939 1533 974 1568 4.
1014 1539 1053 1567 ut
1078 1545 1109 1567 c.
1135 1535 1259 1567 redeat
1285 1532 1435 1576 (manus)
1461 1535 1518 1575 11,
1541 1533 1578 1575 3,

89 1579 170 1616 106.
204 1589 237 1613 c.
259 1578 449 1613 scribendo
475 1582 538 1622 10,
563 1582 605 1623 3,
631 1583 687 1614 10.
744 1582 785 1624 β)
813 1583 925 1624 Comp.
953 1579 1085 1624 (malus
1108 1582 1270 1622 scriptor)
1295 1579 1398 1613 citius
1423 1589 1489 1613 nos
1513 1579 1580 1612 de-

87 1623 224 1667 mittet,
250 1636 355 1669 quam
378 1630 418 1658 ut
442 1633 503 1659 etc.
535 1628 599 1668 10,
624 1628 658 1668 1,
680 1624 738 1659 41.
768 1626 828 1659 cit.
854 1625 992 1672 ingredi
1015 1629 1051 1668 2,
1078 1626 1133 1668 16,
1159 1627 1213 1659 13.
1247 1624 1306 1659 cit.
1333 1625 1486 1659 idoneus
1511 1623 1580 1659 erit

89 1669 231 1714 iuvenis
255 1673 312 1713 10,
337 1671 371 1713 5,
395 1673 451 1704 21.
480 1672 624 1718 frangas
648 1671 727 1714 cit.,
755 1684 861 1717 quam
886 1672 1045 1719 corrigas
1070 1675 1103 1715 1,
1127 1674 1163 1715 3,
1191 1674 1248 1705 12.
1298 1685 1304 1689 -

45 1724 180 1768 Cura.
215 1740 240 1773 ι’.
266 1751 298 1783 q.
324 1746 523 1782 praeter,
550 1742 665 1773 sine.-
702 1739 790 1774 citra
814 1740 1077 1775 accusationem
1101 1739 1285 1784 ‹macritul-
1305 1743 1348 1783 7,
1371 1741 1414 1783 2,
1436 1739 1493 1775 26.
1536 1752 1583 1764 -.

92 1784 186 1817 hunc
210 1794 352 1829 quoque
379 1795 501 1819 casum
524 1787 558 1828 3,
582 1786 618 1828 8,
641 1788 698 1820 21.
736 1804 781 1812 -
806 1788 1032 1831 complexum
1056 1798 1186 1820 causae
1210 1790 1245 1828 7,
1271 1788 1328 1829 10,
1351 1788 1385 1820 3.
1415 1804 1461 1810 ·-
1481 1796 1584 1820 com-

91 1829 236 1872 piexum
257 1832 490 1873 personarum
514 1844 592 1875 opp.
618 1843 683 1875 per
703 1843 743 1866 se
767 1833 891 1874 5,·10‚
917 1834 972 1866 53.
1001 1835 1036 1876 2,
1058 1831 1094 1874 4,
1121 1833 1178 1867 36.
1209 1832 1255 1874 cs.
1280 1833 1330 1873 (a.
1355 1836 1378 1865 1.
1409 1831 1522 1876 circa)
1545 1834 1583 1874 2,

95 1877 129 1916 1,
153 1876 188 1926 9.
225 1890 261 1898 —
288 1876 534 1919 constantiam,
562 1877 745 1920 fiduciam,
773 1878 1020 1912 fortitudinem
1046 1882 1102 1921 12,
1127 1879 1161 1920 5,
1185 1881 1220 1912 2.
1257 1899 1304 1904 -
1325 1879 1418 1911 hanc
1442 1879 1585 1912 denun-

91 1920 277 1971 tiationem
298 1922 341 1963 3,
366 1922 409 1963 8,
435 1924 492 1956 20.
530 1940 572 1948 —
597 1922 813 1958 divisionem
835 1926 902 1966 10,
925 1927 966 1967 7,
991 1927 1026 1959 7.
1066 1942 1111 1948 —
1134 1925 1323 1959 docentem
1347 1927 1389 1966 2,
1422 1925 1486 1966 16,
1524 1925 1582 1957 13.

94 1983 138 1992 --
162 1965 327 1999 lectionis
351 1967 554 2010 exemplum
576 1971 633 2011 10,
659 1972 692 2011 1,
717 1972 753 2002 2.
782 1986 826 1993 -
849 1971 960 2003 ullam
982 1970 1176 2004 mixturam
1204 1971 1238 2013 5,
1263 1973 1321 2012 11,
1347 1973 1404 2003 22.
1438 1985 1481 1994 -
1501 1979 1586 2002 mo·-

93 2017 168 2046 tum
193 2021 335 2055 quoque
361 2014 417 2053 11,
441 2014 476 2054 3,
502 2015 559 2047 75.
597 2031 639 2037 —-
659 2014 820 2048 musicen
847 2018 879 2057 1,
904 2014 940 2057 4,
963 2013 997 2049 4.
1036 2033 1082 2039 -
1103 2026 1237 2049 nornen
1260 2015 1377 2059 ipsum
1403 2017 1445 2058 3,
1467 2015 1502 2057 6,
1526 2016 1585 2049 60.

95 2066 328 2101 —personas
352 2059 387 2100 2,
410 2055 445 2099 4,
469 2060 525 2090 22.
557 2061 592 2100 7,
615 2061 650 2100 2,
677 2061 733 2093 13.
759 2077 804 2083 —
822 2071 997 2104 purpuras
1026 2063 1150 2095 Ovid.
1179 2064 1235 2103 12,
1263 2063 1319 2102 10,
1346 2063 1403 2095 75.
1432 2071 1479 2094 ex
1504 2060 1585 2104 qui-

23 2113 25 2117 ·
96 2103 165 2137 bus
191 2101 309 2146 aliqua
335 2113 367 2135 c.
393 2113 564 2136 summam
592 2104 838 2147 quaestionem
865 2105 997 2138 remitti
1024 2107 1142 2140 solent
1164 2110 1204 2147 7,
1235 2110 1251 2139 1
1266 2132 1276 2147 ,
1303 2108 1361 2139 22.
1403 2117 1433 2139 c.
1460 2116 1588 2150 repre-

26 2151 28 2155 '
90 2149 309 2183 'hensionem
331 2149 374 2190 8,
399 2148 434 2190 5,
460 2147 517 2182 34.
549 2165 594 2172 -—
618 2149 802 2183 scientiam
824 2150 977 2184 musices
1002 2155 1045 2193 1,
1071 2154 1136 2194 10,
1165 2153 1220 2185 33.
1250 2154 1293 2192 2,
1320 2152 1384 2194 15,
1407 2151 1466 2186 29.
1506 2153 1588 2195 plus

32 2212 51 2235 ,-
97 2205 184 2228 usus
211 2194 311 2228 sine
338 2193 520 2237 doctrina,
550 2205 656 2237 quam
680 2195 799 2228 citra
824 2206 928 2229 usum
951 2195 1113 2230 doctrina
1135 2198 1232 2230 valet
1263 2199 1318 2238 12,
1342 2197 1378 2239 6,
1402 2195 1437 2230 4.
1467 2198 1590 2240 plera-

28 2243 34 2251 “
94 2250 169 2285 *que
197 2239 304 2275 etiam
330 2250 362 2273 c.
387 2240 500 2274 verba
523 2239 698 2287 significat
721 2239 834 2284 (vox)
860 2243 926 2283 11,
957 2243 999 2283 3,
1031 2242 1089 2276 65.
1131 2242 1190 2276 vir
1214 2243 1330 2275 bonus
1357 2254 1387 2276 c.
1416 2242 1588 2278 virtutem

11 2285 36 2333 *e
98 2285 249 2332 intelligi
274 2296 348 2319 non
375 2291 494 2328 potest
517 2289 579 2328 12,
606 2288 650 2326 2,
678 2289 716 2327 1;
755 2286 899 2320 Phidias
931 2286 999 2320 diis
1027 2299 1133 2331 quam
1159 2287 1363 2322 hominibus
1390 2289 1589 2324 efficiendis

13 2357 27 2374 ,Ἴ
87 2331 225 2367 ,ωοιίοι-
253 2331 383 2364 artifex
409 2331 588 2374 creditur,
614 2331 652 2365 in
676 2333 786 2366 ebore
808 2342 899 2367 vero
926 2333 1067 2379 louge
1091 2332 1220 2368 citra
1243 2336 1420 2369 aemulum
1446 2338 1504 2379 12,
1530 2338 1589 2381 10,
1648 2352 1658 2367 ι

12 2378 21 2391 ’
100 2378 145 2420 9;
184 2378 276 2410 Ado.
302 2377 428 2410 melius
456 2379 580 2411 ultra
603 2389 708 2422 quam
734 2378 855 2412 citra
878 2384 946 2412 stat
970 2378 1086 2413 oratio
1108 2380 1144 2422 8,
1167 2380 1203 2423 6,
1227 2380 1285 2416 76.

24 2434 36 2477 'J'
58 2430 196 2474 citus.
234 2441 286 2487 [et
303 2435 494 2487 inopinatis
510 2445 769 2490 eruptionibus,
799 2451 836 2480 et
860 2458 907 2481 ex
926 2446 1064 2480 insidiis
1088 2446 1258 2482 citissimo
1285 2448 1383 2482 facto
1410 2447 1475 2490 (sic
1498 2449 1591 2492 Sp.,·

19 2522 42 2546 *x
107 2491 211 2524 Godd.
245 2492 454 2542 proximum·
473 2494 557 2543 en'if
619 2497 668 2544 et.
692 2504 740 2545 er}
778 2491 845 2526 ins.
887 2492 1084 2545 incursioni
1120 2494 1239 2528 factae
1282 2493 1326 2535 cs.
1366 2495 1408 2528 G.
1448 2495 1590 2538 Supp1.,·

23 2551 44 2568 .-.
105 2539 148 2570 Ζ.
176 2548 260 2579 conl.
289 2540 350 2568 aut
373 2546 421 2569 ex
443 2546 510 2569 ins.
538 2547 733 2572 incursioni
758 2538 820 2572 fiat
847 2537 910 2582 S.)
937 2539 1154 2573 simillimum
1174 2540 1211 2584 6,
1233 2539 1277 2585 4,
1305 2538 1349 2574 14
1375 2541 1423 2574 Ν.
1450 2539 1516 2586 cn]

25 2577 195 2639 ..cmis-
233 2604 267 2626 υ.
292 2590 569 2639 clarigatio.

61 2633 248 2679 Civicus·
283 2650 379 2683 malo
402 2655 439 2684 te
462 2647 579 2684 civica
606 2650 742 2686 donare
765 2650 802 2695 6,
827 2652 862 2694 3,
888 2651 935 2687 79
962 2651 1009 2686 Ν.

0 2738 2 2742 ,
63 2689 229 2755 οξνὶιίδ·
269 2705 340 2758 civ.
363 2706 466 2758 hellis
491 2709 548 2749 12,
575 2709 609 2750 1,
634 2708 700 2751 16;
730 2707 816 2743 civ.
845 2713 880 2742 et
903 2706 1126 2743 humanus
1151 2706 1333 2757 ingressus
1357 2711 1392 2752 3,
1417 2710 1453 2752 8,
1478 2709 1522 2745 59
1546 2709 1597 2746 N.

108 2758 147 2800 2¹¹
166 2755 317 2801 materia
343 2762 414 2786 civ.
439 2755 486 2795 2,
517 2753 584 2794 15,
612 2755 670 2786 21.
714 2764 763 2787 ex
787 2753 859 2788 civ.
882 2764 984 2788 more
1011 2760 1047 2789 et
1069 2755 1246 2799 aequitate
1272 2759 1355 2790 Cio.
1381 2758 1425 2799 3,
1455 2755 1480 2790 6
1533 2755 1579 2789 58

107 2804 196 2838 nuru
217 2806 290 2832 mv.
312 2803 462 2832 scientia
490 2799 557 2842 12,
582 2799 625 2842 8,
649 2799 682 2834 1.
707 2800 774 2843 12,
798 2801 861 2843 11,
886 2800 923 2836 9.
957 2800 1030 2838 civ·
1054 2801 1174 2837 officia
1196 2804 1235 2846 2,
1254 2800 1297 2847 4,
1320 2804 1379 2837 27.
1407 2813 1442 2836 ο.
1467 2777 1599 2837 disi:
