1728 3002
530 143 761 203 Concoqno
789 167 846 177 —·
874 144 1079 189 Condicio
1124 174 1128 182 ι
1499 150 1579 191 153
1606 185 1612 191 .

0 243 13 290 ,ῑ
50 247 296 306 Concoquo.
320 259 437 304 -quod
458 258 585 306 (vini)
612 261 746 296 ferre
776 266 813 296 et
844 270 1143 305 concoquere
1164 271 1240 295 non
1266 267 1389 306 posset
1412 260 1474 297 illa
1498 273 1581 299 cor-

93 305 193 354 poris
214 304 423 353 gladiatoria
442 305 605 341 firmitate
627 308 669 350 8,
691 306 735 350 4,
758 307 824 349 163
858 306 938 342 sive
975 308 1314 352 concoquitur,
1348 319 1413 343 sen
1439 315 1582 343 matu-

94 351 454 388 rainu-*recordatio
489 355 545 397 11,
570 356 606 397 2,
630 351 688 387 43.

53 395 305 440 Concordia·
350 407 412 443 illa
438 408 659 444 dissimilium
690 420 816 453 cono.,
857 419 961 454 quam
998 415 1131 444 vocant
1164 405 1346 452 α’ρμονίαν
1384 412 1417 453 1,
1446 412 1501 454 10,
1527 412 1583 446 12.

98 460 223 490 cantus
253 453 356 489 vocis
378 455 478 500 juvat
505 455 637 491 sociata
663 466 859 490 nervorum
883 466 982 490 conc.
1011 456 1047 498 5,
1074 457 1139 499 10,
1166 455 1244 490 124.
1295 455 1339 489 ad
1364 466 1466 492 cono.
1495 458 1584 491 hor-

95 500 164 535 tari
187 500 230 540 6,
255 501 300 543 1,
324 499 381 535 50.
413 500 548 536 sociata
570 501 741 536 tradentis
766 501 1042 546 accipientisque
1070 511 1172 536 conc.
1200 507 1254 535 est
1280 504 1316 543 2,
1344 502 1380 546 9,
1403 505 1437 537 3.
1478 513 1586 548 por-

97 551 190 580 tum
214 554 279 589 pro
301 556 416 591 pace
443 552 550 592 atque
574 548 826 583 concordia
850 547 936 582 dicit
961 547 1128 593 (Horat.)
1156 548 1191 590 8,
1218 548 1253 591 6,
1280 546 1342 584 44.

0 583 2 642 2
53 588 295 632 concordo·
337 607 378 636 ut
399 612 480 637 cum
504 610 607 652 gestu
629 606 823 640 concordet
847 603 998 649 (caput)
1033 607 1088 649 11,
1114 605 1150 649 3,
1173 604 1230 640 69.

11 654 19 689 ’,
58 647 322 692 concubina·
371 660 592 696 concubinae
622 664 731 697 Geel.
754 660 790 705 4,
813 664 850 704 2,
878 659 957 696 124.

58 703 344 749 concubinus·
391 722 529 752 nostras
556 717 746 762 amicas,
780 724 923 753 nostros
954 717 1249 753 concubinos
1279 715 1405 752 vident
1431 720 1466 761 1,
1488 719 1525 762 2,
1548 718 1586 753 8.

58 763 340 820 concupisco·
395 777 437 815 α)
471 775 558 820 quid
587 786 662 810 non
694 777 833 810 adultus
870 773 1121 818 concupiscet?
1161 777 1178 808 1
1195 800 1206 816 ,
1230 776 1279 817 2,
1303 774 1337 808 6.
1375 779 1415 808 ut
1444 775 1588 808 laudem

100 821 328 857 humanitatis
352 820 471 865 potius
497 833 603 866 quam
630 823 851 866 voluptatem
877 821 1022 855 ultionis
1053 819 1282 864 concupiscat
1305 820 1340 862 5,
1369 822 1425 863 13,
1451 821 1502 855 6.‘
1526 820 1588 864 qui

102 867 369 903 similitudinem
404 867 548 911 pessimi
574 869 748 912 cujusque
780 867 1038 911 cnncupierunt
1064 869 1120 910 10,
1143 869 1179 909 2,
1206 864 1261 899 14.
1308 867 1405 910 quod
1427 867 1589 900 nondimt

101 913 187 949 satis
214 913 319 957 periti
345 913 516 956 loquendi
539 914 743 947 facundiam
766 911 1099 957 concupierint
1126 915 1183 954 12,
1202 913 1259 955 10,
1279 912 1336 946 16.
1367 911 1398 945 si
1421 910 1589 955 (Seneca)

101 969 227 1004 parum
252 957 318 1003 (Z.
343 957 536 1003 partem)
568 970 642 992 non
670 958 990 1003 concupisset
1004 960 1071 1002 10,
1099 961 1141 1001 1,
1166 959 1234 991 130
1262 958 1309 992 N.
1351 969 1384 992 v.
1414 957 1590 996 Parum.

104 1013 325 1050 quae‘senes
351 1003 696 1048 concupissent
721 1008 778 1047 12,
805 1008 860 1047 11,
883 1007 940 1039 23.
985 1002 1027 1047 β)
1046 1017 1113 1050 seq.
1132 1002 1226 1045 Ins..-
1255 1014 1335 1037 esse
1348 1003 1483 1037 similes
1501 1014 1593 1038 con-

105 1049 288 1094 cupisoent
309 1052 345 1093 2,
368 1050 406 1094 9,
426 1052 460 1083 2.
501 1049 619 1084 videri
641 1050 843 1085 Atticorum
873 1049 1069 1084 imitatores
1101 1049 1450 1092 concupierant
1482 1049 1538 1093 (a.
1568 1053 1593 1085 Ι.

107 1094 317 1139 ——piebant,
342 1108 377 1130 α.
409 1094 621 1140 ——pienmt)
647 1099 703 1140 12,
728 1098 786 1140 10,
814 1095 860 1130 14
882 1097 929 1131 Ν.
950 1109 998 1129 cr.
1026 1102 1059 1129 et
1081 1094 1200 1136 Praes.
1223 1095 1290 1130 IV·
1313 1106 1349 1140 p.
1371 1095 1475 1130 XVI.

64 1137 306 1183 concurro-¹
343 1152 377 1193 1)
400 1153 445 1186 ad
467 1152 621 1197 aliquem
641 1152 771 1187 merito
799 1152 1024 1188 concurritur
1047 1154 1082 1196 1,
1104 1155 1139 1195 2,
1166 1152 1231 1195 16;
1267 1161 1310 1186 os
1333 1151 1514 1187 concurrit
1534 1153 1592 1195 10,

105 1199 142 1241 7,
164 1197 189 1232 8
213 1197 260 1232 N.
291 1209 375 1244 cum
399 1208 463 1232 ore
487 1205 721 1233 concurrente
745 1201 812 1244 11,
836 1201 880 1242 3,
906 1202 972 1233 121
996 1199 1044 1234 N.
1135 1198 1192 1242 ΙΙ)
1218 1201 1333 1232 transl.
1359 1201 1382 1233 i.
1411 1211 1442 1243 q.
1469 1201 1594 1232 colli-

107 1243 205 1277 dar-.-
234 1241 274 1276 in
296 1247 395 1278 tanta
421 1255 605 1278 causarum
622 1245 861 1280 varietate—
883 1256 965 1279 omn
987 1244 1056 1279 alia
1080 1244 1398 1290 colligantur,
1427 1245 1491 1279 vel
1515 1243 1595 1288 ipsa

39 1325 44 1331 ,
105 1287 227 1377 11ιέξεῖὶῖ
251 1299 310 1370 Ῑὸο.
338 1297 644 1347 concurrant,
679 1292 743 1327 vel
771 1291 820 1330 in
846 1291 1088 1327 diversum
1113 1290 1342 1337 ambignitate
1366 1291 1595 1325 ducantur

63 1374 314 1421 concursio.
345 1411 392 1420 -
412 1390 453 1426 in
474 1393 601 1428 eadem
621 1391 746 1429 verba.
772 1393 843 1436 fig.
870 1406 930 1438 ap.
957 1396 1044 1428 οἱ..
1066 1394 1102 1436 9,
1128 1396 1163 1436 1,
1185 1394 1240 1428 33.

65 1435 323 1480 Concursus·
346 1467 393 1474 —
414 1449 487 1485 oris
504 1453 582 1494 11,
606 1452 649 1494 3,
673 1450 718 1485 56
741 1450 790 1485 N.
822 1469 867 1476 —
889 1450 1070 1485 vocalium
1094 1451 1139 1494 9,
1162 1448 1207 1493 4,
1232 1451 1290 1485 33.
1326 1460 1373 1484 an
1397 1454 1595 1483 atomorum

110 1505 288 1530 concursu
307 1496 459 1530 mundus
484 1495 531 1530 sit
553 1496 699 1531 effectus
724 1499 760 1540 7,
782 1498 820 1540 2,
844 1498 883 1530 2.
1231 1509 1236 1513 ·

65 1537 290 1583 concutio·
335 1552 407 1587 nisi
438 1552 557 1588 omnia
583 1555 734 1587 tumultu
765 1564 808 1587 ao
840 1551 1103 1588 vociferatione
1137 1549 1386 1588 concusserint
1415 1550 1452 1596 4,
1476 1554 1512 1595 2,
1536 1553 1595 1587 37.

109 1603 224 1632 totum
250 1608 379 1643 corpus
396 1599 437 1636 vi
460 1611 526 1634 sua
548 1599 707 1633 concutit
732 1597 858 1643 (risus)
884 1599 920 1642 6,
944 1601 980 1642 3,
1005 1600 1041 1635 9.

66 1639 333 1686 condemno.
365 1653 638 1692 'condemnaret
659 1657 701 1690 L.
725 1657 914 1691 Murenam
936 1656 971 1699 5,
995 1657 1051 1698 10,
1074 1655 1132 1691 99.

67 1701 290 1745 Condicio.
331 1712 381 1756 ru)
412 1713 535 1758 iniqua
569 1714 674 1748 cond.
709 1714 753 1756 5,
776 1714 818 1756 6,
843 1715 876 1747 3.
924 1713 1004 1748 ead.
1031 1713 1127 1755 lex,
1164 1712 1242 1746 ead.
1278 1713 1411 1746 cond.
1439 1715 1475 1755 7,
1499 1710 1535 1754 4,
1559 1713 1596 1747 6.

111 1761 307 1805 eadmnque
329 1761 434 1794 cond.
459 1765 513 1794 est
534 1758 579 1792 in
604 1759 670 1803 iis,
702 1770 794 1804 quae
818 1766 878 1792 etc.
910 1759 955 1800 6,
984 1760 1027 1800 3,
1051 1759 1108 1793 55.
1146 1757 1185 1792 in
1208 1768 1280 1802 quo
1306 1758 1482 1802 (judicio)
1505 1759 1599 1791 mul-

113 1809 190 1839 tum
210 1807 285 1853 agit
306 1807 412 1840 cond.
436 1803 478 1848 4,
503 1808 545 1848 1,
570 1807 636 1847 133
683 1804 907 1839 condicionis
930 1804 1096 1838 distantia
1120 1803 1220 1848 (est,
1258 1806 1346 1837 unde
1371 1811 1599 1846 argumentum

115 1853 200 1883 sumi
225 1851 353 1895 possit)
383 1851 426 1894 5,
457 1853 521 1894 10,
543 1852 590 1885 26
610 1852 661 1885 Ν.
700 1852 805 1886 cond.
839 1852 944 1895 hujus
969 1862 1048 1884 esse
1070 1851 1260 1894 plerasque
1283 1861 1407 1884 causas
1430 1849 1473 1893 4,
1496 1852 1541 1892 2,
1563 1851 1600 1885 9.

115 1894 161 1937 cf.
186 1897 222 1938 3,
245 1897 280 1938 6,
304 1899 362 1931 30.
395 1897 495 1939 cnjus
518 1897 624 1931 cond.
647 1896 715 1931 erit
740 1896 928 1942 (victimass-³
962 1898 997 1937 3,
1014 1897 1050 1939 6,
1067 1898 1144 1930 100.
1183 1895 1328 1940 quidam
1350 1897 1456 1930 cond.
1486 1895 1599 1939 ejusd.

115 1941 163 1983 6,
186 1943 231 1983 3,
255 1943 311 1976 81.
345 1943 412 1984 11,
440 1944 480 1983 1,
503 1942 570 1983 66;
615 1943 785 1986 pleraque
807 1943 900 1976 hanc
922 1943 1026 1976 cond.
1050 1943 1203 1985 habent,
1235 1947 1285 1975 ut
1318 1949 1382 1976 etc.
1418 1945 1451 1985 1,
1475 1944 1512 1984 2,
1542 1943 1600 1976 13.

115 1986 367 2022 condicionem
386 1992 523 2021 mutare
546 1987 591 2031 (i.
617 2001 646 2022 e.
677 1987 854 2030 facere,
886 1995 930 2020 ut
964 2000 986 2020 a
1024 1989 1232 2021 communi
1261 1991 1422 2029 regula
1454 1989 1602 2020 disce-

117 2031 279 2076 datur)
305 2035 339 2075 1,
358 2031 393 2074 5,
415 2035 459 2067 27
482 2033 529 2066 Ν.
567 2032 748 2066 hominem
769 2034 900 2068 malum
921 2039 1173 2077 occupaturum
1194 2034 1288 2066 hanc
1313 2034 1419 2066 cond.
1447 2033 1481 2075 5,
1504 2033 1541 2075 6,
1559 2033 1598 2075 5;

117 2078 196 2113 sine
217 2078 280 2112 illa
306 2078 435 2120 cond.,
473 2083 519 2111 ut
543 2084 603 2110 etc.
633 2078 674 2120 5,
697 2079 738 2120 6,
766 2081 797 2111 1.
840 2079 950 2121 judex
975 2078 1191 2112 condicione
1216 2089 1302 2111 usus
1325 2083 1380 2111 est
1408 2079 1453 2120 9,
1479 2080 1520 2120 2,
1542 2079 1602 2113 95.

118 2123 276 2159 criminis
289 2125 391 2159 velut
411 2122 665 2167 pendentis
690 2129 726 2157 et
749 2124 866 2157 adhuc
886 2123 931 2156 in
955 2123 1234 2158 condicione
1255 2122 1403 2167 positi
1425 2126 1462 2166 7,
1485 2122 1522 2166 4,
1538 2126 1601 2159 27.

119 2170 160 2216 β)
190 2170 261 2213 adj.
297 2171 404 2204 Genii.
438 2166 471 2210 a)
492 2181 728 2212 personarum.-
760 2168 911 2203 oratoris
943 2169 1012 2202 alia
1046 2170 1152 2203 cond.
1187 2174 1242 2203 est
1272 2170 1327 2211 10,
1355 2170 1391 2211 3,
1417 2169 1453 2204 9.
1492 2170 1600 2204 cond.

118 2225 352 2259 personarum
375 2217 411 2258 3,
437 2217 494 2257 10,
517 2217 552 2248 2.
587 2214 631 2255 cs.
655 2213 692 2257 4,
716 2217 751 2257 2,
776 2216 853 2248 113.
894 2213 1027 2248 diversi
1047 2220 1128 2248 sunt
1146 2213 1418 2248 deliberantium
1440 2214 1599 2258 animi,

120 2262 255 2304 duplex
277 2261 409 2295 cond.
436 2262 472 2303 3,
497 2261 532 2303 8,
562 2262 619 2294 37.
654 2261 699 2293 ad
722 2270 874 2304 quonun
901 2261 1029 2294 cond.
1054 2260 1275 2305 vitamque
1300 2261 1474 2304 aptanda,
1502 2272 1602 2306 quae

121 2306 345 2349 dicebantur,
377 2307 522 2340 fuerunt
544 2308 588 2339 ib.
614 2306 670 2340 50.
708 2311 768 2340 aut
791 2305 915 2340 cond.
941 2311 1002 2340 aut
1029 2305 1182 2340 studia
1205 2307 1396 2340 multorum
1416 2307 1452 2350 6,
1476 2308 1512 2350 3,
1541 2306 1602 2342 34.

119 2350 162 2394 b)
188 2365 319 2385 rerum.-
354 2351 519 2386 condicio
551 2351 736 2395 utriusque
770 2350 893 2386 similis
932 2358 986 2386 est
1017 2352 1057 2394 5,
1083 2354 1147 2395 13,
1173 2354 1208 2386 1.
1250 2351 1392 2387 diversa
1416 2363 1603 2387 causarum

121 2396 216 2431 inter
237 2397 332 2441 ipsas
355 2398 458 2431 cond.
486 2400 550 2441 10,
577 2401 616 2440 2,
642 2400 698 2432 23.
729 2410 763 2431 v.
786 2396 945 2432 Causa.
987 2398 1093 2431 cond.
1116 2398 1384 2434 controversiae
1407 2396 1451 2442 4,
1477 2401 1520 2442 1,
1544 2399 1603 2434 26.

4 2477 6 2481 ,
123 2459 167 2467 -
191 2443 325 2487 duplex
352 2443 428 2486 ejus
452 2443 716 2488 disceptationis
746 2446 788 2485 7,
815 2443 856 2485 5,
882 2447 917 2477 2.
948 2460 994 2466 -
1020 2444 1214 2487 praesentis
1242 2443 1454 2478 discriminis
1475 2447 1512 2487 2,
1543 2447 1601 2487 13,

38 2495 44 2522 l
122 2488 159 2522 4.
205 2499 278 2522 non
311 2489 414 2523 eand.
446 2499 524 2523 esse
558 2491 662 2524 cond.
693 2488 807 2522 litium
840 2499 882 2523 ac
914 2488 1207 2533 disputationum,
1245 2489 1319 2524 fori
1352 2496 1388 2524 et
1422 2489 1601 2533 auditorii,

0 2532 22 2540 ”
124 2540 393 2578 praeceptorum
416 2539 453 2568 et
465 2535 700 2578 periculorum
725 2537 780 2576 10,
796 2537 827 2577 1,
841 2535 898 2569 36.
932 2540 972 2568 ut
989 2546 1151 2579 quaeque
1168 2535 1332 2570 condicio
1346 2535 1461 2569 litium
1476 2541 1603 2579 poscet

126 2581 168 2622 5,
192 2583 234 2622 1,
255 2581 290 2614 3.
335 2579 366 2614 si
389 2586 516 2614 neutro
538 2580 609 2614 litis
636 2580 800 2615 condicio
823 2582 1084 2625 praeponderet
1105 2585 1149 2624 7,
1173 2584 1220 2624 2,
1244 2583 1304 2618 39.
1348 2592 1417 2615 nec
1437 2582 1602 2616 locorum

123 2630 184 2658 aut
215 2626 466 2660 sententiarum
499 2625 568 2660 alia
594 2627 698 2660 cond.
729 2627 765 2668 5,
790 2628 847 2668 13,
873 2629 904 2660 l.
949 2626 1158 2670 petitionum
1187 2629 1293 2662 cond.
1326 2638 1390 2671 par
1423 2628 1458 2669 3,
1484 2629 1540 2669 10,
1563 2627 1600 2660 4.

123 2672 225 2704 cond.
253 2671 330 2714 ipsa
351 2672 405 2706 rei
430 2670 474 2714 4,
498 2675 540 2714 2,
564 2671 622 2706 47.
656 2671 692 2714 6,
718 2675 751 2714 1,
777 2671 834 2706 34.
872 2689 917 2697 -
939 2671 994 2706 rei
1017 2672 1128 2717 ipsius
1150 2675 1186 2715 3,
1212 2674 1247 2716 8,
1271 2671 1328 2708 64.
1368 2691 1413 2699 —
1438 2673 1601 2707 schema-

126 2722 199 2750 tum
221 2727 295 2751 non
322 2718 399 2753 ead.
422 2723 476 2752 est
501 2717 536 2761 9,
566 2720 601 2760 2,
624 2718 682 2753 67.
718 2718 822 2752 cond.
846 2718 907 2762 vel
929 2723 1126 2764 temporum
1146 2721 1207 2754 vel
1229 2721 1389 2755 locorum
1419 2721 1474 2762 12,
1492 2721 1549 2762 10,
1565 2722 1601 2752 2.
