1728 3002
740 132 759 140 κ

133 211 215 251 352
648 204 833 251 Fortiter
871 233 928 240 —
969 208 1160 252 Fortuna

181 321 390 358 fortibus
413 323 542 365 modo,
577 323 643 358 sed
669 323 777 358 etiam
808 323 1121 372 fulgentibus
1153 321 1260 358 armis
1287 325 1324 368 8,
1347 326 1384 368 3,
1406 326 1441 361 3.
1477 311 1671 362 foi-tissima

180 380 334 415 corpora
368 374 412 414 1,
448 374 491 413 1,
528 372 585 404 21.
626 370 772 405 fortis
807 382 849 405 ao
885 371 1051 406 virilis
1087 381 1278 415 corporum
1310 371 1494 414 inclinatio
1536 377 1579 415 1,
1614 377 1670 415 11,

181 418 238 452 18.
271 423 345 451 non
369 423 440 451 tam
478 416 617 450 molli
657 422 895 462 teneraque
927 429 1045 461 voce,
1093 429 1199 462 quam
1229 417 1348 452 forti
1379 429 1422 453 ac
1459 417 1672 453 durabili

183 466 250 505 11,
272 465 315 505 3,
340 465 397 497 23.
443 462 487 504 cs:
513 461 580 506 643
629 474 697 497 nec
730 475 850 497 rerum
884 463 1027 498 nimiam
1054 463 1360 506 tenuitatem,
1398 470 1439 498 ut
1461 475 1534 500 non
1557 466 1698 499 dicam-

179 508 537 556 pinguioribus,
572 509 866 544 fortioribus
901 516 998 544 certe
1024 510 1147 544 verbis
1171 509 1397 544 miscebimus
1424 513 1486 554 12,
1511 513 1578 555 10,
1604 514 1671 554 353

180 557 279 596 dura,
306 555 433 598 anime,
460 556 558 598 dura,
584 557 672 590 here
695 555 826 590 sortior
849 556 962 590 fuisti.
990 551 1142 591 Gal'vio
1169 556 1328 597 9,2,91.
1354 557 1487 590 fortem
1510 553 1673 592 celerita-

178 609 251 637 tem
277 605 333 644 11,
358 604 392 645 3,
421 601 507 646 164;
542 603 671 644 forte
695 602 838 647 quidem
866 605 929 638 sed
955 601 1234 637 indomitum
1266 603 1464 646 (ingenium)
1497 606 1575 646 ὁρῇ.
1601 609 1673 638 te-

179 659 263 683 nue
290 651 346 690 10,
363 651 399 691 2,
414 649 472 684 19.
518 649 568 692 11)
595 652 616 683 i.
632 662 661 694 q.
689 657 839 693 poiens
865 657 901 683 et
927 648 1110 692 efficax.
1160 646 1202 691 α)
1226 650 1435 692 simpliciter.-
1460 659 1674 694 provocare,

179 706 272 740 quae
296 694 380 729 inde
407 693 448 739 (i.
467 708 497 728 ε.
528 708 551 728 a
574 696 758 729 diversa
780 695 937 739 parte)
975 695 1082 730 sortia
1108 693 1199 738 sint,
1232 704 1306 729 non
1330 695 1511 742 arguentis
1536 700 1590 730 est
1611 697 1675 729 sed

178 741 356 775 monenti-s
380 741 415 783 6,
444 743 477 784 1,
502 741 536 776 6.
573 741 835 788 ingeniosa
863 743 953 776 haec
982 747 1018 776 et
1040 741 1197 776 fortia
1223 746 1259 775 et
1283 752 1339 776 ex
1369 741 1568 786 ancipiti
1599 741 1676 775 di-

180 793 311 822 serta
337 789 532 822 creduntur
558 789 592 832 8,
619 790 654 831 2,
678 791 736 822 21.
777 800 869 833 quae
900 788 1070 831 fortia,
1101 787 1131 821 si
1154 786 1296 830 liceret,
1322 789 1465 830 forent,
1501 793 1541 821 ut
1565 788 1675 821 dura

179 833 343 868 molliunt
366 836 401 877 5,
427 837 484 878 12,
513 835 568 869 18.
607 845 674 877 ne,
714 834 772 869 cui
796 841 941 870 tenue
971 833 1154 881 ingenium
1179 833 1268 876 erit,
1304 835 1381 869 sola
1403 833 1495 869 v‘elit
1525 833 1677 868 fortia

182 886 218 915 et
248 881 446 924 abrupta
483 883 549 923 10,
578 884 624 923 2,
654 882 710 916 19.
765 882 923 915 fortia
958 892 1031 916 non
1066 878 1327 915 temeraria
1362 883 1430 922 12,
1461 882 1526 922 10,
1550 881 1606 914 80.
1640 892 1675 914 v.

179 927 368 961 Stultus.
386 926 438 961 sic
455 927 550 960 enim
563 927 719 970 fitforte,
739 930 946 962 Criminis
972 939 1135 961 causa.-
1159 926 1306 969 molle,
1326 928 1673 969 Archipiratae:

180 972 375 1007 mollius
389 999 399 1016 ,
428 972 460 1006 si
481 973 684 1018 tribrachys
708 975 897 1017 praecedat
919 975 963 1016 9,
991 973 1032 1016 4,
1056 974 1124 1015 97,
1158 971 1288 1006 fortius
1310 982 1402 1008 vero
1425 972 1512 1017 quid
1535 972 1678 1006 iucom-

108 1019 116 1023 ’
178 1021 336 1065 positum
358 1025 476 1063 potest
500 1031 599 1063 esse,
629 1032 735 1064 quam
762 1020 923 1055 vinctum
949 1026 985 1054 et
1009 1021 1102 1054 bene
1126 1017 1343 1053 collocatum
1373 1021 1416 1053 ib.
1437 1019 1482 1053 5.·
1505 1029 1552 1053 ne
1574 1019 1678 1052 for-

179 1066 296 1100 tiori
320 1067 553 1113 subjungatur
576 1066 711 1111 aliquid
736 1066 993 1100 infirmius
1033 1067 1075 1100 ib.
1102 1067 1160 1100 23.
1206 1063 1252 1106 cs.
1273 1068 1336 1108 11,
1363 1067 1405 1108 1,
1429 1064 1499 1099 40>
1522 1069 1562 1099 ut
1587 1064 1678 1098 illud

179 1113 221 1147 le
234 1123 285 1146 ne
324 1118 383 1146 aut
416 1112 578 1146 ascendit
617 1114 663 1147 ad
699 1113 930 1156 fortiora,
981 1118 1041 1147 aut
1075 1113 1119 1146 ad
1153 1108 1319 1149 tenuiora
1355 1110 1677 1146 summittitur

183 1161 240 1202 12,
258 1160 314 1198 10.
339 1159 405 1201 67,
433 1170 512 1193 esse
534 1160 571 1192 id
596 1166 670 1193 tum
697 1161 921 1206 elegans,
945 1164 1021 1193 tum
1045 1158 1151 1193 etiam
1175 1157 1469 1192 fortissimum
1490 1159 1526 1199 7,
1549 1159 1585 1200 3,
1611 1158 1676 1199 183

179 1204 413 1239 fortissimum
439 1210 505 1247 est,
529 1205 560 1244 si
585 1205 720 1239 crimen
745 1217 853 1240 causa
880 1206 967 1240 facti
990 1211 1132 1239 tuemur
1154 1207 1192 1248 7,
1203 1202 1239 1246 4,
1252 1205 1287 1239 8.
1333 1203 1380 1250 β)
1407 1217 1436 1238 c.
1461 1204 1675 1237 Nominibus}

179 1250 240 1284 illa
264 1261 330 1294 per
350 1262 389 1284 se
414 1250 569 1284 fortia
595 1249 819 1294 (argumenta)
844 1264 924 1294 opp.
952 1250 1222 1285 infirmiora
1249 1249 1285 1292 5,
1309 1251 1366 1292 12,
1389 1247 1425 1284 4.
1449 1244 1510 1283 hic
1532 1255 1678 1284 ornatus

178 1296 351 1332 virilis
381 1301 417 1330 et
441 1297 461 1329 f
470 1306 492 1330 o
505 1296 600 1330 rtis
631 1302 666 1330 et
691 1303 835 1330 sanctus
861 1297 907 1330 sit
931 1298 967 1340 8,
990 1299 1026 1338 3,
1053 1297 1088 1330 6.
1122 1306 1232 1330 verae
1257 1294 1400 1329 virtutis
1427 1294 1560 1329 fortior
1583 1296 1679 1329 fama

180 1345 237 1386 12,
264 1344 299 1385 9,
323 1341 357 1375 4.
395 1343 492 1375 hunc
517 1343 623 1376 habet
646 1343 766 1376 locum
789 1342 978 1376 fortiorem
1002 1343 1039 1384 6,
1065 1343 1104 1384 1,
1130 1343 1185 1375 13.
1218 1340 1351 1375 sortior
1375 1339 1488 1374 multo
1511 1333 1678 1385 probatio

182 1391 218 1432 5,
244 1387 306 1469 64⁹
333 1391 375 1431 23
409 1388 606 1423 fortissima
631 1394 686 1422 est
712 1387 806 1423 actio
831 1392 867 1432 7,
890 1382 933 1432 8,
958 1391 993 1423 2.
1028 1389 1135 1434 longe
1158 1386 1352 1421 fortissima
1373 1385 1499 1421 tuendi
1521 1397 1561 1421 se
1583 1387 1678 1421 ratio

183 1438 217 1478 3,
278 1461 289 1477 ,
316 1436 375 1469 83.

130 1482 334 1530 Fortiter·
380 1508 427 1516 —
455 1490 631 1525 affirmare
655 1493 712 1533 12,
741 1491 776 1534 3,
799 1492 834 1525 3.
861 1501 908 1524 ne
933 1492 1085 1523 balare
1108 1496 1171 1523 eic-
1197 1487 1343 1533 quidem
1368 1489 1451 1524 sort.
1478 1488 1678 1523 diceremus
1701 1526 1705 1533 ,Ἰ

179 1542 214 1582 1,
238 1537 272 1580 5,-
296 1541 342 1572 72
371 1538 418 1572 Ν.
453 1544 535 1571 cum
557 1538 585 1570 f.
609 1537 755 1574 fecisset
779 1541 814 1580 7,
841 1540 875 1580 1,
902 1535 962 1570 42.
996 1535 1041 1577 otf-
1067 1536 1108 1578 9,
1136 1539 1171 1578 2,
1195 1537 1253 1570 85.
1284 1540 1320 1568 ul
1351 1541 1447 1569 tuam
1469 1535 1678 1569 felicitatem

179 1586 208 1619 f.
232 1585 330 1619 feras
353 1585 389 1627 8,
405 1583 439 1626 5,
456 1583 512 1618 15.
537 1583 563 1617 f.
583 1583 742 1626 judicare
770 1596 848 1627 opp.
873 1582 1102 1616 miseratione
1125 1581 1268 1615 moveri
1289 1581 1323 1618 6,
1347 1584 1390 1625 1,
1413 1583 1470 1614 20.
1501 1582 1562 1615 illa
1585 1592 1679 1626 quo-

179 1641 250 1676 que
275 1650 323 1657 —
345 1630 372 1663 f.
397 1630 665 1674 insequentibus
688 1630 871 1674 junxerim
897 1629 931 1670 5,
960 1631 1017 1671 10,
1043 1629 1101 1663 78.
1149 1627 1364 1661 Ciceronem
1389 1626 1589 1671 cuicunque
1612 1638 1679 1662 eo-

181 1688 261 1712 rum
288 1677 315 1711 s.
341 1676 573 1720 opposuerim
611 1679 674 1719 10,
713 1681 727 1709 1
744 1702 754 1718 ‚
792 1677 871 1712 105.
917 1675 979 1708 illa
1002 1691 1055 1698 -s
1074 1674 1102 1708 f.
1127 1673 1196 1706 suit
1218 1673 1427 1717 repellenda
1460 1675 1523 1716 11,
1553 1677 1592 1715 t,
1617 1674 1678 1711 62.

181 1724 356 1768 quaedam
379 1728 452 1756 tam
478 1723 504 1756 f.
531 1723 685 1764 tuenda,
711 1733 816 1766 qumn
843 1723 938 1755 sacta
961 1725 1043 1754 sunt
1063 1718 1101 1762 6,
1129 1722 1163 1762 1,
1188 1717 1254 1761 34ss
1290 1718 1474 1753 fortius
1500 1719 1536 1752 id
1560 1719 1678 1753 libe-

181 1770 382 1813 riusque
419 1769 615 1802 defendere
642 1771 706 1810 12,
735 1772 774 1811 1,
802 1771 859 1802 21.
900 1769 924 1802 f.
949 1766 1071 1800 dicere
1094 1768 1130 1808 2,
1156 1769 1212 1807 12,
1238 1769 1271 1800 1.
1288 1766 1322 1801 9.
1351 1765 1411 1809 qui
1437 1776 1516 1798 eam
1540 1763 1677 1809 (remp.)

179 1816 374 1850 fortissime
402 1815 709 1849 administrassent
732 1815 767 1857 6,
786 1817 820 1857 5,
833 1815 867 1848 8.
891 1814 917 1848 f.
945 1813 1122 1846 affirmare
1148 1814 1184 1854 2,
1194 1811 1230 1854 4,
1251 1810 1310 1845 42.
1336 1811 1365 1845 f.
1391 1811 1617 1846 defendentis
1642 1813 1677 1855 5,

184 1865 239 1905 13,
265 1864 287 1897 5
312 1862 358 1895 N.
395 1873 444 1908 ex
469 1861 596 1906 quibus
625 1862 652 1894 f.
677 1861 875 1903 invaseris,
904 1860 1000 1904 quod
1025 1865 1084 1892 etc.
1111 1860 1145 1902 5,
1170 1860 1227 1901 13,
1251 1861 1309 1892 21.

132 1908 370 1951 Fortitudo.
405 1916 543 1961 (vr-nus)
572 1921 607 1960 2,
631 1921 688 1960 20,
716 1921 771 1952 10.
806 1921 841 1960 2,
865 1920 924 1960 21,
949 1918 982 1950 3.
1019 1917 1054 1958 3,
1079 1918 1114 1958 7,
1146 1915 1203 1949 15.
1237 1914 1272 1957 5,
1298 1916 1354 1957 10,
1382 1914 1438 1950 57.
1479 1916 1536 1957 12,
1562 1916 1596 1957 1,
1620 1915 1678 1949 28.

179 1965 257 1999 sine
281 1965 466 2000 virtute
491 1964 640 2011 intelligi
667 1975 738 1998 non
767 1970 884 2009 potest
910 1961 1154 1997 fortitudo
1180 1964 1238 2004 12,
1258 1965 1289 2004 1,
1310 1961 1368 1994 23.
1391 1972 1469 2003 opp.
1494 1960 1679 1994 temeri-

179 2011 266 2045 tati
291 2014 347 2053 12,
364 2013 398 2053 5,
420 2013 452 2044 2.
479 2023 511 2044 v.
541 2011 785 2045 Patientia.
816 2022 860 2043 an
888 2008 1135 2044 fortitudinem
1160 2014 1221 2042 etc.
1247 2007 1376 2041 melius
1399 2005 1458 2040 alii
1485 2006 1677 2049 docebunt,

179 2070 285 2103 quam
311 2056 485 2098 Fabricii,
514 2056 614 2091 Curii
639 2064 700 2091 esc.
729 2060 785 2100 12,
812 2060 846 2099 2,
872 2058 928 2090 30.
963 2057 1007 2088 de
1032 2053 1240 2088 fortitudine
1263 2052 1415 2097 plurima
1436 2050 1531 2086 dicet
1555 2058 1680 2086 orator

182 2108 238 2147 12,
264 2107 299 2146 2,
327 2107 381 2138 17.
413 2104 500 2139 fort.
526 2109 694 2147 praestat,
720 2115 766 2137 ne
794 2106 947 2136 mortem
969 2101 1156 2134 timeamus
1179 2100 1220 2143 5,
1242 2101 1310 2143 -10,
1337 2100 1396 2134 82.
1431 2097 1678 2133 fortitudinem

183 2151 368 2184 Gallorum
393 2149 724 2194 Germanorumque
747 2149 916 2182 miramur
948 2149 985 2190 8,
1008 2146 1044 2189 4,
1074 2147 1132 2180 20.

133 2196 368 2239 Fortuitus.
405 2204 448 2250 α)
473 2209 686 2250 simpliciter:
723 2206 811 2240 nihil
836 2216 916 2240 esse
942 2202 1269 2238 inordinatum
1302 2199 1678 2246 atquc‘fortuitum

183 2257 216 2296 1,
247 2255 301 2295 10,
327 2251 384 2287 46.
428 2252 532 2286 etiam
559 2252 619 2286 illa
652 2252 798 2286 fortuita
824 2254 972 2286 aderant
995 2249 1115 2284 omnia
1141 2249 1184 2290 6,
1212 2249 1268 2281 Pr.
1298 2249 1354 2282 11.
1388 2245 1438 2288 “ff-⁴
1462 2247 1503 2290 5,
1530 2249 1592 2289 10,
1619 2247 1676 2281 34.

180 2295 410 2332 fortuitorum
435 2298 545 2342 (laus)
574 2299 691 2333 levior
715 2301 749 2342 3,
777 2302 812 2341 7,
839 2301 894 2332 12.
922 2309 1004 2331 cum
1028 2293 1237 2329 occasiones
1263 2313 1310 2319 —
1337 2304 1385 2327 ex
1409 2292 1574 2338 quibusd.
1600 2293 1679 2326 sor-

180 2345 278 2378 mitis
302 2355 445 2389 quoque
471 2346 634 2378 oriantur
666 2346 699 2388 6,
728 2348 760 2386 1,
787 2346 818 2379 5.
865 2343 907 2386 μ)
936 2357 964 2377 c.
982 2343 1203 2376 Nominibus.-
1228 2339 1384 2374 fortuitis
1407 2338 1515 2373 etiam
1543 2339 1678 2378 clamo·
1708 2356 1714 2360 -

181 2390 279 2424 ribus
308 2393 372 2433 10,
398 2393 439 2433 3,
465 2394 521 2426 30.
558 2392 643 2424 fort.
670 2390 839 2438 cogitatio
866 2392 927 2433 10,
952 2391 996 2432 3,
1022 2388 1079 2423 29.
1116 2397 1236 2432 pugna
1258 2387 1344 2424 fort.
1367 2385 1409 2428 6,
1434 2387 1475 2429 5,
1501 2387 1558 2420 10.
1592 2385 1678 2419 fort.

182 2437 358 2470 sermonis
387 2440 443 2480 10,
470 2441 506 2480 7,
533 2439 587 2471 13.
614 2461 620 2468 -

135 2480 337 2524 Fortuna·
375 2494 412 2530 1)
439 2496 461 2527 i.
482 2506 513 2537 q.
537 2493 567 2535 s
571 2506 589 2527 ο
601 2507 664 2527 rs.-
691 2491 721 2527 si
745 2504 815 2537 qua
838 2490 974 2525 suerint
996 2488 1114 2522 minus
1138 2488 1264 2522 effecta
1287 2503 1329 2511 -
1360 2485 1577 2531 imperitanti
1598 2486 1678 2519 sor-

183 2544 290 2572 tunae
313 2539 538 2572 remittantur
560 2540 596 2582 6,
625 2540 684 2574 Pr.
713 2540 767 2573 15.
801 2537 972 2572 insidians
1000 2536 1084 2569 sort.
1111 2537 1153 2567 ib.
1180 2536 1216 2571 8.
1250 2539 1475 2578 praesentem
1497 2532 1677 2566 fortunam

185 2583 343 2627 experiri
369 2586 425 2625 10,
452 2588 485 2626 7,
511 2588 568 2618 32.
599 2586 881 2629 extemporalem
904 2586 990 2617 t'ort.
1017 2593 1093 2623 opp.
1123 2580 1303 2614 scribendi
1328 2579 1430 2612 labor
1447 2579 1504 2620 10,
1516 2579 1550 2620 6,
1566 2580 1583 2610 1
1603 2579 1676 2621 N.;

183 2630 307 2673 utique
331 2629 474 2663 afflante
500 2631 644 2665 fortuna
670 2635 726 2674 11,
756 2633 792 2674 3,
821 2629 900 2666 147.
938 2634 976 2661 ut
999 2636 1066 2660 nos
1093 2627 1238 2659 fortuna
1262 2625 1428 2668 decipere
1453 2633 1528 2656 non
1550 2623 1675 2667 possit,

184 2677 356 2719 adjuvare
382 2675 494 2718 possit
522 2679 588 2719 10,
614 2678 654 2719 6,
683 2679 717 2710 6.
754 2677 783 2710 si
811 2686 879 2720 qua
905 2675 986 2709 sort.
1013 2679 1085 2706 tam
1109 2670 1261 2705 subitam
1289 2669 1416 2703 fecerit
1449 2669 1576 2716 agendi
1609 2681 1674 2703 ne-

186 2721 388 2755 censitatem
423 2723 485 2761 10,
511 2725 553 2763 7,
584 2725 638 2758 22.
663 2729 701 2755 ut
732 2734 788 2756 me
812 2723 881 2765 jam
913 2721 1009 2754 nulla
1040 2719 1124 2752 sort.
1155 2722 1277 2761 posset
1299 2715 1443 2749 efficere
1470 2715 1614 2749 felicem
1637 2716 1674 2758 6,

184 2767 244 2802 Pr.
273 2769 306 2801 5.
345 2766 432 2799 illud
457 2766 601 2800 fortuna
631 2768 773 2802 interim
804 2771 957 2812 praestat
982 2767 1023 2807 5,
1047 2767 1090 2806 7,
1115 2766 1172 2798 29.
1209 2773 1267 2796 me
1292 2762 1377 2797 sort.
1411 2779 1454 2785 —
1484 2761 1534 2794 ita
1557 2761 1674 2794 subito

185 2811 380 2859 prostravit
417 2813 460 2857 6,
501 2813 557 2847 Pr.
581 2816 617 2848 2.
662 2825 896 2859 quaecunque
935 2811 1014 2846 talis
1048 2811 1194 2844 fortuna·
1228 2807 1269 2853 (i.
1290 2820 1318 2841 e·
1342 2810 1543 2852 expugnatio
1567 2808 1674 2849 urbis)
