<?xml version="1.0" encoding="UTF-8"?>
<!DOCTYPE html PUBLIC "-//W3C//DTD XHTML 1.0 Transitional//EN"
    "http://www.w3.org/TR/xhtml1/DTD/xhtml1-transitional.dtd">
<html xmlns="http://www.w3.org/1999/xhtml" xml:lang="en" lang="en">
 <head>
  <title>
</title>
<meta http-equiv="Content-Type" content="text/html;charset=utf-8" />
  <meta name='ocr-system' content='tesseract 3.04.00' />
  <meta name='ocr-capabilities' content='ocr_page ocr_carea ocr_par ocr_line ocrx_word'/>
</head>
<body>
  <div class='ocr_page' id='page_1' title='image "./lexiconquintilia06bonnuoft_0772.png"; bbox 0 0 1728 3002; ppageno 0'>
   <div class='ocr_carea' id='block_1_1' title="bbox 140 79 1202 163">
    <p class='ocr_par' dir='ltr' id='par_1_1' title="bbox 140 79 1202 163">
     <span class='ocr_line' id='line_1_1' title="bbox 140 79 1202 163; baseline 0.007 -20"><span class='ocrx_word' id='word_1_1' title='bbox 140 104 224 143; x_wconf 82' lang='lat'><strong>680</strong></span> <span class='ocrx_word' id='word_1_2' title='bbox 587 105 734 146; x_wconf 81' lang='lat' dir='ltr'><strong>l‘raeci</strong></span> <span class='ocrx_word' id='word_1_3' title='bbox 739 79 828 162; x_wconf 83' lang='lat' dir='ltr'><strong>pito</strong></span> <span class='ocrx_word' id='word_1_4' title='bbox 861 131 913 140; x_wconf 86' lang='lat'><strong>—-</strong></span> <span class='ocrx_word' id='word_1_5' title='bbox 946 106 1202 163; x_wconf 77' lang='lat' dir='ltr'>Praecipuus</span> 
     </span>
    </p>
   </div>
   <div class='ocr_carea' id='block_1_2' title="bbox 146 214 1711 2397">
    <p class='ocr_par' dir='ltr' id='par_1_2' title="bbox 192 214 1690 860">
     <span class='ocr_line' id='line_1_2' title="bbox 194 214 1684 270; baseline 0.009 -25"><span class='ocrx_word' id='word_1_6' title='bbox 194 214 331 258; x_wconf 63' lang='lat' dir='ltr'><strong>vulgari</strong></span> <span class='ocrx_word' id='word_1_7' title='bbox 355 226 487 262; x_wconf 79' lang='lat' dir='ltr'>genere</span> <span class='ocrx_word' id='word_1_8' title='bbox 513 216 686 252; x_wconf 82' lang='lat' dir='ltr'><strong>orationis</strong></span> <span class='ocrx_word' id='word_1_9' title='bbox 710 219 905 253; x_wconf 83' lang='lat' dir='ltr'><strong>abhorrere</strong></span> <span class='ocrx_word' id='word_1_10' title='bbox 938 221 974 263; x_wconf 87' lang='lat'><strong>8,</strong></span> <span class='ocrx_word' id='word_1_11' title='bbox 1011 221 1068 255; x_wconf 85' lang='lat' dir='ltr'><strong>Pr.</strong></span> <span class='ocrx_word' id='word_1_12' title='bbox 1102 221 1160 257; x_wconf 91' lang='grc'><strong>25.</strong></span> <span class='ocrx_word' id='word_1_13' title='bbox 1205 215 1247 256; x_wconf 70' lang='lat' dir='ltr'><strong>is&#39;</strong></span> <span class='ocrx_word' id='word_1_14' title='bbox 1271 221 1460 259; x_wconf 70' lang='lat' dir='ltr'><strong>verissime</strong></span> <span class='ocrx_word' id='word_1_15' title='bbox 1489 223 1684 270; x_wconf 78' lang='lat' dir='ltr'><strong>praecepit,</strong></span> 
     </span>
     <span class='ocr_line' id='line_1_3' title="bbox 192 259 1684 318; baseline 0.008 -26"><span class='ocrx_word' id='word_1_16' title='bbox 192 259 344 303; x_wconf 86' lang='lat' dir='ltr'><strong>primum</strong></span> <span class='ocrx_word' id='word_1_17' title='bbox 369 273 448 295; x_wconf 88' lang='lat' dir='ltr'><strong>esse</strong></span> <span class='ocrx_word' id='word_1_18' title='bbox 471 261 509 295; x_wconf 88' lang='lat' dir='ltr'><strong>in</strong></span> <span class='ocrx_word' id='word_1_19' title='bbox 534 264 601 296; x_wconf 85' lang='lat' dir='ltr'><strong>hac</strong></span> <span class='ocrx_word' id='word_1_20' title='bbox 625 269 724 308; x_wconf 82' lang='lat' dir='ltr'><strong>parte</strong></span> <span class='ocrx_word' id='word_1_21' title='bbox 748 264 906 299; x_wconf 76' lang='lat' dir='ltr'><strong>officium</strong></span> <span class='ocrx_word' id='word_1_22' title='bbox 935 265 1089 301; x_wconf 80' lang='lat' dir='ltr'><strong>oratoris</strong></span> <span class='ocrx_word' id='word_1_23' title='bbox 1107 269 1142 310; x_wconf 98' lang='grc'><strong>5,</strong></span> <span class='ocrx_word' id='word_1_24' title='bbox 1162 270 1250 310; x_wconf 84' lang='lat'><strong>7‚7;</strong></span> <span class='ocrx_word' id='word_1_25' title='bbox 1273 266 1362 303; x_wconf 85' lang='lat' dir='ltr'><strong>illud</strong></span> <span class='ocrx_word' id='word_1_26' title='bbox 1385 269 1684 318; x_wconf 77' lang='lat' dir='ltr'><strong>elegantissimum</strong></span> 
     </span>
     <span class='ocr_line' id='line_1_4' title="bbox 194 308 1686 360; baseline 0.008 -21"><span class='ocrx_word' id='word_1_27' title='bbox 194 312 263 349; x_wconf 86' lang='lat' dir='ltr'><strong>esl,</strong></span> <span class='ocrx_word' id='word_1_28' title='bbox 293 317 365 351; x_wconf 89' lang='lat' dir='ltr'><strong>quo</strong></span> <span class='ocrx_word' id='word_1_29' title='bbox 390 308 604 351; x_wconf 86' lang='lat' dir='ltr'><strong>praecipitur</strong></span> <span class='ocrx_word' id='word_1_30' title='bbox 626 309 966 354; x_wconf 70' lang='grc' dir='ltr'>προεπιπλλήσσειν</span> <span class='ocrx_word' id='word_1_31' title='bbox 987 310 1037 360; x_wconf 81' lang='grc' dir='ltr'><strong>τῇ</strong></span> <span class='ocrx_word' id='word_1_32' title='bbox 1061 309 1247 360; x_wconf 71' lang='grc' dir='ltr'><strong>ὑπερβολῇ</strong></span> <span class='ocrx_word' id='word_1_33' title='bbox 1267 314 1303 359; x_wconf 82' lang='grc'><strong>8,</strong></span> <span class='ocrx_word' id='word_1_34' title='bbox 1329 317 1364 357; x_wconf 87' lang='grc'><strong>3,</strong></span> <span class='ocrx_word' id='word_1_35' title='bbox 1392 317 1457 358; x_wconf 62' lang='grc' dir='ltr'><strong>37,ι;</strong></span> <span class='ocrx_word' id='word_1_36' title='bbox 1480 314 1567 350; x_wconf 82' lang='lat' dir='ltr'><strong>illud</strong></span> <span class='ocrx_word' id='word_1_37' title='bbox 1595 318 1686 350; x_wconf 79' lang='lat' dir='ltr'><strong>stul-</strong></span> 
     </span>
     <span class='ocr_line' id='line_1_5' title="bbox 195 352 1684 405; baseline 0.008 -20"><span class='ocrx_word' id='word_1_38' title='bbox 195 352 328 386; x_wconf 75' lang='lat' dir='ltr'><strong>tissime</strong></span> <span class='ocrx_word' id='word_1_39' title='bbox 355 355 581 399; x_wconf 82' lang='lat' dir='ltr'><strong>praecipitur,</strong></span> <span class='ocrx_word' id='word_1_40' title='bbox 608 356 703 400; x_wconf 90' lang='lat' dir='ltr'><strong>quod</strong></span> <span class='ocrx_word' id='word_1_41' title='bbox 729 357 872 390; x_wconf 74' lang='lat' dir='ltr'><strong>defendi</strong></span> <span class='ocrx_word' id='word_1_42' title='bbox 901 368 972 391; x_wconf 87' lang='lat' dir='ltr'><strong>non</strong></span> <span class='ocrx_word' id='word_1_43' title='bbox 995 358 1128 402; x_wconf 84' lang='lat' dir='ltr'><strong>possit,</strong></span> <span class='ocrx_word' id='word_1_44' title='bbox 1161 358 1303 393; x_wconf 77' lang='lat' dir='ltr'><strong>silentio</strong></span> <span class='ocrx_word' id='word_1_45' title='bbox 1334 360 1625 396; x_wconf 80' lang='lat' dir='ltr'><strong>dissimulandum</strong></span> <span class='ocrx_word' id='word_1_46' title='bbox 1650 365 1684 405; x_wconf 89' lang='grc'><strong>5,</strong></span> 
     </span>
     <span class='ocr_line' id='line_1_6' title="bbox 196 400 1684 452; baseline 0.008 -21"><span class='ocrx_word' id='word_1_47' title='bbox 196 401 252 441; x_wconf 86' lang='grc'><strong>13,</strong></span> <span class='ocrx_word' id='word_1_48' title='bbox 277 401 309 434; x_wconf 88' lang='grc'><strong><em>9.</em></strong></span> <span class='ocrx_word' id='word_1_49' title='bbox 361 400 566 444; x_wconf 83' lang='lat' dir='ltr'><strong>praecipere</strong></span> <span class='ocrx_word' id='word_1_50' title='bbox 592 401 782 436; x_wconf 76' lang='lat' dir='ltr'><strong>variandas</strong></span> <span class='ocrx_word' id='word_1_51' title='bbox 805 403 935 449; x_wconf 80' lang='lat' dir='ltr'><strong>figuras</strong></span> <span class='ocrx_word' id='word_1_52' title='bbox 961 415 1040 438; x_wconf 82' lang='lat' dir='ltr'><strong>esse</strong></span> <span class='ocrx_word' id='word_1_53' title='bbox 1066 406 1102 445; x_wconf 85' lang='lat'><strong>9,</strong></span> <span class='ocrx_word' id='word_1_54' title='bbox 1129 407 1161 448; x_wconf 89' lang='grc'><strong>1,</strong></span> <span class='ocrx_word' id='word_1_55' title='bbox 1190 407 1247 439; x_wconf 89' lang='grc'><strong>11.</strong></span> <span class='ocrx_word' id='word_1_56' title='bbox 1274 404 1321 448; x_wconf 83' lang='lat' dir='ltr'><strong>cs.</strong></span> <span class='ocrx_word' id='word_1_57' title='bbox 1345 407 1380 449; x_wconf 88' lang='grc'><strong>9,</strong></span> <span class='ocrx_word' id='word_1_58' title='bbox 1412 409 1448 451; x_wconf 87' lang='grc'><strong>2,</strong></span> <span class='ocrx_word' id='word_1_59' title='bbox 1475 408 1533 443; x_wconf 87' lang='grc'><strong>95.</strong></span> <span class='ocrx_word' id='word_1_60' title='bbox 1567 411 1624 452; x_wconf 90' lang='grc'><strong>11,</strong></span> <span class='ocrx_word' id='word_1_61' title='bbox 1650 411 1684 451; x_wconf 83' lang='grc'><strong>3,</strong></span> 
     </span>
     <span class='ocr_line' id='line_1_7' title="bbox 193 446 1686 495; baseline 0.007 -17"><span class='ocrx_word' id='word_1_62' title='bbox 193 448 250 479; x_wconf 89' lang='grc'><strong>27.</strong></span> <span class='ocrx_word' id='word_1_63' title='bbox 283 451 380 478; x_wconf 86' lang='lat' dir='ltr'><strong>recte</strong></span> <span class='ocrx_word' id='word_1_64' title='bbox 407 446 533 481; x_wconf 85' lang='lat' dir='ltr'><strong>Graeci</strong></span> <span class='ocrx_word' id='word_1_65' title='bbox 558 448 799 491; x_wconf 78' lang='lat' dir='ltr'><strong>praecipiunt,</strong></span> <span class='ocrx_word' id='word_1_66' title='bbox 836 460 908 483; x_wconf 89' lang='lat' dir='ltr'><strong>non</strong></span> <span class='ocrx_word' id='word_1_67' title='bbox 946 451 1135 493; x_wconf 86' lang='lat' dir='ltr'><strong>tentanda,</strong></span> <span class='ocrx_word' id='word_1_68' title='bbox 1179 462 1271 495; x_wconf 85' lang='lat' dir='ltr'><strong>quae</strong></span> <span class='ocrx_word' id='word_1_69' title='bbox 1303 451 1398 486; x_wconf 87' lang='lat' dir='ltr'><strong>effici</strong></span> <span class='ocrx_word' id='word_1_70' title='bbox 1433 452 1577 488; x_wconf 90' lang='lat' dir='ltr'><strong>omnino</strong></span> <span class='ocrx_word' id='word_1_71' title='bbox 1612 465 1686 488; x_wconf 85' lang='lat' dir='ltr'><strong>non</strong></span> 
     </span>
     <span class='ocr_line' id='line_1_8' title="bbox 194 490 1686 544; baseline 0.006 -20"><span class='ocrx_word' id='word_1_72' title='bbox 194 497 341 534; x_wconf 81' lang='lat' dir='ltr'><strong>possunt</strong></span> <span class='ocrx_word' id='word_1_73' title='bbox 369 490 405 535; x_wconf 82' lang='lat'><strong>4,</strong></span> <span class='ocrx_word' id='word_1_74' title='bbox 439 494 472 534; x_wconf 86' lang='lat'><strong>5,</strong></span> <span class='ocrx_word' id='word_1_75' title='bbox 509 497 551 528; x_wconf 89' lang='lat'><strong>17</strong></span> <span class='ocrx_word' id='word_1_76' title='bbox 578 495 622 527; x_wconf 75' lang='lat' dir='ltr'><strong>N.</strong></span> <span class='ocrx_word' id='word_1_77' title='bbox 671 494 704 535; x_wconf 81' lang='grc' dir='ltr'><strong>ζ)</strong></span> <span class='ocrx_word' id='word_1_78' title='bbox 745 498 871 530; x_wconf 72' lang='lat' dir='ltr'><strong>Panic.</strong></span> <span class='ocrx_word' id='word_1_79' title='bbox 925 494 963 539; x_wconf 84' lang='lat' dir='ltr'><strong>a)</strong></span> <span class='ocrx_word' id='word_1_80' title='bbox 995 500 1136 531; x_wconf 81' lang='lat' dir='ltr'><strong>Praes.:</strong></span> <span class='ocrx_word' id='word_1_81' title='bbox 1180 496 1361 532; x_wconf 80' lang='lat' dir='ltr'><strong>diversum</strong></span> <span class='ocrx_word' id='word_1_82' title='bbox 1392 499 1686 544; x_wconf 74' lang='lat' dir='ltr'><strong>praecipientium</strong></span> 
     </span>
     <span class='ocr_line' id='line_1_9' title="bbox 195 537 1687 587; baseline 0.007 -18"><span class='ocrx_word' id='word_1_83' title='bbox 195 537 417 578; x_wconf 62' lang='lat' dir='ltr'><strong>propositum</strong></span> <span class='ocrx_word' id='word_1_84' title='bbox 443 542 477 580; x_wconf 82' lang='grc'><strong>2,</strong></span> <span class='ocrx_word' id='word_1_85' title='bbox 503 540 537 579; x_wconf 84' lang='grc'><strong>6,</strong></span> <span class='ocrx_word' id='word_1_86' title='bbox 564 543 581 573; x_wconf 83' lang='grc'><strong>1</strong></span> <span class='ocrx_word' id='word_1_87' title='bbox 645 540 713 581; x_wconf 76' lang='lat' dir='ltr'><strong>jam</strong></span> <span class='ocrx_word' id='word_1_88' title='bbox 738 550 851 582; x_wconf 80' lang='lat' dir='ltr'><strong>prope</strong></span> <span class='ocrx_word' id='word_1_89' title='bbox 879 548 1122 577; x_wconf 78' lang='lat' dir='ltr'><strong>consummata</strong></span> <span class='ocrx_word' id='word_1_90' title='bbox 1150 542 1260 577; x_wconf 80' lang='lat' dir='ltr'><strong>fuerit</strong></span> <span class='ocrx_word' id='word_1_91' title='bbox 1291 544 1543 586; x_wconf 80' lang='lat' dir='ltr'><strong>praecipientis</strong></span> <span class='ocrx_word' id='word_1_92' title='bbox 1577 555 1687 587; x_wconf 79' lang='lat' dir='ltr'><strong>opera</strong></span> 
     </span>
     <span class='ocr_line' id='line_1_10' title="bbox 195 583 1686 635; baseline 0.006 -20"><span class='ocrx_word' id='word_1_93' title='bbox 195 585 238 616; x_wconf 81' lang='lat' dir='ltr'><strong>ib.</strong></span> <span class='ocrx_word' id='word_1_94' title='bbox 264 584 297 616; x_wconf 79' lang='lat'><strong>6.</strong></span> <span class='ocrx_word' id='word_1_95' title='bbox 323 583 361 617; x_wconf 88' lang='lat' dir='ltr'><strong>in</strong></span> <span class='ocrx_word' id='word_1_96' title='bbox 384 595 533 619; x_wconf 86' lang='lat' dir='ltr'><strong>numero</strong></span> <span class='ocrx_word' id='word_1_97' title='bbox 556 586 849 627; x_wconf 76' lang='lat' dir='ltr'><strong>praecipientium</strong></span> <span class='ocrx_word' id='word_1_98' title='bbox 874 591 909 630; x_wconf 83' lang='lat'><strong>2,</strong></span> <span class='ocrx_word' id='word_1_99' title='bbox 937 591 972 632; x_wconf 89' lang='lat'><strong>3,</strong></span> <span class='ocrx_word' id='word_1_100' title='bbox 999 589 1032 623; x_wconf 87' lang='grc'><strong>5.</strong></span> <span class='ocrx_word' id='word_1_101' title='bbox 1059 599 1151 633; x_wconf 86' lang='lat' dir='ltr'><strong>quae</strong></span> <span class='ocrx_word' id='word_1_102' title='bbox 1168 600 1276 623; x_wconf 87' lang='lat' dir='ltr'><strong>causa</strong></span> <span class='ocrx_word' id='word_1_103' title='bbox 1298 596 1353 624; x_wconf 85' lang='lat' dir='ltr'><strong>est</strong></span> <span class='ocrx_word' id='word_1_104' title='bbox 1376 590 1686 635; x_wconf 75' lang='lat' dir='ltr'><strong>praecipientibus,</strong></span> 
     </span>
     <span class='ocr_line' id='line_1_11' title="bbox 194 633 1688 677; baseline 0.006 -15"><span class='ocrx_word' id='word_1_105' title='bbox 194 634 231 662; x_wconf 92' lang='lat' dir='ltr'><strong>ut</strong></span> <span class='ocrx_word' id='word_1_106' title='bbox 261 646 308 652; x_wconf 82' lang='lat'><em>-</em></span> <span class='ocrx_word' id='word_1_107' title='bbox 332 636 536 677; x_wconf 74' lang='lat' dir='ltr'><strong>retroagant</strong></span> <span class='ocrx_word' id='word_1_108' title='bbox 560 643 682 666; x_wconf 60' lang='lat' dir='ltr'><strong>riu-sus</strong></span> <span class='ocrx_word' id='word_1_109' title='bbox 710 633 874 674; x_wconf 74' lang='lat' dir='ltr'><strong>(literas)</strong></span> <span class='ocrx_word' id='word_1_110' title='bbox 903 637 935 675; x_wconf 85' lang='lat'><strong>1,</strong></span> <span class='ocrx_word' id='word_1_111' title='bbox 963 637 994 675; x_wconf 91' lang='grc'><strong>1,</strong></span> <span class='ocrx_word' id='word_1_112' title='bbox 1018 635 1076 669; x_wconf 87' lang='grc'><strong>25.</strong></span> <span class='ocrx_word' id='word_1_113' title='bbox 1122 641 1197 669; x_wconf 86' lang='lat' dir='ltr'><strong>tum</strong></span> <span class='ocrx_word' id='word_1_114' title='bbox 1219 636 1281 670; x_wconf 83' lang='lat' dir='ltr'><strong>vel</strong></span> <span class='ocrx_word' id='word_1_115' title='bbox 1312 636 1469 671; x_wconf 80' lang='lat' dir='ltr'><strong>maxime</strong></span> <span class='ocrx_word' id='word_1_116' title='bbox 1500 637 1688 671; x_wconf 75' lang='lat' dir='ltr'><strong>formanda</strong></span> 
     </span>
     <span class='ocr_line' id='line_1_12' title="bbox 193 673 1688 724; baseline 0.007 -17"><span class='ocrx_word' id='word_1_117' title='bbox 193 673 351 721; x_wconf 80' lang='lat' dir='ltr'><strong>(aetas),</strong></span> <span class='ocrx_word' id='word_1_118' title='bbox 379 688 459 710; x_wconf 89' lang='lat' dir='ltr'><strong>cum</strong></span> <span class='ocrx_word' id='word_1_119' title='bbox 483 677 651 712; x_wconf 75' lang='lat' dir='ltr'><strong>facillime</strong></span> <span class='ocrx_word' id='word_1_120' title='bbox 682 679 982 721; x_wconf 79' lang='lat' dir='ltr'><strong>praecipientibus</strong></span> <span class='ocrx_word' id='word_1_121' title='bbox 1018 680 1112 715; x_wconf 83' lang='lat' dir='ltr'><strong>cedit</strong></span> <span class='ocrx_word' id='word_1_122' title='bbox 1137 684 1179 723; x_wconf 87' lang='lat'><strong>1,</strong></span> <span class='ocrx_word' id='word_1_123' title='bbox 1213 683 1248 724; x_wconf 85' lang='grc'><strong>3,</strong></span> <span class='ocrx_word' id='word_1_124' title='bbox 1279 684 1333 716; x_wconf 91' lang='grc'><strong>12.</strong></span> <span class='ocrx_word' id='word_1_125' title='bbox 1382 683 1404 716; x_wconf 85' lang='lat' dir='ltr'><strong>b</strong></span> <span class='ocrx_word' id='word_1_126' title='bbox 1458 686 1536 717; x_wconf 72' lang='lat' dir='ltr'><strong>Fut.</strong></span> <span class='ocrx_word' id='word_1_127' title='bbox 1571 686 1688 718; x_wconf 56' lang='lat' dir='ltr'><strong>Pas-s..-</strong></span> 
     </span>
     <span class='ocr_line' id='line_1_13' title="bbox 194 719 1690 773; baseline 0.005 -19"><span class='ocrx_word' id='word_1_128' title='bbox 194 720 254 754; x_wconf 84' lang='lat' dir='ltr'><strong>alii</strong></span> <span class='ocrx_word' id='word_1_129' title='bbox 279 719 378 765; x_wconf 74' lang='lat' dir='ltr'><strong>(sunt</strong></span> <span class='ocrx_word' id='word_1_130' title='bbox 406 726 554 757; x_wconf 71' lang='lat' dir='ltr'><strong>Platonis</strong></span> <span class='ocrx_word' id='word_1_131' title='bbox 578 727 765 765; x_wconf 76' lang='lat' dir='ltr'><strong>sermones)</strong></span> <span class='ocrx_word' id='word_1_132' title='bbox 794 727 836 759; x_wconf 87' lang='lat' dir='ltr'><strong>ad</strong></span> <span class='ocrx_word' id='word_1_133' title='bbox 863 726 1276 769; x_wconf 72' lang='lat' dir='ltr'><strong>praecipiendum,</strong></span> <span class='ocrx_word' id='word_1_134' title='bbox 1313 727 1373 772; x_wconf 89' lang='lat' dir='ltr'><strong>qui</strong></span> <span class='ocrx_word' id='word_1_135' title='bbox 1427 731 1690 773; x_wconf 70' lang='grc' dir='ltr'><strong><em>ογματικοὶ</em></strong></span> 
     </span>
     <span class='ocr_line' id='line_1_14' title="bbox 192 769 1690 817; baseline 0.006 -18"><span class='ocrx_word' id='word_1_136' title='bbox 192 769 416 808; x_wconf 76' lang='lat' dir='ltr'><strong>appe·1antur</strong></span> <span class='ocrx_word' id='word_1_137' title='bbox 438 772 472 810; x_wconf 81' lang='lat'><strong>2,</strong></span> <span class='ocrx_word' id='word_1_138' title='bbox 504 771 556 811; x_wconf 85' lang='grc'><strong>15,</strong></span> <span class='ocrx_word' id='word_1_139' title='bbox 583 771 637 804; x_wconf 77' lang='grc'><strong>26.</strong></span> <span class='ocrx_word' id='word_1_140' title='bbox 664 771 905 814; x_wconf 74' lang='lat' dir='ltr'><strong>praecipiendi</strong></span> <span class='ocrx_word' id='word_1_141' title='bbox 928 784 1057 807; x_wconf 81' lang='lat' dir='ltr'><strong>munus</strong></span> <span class='ocrx_word' id='word_1_142' title='bbox 1083 775 1120 816; x_wconf 83' lang='lat'><strong>2,</strong></span> <span class='ocrx_word' id='word_1_143' title='bbox 1144 776 1201 817; x_wconf 87' lang='grc'><strong>12,</strong></span> <span class='ocrx_word' id='word_1_144' title='bbox 1231 775 1287 807; x_wconf 87' lang='grc'><strong>12.</strong></span> <span class='ocrx_word' id='word_1_145' title='bbox 1312 774 1501 816; x_wconf 86' lang='lat' dir='ltr'><strong>plurimum</strong></span> <span class='ocrx_word' id='word_1_146' title='bbox 1524 774 1561 808; x_wconf 87' lang='lat' dir='ltr'><strong>in</strong></span> <span class='ocrx_word' id='word_1_147' title='bbox 1587 784 1690 816; x_wconf 79' lang='lat' dir='ltr'><strong>prae-</strong></span> 
     </span>
     <span class='ocr_line' id='line_1_15' title="bbox 193 813 1227 860; baseline 0.009 -14"><span class='ocrx_word' id='word_1_148' title='bbox 193 813 359 854; x_wconf 77' lang='lat' dir='ltr'><strong>cipiendo</strong></span> <span class='ocrx_word' id='word_1_149' title='bbox 383 817 478 850; x_wconf 75' lang='lat' dir='ltr'><strong>valet</strong></span> <span class='ocrx_word' id='word_1_150' title='bbox 505 816 597 850; x_wconf 85' lang='lat' dir='ltr'><strong>ratio</strong></span> <span class='ocrx_word' id='word_1_151' title='bbox 622 819 655 859; x_wconf 82' lang='lat'><strong>2,</strong></span> <span class='ocrx_word' id='word_1_152' title='bbox 681 818 715 860; x_wconf 84' lang='lat'><strong>3,</strong></span> <span class='ocrx_word' id='word_1_153' title='bbox 739 819 775 852; x_wconf 79' lang='lat'><strong>6.</strong></span> <span class='ocrx_word' id='word_1_154' title='bbox 1222 829 1227 835; x_wconf 84' lang='lat'><strong>·</strong></span> 
     </span>
    </p>

    <p class='ocr_par' dir='ltr' id='par_1_3' title="bbox 146 854 1690 1050">
     <span class='ocr_line' id='line_1_16' title="bbox 146 854 1690 919; baseline 0.006 -19"><span class='ocrx_word' id='word_1_155' title='bbox 146 854 402 914; x_wconf 75' lang='lat' dir='ltr'><strong>praecipito.</strong></span> <span class='ocrx_word' id='word_1_156' title='bbox 442 873 474 916; x_wconf 91' lang='lat' dir='ltr'><strong>l)</strong></span> <span class='ocrx_word' id='word_1_157' title='bbox 500 883 523 915; x_wconf 92' lang='lat' dir='ltr'><strong>p</strong></span> <span class='ocrx_word' id='word_1_158' title='bbox 538 873 836 916; x_wconf 84' lang='lat' dir='ltr'><strong>raecipitata</strong></span> <span class='ocrx_word' id='word_1_159' title='bbox 860 880 955 908; x_wconf 80' lang='lat' dir='ltr'><strong>esset</strong></span> <span class='ocrx_word' id='word_1_160' title='bbox 978 875 1021 909; x_wconf 88' lang='lat' dir='ltr'><strong>ab</strong></span> <span class='ocrx_word' id='word_1_161' title='bbox 1046 886 1090 910; x_wconf 90' lang='lat' dir='ltr'><strong>eo</strong></span> <span class='ocrx_word' id='word_1_162' title='bbox 1113 885 1292 919; x_wconf 14' lang='lat' dir='ltr'><strong>uxor-„Van</strong></span> <span class='ocrx_word' id='word_1_163' title='bbox 1318 886 1358 910; x_wconf 85' lang='lat' dir='ltr'><strong>se</strong></span> <span class='ocrx_word' id='word_1_164' title='bbox 1375 875 1452 916; x_wconf 82' lang='lat' dir='ltr'><strong>ipsa</strong></span> <span class='ocrx_word' id='word_1_165' title='bbox 1475 886 1539 910; x_wconf 81' lang='lat' dir='ltr'><strong>sua</strong></span> <span class='ocrx_word' id='word_1_166' title='bbox 1562 880 1690 918; x_wconf 81' lang='lat' dir='ltr'><strong>sponte</strong></span> 
     </span>
     <span class='ocr_line' id='line_1_17' title="bbox 192 916 1688 964; baseline 0.005 -16"><span class='ocrx_word' id='word_1_167' title='bbox 192 916 365 959; x_wconf 78' lang='lat' dir='ltr'><strong>jecisset?</strong></span> <span class='ocrx_word' id='word_1_168' title='bbox 397 922 430 961; x_wconf 91' lang='lat'><strong>7,</strong></span> <span class='ocrx_word' id='word_1_169' title='bbox 456 923 490 962; x_wconf 71' lang='lat'><strong>⁴2,</strong></span> <span class='ocrx_word' id='word_1_170' title='bbox 514 921 572 958; x_wconf 83' lang='grc'><strong>24.</strong></span> <span class='ocrx_word' id='word_1_171' title='bbox 596 925 635 954; x_wconf 88' lang='lat' dir='ltr'><strong>ut</strong></span> <span class='ocrx_word' id='word_1_172' title='bbox 659 919 911 962; x_wconf 75' lang='lat' dir='ltr'><strong>praecipitetur</strong></span> <span class='ocrx_word' id='word_1_173' title='bbox 934 920 1067 955; x_wconf 81' lang='lat' dir='ltr'><strong>incesta</strong></span> <span class='ocrx_word' id='word_1_174' title='bbox 1091 925 1125 964; x_wconf 84' lang='lat'><strong>7,</strong></span> <span class='ocrx_word' id='word_1_175' title='bbox 1154 924 1186 963; x_wconf 88' lang='grc'><strong>8,</strong></span> <span class='ocrx_word' id='word_1_176' title='bbox 1209 922 1244 956; x_wconf 88' lang='grc'><strong>5.</strong></span> <span class='ocrx_word' id='word_1_177' title='bbox 1270 921 1498 964; x_wconf 78' lang='lat' dir='ltr'><strong>praecipitata</strong></span> <span class='ocrx_word' id='word_1_178' title='bbox 1521 923 1572 956; x_wconf 87' lang='lat' dir='ltr'><strong>de</strong></span> <span class='ocrx_word' id='word_1_179' title='bbox 1595 931 1688 956; x_wconf 77' lang='lat' dir='ltr'><strong>saxo</strong></span> 
     </span>
     <span class='ocr_line' id='line_1_18' title="bbox 192 963 1689 1043; baseline 0.005 -48"><span class='ocrx_word' id='word_1_180' title='bbox 192 964 236 1016; x_wconf 68' lang='lat' dir='ltr'><strong>ib:</strong></span> <span class='ocrx_word' id='word_1_181' title='bbox 267 965 300 997; x_wconf 85' lang='grc'><strong>3.</strong></span> <span class='ocrx_word' id='word_1_182' title='bbox 350 963 396 1043; x_wconf 56' lang='grc'><strong>111)</strong></span> <span class='ocrx_word' id='word_1_183' title='bbox 420 970 558 1001; x_wconf 53' lang='lat' dir='ltr'><strong>transm</strong></span> <span class='ocrx_word' id='word_1_184' title='bbox 590 978 636 1000; x_wconf 89' lang='lat' dir='ltr'><strong>ne</strong></span> <span class='ocrx_word' id='word_1_185' title='bbox 662 966 915 1009; x_wconf 84' lang='lat' dir='ltr'><strong>praecipitetur</strong></span> <span class='ocrx_word' id='word_1_186' title='bbox 938 967 1050 1002; x_wconf 86' lang='lat' dir='ltr'><strong>editio</strong></span> <span class='ocrx_word' id='word_1_187' title='bbox 1077 969 1142 1010; x_wconf 84' lang='lat' dir='ltr'><strong>Ep.</strong></span> <span class='ocrx_word' id='word_1_188' title='bbox 1171 968 1214 1003; x_wconf 82' lang='lat' dir='ltr'><strong>ad</strong></span> <span class='ocrx_word' id='word_1_189' title='bbox 1251 968 1391 1013; x_wconf 86' lang='lat' dir='ltr'><strong>Tryph.</strong></span> <span class='ocrx_word' id='word_1_190' title='bbox 1427 970 1462 1002; x_wconf 89' lang='grc'><strong>2.</strong></span> <span class='ocrx_word' id='word_1_191' title='bbox 1486 979 1522 1004; x_wconf 82' lang='lat' dir='ltr'><strong>v.</strong></span> <span class='ocrx_word' id='word_1_192' title='bbox 1556 969 1689 1002; x_wconf 79' lang='lat' dir='ltr'><strong>Prae-</strong></span> 
     </span>
     <span class='ocr_line' id='line_1_19' title="bbox 194 1018 381 1050; baseline 0.011 -9"><span class='ocrx_word' id='word_1_193' title='bbox 194 1018 328 1050; x_wconf 76' lang='lat' dir='ltr'><strong>cipio</strong></span> <span class='ocrx_word' id='word_1_194' title='bbox 374 1035 381 1043; x_wconf 95' lang='lat'><strong>.</strong></span> 
     </span>
    </p>

    <p class='ocr_par' dir='ltr' id='par_1_4' title="bbox 148 1051 1711 2397">
     <span class='ocr_line' id='line_1_20' title="bbox 148 1051 1688 1118; baseline 0.003 -18"><span class='ocrx_word' id='word_1_195' title='bbox 148 1051 392 1110; x_wconf 67' lang='lat' dir='ltr'><strong>Pl&#39;fleclpue·</strong></span> <span class='ocrx_word' id='word_1_196' title='bbox 419 1066 460 1110; x_wconf 89' lang='grc' dir='ltr'><strong>α)</strong></span> <span class='ocrx_word' id='word_1_197' title='bbox 482 1068 657 1103; x_wconf 77' lang='lat' dir='ltr'><strong>rationem</strong></span> <span class='ocrx_word' id='word_1_198' title='bbox 681 1074 835 1111; x_wconf 82' lang='lat' dir='ltr'><strong>praestat</strong></span> <span class='ocrx_word' id='word_1_199' title='bbox 861 1069 1120 1111; x_wconf 87' lang='lat' dir='ltr'><strong>praecipue</strong></span> <span class='ocrx_word' id='word_1_200' title='bbox 1145 1071 1332 1118; x_wconf 73' lang='lat' dir='ltr'><strong>analogia,</strong></span> <span class='ocrx_word' id='word_1_201' title='bbox 1360 1081 1688 1115; x_wconf 81' lang='lat' dir='ltr'><strong>nonnunquam</strong></span> 
     </span>
     <span class='ocr_line' id='line_1_21' title="bbox 191 1114 1688 1161; baseline 0.003 -16"><span class='ocrx_word' id='word_1_202' title='bbox 191 1117 227 1145; x_wconf 83' lang='lat' dir='ltr'><strong>et</strong></span> <span class='ocrx_word' id='word_1_203' title='bbox 253 1114 469 1157; x_wconf 68' lang='lat' dir='ltr'><strong>etymologia</strong></span> <span class='ocrx_word' id='word_1_204' title='bbox 500 1119 529 1157; x_wconf 89' lang='grc'><strong>1,</strong></span> <span class='ocrx_word' id='word_1_205' title='bbox 554 1116 587 1155; x_wconf 79' lang='lat' dir='ltr'><strong>G,</strong></span> <span class='ocrx_word' id='word_1_206' title='bbox 615 1119 645 1149; x_wconf 87' lang='lat'><strong>1.</strong></span> <span class='ocrx_word' id='word_1_207' title='bbox 676 1126 734 1157; x_wconf 84' lang='lat' dir='ltr'><strong>pr.</strong></span> <span class='ocrx_word' id='word_1_208' title='bbox 762 1115 903 1159; x_wconf 88' lang='lat' dir='ltr'><strong>quidem</strong></span> <span class='ocrx_word' id='word_1_209' title='bbox 929 1125 982 1157; x_wconf 86' lang='lat' dir='ltr'><strong>ap.</strong></span> <span class='ocrx_word' id='word_1_210' title='bbox 1011 1117 1235 1160; x_wconf 78' lang='lat' dir='ltr'><strong>Ciceronem,</strong></span> <span class='ocrx_word' id='word_1_211' title='bbox 1262 1119 1548 1161; x_wconf 74' lang='lat' dir='ltr'><strong>frequenter</strong></span> <span class='ocrx_word' id='word_1_212' title='bbox 1570 1122 1688 1150; x_wconf 77' lang='lat' dir='ltr'><strong>tamen</strong></span> 
     </span>
     <span class='ocr_line' id='line_1_22' title="bbox 191 1159 1688 1207; baseline 0.004 -17"><span class='ocrx_word' id='word_1_213' title='bbox 191 1167 249 1197; x_wconf 86' lang='lat' dir='ltr'><strong>ap.</strong></span> <span class='ocrx_word' id='word_1_214' title='bbox 280 1159 443 1193; x_wconf 77' lang='lat' dir='ltr'><strong>Asinium</strong></span> <span class='ocrx_word' id='word_1_215' title='bbox 471 1161 578 1195; x_wconf 71' lang='lat' dir='ltr'><strong>etiam</strong></span> <span class='ocrx_word' id='word_1_216' title='bbox 605 1166 637 1204; x_wconf 88' lang='lat'><strong>1,</strong></span> <span class='ocrx_word' id='word_1_217' title='bbox 665 1164 700 1204; x_wconf 83' lang='grc'><strong>8,</strong></span> <span class='ocrx_word' id='word_1_218' title='bbox 728 1165 780 1195; x_wconf 90' lang='grc'><strong>11.</strong></span> <span class='ocrx_word' id='word_1_219' title='bbox 811 1168 849 1194; x_wconf 89' lang='lat' dir='ltr'><strong>ut</strong></span> <span class='ocrx_word' id='word_1_220' title='bbox 875 1163 1024 1196; x_wconf 72' lang='lat' dir='ltr'><strong>fortasse</strong></span> <span class='ocrx_word' id='word_1_221' title='bbox 1049 1162 1244 1207; x_wconf 89' lang='lat' dir='ltr'><strong>ubique,</strong></span> <span class='ocrx_word' id='word_1_222' title='bbox 1279 1162 1317 1197; x_wconf 87' lang='lat' dir='ltr'><strong>in</strong></span> <span class='ocrx_word' id='word_1_223' title='bbox 1341 1162 1545 1197; x_wconf 85' lang='lat' dir='ltr'><strong>narratione</strong></span> <span class='ocrx_word' id='word_1_224' title='bbox 1569 1168 1688 1196; x_wconf 83' lang='lat' dir='ltr'><strong>tamen</strong></span> 
     </span>
     <span class='ocr_line' id='line_1_23' title="bbox 193 1204 1687 1253; baseline 0.003 -17"><span class='ocrx_word' id='word_1_225' title='bbox 193 1212 255 1243; x_wconf 90' lang='lat' dir='ltr'><strong>pr.</strong></span> <span class='ocrx_word' id='word_1_226' title='bbox 281 1204 315 1246; x_wconf 73' lang='lat'><strong>4,</strong></span> <span class='ocrx_word' id='word_1_227' title='bbox 345 1208 377 1245; x_wconf 79' lang='lat'><strong>2,</strong></span> <span class='ocrx_word' id='word_1_228' title='bbox 403 1205 460 1239; x_wconf 65' lang='lat'><strong>43.</strong></span> <span class='ocrx_word' id='word_1_229' title='bbox 510 1218 632 1241; x_wconf 75' lang='lat' dir='ltr'><strong>omnes</strong></span> <span class='ocrx_word' id='word_1_230' title='bbox 658 1208 760 1241; x_wconf 78' lang='lat' dir='ltr'><strong>sine</strong></span> <span class='ocrx_word' id='word_1_231' title='bbox 786 1207 929 1242; x_wconf 78' lang='lat' dir='ltr'><strong>dubio</strong></span> <span class='ocrx_word' id='word_1_232' title='bbox 958 1229 1003 1234; x_wconf 73' lang='lat'>—</span> <span class='ocrx_word' id='word_1_233' title='bbox 1031 1209 1155 1253; x_wconf 87' lang='lat' dir='ltr'><strong>epicos</strong></span> <span class='ocrx_word' id='word_1_234' title='bbox 1180 1215 1297 1242; x_wconf 82' lang='lat' dir='ltr'><strong>tamen</strong></span> <span class='ocrx_word' id='word_1_235' title='bbox 1325 1218 1389 1251; x_wconf 81' lang='lat' dir='ltr'><strong>pr.</strong></span> <span class='ocrx_word' id='word_1_236' title='bbox 1417 1211 1472 1251; x_wconf 87' lang='grc'><strong>10,</strong></span> <span class='ocrx_word' id='word_1_237' title='bbox 1497 1211 1531 1251; x_wconf 91' lang='grc'><strong>1,</strong></span> <span class='ocrx_word' id='word_1_238' title='bbox 1557 1209 1613 1242; x_wconf 88' lang='grc'><strong>51.</strong></span> <span class='ocrx_word' id='word_1_239' title='bbox 1641 1207 1687 1242; x_wconf 89' lang='lat' dir='ltr'><strong>in</strong></span> 
     </span>
     <span class='ocr_line' id='line_1_24' title="bbox 192 1250 1687 1301; baseline 0.004 -19"><span class='ocrx_word' id='word_1_240' title='bbox 192 1250 348 1289; x_wconf 81' lang='lat' dir='ltr'><strong>primis</strong></span> <span class='ocrx_word' id='word_1_241' title='bbox 375 1252 482 1298; x_wconf 74' lang='lat' dir='ltr'><strong>igitur</strong></span> <span class='ocrx_word' id='word_1_242' title='bbox 501 1254 615 1286; x_wconf 74' lang='lat' dir='ltr'><strong>omnis</strong></span> <span class='ocrx_word' id='word_1_243' title='bbox 630 1254 683 1287; x_wconf 83' lang='lat' dir='ltr'><strong>sui</strong></span> <span class='ocrx_word' id='word_1_244' title='bbox 703 1254 829 1288; x_wconf 77' lang='lat' dir='ltr'><strong>vitiosa</strong></span> <span class='ocrx_word' id='word_1_245' title='bbox 849 1254 991 1298; x_wconf 54' lang='lat' dir='ltr'><strong>jactatio</strong></span> <span class='ocrx_word' id='word_1_246' title='bbox 1013 1261 1079 1297; x_wconf 78' lang='lat' dir='ltr'><strong>est,</strong></span> <span class='ocrx_word' id='word_1_247' title='bbox 1106 1255 1331 1301; x_wconf 72' lang='lat' dir='ltr'><strong>eloquentiae</strong></span> <span class='ocrx_word' id='word_1_248' title='bbox 1352 1261 1467 1290; x_wconf 87' lang='lat' dir='ltr'><strong>tamen</strong></span> <span class='ocrx_word' id='word_1_249' title='bbox 1484 1253 1522 1288; x_wconf 87' lang='lat' dir='ltr'><strong>in</strong></span> <span class='ocrx_word' id='word_1_250' title='bbox 1545 1260 1687 1288; x_wconf 71' lang='lat' dir='ltr'><strong>oratore</strong></span> 
     </span>
     <span class='ocr_line' id='line_1_25' title="bbox 192 1300 1685 1344; baseline 0.004 -17"><span class='ocrx_word' id='word_1_251' title='bbox 192 1303 251 1335; x_wconf 82' lang='lat' dir='ltr'><strong>pr.</strong></span> <span class='ocrx_word' id='word_1_252' title='bbox 287 1301 337 1337; x_wconf 89' lang='grc'><strong>11,</strong></span> <span class='ocrx_word' id='word_1_253' title='bbox 369 1303 400 1338; x_wconf 84' lang='grc'><strong>1,</strong></span> <span class='ocrx_word' id='word_1_254' title='bbox 428 1301 480 1331; x_wconf 75' lang='grc'><strong>15.</strong></span> <span class='ocrx_word' id='word_1_255' title='bbox 529 1301 745 1333; x_wconf 72' lang='lat' dir='ltr'><strong>detrahenda</strong></span> <span class='ocrx_word' id='word_1_256' title='bbox 770 1302 829 1333; x_wconf 74' lang='lat' dir='ltr'><strong>vel</strong></span> <span class='ocrx_word' id='word_1_257' title='bbox 856 1301 1095 1334; x_wconf 84' lang='lat' dir='ltr'><strong>confirmanda</strong></span> <span class='ocrx_word' id='word_1_258' title='bbox 1132 1301 1274 1343; x_wconf 84' lang='lat' dir='ltr'><strong>opinio,</strong></span> <span class='ocrx_word' id='word_1_259' title='bbox 1313 1300 1342 1334; x_wconf 89' lang='lat' dir='ltr'><strong>si</strong></span> <span class='ocrx_word' id='word_1_260' title='bbox 1367 1312 1471 1344; x_wconf 83' lang='lat' dir='ltr'><strong>quam</strong></span> <span class='ocrx_word' id='word_1_261' title='bbox 1495 1309 1547 1341; x_wconf 87' lang='lat' dir='ltr'><strong>pr.</strong></span> <span class='ocrx_word' id='word_1_262' title='bbox 1577 1301 1685 1334; x_wconf 88' lang='lat' dir='ltr'><strong>domo</strong></span> 
     </span>
     <span class='ocr_line' id='line_1_26' title="bbox 188 1340 1687 1389; baseline 0.003 -15"><span class='ocrx_word' id='word_1_263' title='bbox 188 1340 370 1375; x_wconf 77' lang='lat' dir='ltr'><strong>videbitur</strong></span> <span class='ocrx_word' id='word_1_264' title='bbox 393 1344 503 1386; x_wconf 71' lang='lat' dir='ltr'><strong>judex</strong></span> <span class='ocrx_word' id='word_1_265' title='bbox 529 1345 686 1378; x_wconf 65' lang='lat' dir='ltr'><strong>attulisse</strong></span> <span class='ocrx_word' id='word_1_266' title='bbox 710 1346 746 1387; x_wconf 77' lang='lat'><strong>4,</strong></span> <span class='ocrx_word' id='word_1_267' title='bbox 776 1348 806 1386; x_wconf 88' lang='grc'><strong>1,</strong></span> <span class='ocrx_word' id='word_1_268' title='bbox 835 1348 881 1378; x_wconf 82' lang='grc'><strong>20</strong></span> <span class='ocrx_word' id='word_1_269' title='bbox 920 1347 964 1378; x_wconf 78' lang='grc' dir='ltr'><strong>Ν.</strong></span> <span class='ocrx_word' id='word_1_270' title='bbox 1014 1351 1052 1378; x_wconf 88' lang='lat' dir='ltr'><strong>ut</strong></span> <span class='ocrx_word' id='word_1_271' title='bbox 1086 1346 1241 1389; x_wconf 84' lang='lat' dir='ltr'><strong>quidque</strong></span> <span class='ocrx_word' id='word_1_272' title='bbox 1266 1356 1318 1386; x_wconf 69' lang='lat' dir='ltr'><strong>px·¹</strong></span> <span class='ocrx_word' id='word_1_273' title='bbox 1353 1345 1592 1380; x_wconf 84' lang='lat' dir='ltr'><strong>necessarium</strong></span> <span class='ocrx_word' id='word_1_274' title='bbox 1632 1350 1687 1378; x_wconf 73' lang='lat' dir='ltr'><strong>est</strong></span> 
     </span>
     <span class='ocr_line' id='line_1_27' title="bbox 192 1388 1683 1437; baseline 0.004 -18"><span class='ocrx_word' id='word_1_275' title='bbox 192 1389 247 1429; x_wconf 85' lang='lat'><strong>10,</strong></span> <span class='ocrx_word' id='word_1_276' title='bbox 274 1391 303 1427; x_wconf 80' lang='lat'><strong>1,</strong></span> <span class='ocrx_word' id='word_1_277' title='bbox 331 1390 362 1422; x_wconf 69' lang='lat'><strong>3.</strong></span> <span class='ocrx_word' id='word_1_278' title='bbox 412 1388 526 1431; x_wconf 68' lang='lat' dir='ltr'><strong>[inter</strong></span> <span class='ocrx_word' id='word_1_279' title='bbox 553 1399 604 1431; x_wconf 81' lang='lat' dir='ltr'><strong>pr.</strong></span> <span class='ocrx_word' id='word_1_280' title='bbox 632 1390 701 1432; x_wconf 87' lang='lat' dir='ltr'><strong>(Z.</strong></span> <span class='ocrx_word' id='word_1_281' title='bbox 733 1391 942 1432; x_wconf 35' lang='lat' dir='ltr'><strong>prag—nunna)</strong></span> <span class='ocrx_word' id='word_1_282' title='bbox 970 1392 1120 1437; x_wconf 77' lang='lat' dir='ltr'><strong>legenda</strong></span> <span class='ocrx_word' id='word_1_283' title='bbox 1149 1392 1215 1424; x_wconf 81' lang='lat' dir='ltr'><strong>erit</strong></span> <span class='ocrx_word' id='word_1_284' title='bbox 1239 1390 1458 1431; x_wconf 74' lang='lat' dir='ltr'><strong>(comoedia)</strong></span> <span class='ocrx_word' id='word_1_285' title='bbox 1483 1394 1516 1433; x_wconf 87' lang='grc'><strong>1,</strong></span> <span class='ocrx_word' id='word_1_286' title='bbox 1541 1392 1574 1431; x_wconf 88' lang='grc'><strong>8,</strong></span> <span class='ocrx_word' id='word_1_287' title='bbox 1598 1389 1683 1434; x_wconf 84' lang='grc'><strong><em>7.];</em></strong></span> 
     </span>
     <span class='ocr_line' id='line_1_28' title="bbox 191 1435 1683 1479; baseline 0.003 -14"><span class='ocrx_word' id='word_1_288' title='bbox 191 1443 276 1466; x_wconf 88' lang='lat' dir='ltr'><strong>non</strong></span> <span class='ocrx_word' id='word_1_289' title='bbox 303 1443 362 1475; x_wconf 91' lang='lat' dir='ltr'><strong>pr.</strong></span> <span class='ocrx_word' id='word_1_290' title='bbox 388 1435 481 1468; x_wconf 62' lang='lat' dir='ltr'><strong>acuit</strong></span> <span class='ocrx_word' id='word_1_291' title='bbox 506 1437 551 1468; x_wconf 81' lang='lat' dir='ltr'><strong>ad</strong></span> <span class='ocrx_word' id='word_1_292' title='bbox 577 1436 803 1476; x_wconf 78' lang='lat' dir='ltr'><strong>cupiditatem</strong></span> <span class='ocrx_word' id='word_1_293' title='bbox 832 1436 1010 1468; x_wconf 75' lang='lat' dir='ltr'><strong>literarum</strong></span> <span class='ocrx_word' id='word_1_294' title='bbox 1036 1447 1136 1469; x_wconf 79' lang='lat' dir='ltr'><strong>amor</strong></span> <span class='ocrx_word' id='word_1_295' title='bbox 1150 1436 1291 1470; x_wconf 76' lang='lat' dir='ltr'><strong>laudis?</strong></span> <span class='ocrx_word' id='word_1_296' title='bbox 1319 1439 1423 1479; x_wconf 87' lang='grc'><strong>12,1,</strong></span> <span class='ocrx_word' id='word_1_297' title='bbox 1439 1437 1473 1471; x_wconf 80' lang='lat'><strong>8.</strong></span> <span class='ocrx_word' id='word_1_298' title='bbox 1498 1436 1683 1470; x_wconf 74' lang='lat' dir='ltr'><strong>inventum</strong></span> 
     </span>
     <span class='ocr_line' id='line_1_29' title="bbox 176 1480 1685 1524; baseline 0.003 -15"><span class='ocrx_word' id='word_1_299' title='bbox 176 1487 245 1520; x_wconf 59' lang='grc' dir='ltr'><strong>ἰιι</strong></span> <span class='ocrx_word' id='word_1_300' title='bbox 278 1480 404 1520; x_wconf 76' lang='lat' dir='ltr'><strong>probet</strong></span> <span class='ocrx_word' id='word_1_301' title='bbox 431 1483 464 1522; x_wconf 86' lang='lat'><strong>5,</strong></span> <span class='ocrx_word' id='word_1_302' title='bbox 492 1485 546 1523; x_wconf 80' lang='grc'><strong>12,</strong></span> <span class='ocrx_word' id='word_1_303' title='bbox 575 1484 629 1515; x_wconf 82' lang='grc'><strong>22.</strong></span> <span class='ocrx_word' id='word_1_304' title='bbox 660 1483 728 1515; x_wconf 88' lang='lat' dir='ltr'><strong>hoc</strong></span> <span class='ocrx_word' id='word_1_305' title='bbox 754 1491 805 1523; x_wconf 79' lang='lat' dir='ltr'><strong>pr.</strong></span> <span class='ocrx_word' id='word_1_306' title='bbox 836 1481 989 1522; x_wconf 73' lang='lat' dir='ltr'><strong>positum</strong></span> <span class='ocrx_word' id='word_1_307' title='bbox 1014 1493 1091 1516; x_wconf 88' lang='lat' dir='ltr'><strong>esse</strong></span> <span class='ocrx_word' id='word_1_308' title='bbox 1117 1482 1155 1516; x_wconf 93' lang='lat' dir='ltr'><strong>in</strong></span> <span class='ocrx_word' id='word_1_309' title='bbox 1181 1488 1303 1516; x_wconf 83' lang='lat' dir='ltr'><strong>natura</strong></span> <span class='ocrx_word' id='word_1_310' title='bbox 1327 1483 1360 1522; x_wconf 84' lang='grc'><strong>6,</strong></span> <span class='ocrx_word' id='word_1_311' title='bbox 1383 1484 1417 1524; x_wconf 87' lang='grc'><strong>3,</strong></span> <span class='ocrx_word' id='word_1_312' title='bbox 1450 1485 1500 1515; x_wconf 90' lang='grc'><strong>11..</strong></span> <span class='ocrx_word' id='word_1_313' title='bbox 1527 1483 1685 1515; x_wconf 68' lang='lat' dir='ltr'><strong>solebam</strong></span> 
     </span>
     <span class='ocr_line' id='line_1_30' title="bbox 188 1526 1711 1573; baseline 0.001 -15"><span class='ocrx_word' id='word_1_314' title='bbox 188 1530 235 1558; x_wconf 82' lang='lat' dir='ltr'><strong>et</strong></span> <span class='ocrx_word' id='word_1_315' title='bbox 262 1526 332 1559; x_wconf 83' lang='lat' dir='ltr'><strong>hoc</strong></span> <span class='ocrx_word' id='word_1_316' title='bbox 358 1527 477 1560; x_wconf 77' lang='lat' dir='ltr'><strong>facere</strong></span> <span class='ocrx_word' id='word_1_317' title='bbox 503 1537 574 1568; x_wconf 82' lang='lat' dir='ltr'><strong>pr..</strong></span> <span class='ocrx_word' id='word_1_318' title='bbox 600 1533 639 1560; x_wconf 90' lang='lat' dir='ltr'><strong>ut</strong></span> <span class='ocrx_word' id='word_1_319' title='bbox 666 1535 724 1561; x_wconf 73' lang='lat' dir='ltr'><strong>elo.</strong></span> <span class='ocrx_word' id='word_1_320' title='bbox 751 1531 785 1569; x_wconf 87' lang='lat'><strong>7,</strong></span> <span class='ocrx_word' id='word_1_321' title='bbox 816 1533 847 1570; x_wconf 88' lang='grc'><strong>1,</strong></span> <span class='ocrx_word' id='word_1_322' title='bbox 873 1530 918 1561; x_wconf 81' lang='grc'><strong>23</strong></span> <span class='ocrx_word' id='word_1_323' title='bbox 948 1529 990 1562; x_wconf 75' lang='grc' dir='ltr'><strong>Ν.</strong></span> <span class='ocrx_word' id='word_1_324' title='bbox 1026 1538 1114 1573; x_wconf 90' lang='lat' dir='ltr'><strong>quo</strong></span> <span class='ocrx_word' id='word_1_325' title='bbox 1133 1546 1176 1551; x_wconf 91' lang='lat'><strong>—-</strong></span> <span class='ocrx_word' id='word_1_326' title='bbox 1203 1527 1374 1570; x_wconf 88' lang='lat' dir='ltr'><strong>eripuisse</strong></span> <span class='ocrx_word' id='word_1_327' title='bbox 1399 1537 1459 1569; x_wconf 86' lang='lat' dir='ltr'><strong>pr.</strong></span> <span class='ocrx_word' id='word_1_328' title='bbox 1482 1527 1625 1562; x_wconf 65' lang='lat' dir='ltr'><strong>videtur</strong></span> <span class='ocrx_word' id='word_1_329' title='bbox 1649 1531 1683 1571; x_wconf 65' lang='grc'><strong>11,</strong></span> <span class='ocrx_word' id='word_1_330' title='bbox 1707 1532 1711 1534; x_wconf 72' lang='grc'><em>’</em></span> 
     </span>
     <span class='ocr_line' id='line_1_31' title="bbox 192 1572 1683 1616; baseline 0.003 -13"><span class='ocrx_word' id='word_1_331' title='bbox 192 1574 224 1613; x_wconf 93' lang='grc'><strong>1,</strong></span> <span class='ocrx_word' id='word_1_332' title='bbox 253 1573 309 1605; x_wconf 75' lang='lat'><strong>33.</strong></span> <span class='ocrx_word' id='word_1_333' title='bbox 341 1584 361 1616; x_wconf 90' lang='lat' dir='ltr'><strong>q</strong></span> <span class='ocrx_word' id='word_1_334' title='bbox 374 1583 456 1606; x_wconf 81' lang='lat' dir='ltr'><strong>uae</strong></span> <span class='ocrx_word' id='word_1_335' title='bbox 484 1583 545 1614; x_wconf 87' lang='lat' dir='ltr'><strong>pr.</strong></span> <span class='ocrx_word' id='word_1_336' title='bbox 576 1573 764 1607; x_wconf 72' lang='lat' dir='ltr'><strong>scribenda</strong></span> <span class='ocrx_word' id='word_1_337' title='bbox 791 1573 859 1607; x_wconf 80' lang='lat' dir='ltr'><strong>sint</strong></span> <span class='ocrx_word' id='word_1_338' title='bbox 888 1576 940 1610; x_wconf 89' lang='lat'><strong>10.</strong></span> <span class='ocrx_word' id='word_1_339' title='bbox 967 1574 1001 1615; x_wconf 89' lang='grc'><strong>5,</strong></span> <span class='ocrx_word' id='word_1_340' title='bbox 1032 1577 1062 1607; x_wconf 91' lang='grc'><strong>1.</strong></span> <span class='ocrx_word' id='word_1_341' title='bbox 1089 1572 1206 1614; x_wconf 81' lang='lat' dir='ltr'><strong>0s.10.</strong></span> <span class='ocrx_word' id='word_1_342' title='bbox 1230 1578 1263 1616; x_wconf 91' lang='grc'><strong>1,</strong></span> <span class='ocrx_word' id='word_1_343' title='bbox 1288 1572 1345 1608; x_wconf 71' lang='grc'><strong>45.</strong></span> <span class='ocrx_word' id='word_1_344' title='bbox 1377 1575 1562 1615; x_wconf 31' lang='grc' dir='ltr'><strong>12,“,3,Ᾰ1;</strong></span> <span class='ocrx_word' id='word_1_345' title='bbox 1590 1575 1683 1616; x_wconf 68' lang='lat' dir='ltr'><strong>lites,</strong></span> 
     </span>
     <span class='ocr_line' id='line_1_32' title="bbox 190 1618 1684 1664; baseline 0.002 -14"><span class='ocrx_word' id='word_1_346' title='bbox 190 1625 250 1658; x_wconf 78' lang='lat' dir='ltr'><strong>pr.</strong></span> <span class='ocrx_word' id='word_1_347' title='bbox 279 1630 326 1651; x_wconf 71' lang='lat' dir='ltr'><strong>ex</strong></span> <span class='ocrx_word' id='word_1_348' title='bbox 353 1619 570 1652; x_wconf 71' lang='lat' dir='ltr'><strong>testamentis</strong></span> <span class='ocrx_word' id='word_1_349' title='bbox 599 1623 633 1662; x_wconf 82' lang='grc'><strong>’7,</strong></span> <span class='ocrx_word' id='word_1_350' title='bbox 655 1625 688 1661; x_wconf 76' lang='grc'><strong>9,</strong></span> <span class='ocrx_word' id='word_1_351' title='bbox 707 1623 746 1652; x_wconf 82' lang='grc'><strong>-2,</strong></span> <span class='ocrx_word' id='word_1_352' title='bbox 775 1618 819 1660; x_wconf 80' lang='lat' dir='ltr'><strong>cs.</strong></span> <span class='ocrx_word' id='word_1_353' title='bbox 847 1621 882 1661; x_wconf 72' lang='lat'><strong>9,</strong></span> <span class='ocrx_word' id='word_1_354' title='bbox 906 1620 939 1655; x_wconf 79' lang='lat'><strong>4.</strong></span> <span class='ocrx_word' id='word_1_355' title='bbox 963 1622 1020 1656; x_wconf 73' lang='lat'><strong>7⁸2.</strong></span> <span class='ocrx_word' id='word_1_356' title='bbox 1047 1622 1102 1661; x_wconf 87' lang='lat'><strong>11,</strong></span> <span class='ocrx_word' id='word_1_357' title='bbox 1131 1622 1163 1657; x_wconf 88' lang='lat'><strong>1.</strong></span> <span class='ocrx_word' id='word_1_358' title='bbox 1190 1618 1248 1653; x_wconf 75' lang='lat'><strong>84.</strong></span> <span class='ocrx_word' id='word_1_359' title='bbox 1276 1618 1334 1663; x_wconf 84' lang='lat' dir='ltr'><strong>(a.</strong></span> <span class='ocrx_word' id='word_1_360' title='bbox 1361 1623 1382 1653; x_wconf 89' lang='lat'><strong>1.</strong></span> <span class='ocrx_word' id='word_1_361' title='bbox 1408 1618 1684 1664; x_wconf 77' lang='lat' dir='ltr'><strong>praecipueque)</strong></span> 
     </span>
     <span class='ocr_line' id='line_1_33' title="bbox 192 1664 1684 1709; baseline 0.003 -12"><span class='ocrx_word' id='word_1_362' title='bbox 192 1665 247 1706; x_wconf 94' lang='grc'><strong>10,</strong></span> <span class='ocrx_word' id='word_1_363' title='bbox 277 1667 308 1705; x_wconf 87' lang='grc'><strong>1,</strong></span> <span class='ocrx_word' id='word_1_364' title='bbox 335 1669 390 1697; x_wconf 72' lang='grc'><strong>21).</strong></span> <span class='ocrx_word' id='word_1_365' title='bbox 421 1665 566 1699; x_wconf 76' lang='lat' dir='ltr'><strong>affectus</strong></span> <span class='ocrx_word' id='word_1_366' title='bbox 591 1666 756 1709; x_wconf 83' lang='lat' dir='ltr'><strong>quidem,</strong></span> <span class='ocrx_word' id='word_1_367' title='bbox 790 1675 841 1706; x_wconf 89' lang='lat' dir='ltr'><strong>pr.</strong></span> <span class='ocrx_word' id='word_1_368' title='bbox 867 1676 951 1704; x_wconf 84' lang='lat' dir='ltr'><strong>eos,</strong></span> <span class='ocrx_word' id='word_1_369' title='bbox 986 1664 1046 1709; x_wconf 88' lang='lat' dir='ltr'><strong>qui</strong></span> <span class='ocrx_word' id='word_1_370' title='bbox 1074 1671 1155 1699; x_wconf 88' lang='lat' dir='ltr'><strong>sunt</strong></span> <span class='ocrx_word' id='word_1_371' title='bbox 1181 1664 1358 1699; x_wconf 78' lang='lat' dir='ltr'><strong>dulciores</strong></span> <span class='ocrx_word' id='word_1_372' title='bbox 1389 1668 1447 1708; x_wconf 87' lang='grc'><strong>10,</strong></span> <span class='ocrx_word' id='word_1_373' title='bbox 1475 1668 1508 1708; x_wconf 90' lang='grc'><strong>1,</strong></span> <span class='ocrx_word' id='word_1_374' title='bbox 1535 1668 1611 1700; x_wconf 85' lang='grc'><strong>101.</strong></span> <span class='ocrx_word' id='word_1_375' title='bbox 1639 1665 1684 1706; x_wconf 63' lang='lat' dir='ltr'><strong>‹ts-</strong></span> 
     </span>
     <span class='ocr_line' id='line_1_34' title="bbox 189 1710 1684 1758; baseline 0.003 -16"><span class='ocrx_word' id='word_1_376' title='bbox 189 1712 245 1752; x_wconf 87' lang='grc'><strong>11,</strong></span> <span class='ocrx_word' id='word_1_377' title='bbox 275 1713 307 1752; x_wconf 93' lang='grc'><strong>1,</strong></span> <span class='ocrx_word' id='word_1_378' title='bbox 332 1711 388 1745; x_wconf 74' lang='grc'><strong>49.</strong></span> <span class='ocrx_word' id='word_1_379' title='bbox 439 1711 679 1745; x_wconf 75' lang='lat' dir='ltr'><strong>admirabilem</strong></span> <span class='ocrx_word' id='word_1_380' title='bbox 707 1721 760 1752; x_wconf 90' lang='lat' dir='ltr'><strong>pr.</strong></span> <span class='ocrx_word' id='word_1_381' title='bbox 787 1711 823 1744; x_wconf 87' lang='lat' dir='ltr'><strong>in</strong></span> <span class='ocrx_word' id='word_1_382' title='bbox 851 1716 965 1745; x_wconf 77' lang='lat' dir='ltr'><strong>aetate</strong></span> <span class='ocrx_word' id='word_1_383' title='bbox 991 1711 1053 1744; x_wconf 83' lang='lat' dir='ltr'><strong>illa</strong></span> <span class='ocrx_word' id='word_1_384' title='bbox 1080 1710 1168 1745; x_wconf 78' lang='lat' dir='ltr'><strong>recti</strong></span> <span class='ocrx_word' id='word_1_385' title='bbox 1203 1711 1345 1758; x_wconf 80' lang='lat' dir='ltr'><strong>generis</strong></span> <span class='ocrx_word' id='word_1_386' title='bbox 1377 1711 1598 1750; x_wconf 71' lang='lat' dir='ltr'><strong>voluntalem</strong></span> <span class='ocrx_word' id='word_1_387' title='bbox 1627 1714 1684 1756; x_wconf 74' lang='grc'><strong>10,</strong></span> 
     </span>
     <span class='ocr_line' id='line_1_35' title="bbox 190 1756 1683 1800; baseline 0.001 -12"><span class='ocrx_word' id='word_1_388' title='bbox 190 1761 222 1797; x_wconf 92' lang='grc'><strong>1,</strong></span> <span class='ocrx_word' id='word_1_389' title='bbox 247 1757 304 1790; x_wconf 89' lang='grc'><strong>89.</strong></span> <span class='ocrx_word' id='word_1_390' title='bbox 354 1757 537 1797; x_wconf 81' lang='lat' dir='ltr'><strong>proximas</strong></span> <span class='ocrx_word' id='word_1_391' title='bbox 563 1759 729 1799; x_wconf 72' lang='lat' dir='ltr'><strong>exemplo</strong></span> <span class='ocrx_word' id='word_1_392' title='bbox 759 1757 854 1791; x_wconf 80' lang='lat' dir='ltr'><strong>vires</strong></span> <span class='ocrx_word' id='word_1_393' title='bbox 878 1758 986 1791; x_wconf 80' lang='lat' dir='ltr'><strong>habet</strong></span> <span class='ocrx_word' id='word_1_394' title='bbox 1011 1756 1217 1800; x_wconf 83' lang='lat' dir='ltr'><strong>similitudo,</strong></span> <span class='ocrx_word' id='word_1_395' title='bbox 1251 1766 1305 1798; x_wconf 83' lang='lat' dir='ltr'><strong>pr.</strong></span> <span class='ocrx_word' id='word_1_396' title='bbox 1330 1758 1389 1800; x_wconf 84' lang='grc' dir='ltr'><strong>(α.</strong></span> <span class='ocrx_word' id='word_1_397' title='bbox 1414 1762 1436 1790; x_wconf 87' lang='lat' dir='ltr'><strong>l.</strong></span> <span class='ocrx_word' id='word_1_398' title='bbox 1465 1756 1683 1800; x_wconf 82' lang='lat' dir='ltr'><strong>praesertim,</strong></span> 
     </span>
     <span class='ocr_line' id='line_1_36' title="bbox 187 1802 1684 1848; baseline 0.001 -14"><span class='ocrx_word' id='word_1_399' title='bbox 187 1804 233 1834; x_wconf 81' lang='lat' dir='ltr'><strong>al.</strong></span> <span class='ocrx_word' id='word_1_400' title='bbox 269 1803 555 1848; x_wconf 82' lang='lat' dir='ltr'><strong>praecipueque)</strong></span> <span class='ocrx_word' id='word_1_401' title='bbox 589 1804 670 1845; x_wconf 82' lang='lat' dir='ltr'><strong>illa,</strong></span> <span class='ocrx_word' id='word_1_402' title='bbox 719 1815 810 1847; x_wconf 83' lang='lat' dir='ltr'><strong>quae</strong></span> <span class='ocrx_word' id='word_1_403' title='bbox 851 1811 910 1835; x_wconf 73' lang='lat' dir='ltr'><strong>erc.</strong></span> <span class='ocrx_word' id='word_1_404' title='bbox 947 1805 980 1845; x_wconf 87' lang='lat'><strong>5,</strong></span> <span class='ocrx_word' id='word_1_405' title='bbox 1020 1806 1076 1846; x_wconf 87' lang='lat'><strong>11,</strong></span> <span class='ocrx_word' id='word_1_406' title='bbox 1109 1806 1165 1836; x_wconf 86' lang='grc'><strong>22.</strong></span> <span class='ocrx_word' id='word_1_407' title='bbox 1215 1802 1310 1847; x_wconf 80' lang='lat' dir='ltr'><strong>[Sed</strong></span> <span class='ocrx_word' id='word_1_408' title='bbox 1349 1813 1684 1847; x_wconf 87' lang='lat' dir='ltr'><strong>nonnunquam</strong></span> 
     </span>
     <span class='ocr_line' id='line_1_37' title="bbox 189 1847 1682 1892; baseline 0 -10"><span class='ocrx_word' id='word_1_409' title='bbox 189 1848 294 1882; x_wconf 79' lang='lat' dir='ltr'><strong>valde</strong></span> <span class='ocrx_word' id='word_1_410' title='bbox 321 1849 417 1882; x_wconf 88' lang='lat' dir='ltr'><strong>utilis</strong></span> <span class='ocrx_word' id='word_1_411' title='bbox 444 1856 515 1890; x_wconf 81' lang='lat' dir='ltr'><strong>est,</strong></span> <span class='ocrx_word' id='word_1_412' title='bbox 555 1859 605 1891; x_wconf 89' lang='lat' dir='ltr'><strong>pr.</strong></span> <span class='ocrx_word' id='word_1_413' title='bbox 632 1849 707 1882; x_wconf 78' lang='lat' dir='ltr'><strong>ubi</strong></span> <span class='ocrx_word' id='word_1_414' title='bbox 733 1861 791 1883; x_wconf 72' lang='lat' dir='ltr'><strong>res</strong></span> <span class='ocrx_word' id='word_1_415' title='bbox 817 1849 959 1882; x_wconf 73' lang='lat' dir='ltr'><strong>defendi</strong></span> <span class='ocrx_word' id='word_1_416' title='bbox 986 1859 1057 1882; x_wconf 89' lang='lat' dir='ltr'><strong>non</strong></span> <span class='ocrx_word' id='word_1_417' title='bbox 1082 1854 1198 1890; x_wconf 75' lang='lat' dir='ltr'><strong>potest</strong></span> <span class='ocrx_word' id='word_1_418' title='bbox 1234 1847 1269 1890; x_wconf 73' lang='lat'><strong>4,</strong></span> <span class='ocrx_word' id='word_1_419' title='bbox 1305 1848 1340 1888; x_wconf 83' lang='grc'><strong>4,</strong></span> <span class='ocrx_word' id='word_1_420' title='bbox 1370 1851 1390 1881; x_wconf 79' lang='grc'>3</span> <span class='ocrx_word' id='word_1_421' title='bbox 1409 1851 1463 1882; x_wconf 60' lang='lat'><strong>⁴3⁷.</strong></span> <span class='ocrx_word' id='word_1_422' title='bbox 1490 1861 1536 1882; x_wconf 78' lang='lat' dir='ltr'><strong>cr.</strong></span> <span class='ocrx_word' id='word_1_423' title='bbox 1563 1856 1594 1881; x_wconf 80' lang='lat' dir='ltr'><strong>et</strong></span> <span class='ocrx_word' id='word_1_424' title='bbox 1620 1847 1682 1892; x_wconf 84' lang='lat'><strong>.§.]</strong></span> 
     </span>
     <span class='ocr_line' id='line_1_38' title="bbox 189 1893 1682 1941; baseline 0.001 -15"><span class='ocrx_word' id='word_1_425' title='bbox 189 1893 251 1926; x_wconf 80' lang='lat' dir='ltr'><strong>Est</strong></span> <span class='ocrx_word' id='word_1_426' title='bbox 276 1899 311 1927; x_wconf 89' lang='lat' dir='ltr'><strong>et</strong></span> <span class='ocrx_word' id='word_1_427' title='bbox 338 1895 398 1929; x_wconf 85' lang='lat' dir='ltr'><strong>ille</strong></span> <span class='ocrx_word' id='word_1_428' title='bbox 428 1894 466 1928; x_wconf 89' lang='lat' dir='ltr'><strong>in</strong></span> <span class='ocrx_word' id='word_1_429' title='bbox 492 1898 559 1929; x_wconf 87' lang='lat' dir='ltr'><strong>hoc</strong></span> <span class='ocrx_word' id='word_1_430' title='bbox 585 1907 717 1941; x_wconf 75' lang='lat' dir='ltr'><strong>genere</strong></span> <span class='ocrx_word' id='word_1_431' title='bbox 743 1896 977 1939; x_wconf 72' lang='lat' dir='ltr'><strong>frequens</strong></span> <span class='ocrx_word' id='word_1_432' title='bbox 1004 1905 1117 1937; x_wconf 84' lang='lat' dir='ltr'><strong>error,</strong></span> <span class='ocrx_word' id='word_1_433' title='bbox 1153 1913 1195 1918; x_wconf 91' lang='lat'><strong>—</strong></span> <span class='ocrx_word' id='word_1_434' title='bbox 1229 1903 1295 1936; x_wconf 85' lang='lat' dir='ltr'><strong>pr.</strong></span> <span class='ocrx_word' id='word_1_435' title='bbox 1329 1905 1424 1928; x_wconf 86' lang='lat' dir='ltr'><strong>cum</strong></span> <span class='ocrx_word' id='word_1_436' title='bbox 1458 1894 1494 1927; x_wconf 85' lang='lat' dir='ltr'><strong>in</strong></span> <span class='ocrx_word' id='word_1_437' title='bbox 1528 1894 1682 1928; x_wconf 71' lang='lat' dir='ltr'><strong>themate</strong></span> 
     </span>
     <span class='ocr_line' id='line_1_39' title="bbox 186 1939 1683 1984; baseline 0.001 -12"><span class='ocrx_word' id='word_1_438' title='bbox 186 1945 241 1973; x_wconf 76' lang='lat' dir='ltr'><strong>est</strong></span> <span class='ocrx_word' id='word_1_439' title='bbox 268 1948 328 1973; x_wconf 78' lang='lat' dir='ltr'><strong>etc.</strong></span> <span class='ocrx_word' id='word_1_440' title='bbox 356 1944 391 1983; x_wconf 79' lang='grc'><strong>9,</strong></span> <span class='ocrx_word' id='word_1_441' title='bbox 416 1946 449 1981; x_wconf 87' lang='grc'><strong>2,</strong></span> <span class='ocrx_word' id='word_1_442' title='bbox 474 1943 531 1976; x_wconf 75' lang='lat'><strong>85.</strong></span> <span class='ocrx_word' id='word_1_443' title='bbox 580 1942 776 1975; x_wconf 80' lang='lat' dir='ltr'><strong>Intuendae</strong></span> <span class='ocrx_word' id='word_1_444' title='bbox 811 1947 911 1983; x_wconf 84' lang='lat' dir='ltr'><strong>sunt,</strong></span> <span class='ocrx_word' id='word_1_445' title='bbox 960 1950 1010 1981; x_wconf 90' lang='lat' dir='ltr'><strong>pr.</strong></span> <span class='ocrx_word' id='word_1_446' title='bbox 1047 1942 1149 1984; x_wconf 76' lang='lat' dir='ltr'><strong>(opti.</strong></span> <span class='ocrx_word' id='word_1_447' title='bbox 1191 1942 1294 1975; x_wconf 78' lang='lat' dir='ltr'><strong>Codd.</strong></span> <span class='ocrx_word' id='word_1_448' title='bbox 1333 1939 1617 1984; x_wconf 73' lang='lat' dir='ltr'><strong>praecipueque)</strong></span> <span class='ocrx_word' id='word_1_449' title='bbox 1646 1941 1683 1973; x_wconf 79' lang='lat' dir='ltr'><strong>iu</strong></span> 
     </span>
     <span class='ocr_line' id='line_1_40' title="bbox 186 1986 1680 2030; baseline 0.002 -12"><span class='ocrx_word' id='word_1_450' title='bbox 186 1986 424 2030; x_wconf 78' lang='lat' dir='ltr'><strong>conjecturis,</strong></span> <span class='ocrx_word' id='word_1_451' title='bbox 463 1994 498 2021; x_wconf 84' lang='lat' dir='ltr'><strong>et</strong></span> <span class='ocrx_word' id='word_1_452' title='bbox 525 1989 708 2020; x_wconf 74' lang='lat' dir='ltr'><strong>facultates</strong></span> <span class='ocrx_word' id='word_1_453' title='bbox 734 1990 767 2027; x_wconf 83' lang='grc'><strong>5,</strong></span> <span class='ocrx_word' id='word_1_454' title='bbox 795 1990 848 2030; x_wconf 90' lang='grc'><strong>10,</strong></span> <span class='ocrx_word' id='word_1_455' title='bbox 874 1987 919 2020; x_wconf 68' lang='lat'><strong>49</strong></span> <span class='ocrx_word' id='word_1_456' title='bbox 947 1988 991 2020; x_wconf 77' lang='lat' dir='ltr'><strong>N.</strong></span> <span class='ocrx_word' id='word_1_457' title='bbox 1020 2000 1068 2020; x_wconf 86' lang='lat' dir='ltr'><strong>cr·</strong></span> <span class='ocrx_word' id='word_1_458' title='bbox 1101 1994 1130 2020; x_wconf 82' lang='lat' dir='ltr'><strong>et</strong></span> <span class='ocrx_word' id='word_1_459' title='bbox 1157 1989 1192 2019; x_wconf 77' lang='lat' dir='ltr'><strong>S.</strong></span> <span class='ocrx_word' id='word_1_460' title='bbox 1242 1986 1284 2029; x_wconf 76' lang='grc' dir='ltr'><strong>β)</strong></span> <span class='ocrx_word' id='word_1_461' title='bbox 1322 1986 1391 2027; x_wconf 78' lang='lat' dir='ltr'><strong>adj.</strong></span> <span class='ocrx_word' id='word_1_462' title='bbox 1427 1986 1680 2028; x_wconf 56' lang='lat' dir='ltr'><strong>eonjuncnvme:</strong></span> 
     </span>
     <span class='ocr_line' id='line_1_41' title="bbox 186 2031 1681 2077; baseline 0 -12"><span class='ocrx_word' id='word_1_463' title='bbox 186 2033 549 2077; x_wconf 84' lang='lat' dir='ltr'><strong>praecipueque</strong></span> <span class='ocrx_word' id='word_1_464' title='bbox 578 2045 624 2067; x_wconf 80' lang='lat' dir='ltr'><strong>ex</strong></span> <span class='ocrx_word' id='word_1_465' title='bbox 650 2033 704 2067; x_wconf 83' lang='lat' dir='ltr'><strong>his</strong></span> <span class='ocrx_word' id='word_1_466' title='bbox 729 2033 843 2066; x_wconf 83' lang='lat' dir='ltr'><strong>oritur</strong></span> <span class='ocrx_word' id='word_1_467' title='bbox 865 2031 1059 2066; x_wconf 82' lang='lat' dir='ltr'><strong>sublimitas</strong></span> <span class='ocrx_word' id='word_1_468' title='bbox 1083 2033 1115 2069; x_wconf 74' lang='lat'><strong>8¹</strong></span> <span class='ocrx_word' id='word_1_469' title='bbox 1146 2033 1180 2072; x_wconf 73' lang='grc' dir='ltr'><strong>(ἰ,</strong></span> <span class='ocrx_word' id='word_1_470' title='bbox 1205 2034 1258 2065; x_wconf 85' lang='grc'><strong>11.</strong></span> <span class='ocrx_word' id='word_1_471' title='bbox 1285 2031 1512 2065; x_wconf 80' lang='lat' dir='ltr'><strong>inferioribus</strong></span> <span class='ocrx_word' id='word_1_472' title='bbox 1545 2040 1681 2072; x_wconf 77' lang='lat' dir='ltr'><strong>prae-</strong></span> 
     </span>
     <span class='ocr_line' id='line_1_42' title="bbox 188 2077 1681 2122; baseline 0 -12"><span class='ocrx_word' id='word_1_473' title='bbox 188 2077 415 2122; x_wconf 86' lang='lat' dir='ltr'><strong>cipueque</strong></span> <span class='ocrx_word' id='word_1_474' title='bbox 447 2079 722 2113; x_wconf 74' lang='lat' dir='ltr'><strong>adolescentulis</strong></span> <span class='ocrx_word' id='word_1_475' title='bbox 750 2089 897 2120; x_wconf 80' lang='lat' dir='ltr'><strong>parcere</strong></span> <span class='ocrx_word' id='word_1_476' title='bbox 923 2079 1024 2112; x_wconf 81' lang='lat' dir='ltr'><strong>decet</strong></span> <span class='ocrx_word' id='word_1_477' title='bbox 1054 2080 1109 2119; x_wconf 85' lang='lat'><strong>11,</strong></span> <span class='ocrx_word' id='word_1_478' title='bbox 1139 2081 1171 2120; x_wconf 91' lang='lat'><strong>1,</strong></span> <span class='ocrx_word' id='word_1_479' title='bbox 1199 2078 1256 2111; x_wconf 69' lang='lat'><strong>(53.</strong></span> <span class='ocrx_word' id='word_1_480' title='bbox 1299 2077 1344 2119; x_wconf 84' lang='lat' dir='ltr'><strong>cs.</strong></span> <span class='ocrx_word' id='word_1_481' title='bbox 1379 2080 1413 2118; x_wconf 86' lang='grc'><strong>2,</strong></span> <span class='ocrx_word' id='word_1_482' title='bbox 1445 2080 1480 2119; x_wconf 80' lang='grc'><strong>2,</strong></span> <span class='ocrx_word' id='word_1_483' title='bbox 1511 2078 1545 2112; x_wconf 88' lang='grc'><strong>8.</strong></span> <span class='ocrx_word' id='word_1_484' title='bbox 1578 2077 1613 2120; x_wconf 78' lang='grc'><strong>4,</strong></span> <span class='ocrx_word' id='word_1_485' title='bbox 1646 2078 1681 2120; x_wconf 68' lang='lat'><strong>5,</strong></span> 
     </span>
     <span class='ocr_line' id='line_1_43' title="bbox 187 2122 1681 2168; baseline -0.001 -11"><span class='ocrx_word' id='word_1_486' title='bbox 187 2125 242 2158; x_wconf 78' lang='lat'><strong>18.</strong></span> <span class='ocrx_word' id='word_1_487' title='bbox 269 2126 302 2165; x_wconf 92' lang='lat'><strong>5,</strong></span> <span class='ocrx_word' id='word_1_488' title='bbox 332 2128 384 2166; x_wconf 81' lang='grc'><strong>10,</strong></span> <span class='ocrx_word' id='word_1_489' title='bbox 413 2125 470 2159; x_wconf 73' lang='grc'><strong>49,</strong></span> <span class='ocrx_word' id='word_1_490' title='bbox 500 2130 535 2168; x_wconf 67' lang='grc' dir='ltr'><strong>ὅ,</strong></span> <span class='ocrx_word' id='word_1_491' title='bbox 565 2127 598 2168; x_wconf 85' lang='grc'><strong>5,</strong></span> <span class='ocrx_word' id='word_1_492' title='bbox 628 2129 661 2158; x_wconf 84' lang='grc'><strong>2.</strong></span> <span class='ocrx_word' id='word_1_493' title='bbox 691 2127 746 2167; x_wconf 91' lang='grc'><strong>10,</strong></span> <span class='ocrx_word' id='word_1_494' title='bbox 774 2130 804 2167; x_wconf 89' lang='grc'><strong>1,</strong></span> <span class='ocrx_word' id='word_1_495' title='bbox 831 2127 887 2159; x_wconf 87' lang='grc'><strong>27.</strong></span> <span class='ocrx_word' id='word_1_496' title='bbox 923 2127 978 2167; x_wconf 83' lang='grc'><strong>12,</strong></span> <span class='ocrx_word' id='word_1_497' title='bbox 1012 2127 1068 2166; x_wconf 91' lang='grc'><strong>10,</strong></span> <span class='ocrx_word' id='word_1_498' title='bbox 1103 2123 1159 2156; x_wconf 75' lang='grc'><strong>48.</strong></span> <span class='ocrx_word' id='word_1_499' title='bbox 1195 2122 1255 2166; x_wconf 85' lang='grc' dir='ltr'><strong>(α.</strong></span> <span class='ocrx_word' id='word_1_500' title='bbox 1281 2127 1302 2157; x_wconf 82' lang='grc' dir='ltr'><strong>Ι.</strong></span> <span class='ocrx_word' id='word_1_501' title='bbox 1339 2123 1547 2166; x_wconf 77' lang='lat' dir='ltr'><strong>praecipue)</strong></span> <span class='ocrx_word' id='word_1_502' title='bbox 1577 2126 1613 2165; x_wconf 88' lang='grc'><strong>9,</strong></span> <span class='ocrx_word' id='word_1_503' title='bbox 1647 2124 1681 2166; x_wconf 80' lang='lat'><strong>4,</strong></span> 
     </span>
     <span class='ocr_line' id='line_1_44' title="bbox 184 2167 1680 2216; baseline 0.001 -15"><span class='ocrx_word' id='word_1_504' title='bbox 184 2170 240 2203; x_wconf 81' lang='lat'><strong>35.</strong></span> <span class='ocrx_word' id='word_1_505' title='bbox 269 2177 507 2205; x_wconf 84' lang='lat' dir='ltr'><strong>consonantes</strong></span> <span class='ocrx_word' id='word_1_506' title='bbox 532 2182 744 2215; x_wconf 85' lang='lat' dir='ltr'><strong>earumque</strong></span> <span class='ocrx_word' id='word_1_507' title='bbox 773 2180 856 2213; x_wconf 87' lang='lat' dir='ltr'><strong>pr.,</strong></span> <span class='ocrx_word' id='word_1_508' title='bbox 887 2170 979 2214; x_wconf 68' lang='lat' dir='ltr'><strong>quae</strong></span> <span class='ocrx_word' id='word_1_509' title='bbox 1007 2174 1087 2203; x_wconf 89' lang='lat' dir='ltr'><strong>sunt</strong></span> <span class='ocrx_word' id='word_1_510' title='bbox 1111 2168 1312 2209; x_wconf 77' lang='lat' dir='ltr'><strong>asperiores</strong></span> <span class='ocrx_word' id='word_1_511' title='bbox 1337 2172 1372 2211; x_wconf 80' lang='grc'><strong>9,</strong></span> <span class='ocrx_word' id='word_1_512' title='bbox 1398 2167 1433 2211; x_wconf 87' lang='grc'><strong>4,</strong></span> <span class='ocrx_word' id='word_1_513' title='bbox 1459 2170 1523 2216; x_wconf 64' lang='lat'><strong>37.</strong></span> <span class='ocrx_word' id='word_1_514' title='bbox 1557 2179 1680 2203; x_wconf 79' lang='lat' dir='ltr'><strong>omnes</strong></span> 
     </span>
     <span class='ocr_line' id='line_1_45' title="bbox 186 2214 1680 2260; baseline -0.001 -10"><span class='ocrx_word' id='word_1_515' title='bbox 186 2222 329 2250; x_wconf 70' lang='lat' dir='ltr'><strong>veteres</strong></span> <span class='ocrx_word' id='word_1_516' title='bbox 357 2223 401 2250; x_wconf 81' lang='lat' dir='ltr'><strong>et</strong></span> <span class='ocrx_word' id='word_1_517' title='bbox 428 2217 502 2253; x_wconf 87' lang='lat' dir='ltr'><strong>Cic.</strong></span> <span class='ocrx_word' id='word_1_518' title='bbox 531 2227 582 2258; x_wconf 89' lang='lat' dir='ltr'><strong>pr.</strong></span> <span class='ocrx_word' id='word_1_519' title='bbox 608 2219 643 2260; x_wconf 80' lang='lat'><strong>9,</strong></span> <span class='ocrx_word' id='word_1_520' title='bbox 669 2219 702 2258; x_wconf 82' lang='lat'><strong>3,</strong></span> <span class='ocrx_word' id='word_1_521' title='bbox 730 2220 761 2250; x_wconf 88' lang='grc'><strong>1.</strong></span> <span class='ocrx_word' id='word_1_522' title='bbox 790 2215 835 2257; x_wconf 69' lang='lat' dir='ltr'><strong>ef.</strong></span> <span class='ocrx_word' id='word_1_523' title='bbox 864 2218 899 2258; x_wconf 86' lang='lat'><strong>9,</strong></span> <span class='ocrx_word' id='word_1_524' title='bbox 927 2221 962 2258; x_wconf 89' lang='grc'><strong>2,</strong></span> <span class='ocrx_word' id='word_1_525' title='bbox 990 2214 1046 2249; x_wconf 84' lang='grc'><strong>42.</strong></span> <span class='ocrx_word' id='word_1_526' title='bbox 1073 2217 1127 2256; x_wconf 94' lang='grc'><strong>10,</strong></span> <span class='ocrx_word' id='word_1_527' title='bbox 1156 2218 1188 2256; x_wconf 94' lang='grc'><strong>1,</strong></span> <span class='ocrx_word' id='word_1_528' title='bbox 1217 2217 1274 2248; x_wconf 88' lang='grc'><strong><em>72.</em></strong></span> <span class='ocrx_word' id='word_1_529' title='bbox 1301 2216 1378 2248; x_wconf 80' lang='lat'><strong>115.</strong></span> <span class='ocrx_word' id='word_1_530' title='bbox 1405 2220 1566 2248; x_wconf 75' lang='lat' dir='ltr'><strong>oratores</strong></span> <span class='ocrx_word' id='word_1_531' title='bbox 1590 2225 1680 2248; x_wconf 72' lang='lat' dir='ltr'><strong>vero</strong></span> 
     </span>
     <span class='ocr_line' id='line_1_46' title="bbox 184 2259 1681 2308; baseline 0 -13"><span class='ocrx_word' id='word_1_532' title='bbox 184 2262 261 2295; x_wconf 86' lang='lat' dir='ltr'><strong>vel</strong></span> <span class='ocrx_word' id='word_1_533' title='bbox 291 2271 352 2303; x_wconf 82' lang='lat' dir='ltr'><strong>pr.</strong></span> <span class='ocrx_word' id='word_1_534' title='bbox 384 2265 438 2306; x_wconf 88' lang='lat'><strong>10,</strong></span> <span class='ocrx_word' id='word_1_535' title='bbox 467 2267 499 2305; x_wconf 91' lang='grc'><strong>1,</strong></span> <span class='ocrx_word' id='word_1_536' title='bbox 527 2264 605 2297; x_wconf 84' lang='grc'><strong>105.</strong></span> <span class='ocrx_word' id='word_1_537' title='bbox 655 2264 859 2307; x_wconf 85' lang='lat' dir='ltr'><strong>Ideoque</strong></span> <span class='ocrx_word' id='word_1_538' title='bbox 884 2271 936 2302; x_wconf 90' lang='lat' dir='ltr'><strong>pr.</strong></span> <span class='ocrx_word' id='word_1_539' title='bbox 965 2261 1059 2295; x_wconf 87' lang='lat' dir='ltr'><strong>circa</strong></span> <span class='ocrx_word' id='word_1_540' title='bbox 1088 2265 1278 2301; x_wconf 71' lang='lat' dir='ltr'><strong>praecepta</strong></span> <span class='ocrx_word' id='word_1_541' title='bbox 1316 2260 1420 2302; x_wconf 69' lang='lat' dir='ltr'><strong>liujus</strong></span> <span class='ocrx_word' id='word_1_542' title='bbox 1447 2259 1557 2303; x_wconf 82' lang='lat' dir='ltr'><strong>partis</strong></span> <span class='ocrx_word' id='word_1_543' title='bbox 1577 2260 1681 2308; x_wconf 62' lang='lat' dir='ltr'><strong>lulio-</strong></span> 
     </span>
     <span class='ocr_line' id='line_1_47' title="bbox 183 2307 1680 2353; baseline 0.001 -14"><span class='ocrx_word' id='word_1_544' title='bbox 183 2307 273 2341; x_wconf 80' lang='lat' dir='ltr'><strong>ravit</strong></span> <span class='ocrx_word' id='word_1_545' title='bbox 298 2308 334 2350; x_wconf 80' lang='lat'><strong>8,</strong></span> <span class='ocrx_word' id='word_1_546' title='bbox 360 2310 416 2342; x_wconf 84' lang='lat' dir='ltr'><strong>Pr.</strong></span> <span class='ocrx_word' id='word_1_547' title='bbox 445 2311 499 2343; x_wconf 82' lang='lat'><strong>15.</strong></span> <span class='ocrx_word' id='word_1_548' title='bbox 548 2308 687 2353; x_wconf 88' lang='lat' dir='ltr'><strong>Atqui</strong></span> <span class='ocrx_word' id='word_1_549' title='bbox 718 2317 780 2350; x_wconf 85' lang='lat' dir='ltr'><strong>pr.</strong></span> <span class='ocrx_word' id='word_1_550' title='bbox 804 2307 913 2350; x_wconf 87' lang='lat' dir='ltr'><strong>prima</strong></span> <span class='ocrx_word' id='word_1_551' title='bbox 941 2313 1101 2348; x_wconf 74' lang='lat' dir='ltr'><strong>tempora</strong></span> <span class='ocrx_word' id='word_1_552' title='bbox 1127 2307 1160 2349; x_wconf 84' lang='grc'><strong>9,</strong></span> <span class='ocrx_word' id='word_1_553' title='bbox 1185 2308 1218 2348; x_wconf 87' lang='grc'><strong>2,</strong></span> <span class='ocrx_word' id='word_1_554' title='bbox 1245 2308 1301 2340; x_wconf 75' lang='lat'><strong>57.</strong></span> <span class='ocrx_word' id='word_1_555' title='bbox 1325 2314 1390 2346; x_wconf 84' lang='lat' dir='ltr'><strong>pr.</strong></span> <span class='ocrx_word' id='word_1_556' title='bbox 1415 2315 1547 2349; x_wconf 75' lang='lat' dir='ltr'><strong>vero,</strong></span> <span class='ocrx_word' id='word_1_557' title='bbox 1583 2316 1680 2340; x_wconf 84' lang='lat' dir='ltr'><strong>cum</strong></span> 
     </span>
     <span class='ocr_line' id='line_1_48' title="bbox 185 2353 906 2397; baseline 0.003 -12"><span class='ocrx_word' id='word_1_558' title='bbox 185 2353 300 2397; x_wconf 77' lang='lat' dir='ltr'><strong>aliqua</strong></span> <span class='ocrx_word' id='word_1_559' title='bbox 327 2356 428 2389; x_wconf 82' lang='lat' dir='ltr'><strong>velut</strong></span> <span class='ocrx_word' id='word_1_560' title='bbox 450 2354 592 2388; x_wconf 76' lang='lat' dir='ltr'><strong>scenice</strong></span> <span class='ocrx_word' id='word_1_561' title='bbox 616 2355 705 2387; x_wconf 84' lang='lat' dir='ltr'><strong>fiunt</strong></span> <span class='ocrx_word' id='word_1_562' title='bbox 728 2355 764 2395; x_wconf 71' lang='lat' dir='ltr'><strong>fi,</strong></span> <span class='ocrx_word' id='word_1_563' title='bbox 792 2357 823 2396; x_wconf 86' lang='lat'><strong>1,</strong></span> <span class='ocrx_word' id='word_1_564' title='bbox 849 2354 906 2387; x_wconf 76' lang='lat'><strong>38.</strong></span> 
     </span>
    </p>
   </div>
   <div class='ocr_carea' id='block_1_3' title="bbox 135 2409 1678 2741">
    <p class='ocr_par' dir='ltr' id='par_1_5' title="bbox 138 2409 1678 2601">
     <span class='ocr_line' id='line_1_49' title="bbox 138 2409 1678 2465; baseline 0.002 -16"><span class='ocrx_word' id='word_1_565' title='bbox 138 2409 410 2463; x_wconf 83' lang='lat' dir='ltr'><strong>Praecipuus.</strong></span> <span class='ocrx_word' id='word_1_566' title='bbox 459 2420 500 2464; x_wconf 79' lang='grc' dir='ltr'><strong>α)</strong></span> <span class='ocrx_word' id='word_1_567' title='bbox 529 2434 589 2465; x_wconf 78' lang='lat' dir='ltr'><strong>per</strong></span> <span class='ocrx_word' id='word_1_568' title='bbox 613 2434 649 2454; x_wconf 83' lang='lat' dir='ltr'><strong>se</strong></span> <span class='ocrx_word' id='word_1_569' title='bbox 673 2424 824 2464; x_wconf 77' lang='lat' dir='ltr'><strong>positum.</strong></span> <span class='ocrx_word' id='word_1_570' title='bbox 849 2419 886 2463; x_wconf 84' lang='lat' dir='ltr'><strong>a)</strong></span> <span class='ocrx_word' id='word_1_571' title='bbox 913 2422 1049 2452; x_wconf 54' lang='lat' dir='ltr'><strong>numo..-</strong></span> <span class='ocrx_word' id='word_1_572' title='bbox 1075 2417 1369 2460; x_wconf 83' lang='lat' dir='ltr'><strong>philosophorum</strong></span> <span class='ocrx_word' id='word_1_573' title='bbox 1386 2417 1572 2453; x_wconf 78' lang='lat' dir='ltr'><strong>Plutonem</strong></span> <span class='ocrx_word' id='word_1_574' title='bbox 1599 2429 1678 2452; x_wconf 77' lang='lat' dir='ltr'><strong>esse</strong></span> 
     </span>
     <span class='ocr_line' id='line_1_50' title="bbox 183 2464 1678 2511; baseline 0 -14"><span class='ocrx_word' id='word_1_575' title='bbox 183 2468 410 2506; x_wconf 78' lang='lat' dir='ltr'><strong>praecipuum</strong></span> <span class='ocrx_word' id='word_1_576' title='bbox 439 2471 493 2508; x_wconf 83' lang='grc'><strong>10,</strong></span> <span class='ocrx_word' id='word_1_577' title='bbox 524 2471 554 2507; x_wconf 89' lang='grc'><strong>1,</strong></span> <span class='ocrx_word' id='word_1_578' title='bbox 578 2469 634 2502; x_wconf 78' lang='lat' dir='ltr'><strong>Sl.</strong></span> <span class='ocrx_word' id='word_1_579' title='bbox 683 2479 731 2500; x_wconf 81' lang='lat' dir='ltr'><strong>ex</strong></span> <span class='ocrx_word' id='word_1_580' title='bbox 764 2467 891 2509; x_wconf 76' lang='lat' dir='ltr'><strong>quibus</strong></span> <span class='ocrx_word' id='word_1_581' title='bbox 924 2464 1134 2505; x_wconf 83' lang='lat' dir='ltr'><strong>praecipuos</strong></span> <span class='ocrx_word' id='word_1_582' title='bbox 1168 2465 1379 2511; x_wconf 80' lang='lat' dir='ltr'><strong>attingemus</strong></span> <span class='ocrx_word' id='word_1_583' title='bbox 1416 2465 1452 2506; x_wconf 88' lang='lat'><strong>8,</strong></span> <span class='ocrx_word' id='word_1_584' title='bbox 1489 2465 1526 2505; x_wconf 89' lang='grc'><strong>3,</strong></span> <span class='ocrx_word' id='word_1_585' title='bbox 1558 2466 1614 2498; x_wconf 78' lang='grc'><strong>89.</strong></span> <span class='ocrx_word' id='word_1_586' title='bbox 1640 2464 1678 2497; x_wconf 87' lang='lat' dir='ltr'><strong>in</strong></span> 
     </span>
     <span class='ocr_line' id='line_1_51' title="bbox 184 2509 1675 2560; baseline -0.002 -16"><span class='ocrx_word' id='word_1_587' title='bbox 184 2512 366 2545; x_wconf 62' lang='lat' dir='ltr'><strong>affectibus</strong></span> <span class='ocrx_word' id='word_1_588' title='bbox 379 2525 459 2546; x_wconf 87' lang='lat' dir='ltr'><strong>cum</strong></span> <span class='ocrx_word' id='word_1_589' title='bbox 476 2513 639 2547; x_wconf 88' lang='lat' dir='ltr'><strong>omnibus</strong></span> <span class='ocrx_word' id='word_1_590' title='bbox 665 2513 818 2553; x_wconf 82' lang='lat' dir='ltr'><strong>mirus,</strong></span> <span class='ocrx_word' id='word_1_591' title='bbox 845 2517 919 2544; x_wconf 88' lang='lat' dir='ltr'><strong>tum</strong></span> <span class='ocrx_word' id='word_1_592' title='bbox 937 2510 974 2543; x_wconf 89' lang='lat' dir='ltr'><strong>in</strong></span> <span class='ocrx_word' id='word_1_593' title='bbox 997 2509 1042 2543; x_wconf 88' lang='lat' dir='ltr'><strong>iis</strong></span> <span class='ocrx_word' id='word_1_594' title='bbox 1062 2509 1168 2543; x_wconf 73' lang='lat' dir='ltr'><strong>facile</strong></span> <span class='ocrx_word' id='word_1_595' title='bbox 1189 2529 1232 2535; x_wconf 89' lang='lat'><strong>—-</strong></span> <span class='ocrx_word' id='word_1_596' title='bbox 1249 2520 1328 2551; x_wconf 79' lang='lat' dir='ltr'><strong>pra</strong></span> <span class='ocrx_word' id='word_1_597' title='bbox 1343 2509 1415 2544; x_wconf 86' lang='lat' dir='ltr'><strong>eci</strong></span> <span class='ocrx_word' id='word_1_598' title='bbox 1429 2517 1482 2550; x_wconf 89' lang='lat' dir='ltr'><strong>pu</strong></span> <span class='ocrx_word' id='word_1_599' title='bbox 1494 2518 1544 2560; x_wconf 69' lang='lat' dir='ltr'><strong>us</strong></span> <span class='ocrx_word' id='word_1_600' title='bbox 1565 2511 1626 2548; x_wconf 63' lang='grc'><strong>«10,</strong></span> <span class='ocrx_word' id='word_1_601' title='bbox 1642 2514 1675 2550; x_wconf 85' lang='grc'><strong>1,</strong></span> 
     </span>
     <span class='ocr_line' id='line_1_52' title="bbox 182 2554 1678 2601; baseline 0 -13"><span class='ocrx_word' id='word_1_602' title='bbox 182 2557 238 2589; x_wconf 81' lang='grc'><strong>68.</strong></span> <span class='ocrx_word' id='word_1_603' title='bbox 265 2569 296 2589; x_wconf 87' lang='grc' dir='ltr'><strong>υ.</strong></span> <span class='ocrx_word' id='word_1_604' title='bbox 321 2559 476 2592; x_wconf 78' lang='lat' dir='ltr'><strong>Mirus.</strong></span> <span class='ocrx_word' id='word_1_605' title='bbox 508 2560 618 2592; x_wconf 88' lang='lat' dir='ltr'><strong>multo</strong></span> <span class='ocrx_word' id='word_1_606' title='bbox 647 2564 701 2592; x_wconf 83' lang='lat' dir='ltr'><strong>est</strong></span> <span class='ocrx_word' id='word_1_607' title='bbox 725 2558 854 2591; x_wconf 84' lang='lat' dir='ltr'><strong>tersior</strong></span> <span class='ocrx_word' id='word_1_608' title='bbox 877 2567 920 2590; x_wconf 78' lang='lat' dir='ltr'><strong>ac</strong></span> <span class='ocrx_word' id='word_1_609' title='bbox 944 2565 1052 2596; x_wconf 80' lang='lat' dir='ltr'><strong>purus</strong></span> <span class='ocrx_word' id='word_1_610' title='bbox 1077 2555 1187 2601; x_wconf 76' lang='lat' dir='ltr'><strong>magis</strong></span> <span class='ocrx_word' id='word_1_611' title='bbox 1211 2555 1394 2598; x_wconf 85' lang='lat' dir='ltr'><strong>Horatius,</strong></span> <span class='ocrx_word' id='word_1_612' title='bbox 1421 2561 1457 2588; x_wconf 86' lang='lat' dir='ltr'><strong>et</strong></span> <span class='ocrx_word' id='word_1_613' title='bbox 1479 2554 1546 2588; x_wconf 69' lang='lat' dir='ltr'><strong>mai</strong></span> <span class='ocrx_word' id='word_1_614' title='bbox 1574 2555 1678 2588; x_wconf 85' lang='lat' dir='ltr'><strong>labor</strong></span> 
     </span>
    </p>

    <p class='ocr_par' dir='ltr' id='par_1_6' title="bbox 135 2600 1677 2741">
     <span class='ocr_line' id='line_1_53' title="bbox 135 2600 1677 2647; baseline 0.001 -14"><span class='ocrx_word' id='word_1_615' title='bbox 135 2621 137 2623; x_wconf 91' lang='lat'><em>-</em></span> <span class='ocrx_word' id='word_1_616' title='bbox 182 2602 258 2640; x_wconf 70' lang='lat' dir='ltr'><strong>eius</strong></span> <span class='ocrx_word' id='word_1_617' title='bbox 282 2614 403 2637; x_wconf 82' lang='lat' dir='ltr'><strong>amore</strong></span> <span class='ocrx_word' id='word_1_618' title='bbox 433 2607 528 2647; x_wconf 81' lang='lat' dir='ltr'><strong>(Sp.</strong></span> <span class='ocrx_word' id='word_1_619' title='bbox 555 2611 589 2639; x_wconf 89' lang='lat' dir='ltr'><strong>et</strong></span> <span class='ocrx_word' id='word_1_620' title='bbox 617 2605 660 2637; x_wconf 82' lang='lat' dir='ltr'><strong>ad</strong></span> <span class='ocrx_word' id='word_1_621' title='bbox 683 2604 858 2637; x_wconf 87' lang='lat' dir='ltr'><strong>notandos</strong></span> <span class='ocrx_word' id='word_1_622' title='bbox 885 2601 1068 2635; x_wconf 85' lang='lat' dir='ltr'><strong>hominum</strong></span> <span class='ocrx_word' id='word_1_623' title='bbox 1094 2601 1230 2642; x_wconf 79' lang='lat' dir='ltr'><strong>mores)</strong></span> <span class='ocrx_word' id='word_1_624' title='bbox 1257 2601 1465 2643; x_wconf 81' lang='lat' dir='ltr'><strong>praecipuus</strong></span> <span class='ocrx_word' id='word_1_625' title='bbox 1493 2602 1548 2640; x_wconf 91' lang='grc'><strong>10,</strong></span> <span class='ocrx_word' id='word_1_626' title='bbox 1575 2602 1606 2641; x_wconf 87' lang='grc'><strong>1,</strong></span> <span class='ocrx_word' id='word_1_627' title='bbox 1629 2600 1677 2635; x_wconf 81' lang='lat'><strong>94</strong></span> 
     </span>
     <span class='ocr_line' id='line_1_54' title="bbox 184 2642 1670 2691; baseline -0.001 -13"><span class='ocrx_word' id='word_1_628' title='bbox 184 2648 229 2679; x_wconf 67' lang='lat' dir='ltr'><strong>N.</strong></span> <span class='ocrx_word' id='word_1_629' title='bbox 259 2660 306 2680; x_wconf 82' lang='lat' dir='ltr'><strong>cr.</strong></span> <span class='ocrx_word' id='word_1_630' title='bbox 334 2657 363 2680; x_wconf 81' lang='lat' dir='ltr'><strong>cl</strong></span> <span class='ocrx_word' id='word_1_631' title='bbox 391 2653 426 2682; x_wconf 72' lang='lat' dir='ltr'><strong>S.</strong></span> <span class='ocrx_word' id='word_1_632' title='bbox 476 2651 662 2691; x_wconf 81' lang='lat' dir='ltr'><strong>ponendus</strong></span> <span class='ocrx_word' id='word_1_633' title='bbox 687 2650 781 2683; x_wconf 84' lang='lat' dir='ltr'><strong>inter</strong></span> <span class='ocrx_word' id='word_1_634' title='bbox 809 2647 1018 2690; x_wconf 80' lang='lat' dir='ltr'><strong>praecipuos</strong></span> <span class='ocrx_word' id='word_1_635' title='bbox 1044 2648 1138 2681; x_wconf 81' lang='lat' dir='ltr'><strong>foret</strong></span> <span class='ocrx_word' id='word_1_636' title='bbox 1170 2650 1225 2689; x_wconf 83' lang='lat'><strong>10,</strong></span> <span class='ocrx_word' id='word_1_637' title='bbox 1262 2651 1295 2688; x_wconf 79' lang='lat'><strong>1,</strong></span> <span class='ocrx_word' id='word_1_638' title='bbox 1331 2647 1407 2680; x_wconf 82' lang='lat'><strong>116.</strong></span> <span class='ocrx_word' id='word_1_639' title='bbox 1457 2642 1496 2687; x_wconf 91' lang='lat' dir='ltr'><strong>b)</strong></span> <span class='ocrx_word' id='word_1_640' title='bbox 1532 2646 1670 2679; x_wconf 66' lang='lat' dir='ltr'><strong>Neam-..-</strong></span> 
     </span>
     <span class='ocr_line' id='line_1_55' title="bbox 184 2689 1674 2741; baseline -0.001 -15"><span class='ocrx_word' id='word_1_641' title='bbox 184 2692 303 2726; x_wconf 70' lang='lat' dir='ltr'><strong>dicere</strong></span> <span class='ocrx_word' id='word_1_642' title='bbox 337 2700 428 2736; x_wconf 82' lang='lat' dir='ltr'><strong>apte,</strong></span> <span class='ocrx_word' id='word_1_643' title='bbox 457 2697 551 2741; x_wconf 85' lang='lat' dir='ltr'><strong>quod</strong></span> <span class='ocrx_word' id='word_1_644' title='bbox 577 2702 631 2731; x_wconf 85' lang='lat' dir='ltr'><strong>est</strong></span> <span class='ocrx_word' id='word_1_645' title='bbox 655 2694 966 2738; x_wconf 85' lang='lat' dir='ltr'><strong>praecipuum,</strong></span> <span class='ocrx_word' id='word_1_646' title='bbox 991 2692 1152 2737; x_wconf 79' lang='lat' dir='ltr'><strong>plerique</strong></span> <span class='ocrx_word' id='word_1_647' title='bbox 1176 2691 1316 2730; x_wconf 84' lang='lat' dir='ltr'><strong>ornatui</strong></span> <span class='ocrx_word' id='word_1_648' title='bbox 1339 2689 1530 2733; x_wconf 79' lang='lat' dir='ltr'><strong>subjiciunt</strong></span> <span class='ocrx_word' id='word_1_649' title='bbox 1551 2691 1630 2734; x_wconf 83' lang='lat'><strong>1,5,</strong></span> <span class='ocrx_word' id='word_1_650' title='bbox 1644 2694 1674 2725; x_wconf 89' lang='lat'><strong>1.</strong></span> 
     </span>
    </p>
   </div>
  </div>
 </body>
</html>
