1702 3054
166 320 202 355 p.
228 307 308 344 517.
335 317 368 342 v.
394 309 450 344 29.

164 367 200 400 p.
225 353 305 390 541.
328 365 367 389 v.
381 355 441 389 35.

164 413 200 445 p.
227 400 306 436 543·
334 411 373 435 v·
398 401 433 434 5·

161 459 198 491 po
223 445 303 482 ⁵54·
325 456 363 481 v·
385 448 443 481 29·

163 548 201 581 p.
231 537 311 573 560.
335 548 372 572 v.
395 535 454 571 48.

163 595 199 627 p.
228 583 306 617 577.
330 594 368 618 v.
396 585 449 616 12.

161 640 196 673 p.
221 629 301 663 621.
324 640 362 665 v.
384 630 442 664 23.

206 718 257 754 ib.
303 731 342 756 v.
365 721 423 754 30.

163 776 196 810 p.
220 766 303 801 622.
327 777 365 802 v.
390 767 447 800 20.

157 959 193 992 p.
216 947 298 983 641.

157 1051 193 1084 p.
217 1040 296 1075 658.
322 1051 359 1075 v.
383 1041 440 1074 30.

156 1142 193 1175 p.
220 1131 299 1166 663.

157 1234 194 1267 p.
220 1222 301 1258 665.
326 1234 364 1258 v.
392 1225 447 1260 12.

155 1325 192 1358 p.
219 1314 300 1350 695.
324 1326 362 1350 v.
388 1316 445 1352 19.

155 1372 192 1404 p.
216 1361 297 1395 706.
326 1373 364 1396 v.
391 1363 427 1396 8.

153 1417 190 1450 p.
214 1407 294 1442 736.
319 1419 356 1443 v.
383 1409 438 1444 18.

156 1508 193 1541 p.
217 1497 298 1533 745.
326 1510 363 1534 v.
387 1501 447 1535 23.

156 1555 194 1588 p.
219 1546 297 1579 751.
326 1557 364 1581 v.
389 1546 424 1581 5.

155 1690 190 1725 p.
217 1682 296 1717 799.
320 1693 358 1717 v.
383 1684 440 1718 13.

198 1726 247 1762 ib.
291 1739 328 1763 v.
354 1727 416 1764 41.

153 1830 190 1861 p.
212 1819 294 1853 832.
323 1831 360 1855 v.
384 1821 440 1856 16.

153 1965 188 1998 p.
211 1956 293 1990 868.
317 1968 354 1993 v.
383 1958 439 1993 26.

153 2057 186 2089 p.
215 2050 293 2083 999.
318 2059 354 2083 v.
377 2051 410 2085 8.

590 306 695 340 insere
707 317 719 340 .-

592 355 698 386 insere
707 364 716 385 z

591 401 697 432 insere
706 412 716 431 .·

616 446 703 478 adde
710 458 721 478 .-

603 537 692 570 adde
701 549 712 569 .-

589 584 695 616 insere
705 595 715 616 .·

611 630 698 662 adde
705 642 715 662 :

594 721 683 753 adde
693 734 703 754 .·

602 767 691 800 adde
699 780 711 800 .-

653 950 714 983 sub

545 1058 547 1060 ·
602 1042 690 1075 adde
696 1055 709 1076 .-

581 1133 689 1167 insere
698 1147 709 1167 :

584 1226 690 1259 insere
699 1238 710 1259 .·

583 1318 688 1350 insere
697 1331 707 1351 .·

543 1362 689 1403 1mnsser
698 1377 709 1397 .-

581 1411 688 1444 ἱπεενε
696 1423 708 1444 .·

601 1519 647 1527 -ι

570 1548 678 1582 insere
685 1562 697 1583 .·

576 1685 682 1719 insere
692 1699 703 1718 .-

572 1733 678 1765 insere
689 1745 700 1766 .·

603 1825 691 1858 adde
697 1837 708 1858 .-

583 1962 689 1995 insere
699 1975 710 1996 .·

630 2072 674 2079 ...-

744 301 817 349 (sea
837 302 952 339 melius
978 303 1114 339 auditur
1135 300 1234 347 loco)
1258 309 1332 348 posi
1356 304 1506 343 medio
1524 332 1531 337 ,

742 350 870 385 mulier
892 349 1011 384 Samia
1033 352 1069 394 3,
1091 353 1128 394 7,
1153 353 1212 385 21.
1247 357 1322 395 posi
1343 349 1388 396 α)

741 408 789 431 m.
813 396 1059 432 foedissimum
1080 397 1116 440 9,
1138 395 1175 440 4,
1197 398 1256 431 72.

746 442 807 488 qui
839 443 981 486 suadet,
1011 453 1068 477 ne
1094 441 1346 487 praecipitetur
1368 440 1505 487 editio,
1533 451 1690 477 nonum-

742 499 827 576 (θῦε
851 494 1030 568 ρὲθωαιιιι·
1053 489 1090 523 in
1112 499 1242 524 annum
1264 489 1331 534 Ep.
1354 489 1400 523 ad
1427 489 1568 534 Tryph.
1594 491 1629 524 2.

740 549 759 569 c
777 558 787 570 .
814 537 850 579 2,
899 560 910 578 ,
936 537 971 570 3.

743 582 779 625 7,
806 584 842 625 2,
867 583 902 616 9.
929 588 1002 625 post
1024 582 1081 615 20.

744 638 825 661 cum
852 627 958 661 etlam
987 626 1025 661 in
1049 624 1278 674 Panegyricis
1300 628 1442 670 petatur
1474 621 1691 661 audientiam

739 674 847 708 favor
869 675 904 715 3,
935 675 970 716 8,
994 676 1029 708 7.

740 718 802 762 (Z.
828 718 1014 763 saltorem)

739 767 782 799 de
805 766 954 799 duobus.-
988 764 1154 809 quotiens
1186 763 1338 800 verbum
1369 761 1486 798 verbo
1518 765 1581 796 aut
1614 770 1690 807 non

737 810 908 846 dissimile
943 812 1051 847 valde
1077 809 1260 856 quaeritur
1279 829 1328 837 -—
1352 814 1413 845 aut
1437 813 1536 844 certe
1566 818 1632 852 par
1655 811 1692 840 et

735 857 907 892 extremis
930 857 1078 902 syllabis
1101 867 1326 900 consonans,
1351 855 1435 890 Non
1456 854 1601 896 verbis,
1625 852 1691 888 sed

735 903 858 938 armis.
883 905 919 947 9,
943 906 981 947 3,
1004 905 1050 939 75
1073 907 1118 938 Ζ.
1150 915 1184 941 v.
1211 902 1449 939 Consono.

738 950 913 984 Percre
925 959 1019 984 sco.
1061 962 1171 984 corr„-
1200 951 1250 982 εἰσ
1276 954 1357 992 opu.
1384 949 1514 992 Godd.²
1537 959 1598 981 nec
1632 957 1690 980 re·-

737 997 919 1039 spuendum
942 997 1086 1030 videtur.
1122 996 1210 1030 Edd.
1235 1002 1298 1029 etc.

736 1052 785 1075 ex
810 1042 1068 1076 consuetudine
1090 1041 1387 1085 philosophorum
1407 1039 1513 1073 ducta
1534 1035 1691 1075 servitus

738 1088 783 1120 ad
806 1093 904 1121 certa
931 1098 972 1122 se
995 1087 1108 1124 verba
1135 1086 1354 1134 astringendi
1375 1089 1412 1129 7,
1435 1087 1470 1128 3,
1495 1086 1554 1119 16.

733 1133 949 1167 Ploxenu
957 1144 1003 1167 m.
1026 1132 1187 1167 Catullus
1212 1133 1263 1176 pl.
1282 1132 1378 1167 circa
1393 1132 1529 1166 Padum
1551 1128 1692 1166 invenit

740 1204 956 1259 P’listl’lenem
1003 1222 1224 1268 impudicum
1270 1234 1292 1258 a
1334 1219 1451 1267 poetis
1489 1219 1690 1267 accepimus

734 1272 769 1314 3,
795 1274 830 1314 7,
855 1273 910 1306 19.
935 1278 1010 1314 post
1033 1273 1067 1313 1,
1091 1272 1127 1313 9,
1150 1269 1186 1304 6.

733 1316 854 1361 Scipio
877 1316 977 1361 prior
997 1318 1032 1359 3,
1055 1317 1091 1353 8.
1117 1317 1183 1359 373
1207 1320 1282 1360 posi
1305 1317 1362 1354 11,
1387 1316 1423 1358 1,
1450 1316 1508 1349 12.

736 1368 923 1408 antequam
945 1382 991 1388 —
1013 1362 1051 1405 4,
1078 1364 1113 1404 1,
1136 1363 1195 1395 22.
1222 1363 1269 1395 ad
1293 1373 1330 1406 y,
1356 1360 1393 1394 b.

731 1409 818 1488 lael4i
840 1410 1047 1453 alacresque
1077 1406 1164 1452 (Sp.
1191 1412 1228 1442 et
1251 1406 1355 1450 alac.)
1382 1409 1419 1451 2,
1437 1407 1474 1450 9,
1497 1408 1520 1441 2
1542 1409 1588 1441 Ζ.
1610 1410 1688 1451 po'st

734 1456 770 1496 9,
818 1479 828 1496 ,
853 1457 932 1491 135.

739 1501 835 1546 quod
858 1513 897 1535 v.
927 1513 1014 1535 corr.
1035 1511 1075 1536 v.
1096 1499 1206 1545 quod.
1231 1511 1274 1533 ex
1298 1499 1351 1533 ed.
1375 1501 1420 1537 Ζ.

732 1558 813 1581 cnm
837 1547 925 1581 duo
947 1547 1047 1580 fures
1070 1545 1258 1592 pecuniam
1280 1545 1516 1588 abstulerunt,
1540 1554 1685 1588 separa-

732 1592 796 1627 tim
820 1594 1056 1638 quadruplum
1079 1591 1271 1637 quisque
1294 1601 1342 1626 an
1363 1590 1510 1636 duplum
1530 1587 1686 1625 debeat?

734 1642 770 1682 7,
795 1637 831 1682 4,
857 1637 915 1673 44.
943 1646 1019 1684 post
1042 1640 1078 1682 3,
1101 1641 1138 1682 6,
1162 1640 1231 1675 102
1255 1638 1292 1672 S.

727 1695 773 1718 an
802 1684 944 1729 sapiens
969 1684 1101 1720 Zeno?
1126 1686 1184 1727 12,
1209 1687 1243 1725 1,
1266 1684 1326 1719 18.

734 1733 852 1765 claros
878 1731 1023 1766 nomine
1046 1729 1242 1776 sapientiae
1265 1728 1367 1766 viros
1385 1730 1419 1773 1,
1444 1729 1500 1773 10,
1525 1730 1581 1763 12.
1609 1735 1683 1773 post

735 1780 792 1820 12,
816 1779 838 1812 6
875 1780 910 1812 7.
1542 1810 1546 1811 ⁷

732 1824 774 1857 Id
797 1822 828 1857 si
841 1803 1058 1867 ’computare
1084 1832 1192 1867 quem
1214 1820 1312 1868 piget
1339 1838 1398 1854 -.
1441 1819 1505 1864 At
1530 1819 1572 1854 si
1603 1818 1686 1864 qui-

730 1868 855 1904 nideni
889 1881 955 1914 per
980 1870 1094 1903 latera
1117 1875 1179 1903 eto.
1204 1885 1262 1903 ——.
1305 1865 1354 1900 Si
1375 1876 1496 1902 vero
1526 1864 1688 1910 porrecti

731 1915 899 1959 utrinque
925 1935 972 1943 --
990 1915 1128 1959 ,distent
1156 1917 1191 1957 1,
1213 1916 1270 1956 10,
1291 1911 1351 1948 43.
1668 1912 1670 1918 '

737 1963 850 1998 verba
877 1961 994 2006 aliqua
1019 1961 1075 1995 sui
1100 1966 1204 2006 parto
1230 1958 1441 1994 fraudantur
1464 1958 1530 2001 11,
1554 1958 1595 2000 3,
1621 1954 1681 1992 52.

731 2015 808 2050 post
837 2010 893 2050 12,
920 2012 953 2051 1,
977 2010 1035 2042 20.

727 2055 923 2089 Demoleos
948 2067 1034 2089 corr.
1059 2052 1268 2089 Demoleos.
