1728 3002
128 173 211 211 442
642 167 870 227 Intercipio
901 196 953 204 —
983 170 1159 216 Interim

173 292 336 329 tempore
356 282 614 318 interciderunt
642 286 660 317 1
675 309 687 327 ,
711 285 757 328 5,
785 286 842 320 52.
893 285 984 320 nihil
1011 298 1126 333 aeque
1151 288 1215 323 vel
1240 294 1436 341 fugetur
1462 299 1567 331 cura,
1603 289 1663 324 vel

172 330 389 376 negligentia
412 329 665 382 intercidit
690 333 730 363 11
745 356 756 373 ,
782 333 827 374 2,
851 331 908 366 40.
946 333 1016 376 jam
1039 333 1220 368 intercidit
1241 335 1330 368 lllud
1352 345 1464 381 genus
1488 338 1521 378 1,
1544 335 1581 378 4,
1606 336 1663 370 26.

173 389 255 412 cuin
268 383 320 433 ‘et‘
335 377 442 410 verba
465 387 477 408 1
490 381 593 410 nter
605 377 763 410 cidant
786 376 1164 425 invalescantque
1188 380 1406 424 temporibus
1430 383 1486 424 10,
1510 385 1544 424 2,
1563 383 1617 416 13.

126 425 366 477 lntel'clplo·
415 434 565 467 alterum
598 432 772 477 (librum),
809 446 974 470 sermone
999 449 1065 481 per
1086 438 1234 472 biduum
1256 437 1378 471 habito
1392 463 1404 480 ,
1422 433 1427 436 ”
1446 438 1548 482 pueri
1580 449 1661 472 ex-

171 484 415 524 ceperant,
459 481 609 513 alterum
641 480 800 523 pluribus
824 492 909 516 sane
934 482 1079 526 diebus,
1113 490 1282 528 quantum
1307 484 1465 518 notando
1491 485 1661 528 consequi

169 531 354 578 poterant,
392 525 720 578 interceptum
758 545 804 552 —-
837 530 1074 574 vulgaverant
1096 531 1152 564 Pr.
1177 534 1219 574 73
1252 535 1292 564 ut
1315 531 1454 565 medios
1478 539 1661 564 sermones

167 573 397 616 intercipiant
419 572 461 614 6,
485 570 530 615 4,
557 575 625 615 113
675 583 705 605 st
730 584 788 607 me
812 574 885 608 fata
913 575 1186 620 intercepissent
1211 577 1256 618 6,
1289 577 1346 610 Pr.
1372 578 1406 610 1.
1444 576 1661 620 interceptus

1727 565 1728 575 t

1726 609 1728 617 ι

167 630 309 665 quoque
340 628 508 664 magnum
541 617 609 652 sibi
634 617 794 654 vindicat
825 621 945 655 locum
981 620 1119 666 (Julius
1151 624 1323 657 Secundus
1346 629 1475 656 mature
1498 621 1662 665 mortuus)
1727 625 1728 665 J

169 668 224 708 10,
252 668 267 699 1
282 692 292 708 ‚
317 666 395 699 121.

122 712 170 754 Iu
176 709 380 753 tercludo.
429 732 468 755 se
490 720 695 756 fluminibus
717 722 947 758 interclusum
972 730 1031 758 aut
1054 706 1261 760 valetudine
1289 728 1324 768 7,
1347 723 1382 767 4,
1409 723 1467 760 14.

120 767 392 812 Interclusim
430 779 527 823 quod
550 778 594 812 in
605 784 705 823 terp
717 790 739 813 o
750 780 785 814 si
797 780 862 816 tio
876 793 972 815 nem
995 783 1056 818 vel
1079 782 1472 818 interclusionem
1495 781 1658 825 dicimus,

169 825 299 860 Graeci
322 838 350 859 π
363 837 386 857 α
396 837 416 868 ρ
425 826 442 858 έ
453 838 473 859 ν
484 826 515 858 θ
526 837 541 858 ι
552 837 594 858 σι
603 838 624 858 ν
646 833 779 860 vocant
804 828 840 871 9,
861 830 892 870 3,
909 830 966 862 23.

120 869 458 929 [Interconc‘ilim
506 881 594 915 illud
620 888 845 928 utrocunque
869 884 1015 919 nomine
1049 885 1070 918 d
1080 886 1152 919 ele
1163 896 1182 920 c
1192 891 1206 920 t
1215 897 1236 920 a
1245 897 1268 919 n
1280 885 1326 918 di
1357 884 1436 920 sive
1461 884 1557 919 aliud
1586 882 1659 917 in-

165 936 263 964 terc
275 940 327 963 on
340 927 424 962 cili
437 928 543 961 andi
571 929 729 962 officium
756 933 812 974 12,
845 934 901 975 10,
927 932 971 967 59
988 932 1031 965 Ν.
1066 944 1102 966 υ.
1125 930 1222 966 Con
1236 930 1379 975 cilio]

118 975 345 1017 Interdico.
389 995 463 1018 non
492 985 647 1019 debuisti
674 986 967 1023 interdicere
995 989 1059 1023 sed
1082 993 1248 1033 petere
1280 990 1314 1032 3,
1345 990 1380 1032 6,
1404 989 1448 1022 71
1474 987 1522 1022 Ν.
1560 986 1658 1031 quod

162 1033 197 1068 ei
222 1033 329 1066 domo
355 1043 418 1064 sua
443 1032 651 1076 Proculeius
678 1032 927 1069 interdixisset
955 1036 989 1078 6,
1014 1037 1048 1078 3,
1073 1036 1130 1071 79.
1489 1034 1521 1074 ,⁹

114 1078 404 1120 Interdictum.
452 1089 740 1132 sponsiones
775 1097 810 1124 et
840 1092 1098 1126 interdicta
1130 1094 1172 1135 2,
1197 1093 1262 1134 10,
1294 1090 1317 1125 5
1342 1090 1388 1124 Ν.
1430 1091 1486 1132 12.
1512 1092 1570 1133 10,
1598 1091 1654 1124 70·

158 1136 197 1170 in
221 1134 499 1178 sponsionibus,
537 1147 627 1180 quae
651 1147 699 1171 ex
724 1137 922 1172 interdictis
947 1139 1038 1172 fiunt
1064 1141 1109 1182 7,
1135 1138 1178 1182 5,
1205 1139 1241 1172 3.
1277 1135 1448 1181 judicium
1470 1137 1516 1172 de
1542 1135 1655 1170 inter-

161 1182 264 1216 dictis
288 1182 323 1223 4,
347 1184 382 1223 2,
411 1183 466 1214 61.

62 1260 69 1268 .
114 1227 346 1277 Interdum·
381 1239 526 1284 2,12,6.
557 1239 773 1284 argumentis
788 1240 1016 1284 expositione
1031 1240 1208 1274 contraria
1220 1239 1468 1281 resistendum,
1493 1238 1652 1273 interd.

160 1284 322 1331 singulis,
349 1283 513 1316 interd.
542 1285 721 1318 universis
744 1285 778 1327 4,
795 1289 828 1326 2,
846 1286 901 1322 14.
931 1286 976 1326 cs.
1003 1290 1038 1328 7,
1062 1290 1096 1328 2,
1115 1288 1147 1320 9.
1173 1282 1302 1319 πάθος
1325 1291 1431 1329 atque
1454 1280 1551 1327 ἦθος
1574 1296 1653 1318 esse

159 1329 347 1364 interim
372 1339 419 1362 ex
445 1330 568 1362 eadem
593 1335 729 1372 natura,
755 1348 800 1354 —
835 1330 1075 1364 interdum
1105 1332 1247 1365 diversa
1276 1331 1370 1364 inter
1393 1342 1432 1363 se
1455 1331 1499 1372 6,
1523 1333 1566 1371 2,
1595 1333 1650 1364 12.

158 1376 202 1417 cs.
223 1379 260 1418 7,
277 1374 312 1417 4,
331 1373 386 1408 14.
413 1374 512 1407 Ficta
535 1374 724 1408 interim
748 1375 902 1410 narratio
927 1376 1106 1410 introduci
1131 1378 1236 1419 solet,
1259 1380 1327 1409 vel
1351 1377 1395 1408 ad
1419 1374 1650 1408 concitandos

158 1423 294 1467 judices
319 1433 380 1455 -ε
417 1424 487 1454 vel
517 1421 561 1453 ad
588 1422 825 1455 resolvendos
850 1422 968 1466 aliqua
994 1422 1194 1456 urbanitate
1218 1434 1286 1456 ——t
1316 1421 1559 1456 interdum
1587 1432 1651 1465 per

158 1466 415 1514 digressionem
440 1467 581 1500 decoris
606 1466 719 1513 gretia
742 1466 778 1510 4,
803 1471 837 1510 2,
864 1469 907 1503 19
931 1469 978 1502 Ν.

112 1515 294 1558 intereo·
336 1525 516 1557 nascendo
541 1523 766 1558 interiturum
794 1524 938 1569 (genus)
963 1526 998 1569 6,
1023 1527 1057 1568 3,
1083 1527 1140 1560 67.

109 1570 638 1663 ΙιῖθὲΐᾶἓΐιΝεΧροείῑὶοηεε
661 1581 768 1617 brevi
792 1582 1024 1617 interfatione
1041 1581 1093 1626 (a.
1106 1586 1127 1615 1.
1142 1577 1416 1624 intersectione)
1434 1579 1650 1628 distinguere

385 1651 394 1660 ο
423 1640 470 1660 Cr·

108 1654 370 1716 interfector.
406 1682 450 1724 4,
476 1683 522 1726 5,
548 1685 603 1718 15.
638 1701 684 1710 --
710 1684 819 1728 patris
852 1703 898 1712 —
919 1684 1041 1720 matris
1067 1684 1103 1729 5,
1128 1685 1184 1728 10,
1207 1685 1266 1720 88.
1303 1682 1501 1728 parricida,
1526 1683 1648 1717 matris

153 1742 236 1776 qum
260 1742 295 1765 ie
321 1735 378 1764 aut
401 1729 521 1763 fratris
547 1729 611 1763 int.
637 1730 672 1772 8,
698 1733 731 1773 6,
756 1731 802 1766 35
826 1732 875 1766 Ν.
1515 1771 1518 1774 ,
1571 1732 1574 1735 ”

108 1778 221 1819 tuter
258 1778 339 1817 cio.
383 1786 444 1831 qui
472 1798 510 1820 se
534 1786 700 1822 interficit
729 1791 776 1832 7,
799 1790 846 1832 3,
870 1791 905 1823 7.
947 1786 994 1830 cf.
1020 1789 1086 1831 11,
1114 1788 1157 1830 1,
1180 1788 1237 1822 36.
1285 1797 1352 1831 per
1373 1785 1582 1822 interfectos
1609 1786 1646 1820 in

153 1835 366 1869 Marathone
390 1839 426 1868 et
449 1833 628 1868 Salamine
655 1836 690 1878 9,
714 1837 749 1877 2,
777 1835 836 1869 62.

109 1881 298 1923 interim·
347 1891 379 1934 l)
405 1893 538 1932 vulgari
562 1904 671 1925 sensu.
720 1890 760 1932 α)
789 1904 865 1935 per
889 1892 1070 1935 aliquod
1091 1897 1282 1933 tempus:
1309 1894 1349 1926 ut
1371 1899 1446 1923 uno
1466 1889 1531 1923 int.
1556 1899 1647 1923 con·
1702 1915 1705 1921 .

154 1938 242 1973 tenti
268 1937 377 1971 simus
403 1938 571 1980 exemplo
597 1940 630 1979 1,
660 1940 716 1979 10,
744 1940 804 1976 27.
852 1937 917 1971 int.
943 1937 1110 1970 sufficere
1134 1935 1216 1970 illos
1243 1934 1403 1970 minores
1431 1938 1467 1977 2,
1491 1937 1526 1977 3,
1550 1937 1572 1969 3
1598 1937 1642 1968 Ν.

151 1986 215 2021 int,
245 1985 439 2017 admonere
461 1984 549 2018 illud
574 1983 659 2016 satis
684 1989 737 2017 est
764 1986 808 2026 2,
832 1982 874 2027 4,
900 1985 936 2019 3.
981 1982 1024 2024 cs:
1052 1986 1093 2016 ib.
1121 1985 1176 2016 12.
1209 1985 1253 2024 2,
1279 1983 1324 2024 9,
1354 1983 1387 2015 1.
1426 1983 1470 2022 2,
1497 1981 1640 2023 13,·15.

151 2034 185 2073 3,
208 2032 245 2073 8,
269 2032 291 2065 5
313 2031 360 2063 N.
387 2028 422 2072 4,
449 2031 482 2073 1,
507 2030 553 2063 26
578 2030 624 2063 N.
665 2028 699 2071 4,
725 2032 760 2072 2,
786 2033 864 2063 122.
899 2030 934 2072 6,
959 2032 993 2071 2,
1022 2031 1079 2063 23.
1120 2031 1154 2069 6,
1182 2030 1216 2071 3,
1242 2028 1298 2062 68.
1332 2027 1367 2069 9,
1384 2029 1417 2066 2,
1442 2027 1498 2061 19.
1526 2028 1582 2068 10,
1607 2030 1641 2070 1,

150 2082 185 2113 9.
210 2076 271 2110 44.
317 2075 359 2120 β)
385 2078 406 2108 ἰ.
433 2089 465 2120 q.
491 2078 701 2109 interea.-
741 2076 942 2109 omittamus
965 2074 1052 2118 int.‚
1089 2085 1180 2118 quae
1205 2072 1421 2106 didicimus?
1457 2075 1498 2114 1,
1525 2075 1581 2115 12,
1604 2073 1640 2107 6.

151 2133 223 2167 quo
249 2121 381 2167 sugerit
404 2121 468 2155 int.
495 2122 599 2156 dolor
622 2121 708 2156 ille?
740 2124 794 2164 ¹1,
821 2125 854 2163 1,
879 2121 935 2156 54.
984 2120 1023 2167 γ)
1049 2125 1128 2153 latet
1151 2121 1350 2162 significatio
1373 2125 1456 2151 iam
1469 2131 1538 2151 en:
1571 2119 1639 2154 lut.

150 2176 186 2202 et
212 2168 427 2202 sublimitate
449 2167 587 2202 heroici
612 2167 778 2202 carminis
803 2167 939 2201 animus
965 2171 1125 2213 assurgat
1150 2174 1210 2199 etc.
1238 2168 1270 2205 1.
1293 2165 1328 2206 8,
1345 2165 1376 2198 5-
1416 2165 1480 2197 Int.
1506 2163 1538 2198 si
1561 2164 1640 2208 quis

152 2217 247 2249 bono
271 2215 460 2248 inhonesta
482 2214 666 2256 suadebit,
698 2214 900 2248 meminerit
924 2224 997 2247 non
1021 2213 1171 2246 suadere
1195 2216 1361 2254 tanquam
1385 2209 1576 2244 inhonesta
1603 2212 1638 2254 3,

150 2265 182 2299 8,
205 2261 263 2295 44.
302 2261 397 2304 quod
424 2260 508 2293 alias
530 2259 718 2301 vitiosum,
753 2260 815 2293 int.
843 2259 929 2293 alias
953 2256 1089 2293 rectum
1117 2263 1170 2291 est
1195 2261 1226 2295 1,
1252 2258 1291 2298 5,
1322 2256 1388 2297 29;
1426 2267 1523 2289 cum
1556 2255 1638 2290 int.

149 2308 238 2341 aiios
267 2316 399 2341 nervos
428 2307 556 2339 dextra
579 2306 792 2349 percutiunt,
817 2306 906 2339 alios
930 2306 1032 2341 laeva
1055 2305 1200 2337 trahunt
1224 2304 1257 2345 1,
1283 2303 1339 2343 12,
1364 2303 1398 2335 3.
1438 2302 1533 2335 cum
1556 2301 1639 2338 int.

147 2359 183 2385 et
208 2354 266 2386 hic
294 2354 502 2395 frequenter
525 2352 598 2386 suis
620 2352 758 2386 viribus
782 2352 858 2394 ipse
883 2349 1138 2394 prosternitur,
1164 2355 1224 2381 etc.
1254 2350 1289 2390 2,
1314 2350 1369 2389 12,
1393 2349 1428 2383 2.
1463 2359 1495 2381 v.
1522 2346 1638 2383 Cum.

150 2399 204 2438 lt)
230 2402 251 2432 i.
279 2413 308 2443 q.
340 2400 585 2431 interdum.-
623 2396 660 2440 α)
689 2398 871 2442 imperiosi
897 2401 1001 2440 atque
1024 2394 1166 2429 interim
1196 2393 1396 2428 saevientes
1423 2396 1456 2436 1,
1483 2396 1516 2434 1,
1541 2394 1565 2428 8
1588 2395 1636 2431 N.
1662 2439 1665 2441 Β

150 2444 202 2484 cs:
222 2447 264 2477 ib.
291 2447 347 2478 20.
384 2447 418 2486 2,
442 2443 478 2486 4,
499 2443 534 2477 4.
560 2446 616 2477 32.
656 2446 698 2486 3,
724 2445 767 2486 6,
791 2444 849 2477 88.
890 2444 933 2484 3,
961 2443 1005 2483 8,
1031 2439 1089 2474 43.
1129 2442 1191 2479 10,
1217 2441 1258 2482 3,
1285 2443 1306 2474 7
1335 2440 1381 2475 Ν.
1423 2442 1466 2473 ib.
1491 2441 1550 2473 21.
1577 2441 1663 2474 32.’

152 2494 207 2531 10,
232 2493 266 2531 7,
292 2493 345 2523 31.
383 2492 445 2531 11,
471 2493 512 2532 1,
537 2488 593 2528 47.
633 2491 689 2532 11,
715 2491 749 2532 3,
778 2491 854 2523 127.
886 2489 970 2531 (α.1.
999 2486 1193 2529 interdum)
1217 2487 1251 2528 9,
1275 2484 1310 2527 4,
1336 2485 1394 2521 25.
1434 2496 1530 2519 cum
1553 2484 1634 2518 int.

147 2537 361 2578 persuadere
387 2537 548 2570 deforme
573 2535 618 2569 sit
643 2538 701 2579 11,
723 2538 755 2577 1,
777 2538 830 2568 11.
865 2534 900 2566 in
928 2532 1088 2578 apologis
1114 2543 1255 2578 quoque
1281 2537 1316 2565 et
1341 2530 1547 2574 quibusdam
1569 2530 1635 2569 int.

149 2581 255 2613 etiam
281 2581 436 2614 historiis
470 2583 515 2624 6,
547 2583 591 2623 3,
616 2579 674 2615 44.
731 2580 775 2625 β)
817 2582 890 2613 aliis
917 2582 1088 2622 particulis
1114 2581 1295 2621 excipitur.-
1333 2575 1468 2610 Latinis
1493 2575 1635 2619 quidem

146 2637 330 2669 semper
354 2628 414 2658 sed
445 2628 550 2660 etiam
574 2627 720 2661 Graecis
744 2624 944 2660 interim
973 2627 1007 2667 2,
1035 2628 1066 2666 1,
1093 2627 1125 2658 1.
1158 2622 1293 2658 indocti
1319 2621 1505 2665 saepius
1529 2627 1632 2665 atque

148 2673 230 2706 int.
256 2670 379 2704 rustici
408 2675 467 2710 12,
494 2676 554 2714 10,
581 2676 637 2708 53.
678 2671 794 2716 (vox)
820 2678 855 2707 et
879 2671 1071 2708 suffocetur
1095 2680 1230 2714 saepe
1254 2684 1298 2694 -
1322 2673 1357 2701 et
1380 2667 1458 2701 int.
1485 2666 1572 2701 elisa
1595 2666 1633 2701 in

146 2719 247 2753 illum
271 2727 396 2750 sonum
422 2718 573 2760 erumpit
602 2722 658 2761 11,
683 2721 718 2762 3,
745 2721 801 2754 51.
839 2718 1012 2764 (praedam
1040 2717 1119 2750 int.
1151 2726 1218 2750 nos
1243 2720 1279 2748 et
1300 2712 1422 2747 invitis
1445 2712 1633 2759 litigatori-

145 2764 214 2799 bus
239 2762 472 2797 simulandum
497 2768 551 2796 est
575 2763 695 2798 dicere
726 2775 789 2798 —t
822 2773 1153 2808 nonnunquam
1176 2778 1221 2786 -
1244 2758 1457 2794 subsistere:
1492 2769 1631 2803 saepe
