1728 3002
145 272 230 316 466
439 255 442 257 v
655 266 851 311 judicato
879 291 936 300 —
967 268 1183 315 judicium

190 386 251 420 ille
275 394 348 418 non
371 382 448 427 rapi
471 381 656 426 videatur,
679 383 743 417 sed
769 383 871 429 sequi
897 386 952 428 10,
977 387 1012 430 1,
1036 387 1116 421 110.
1141 397 1176 421 υ.
1204 387 1363 433 Rapio.
1408 388 1448 424 in
1464 386 1570 435 ‘quos
1602 389 1688 436 (os-

186 431 324 474 sectus)
351 429 574 463 inducendus
598 436 651 464 est
675 430 750 474 jud.
778 433 834 475 11,
858 433 893 474 3,
923 432 980 467 58.
1017 433 1267 476 perducendus
1292 433 1390 469 omni
1412 437 1520 471 modo
1543 438 1617 482 jud.
1643 439 1688 472 ad

190 479 266 512 irae
293 477 467 520 pudorem
493 478 550 519 11,
575 479 609 515 1,
633 476 692 511 76.
737 477 894 521 judicem
916 489 1128 523 praeparare
1154 483 1190 523 2,
1219 482 1275 523 10,
1301 481 1335 516 8.
1359 480 1406 523 cf.
1432 480 1468 526 4,
1501 484 1537 527 1,
1570 484 1629 519 52.
1652 485 1689 527 6,

191 524 227 567 4,
253 526 318 566 223
351 534 433 556 cum
458 522 503 555 ad
527 521 682 566 judicem
707 522 990 559 converterimus
1013 535 1080 559 nos
1105 527 1162 569 11,
1190 528 1226 570 3,
1251 526 1332 562 157.
1378 538 1424 561 an
1447 528 1492 562 ad
1514 529 1589 574 jud.
1609 540 1690 564 om-

190 571 228 605 ni
252 579 418 604 sermone
448 568 586 603 directo
610 568 801 603 dicendum
826 568 873 604 sit
895 573 930 614 2,
956 572 1012 615 13,
1037 572 1070 606 5.
1117 571 1283 608 inclinari
1307 573 1353 608 ad
1367 573 1442 617 jud.
1470 577 1528 619 11,
1551 576 1587 618 3,
1611 578 1690 612 132.

191 628 273 651 cum
301 615 397 650 domi
419 620 613 660 praecepta
641 620 678 649 et
705 615 900 661 composita
924 624 987 651 etc.
1015 618 1060 651 ad
1087 618 1162 660 jud.
1195 618 1355 664 perferet
1387 622 1452 662 12,
1488 622 1532 664 3,
1567 623 1603 655 2.
1648 627 1689 656 ut

191 665 236 698 ad
259 663 332 707 jud.
359 666 524 706 spectent
545 661 708 706 (gestus)
738 665 794 706 11,
820 664 854 706 3,
882 664 960 699 135.
1007 675 1098 708 quae
1129 665 1182 698 adv
1199 666 1272 710 jud.
1299 676 1374 700 non
1396 665 1549 702 veniunt
1575 669 1620 711 3,
1651 667 1688 711 4,

189 713 224 745 7.
272 710 315 742 ad
340 709 412 752 jud.
435 718 570 743 vocare
594 710 628 750 2,
651 706 687 751 4,
713 710 771 743 33.
819 710 943 753 apud
965 708 1155 752 judices
1184 714 1239 753 11,
1267 714 1299 755 1,
1323 713 1382 747 78.
1431 714 1489 756 12,
1512 716 1548 756 2,
1572 712 1631 748 24.
1653 726 1687 748 v.

188 756 285 799 Apu
297 756 331 788 d.
381 753 415 796 ζ)
440 753 620 788 Ablam
659 760 819 798 tempora
847 767 867 789 a
891 755 1008 799 judice
1032 757 1114 790 data
1143 759 1200 800 12,
1227 760 1283 800 10,
1309 759 1364 793 55.
1412 768 1460 792 ne
1485 764 1690 799 avertamur
1718 770 1728 802 'j

188 815 208 836 a
234 801 409 846 judicibus
436 803 491 850 11,
519 802 554 843 3,
581 803 660 834 127.
685 801 938 848 conjungendo
963 813 1044 835 cum
1068 803 1245 846 judicil‘ms
1272 803 1478 851 dignitatem
1504 807 1604 840 suam
1629 808 1687 848 11,
1718 802 1728 814 '⁴

191 852 224 892 1,
250 849 305 883 28.
355 858 430 880 11011
452 853 493 880 ut
522 858 601 881 cum
624 853 854 891 patrono,
888 849 950 882 sed
971 854 1012 882 ut
1039 860 1121 882 cum
1143 850 1230 893 jud.
1254 851 1450 894 loquuntur
1488 852 1557 894 12,
1590 851 1625 895 8,
1649 854 1685 887 9.

189 896 235 929 111
260 893 382 939 parvis
407 894 514 927 rebus
537 893 716 935 judicib
731 905 853 938 usque
880 906 975 930 vana
999 893 1071 929 sint
1097 896 1223 930 eadem
1257 899 1320 938 11,
1347 899 1363 929 1
1379 921 1389 938 ‚
1412 895 1460 930 44
1484 897 1530 931 N.

283 939 329 982 11)
359 941 506 985 quisquis
524 939 673 980 iudicat.-
699 939 811 984 iniqui
826 940 963 984 judices
977 942 1061 976 adv.
1087 951 1155 975 noa
1177 952 1298 976 sumus
1312 943 1347 985 8,
1366 944 1402 984 3,
1419 943 1476 976 33.
1524 940 1554 976 si
1581 942 1687 987 aequi

118 983 121 997 ¹
187 988 260 1031 jud.
291 997 412 1020 sumus
439 989 494 1028 12,
519 987 554 1026 7,
581 986 615 1019 7.
664 985 894 1020 Aristarchus
919 992 1024 1032 atque
1049 987 1310 1032 Aristophanes
1338 990 1527 1033 poetarum
1549 988 1687 1033 judices

187 1035 245 1076 (α.
269 1038 291 1067 l.
318 1031 512 1076 judicium)
538 1034 595 1075 10,
621 1034 666 1077 1,
703 1031 759 1067 54.
797 1033 881 1077 quia
912 1050 957 1057 —
989 1033 1125 1077 judices
1161 1034 1246 1069 artis
1281 1032 1412 1072 lubeat
1443 1033 1597 1081 artifices
1627 1037 1686 1079 12,

189 1083 252 1123 ιο,
285 1082 342 1114 50.
1615 1096 1618 1097 ν

1717 1065 1723 1089 ι

1716 1093 1722 1122 l

141 1135 166 1178 J
172 1136 370 1177 udicatio·
419 1145 504 1190 quid
532 1144 577 1180 sit
600 1146 673 1190 jud.
700 1148 736 1189 3,
755 1148 809 1190 11,
831 1150 864 1181 1.
892 1145 1123 1192 Κρινόμενον
1147 1151 1265 1182 autem
1287 1146 1469 1192 judicatio,
1493 1145 1554 1181 An
1576 1121 1728 1192 opor-*ii

184 1194 292 1228 tuerit
316 1194 377 1227 vel
403 1198 593 1226 nocentem
616 1198 766 1226 matrem
790 1203 810 1227 a
833 1193 907 1227 filio
930 1192 1074 1227 occidi?
1107 1195 1152 1228 ib.
1176 1191 1211 1227 4.
1239 1193 1285 1236 cf.
1310 1195 1346 1237 3,
1369 1194 1404 1236 6,
1428 1195 1484 1228 71.
1510 1194 1584 1238 jud.
1607 1205 1686 1228 ma·
1709 1163 1728 1240 :ii

185 1240 284 1275 xime
306 1237 472 1282 propria,
502 1239 547 1271 de
575 1249 644 1282 qua
670 1239 919 1281 pronuntiatur
942 1241 978 1282 3,
1001 1242 1058 1283 11,
1081 1240 1116 1274 8.
1162 1240 1234 1283 jud.
1267 1237 1517 1284 conjecturalis
1552 1241 1597 1274 ib.
1626 1242 1683 1275 15.
1706 1235 1719 1279 ἦ

185 1287 259 1331 jud.
294 1290 348 1319 est
383 1285 420 1317 iu
453 1283 551 1317 omni
586 1294 719 1329 genere
743 1295 928 1318 causarum
955 1287 999 1327 3,
1023 1285 1065 1327 6,
1091 1286 1170 1319 103.
1218 1286 1293 1329 jud.
1324 1290 1379 1319 est
1410 1284 1590 1329 qualitatis
1623 1285 1686 1330 (α.
1715 1282 1717 1288 ’

186 1332 209 1367 z.
235 1330 409 1376 qualitas)
434 1333 468 1371 7,
499 1331 533 1371 3,
562 1331 618 1364 36.
668 1335 755 1373 quot
778 1340 900 1363 causas
924 1329 1106 1372 faciendi,
1131 1330 1279 1365 totidem
1302 1325 1541 1374 judicationes
1559 1333 1600 1373 3,
1629 1319 1712 1374 ils*

184 1380 217 1414 6.
244 1377 288 1419 cs.
315 1377 349 1418 5,
379 1378 435 1419 11,
459 1375 526 1417 36;
559 1376 603 1409 de
628 1385 673 1409 eo
704 1376 783 1408 solo
807 1376 881 1419 jud.
907 1380 983 1417 est,
1016 1386 1062 1408 an
1092 1374 1224 1409 liceat?
1256 1378 1302 1418 7,
1339 1377 1383 1416 5,
1411 1377 1446 1411 3.
1494 1376 1683 1410 consilium

186 1429 241 1460 est
261 1423 353 1457 ratio
378 1422 554 1466 quaedam
576 1422 646 1454 alte
672 1419 782 1464 petita
806 1438 848 1454 τ-
873 1421 1080 1464 habensque
1103 1420 1143 1454 in
1167 1431 1207 1454 se
1231 1426 1268 1455 et
1290 1419 1620 1456 inventionem
1647 1427 1684 1456 et

183 1468 534 1516 judicationem
560 1467 619 1508 (α.
647 1471 669 1501 l.
699 1465 787 1510 om.)
817 1467 852 1510 6,
877 1469 912 1510 5,
936 1468 971 1501 3.
1021 1465 1118 1513 Quid
1140 1465 1187 1501 sit
1210 1467 1410 1511 judicatio?
1446 1468 1483 1510 3,
1509 1465 1598 1511 Cap.
1623 1470 1682 1502 11.
1704 1466 1722 1502 J·

138 1525 392 1567 Judicatrix.
440 1546 497 1569 ars
520 1535 595 1579 jud.
619 1538 663 1578 2,
699 1534 760 1578 15,
791 1537 851 1568 21.
1701 1498 1713 1525 ὲ

1685 1519 1709 1541 Ν

1696 1544 1709 1569 „l

136 1580 373 1624 Judicialis.
421 1609 467 1616 —
494 1603 600 1626 causa
623 1594 657 1635 3,
681 1591 716 1635 4,
749 1591 804 1627 16.
850 1590 924 1635 jud.
949 1600 1173 1634 causarum,
1195 1600 1287 1635 quae
1318 1595 1402 1625 sunt
1427 1592 1583 1629 maxime
1614 1571 1710 1655 vani

181 1640 257 1675 riae
281 1651 322 1673 ac
345 1637 579 1682 multiplices,
618 1638 708 1671 ordo
741 1636 787 1679 4,
810 1638 868 1671 Pr.
902 1637 938 1672 6.
993 1637 1067 1682 jud.
1104 1648 1291 1672 causarum
1324 1637 1412 1671 alias
1445 1637 1485 1672 in
1515 1639 1572 1674 sin
1607 1638 1709 1695 llis,'5

181 1687 268 1720 alias
291 1686 329 1719 in
355 1685 518 1728 pluribus
542 1683 801 1719 controversiis
825 1683 1024 1717 consistere
1047 1684 1083 1726 8,
1106 1684 1164 1718 Pr.
1187 1684 1222 1719 9.
1252 1695 1285 1716 v.
1321 1681 1486 1723 c-ausa.
1517 1685 1570 1728 ,iu
1593 1685 1707 1747 icio-g

181 1733 270 1766 lium
296 1731 421 1765 similis
445 1730 606 1775 quaestio
629 1732 665 1772 3,
690 1731 725 1767 S.
751 1730 784 1764 5.
831 1735 872 1762 ut
897 1729 1143 1774 Apollodorus
1167 1733 1353 1764 contentus
1384 1729 1471 1764 solis
1501 1731 1706 1794 judiciali-7

180 1779 247 1813 bus
270 1778 380 1812 fuerit
404 1779 439 1821 3,
465 1779 499 1820 1,
532 1779 564 1811 1.
611 1774 777 1820 judiciale
803 1786 931 1809 causae
955 1786 1068 1822 genus
1092 1778 1127 1819 2,
1153 1778 1185 1818 1,
1216 1777 1271 1809 10.
1317 1775 1391 1818 jud.
1429 1780 1543 1823 gemis
1572 1779 1608 1821 3,
1641 1777 1678 1821 4,
1683 1792 1704 1824 ,³⁵

181 1826 215 1861 9.
240 1827 275 1868 3,
300 1826 334 1867 9,
361 1827 394 1858 1.
441 1823 535 1867 jud.
559 1827 593 1857 et
619 1821 907 1856 contionale
935 1832 1048 1868 genus
1072 1822 1107 1865 9,
1130 1821 1166 1865 4,
1193 1822 1272 1856 130.
1296 1819 1341 1862 cf.
1378 1822 1421 1863 3,
1452 1822 1496 1866 4,
1519 1823 1554 1859 9.
1602 1823 1705 1899 jum}

182 1882 296 1919 genus
321 1869 543 1904 defensionis
569 1871 626 1911 11,
652 1871 685 1910 1,
711 1871 744 1903 9.
793 1867 865 1911 jud.
888 1868 1036 1903 materia
1059 1870 1094 1910 2,
1118 1869 1151 1910 1,
1176 1869 1200 1901 2
1224 1867 1272 1900 N.
1297 1869 1332 1910 2,
1358 1869 1416 1910 10,
1441 1870 1474 1902 1.
1495 1870 1531 1913 3,
1555 1868 1592 1912 4,
1620 1870 1701 1909 16.ἶ,

180 1920 217 1961 3,
242 1909 303 1960 ’11,
327 1919 360 1951 2.
389 1918 423 1958 3,
448 1916 483 1958 8,
511 1917 568 1950 53.
595 1915 652 1948 63.
676 1912 711 1956 4,
735 1912 831 1956 4,’1.
859 1915 894 1956 5,
917 1915 976 1948 Pr.
1002 1915 1034 1948 5.
1063 1916 1120 1957 11,
1145 1915 1179 1956 1,
1203 1911 1262 1947 48.
1283 1924 1318 1946 v.
1342 1913 1556 1948 Materia.
1601 1910 1701 1958 juda?

181 1963 295 1998 oratio
320 1966 354 2006 2,
381 1962 438 2005 15,
464 1963 520 1995 12.
566 1961 640 2005 jud.
665 1971 747 2004 pars
775 1959 983 2003 (historiae)
1005 1962 1049 2002 2,
1073 1958 1119 2003 4,
1143 1961 1179 1994 3.
1225 1959 1300 2004 jud.
1324 1957 1424 2003 (pars
1448 1960 1701 2011 orationis),2‚3

179 2014 238 2053 21,
261 2011 322 2046 23.
368 2009 442 2053 jud.
469 2005 627 2062 (partem
651 2007 852 2050 rhetorices)
875 2008 911 2049 3,
937 2007 971 2050 3,
997 2003 1054 2040 14.
1687 2010 1699 2041 ’ᾖ

134 2066 408 2107 Iudiciarius.
434 2076 562 2109 -lex
584 2072 629 2118 4,
663 2076 706 2118 5,
743 2076 802 2109 20.
1203 2087 1220 2124 ᾗ
1284 2104 1293 2108 .
1613 2064 1620 2068 ’
1692 2040 1699 2074 3

133 2123 363 2165 Judicium.
402 2132 432 2176 I)
457 2145 519 2165 usu
536 2130 679 2173 sorensi.
730 2131 773 2174 α)
796 2133 957 2165 sententia
978 2130 1124 2174 judicis:
1161 2138 1242 2164 cum
1265 2127 1310 2163 sit
1333 2130 1584 2165 sententia
1608 2076 1698 2350 dij-j

1674 2321 1691 2363 1

178 2186 314 2215 cretum
341 2180 518 2223 quoddam
551 2183 621 2222 atq.
655 2183 905 2222 praeceptum3
950 2177 1047 2221 quod
1082 2175 1127 2209 de
1161 2186 1223 2218 re,
1272 2175 1369 2209 idem
1402 2177 1447 2210 de
1484 2176 1675 2221 judicio

179 2226 303 2272 quaeri
326 2231 445 2269 potest
470 2227 532 2266 10,
565 2224 604 2266 5,
642 2227 701 2257 12.
749 2223 779 2257 si
802 2224 866 2257 lex
889 2224 1026 2265 obstat,
1062 2221 1158 2255 nulla
1182 2221 1243 2254 lis
1273 2226 1347 2265 est,
1387 2221 1609 2266 inane-jud.
1636 2227 1674 2268 7,

177 2277 210 2316 1,
238 2272 296 2307 48.
345 2273 419 2314 jud.
443 2271 577 2315 pendet
604 2279 653 2303 ex
675 2270 757 2316 lege
781 2268 1013 2303 abdicationis
1041 2270 1076 2310 7,
1102 2270 1134 2309 1,
1163 2267 1220 2301 15.
1245 2266 1333 2312 jud,
1356 2265 1452 2312 quod
1475 2269 1616 2303 oration
1691 2303 1693 2307 y

175 2318 411 2363 praecesserit
436 2319 476 2359 3,
503 2319 544 2360 7,
571 2317 627 2350 23.
675 2317 720 2349 ad
746 2326 789 2349 ea
817 2314 987 2358 judicium
1012 2312 1184 2359 dirigatur
1212 2312 1255 2355 6,
1288 2314 1323 2356 5,
1354 2317 1391 2349 2.
1430 2324 1643 2362 -cognoscen

176 2366 250 2409 jud.
276 2364 418 2398 auferre
435 2360 479 2404 χ4,
505 2362 538 2404 5,
563 2363 597 2396 6.
643 2361 783 2404 judiciis
808 2362 851 2393 ad
874 2360 987 2406 ipsam
1026 2369 1168 2392 causam
1204 2358 1463 2402 pertinentibus
1486 2376 1531 2385 —
1555 2361 1672 2405 qualia

177 2411 215 2444 in
241 2409 476 2454 Oppianicum
498 2409 594 2441 facta
617 2407 784 2440 dicuntur
806 2405 866 2450 (de
885 2403 1127 2448 praejudiciis)
1151 2406 1186 2447 5,
1213 2407 1250 2448 2,
1279 2409 1311 2439 1.
1361 2406 1415 2440 Μ.
1442 2405 1588 2441 Catonis
1612 2405 1651 2452 ju

177 2456 273 2490 dicio
298 2457 461 2489 damnata
484 2454 529 2496 5,
552 2456 608 2496 11,
633 2455 690 2488 39.
717 2452 761 2493 cs.
788 2453 822 2494 9,
856 2453 891 2493 3,
919 2449 966 2484 42
988 2454 1032 2484 Ζ.
1079 2450 1202 2493 judicii
1230 2451 1396 2496 corrupti
1425 2453 1609 2486 damnatus
1632 2455 1675 2496 5,ἓ

178 2504 232 2538 10.
263 2504 341 2536 108.
366 2501 478 2535 filium
505 2499 663 2542 corrupti
686 2497 809 2542 judicii
833 2497 980 2531 crimine
1005 2496 1260 2530 exheredatum
1287 2498 1327 2540 5,
1359 2499 1421 2541 13,
1456 2499 1512 2532 32.
1560 2500 1603 2542 β)
1625 2500 1675 2540 ἀι,

177 2550 305 2580 actione
323 2546 453 2588 sorensi
477 2553 535 2579 aut
561 2557 712 2579 consessu
736 2545 896 2585 judicum.
949 2544 982 2585 a)
1010 2555 1039 2575 ο.
1065 2545 1210 2576 Attrib..·
1248 2549 1414 2587 corrupta
1437 2543 1510 2588 jud.
1540 2547 1576 2586 2,
1610 2547 1627 2578 1

175 2592 210 2626 6.
257 2593 329 2635 jud.
356 2593 568 2636 capitalibus
591 2590 627 2634 4,
655 2594 686 2634 1,
711 2591 768 2624 57.
816 2587 1134 2623 centumviralibus
1157 2589 1182 2632 j.
1208 2588 1406 2632 duplicibus
1433 2591 1497 2631 11,
1537 2593 1578 2631 1,
1607 2590 1685 2646 784

174 2638 382 2684 gravissima
404 2639 427 2681 j.
453 2641 509 2681 12,
534 2638 570 2680 6,
599 2641 630 2671 1.
677 2638 702 2680 j.
728 2634 864 2670 liberali
888 2635 923 2676 6,
948 2636 982 2677 3,
1008 2636 1064 2668 32.
1096 2634 1158 2667 illa
1180 2635 1272 2668 mala
1295 2634 1382 2679 (11.1.
1403 2633 1540 2675 civilia)
1564 2635 1587 2675 i.
1609 2637 1685 2698 1οἢ

177 2687 210 2725 1,
237 2686 291 2717 70.
340 2684 365 2725 j.
391 2683 529 2726 privata
552 2685 588 2725 3,
614 2685 670 2726 10,
698 2684 730 2716 1.
777 2680 812 2724 4,
836 2684 872 2724 2,
897 2681 954 2715 61.
1005 2682 1059 2722 11,
1085 2682 1118 2722 3,
1146 2682 1219 2714 127-
1234 2680 1282 2713 Ν.
1305 2681 1382 2714 150.
1410 2680 1434 2724 j.
1459 2679 1601 2724 publica
1631 2682 1652 2714 3

175 2730 232 2771 10,
260 2730 291 2761 1.
318 2728 351 2770 5,
379 2731 414 2770 7,
444 2729 476 2763 9.
500 2729 535 2771 6,
559 2729 595 2771 4,
620 2729 654 2762 7.
685 2731 741 2770 11,
767 2730 802 2770 1,
829 2725 885 2761 43.
910 2729 967 2769 11,
991 2727 1025 2768 3,
1052 2726 1131 2769 150.
1158 2725 1284 2768 12,-9,
1322 2726 1376 2760 16.
1423 2726 1448 2769 j.
1483 2727 1645 2761 severior
1680 2768 1681 2771 Ἴ

172 2773 209 2817 4,
237 2777 272 2816 2,
299 2776 376 2807 122.
422 2772 460 2806 111
486 2774 510 2816 j.
535 2773 747 2808 Cluentiano
772 2776 829 2816 11,
855 2777 887 2815 1,
911 2771 968 2807 74.
1014 2772 1052 2805 111
1076 2771 1101 2815 j.
1128 2770 1282 2806 Curiano
1305 2773 1342 2814 7,
1367 2772 1401 2813 6,
1427 2772 1460 2807 9.
1483 2770 1521 2805 111
1543 2771 1568 2815 j.
1591 2755 1677 2819 Mi}

173 2819 320 2854 Ioniano
345 2822 379 2860 2,
411 2821 469 2860 20,
493 2820 539 2860 83
564 2819 602 2852 in
625 2821 649 2862 j.
677 2818 911 2853 abdicationis
941 2821 976 2861 7,
1005 2816 1042 2861 4,
1077 2819 1132 2850 10.
1164 2816 1361 2852 dementiae
1393 2817 1525 2861 judicia
1559 2821 1594 2860 7,
1627 2814 1682 2867 4¹..

173 2869 232 2902 29.
258 2864 417 2900 omnium
442 2865 562 2910 legum
586 2864 716 2908 judicia
731 2866 768 2908 9,
785 2866 821 2908 3,
842 2865 899 2900 56.
922 2863 959 2898 in
985 2863 1012 2908 j.
1037 2861 1277 2907 ctesiphontis
1299 2865 1335 2906 7,
1355 2864 1389 2906 1,
1410 2865 1445 2897 2.
1488 2861 1524 2906 b)
1547 2862 1671 2917 Nomidf
