1728 3002
176 125 258 165 812
750 124 934 167 Securus
962 150 1018 158 —
1046 126 1133 168 Sed

218 235 499 282 reprehensione
526 236 635 284 digna,
662 239 706 281 2,
734 238 776 281 3,
804 235 842 272 4.
877 248 924 273 ne
946 237 1063 274 invisa
1086 238 1133 274 sit
1153 237 1321 285 litigantis
1354 251 1384 275 s.
1404 240 1449 284 6,
1474 243 1517 287 1,
1541 239 1598 288 34.
1633 240 1709 276 odit

218 284 329 328 judex
359 283 525 330 litigantis
550 283 777 319 securitatem
804 284 840 327 4,
866 288 900 328 1,
925 285 980 321 55.
1005 284 1051 327 cs.
1073 286 1108 328 6,
1131 287 1168 329 3,
1191 287 1248 322 62.
1273 286 1566 330 simplicitas
1590 287 1651 322 illa
1670 293 1707 322 et

217 331 318 365 velut
341 342 386 364 se
399 342 431 364 c.
456 330 677 364 inaffectatae
711 329 882 365 orationis
913 330 1003 365 mire
1037 337 1163 366 tenues
1194 343 1319 367 causas
1352 333 1456 367 decet
1482 336 1547 377 11,
1579 337 1619 376 1,
1647 335 1706 369 93.

218 376 271 410 sic
295 375 516 409 audientibus
540 387 610 410 sec.
635 376 746 410 aberit
772 380 806 420 2,
833 378 868 420 5,
894 379 947 412 13.
972 377 1034 411 illa
1058 389 1191 412 summa
1214 389 1328 413 cura
1348 378 1628 413 securitatis
1652 385 1707 413 est

219 422 345 456 similis
369 422 415 464 5,
440 424 507 463 13,
532 425 589 457 52.
618 434 677 456 res
703 424 813 456 altera
835 422 1038 457 taedium
1060 424 1216 467 laboris,
1251 426 1361 459 altera
1390 424 1707 459 securitatem

217 467 309 512 parit
332 470 367 508 2,
394 471 429 510 2,
453 469 486 503 6.
512 467 588 513 ipsa
612 468 801 503 securitate
826 468 1044 513 dimittimus,
1070 481 1161 515 quae
1185 469 1390 515 scripsimus
1415 473 1472 514 11,
1493 474 1529 515 2,
1553 473 1589 507 9.
1612 472 1710 516 quod

219 515 316 547 nulla
340 514 519 548 scribendi
544 515 732 549 securitate
754 516 896 549 laxatur
922 518 987 560 10,
1013 517 1057 560 6,
1083 520 1118 550 2.
1145 529 1179 550 υ.
1199 517 1340 552 Laxo-

174 559 374 601 Seourus·
422 569 472 616 a)
495 573 537 605 de
560 574 724 616 personis.-
751 583 772 605 a
796 572 982 607 securis
1007 572 1263 618 otiosisque
1289 575 1323 617 5,
1353 575 1410 617 13,
1438 574 1493 609 59.
1524 585 1603 609 cnm
1625 585 1708 609 reus

219 616 349 650 dicitur
371 618 618 660 robustus,
643 623 848 652 armatus
877 619 969 662 (Sp.
995 622 1092 653 inser.
1118 619 1304 660 solicitus)
1329 625 1452 654 contra
1474 619 1708 663 infirmos,

217 662 455 706 inermes,
481 674 678 698 securos
703 663 747 707 4,
771 667 811 707 2,
837 664 881 699 55
903 667 939 699 S.
975 665 1020 707 cs.
1046 667 1090 710 6,
1115 668 1158 707 1,
1182 664 1238 700 14.
1264 667 1394 701 nedum
1419 666 1707 708 eum(7'ud1‘cem)

218 709 381 754 supini
404 709 638 755 securique
662 720 869 746 moveamus
895 713 951 754 11,
975 714 1009 754 3,
1033 714 1067 746 3.
1090 723 1210 746 serum
1234 717 1304 756 est,
1330 713 1508 747 advocare
1536 712 1580 746 iis
1602 712 1709 746 rebus

217 755 383 789 affectum
406 755 444 789 in
465 756 714 800 peroratione,
751 768 838 800 (pias
864 768 1011 791 securus
1034 757 1234 792 narraveris
1256 758 1301 802 4,
1324 761 1360 801 2,
1386 759 1464 793 115.
1490 758 1520 792 si
1543 769 1709 796 securum

216 801 357 835 intrarit
393 802 508 837 oratio
535 802 582 846 4,
608 804 654 845 5,
677 803 718 846 53
756 813 901 836 securus
935 809 1006 838 tam
1038 815 1171 848 parvae
1201 803 1464 840 observationis
1497 806 1542 847 8,
1573 806 1618 846 3,
1651 806 1709 839 51.

217 846 263 893 β)
286 850 329 881 de
352 850 471 883 rebus.-
510 854 574 893 ut,
606 860 695 894 quae
722 849 904 893 complexi
925 850 1043 884 animo
1067 861 1208 895 sumus,
1231 850 1340 884 fluant
1362 861 1486 885 secura
1513 853 1580 893 10,
1604 850 1650 892 6,
1672 850 1708 883 6.

217 904 349 928 causae
378 893 618 938 solicitae,
656 905 867 929 securae
893 898 953 938 11,
978 898 1021 939 3,
1049 897 1127 931 151.
1163 907 1310 932 securae
1343 895 1509 931 claritatis
1533 894 1634 939 (vox)
1662 897 1706 929 1⁹1».

215 939 277 974 64.
301 952 330 974 s.
357 941 513 975 lectione
540 944 596 984 10,
621 941 654 983 5,
679 936 713 976 8.
735 946 806 975 tam
831 953 903 976 sec.
928 942 1133 979 observatio
1160 942 1288 977 artium
1314 946 1371 987 11,
1396 946 1430 986 1,
1456 940 1523 986 543
1547 947 1709 986 tempore

215 987 261 1019 ad
288 987 575 1031 componendum
598 986 780 1021 securiore
806 989 862 1031 12,
888 991 922 1032 1,
945 990 1003 1023 20.

171 1041 322 1084 Sectis.
362 1060 468 1098 prout
495 1062 696 1100 opportune
727 1055 942 1101 proprieque
967 1062 1026 1091 aut
1049 1067 1154 1091 secus
1178 1057 1355 1098 collocata
1375 1061 1461 1091 sunt
1483 1054 1620 1098 (verbu)
1648 1057 1706 1098 10,

214 1103 336 1180 ἓῖιὶἕὶὰ
349 1101 464 1181 ¹:13¹1ae
488 1107 548 1136 aut
569 1113 673 1136 secus
700 1103 896 1137 secundum
921 1114 1041 1138 mores
1066 1102 1238 1138 utentium
1263 1104 1352 1138 fiunt
1375 1106 1410 1148 2,
1434 1105 1493 1147 20,
1516 1105 1550 1137 1.
1574 1114 1608 1136 v.
1630 1102 1707 1136 Se-

171 1190 272 1232 8811·
311 1201 347 1245 Ι)
375 1206 575 1247 simpliciter.
617 1204 659 1250 α)
687 1208 916 1240 antecedentia
938 1211 1070 1251 supplet
1094 1214 1126 1241 et
1150 1208 1313 1241 emendat.
1349 1204 1383 1248 a)
1406 1188 1490 1240 iiam
1515 1209 1568 1239 esi
1593 1215 1705 1249 equus

215 1249 366 1292 animal,
400 1252 463 1284 sed
486 1251 693 1286 irrationale
719 1256 763 1292 7,
790 1255 836 1294 3,
859 1253 918 1287 24.
946 1253 1045 1286 illam
1070 1253 1323 1296 jucunditatem
1349 1252 1605 1292 inaffectatum,
1641 1252 1705 1285 sed

217 1303 323 1337 quam
348 1297 443 1328 nulla
467 1297 638 1340 consequi
662 1297 840 1331 affectatio
864 1298 975 1342 possit
999 1301 1056 1341 10,
1083 1301 1116 1343 1,
1140 1300 1197 1331 82.
1225 1298 1374 1332 Occisus
1398 1303 1464 1340 est,
1489 1298 1567 1330 sed
1590 1298 1703 1340 latro;

218 1347 457 1383 excoecatus,
482 1343 564 1375 sed
582 1349 711 1385 raptor
731 1346 766 1385 7,
790 1343 825 1385 4,
849 1345 884 1378 8.
918 1342 963 1384 cs.
989 1347 1024 1386 7,
1051 1347 1083 1385 1,
1108 1344 1166 1377 48.
1192 1344 1248 1379 51.
1274 1343 1418 1377 levendi
1440 1342 1648 1386 quidem,
1673 1355 1704 1378 s.

215 1395 309 1419 non
332 1393 371 1420 ut
395 1387 560 1431 phrasin,
586 1387 624 1421 id
649 1394 702 1422 est
727 1399 855 1432 corpus
884 1389 1128 1433 eloquentiae,
1155 1389 1287 1422 faciant
1310 1373 1366 1432 fo,
1395 1391 1429 1432 1,
1452 1390 1509 1422 87.
1540 1388 1586 1430 ‹ff-
1608 1390 1645 1431 8,
1667 1389 1704 1432 6,

216 1433 273 1466 59.
299 1435 354 1469 11.
382 1436 414 1475 1,
441 1434 497 1467 88.
524 1434 567 1466 ad
590 1433 728 1468 minora
751 1434 822 1473 illa.
847 1436 940 1478 sed,
966 1446 1056 1479 quae
1080 1434 1110 1468 si
1134 1434 1306 1482 negligas,
1326 1433 1419 1469 'non
1443 1435 1489 1468 sit
1510 1434 1705 1478 majoribus

212 1477 327 1520 locus,
352 1479 410 1512 Pr.
432 1479 465 1513 5.
511 1480 633 1525 Qualis
658 1481 773 1513 adhuc
796 1482 948 1514 sortasse
971 1492 1078 1515 nemo
1101 1481 1227 1514 fuerit:
1256 1481 1339 1515 sed
1359 1491 1455 1515 non
1479 1480 1561 1514 ideo
1574 1480 1704 1515 ,minus

212 1523 320 1558 nobis
351 1525 392 1558 ad
427 1536 562 1558 summa
589 1527 805 1560 tendendum
837 1533 892 1560 est
916 1528 975 1561 Pr.
999 1528 1055 1562 19.
1078 1527 1169 1560 sicut
1197 1526 1392 1568 Caecilius,
1417 1526 1616 1570 Dionysius
1639 1533 1705 1560 etc.

213 1571 293 1602 sed
313 1582 401 1604 non
423 1570 540 1604 minor
563 1571 632 1605 erit
655 1583 797 1614 eorum,
825 1572 884 1616 qui
906 1572 1057 1614 vivunt,
1081 1571 1194 1619 gloria
1217 1574 1252 1615 9,
1277 1574 1311 1615 3,
1335 1573 1394 1608 89.
1426 1571 1472 1613 cs.
1504 1575 1561 1615 11,
1587 1574 1624 1615 1,
1648 1573 1706 1606 88.

214 1621 315 1649 extra
339 1628 481 1650 carmen
506 1628 580 1651 non
605 1619 867 1661 deprehendas:
893 1619 971 1652 sed
995 1629 1080 1652 nec
1103 1619 1139 1652 in
1162 1617 1319 1652 carmine
1339 1617 1429 1653 vitia
1445 1619 1607 1652 ducenda
1622 1623 1715 1653 sunt.

212 1665 248 1704 1,
275 1663 308 1704 5,
335 1665 388 1697 18.
420 1662 465 1704 cf.
489 1665 523 1706 3,
553 1664 587 1707 6,
615 1665 671 1698 76.
703 1667 768 1707 12,
790 1667 854 1707 11,
881 1667 926 1699 27
938 1668 983 1698 Ζ.
1007 1665 1105 1698 Male
1130 1664 1243 1708 petis,
1270 1663 1493 1707 procuratori
1520 1663 1614 1698 enim
1638 1662 1704 1698 tibi

213 1719 293 1741 esse
321 1719 394 1742 non
422 1709 544 1742 licuit:
581 1711 663 1743 sed
687 1721 838 1754 neque
861 1710 934 1753 illi,
959 1710 1058 1754 cujus
1084 1710 1228 1744 nornine
1252 1710 1390 1756 litigas,
1416 1711 1548 1744 habere
1570 1720 1704 1754 procu-

212 1760 386 1788 ratorem:
418 1756 495 1789 sed
519 1767 668 1800 neque
693 1768 731 1790 es
751 1758 856 1790 heres
873 1757 962 1798 ejus,
983 1767 1004 1790 a
1020 1767 1092 1801 quo
1110 1756 1290 1800 accepisse
1307 1761 1461 1790 mutuam
1480 1755 1600 1790 dicor:
1624 1756 1701 1791 sed

214 1801 298 1842 (Sp.
326 1800 401 1842 om.)
427 1812 512 1835 nec
535 1801 605 1846 ipsi
633 1802 738 1836 debui
762 1802 796 1845 4,
817 1802 851 1844 4,
873 1804 907 1837 6.
934 1804 999 1836 Ina
1022 1814 1164 1846 quoque
1188 1801 1326 1835 minora
1348 1802 1430 1846 (sed
1453 1801 1543 1835 nihil
1566 1801 1603 1835 in
1626 1806 1704 1835 stu-

213 1845 280 1880 diis
305 1859 455 1890 parvum
481 1847 552 1891 est)
575 1859 648 1882 non
674 1855 752 1882 sunt
782 1850 997 1882 transeunda
1023 1851 1078 1890 10,
1101 1850 1137 1892 3,
1161 1850 1219 1883 31.
1242 1847 1304 1882 via
1325 1853 1476 1881 tamen
1498 1846 1702 1892 incipienti-

211 1893 278 1926 bus
309 1903 398 1936 opus
435 1900 509 1936 est,
546 1895 629 1928 sed
658 1906 711 1928 ea
734 1896 858 1938 plana,
883 1902 945 1928 etc.
976 1896 1023 1938 8,
1061 1896 1119 1928 Pr.
1144 1896 1178 1928 3.
1211 1893 1397 1928 decentior
1430 1904 1568 1937 equuS,
1600 1892 1702 1936 cujus

183 1970 185 1973 .
213 1938 357 1972 astricta
384 1939 455 1979 ilia,
481 1940 563 1973 sed
591 1939 714 1974 idem
738 1941 903 1974 velocior
925 1942 960 1983 8,
985 1942 1021 1984 3,
1047 1943 1101 1974 10.
1129 1938 1272 1983 [Utique
1299 1939 1339 1972 in
1361 1938 1540 1973 conviviis
1565 1944 1601 1972 et
1627 1950 1702 1972 ser·

212 1985 379 2018 monibus
399 1986 500 2018 multi
525 1986 689 2028 dicaces3
724 1988 787 2020 sed
811 1990 872 2027 (Z.
902 1983 1002 2029 mm),
1029 1985 1111 2030 quia
1133 1985 1171 2020 in
1197 1986 1269 2019 hoc
1294 1984 1363 2018 usu
1386 1984 1564 2019 cotidiano
1591 1985 1703 2028 profi-

211 2030 323 2063 cimus
348 2032 381 2074 6,
404 2033 439 2073 3,
469 2030 514 2064 14
534 2033 579 2065 Ν.
602 2034 688 2076 cr.];
714 2032 872 2078 Longius
899 2038 1048 2067 evectus
1070 2043 1167 2072 sum,
1191 2031 1255 2064 sed
1276 2031 1388 2065 redeo
1413 2031 1458 2064 ad
1480 2030 1702 2075 propositum

211 2077 247 2117 9,
269 2079 303 2118 3,
323 2079 379 2111 87.
405 2077 606 2111 Similitudo
631 2078 820 2112 assumitur
846 2078 989 2112 interim
1012 2084 1047 2111 et
1071 2079 1115 2112 ad
1142 2077 1313 2111 orationis
1341 2082 1524 2118 ornatum;
1553 2077 1616 2110 sed
1639 2075 1701 2110 ina

210 2133 388 2166 exequar,
417 2135 497 2157 cum
521 2135 579 2157 res
607 2124 738 2170 exigit,
765 2136 861 2158 nunc
886 2135 941 2166 ea,
967 2135 1057 2167 quae
1081 2131 1142 2156 eic-
1168 2125 1201 2166 5,
1227 2126 1282 2165 11,
1311 2125 1343 2157 5.
1371 2121 1416 2164 cJZ
1441 2123 1475 2164 5,
1501 2121 1556 2165 14,
1582 2122 1639 2156 27.
1665 2126 1702 2155 et

210 2179 266 2211 ap.
292 2169 458 2203 Rutilium
485 2171 592 2216 longa
616 2166 802 2213 περιόδοις
823 2169 1009 2214 (iteratio).·
1036 2171 1098 2204 sed
1113 2170 1203 2203 haec
1217 2168 1317 2202 initia
1333 2167 1586 2211 sententiarum
1606 2173 1701 2210 sunt,

211 2217 350 2247 I'aier
377 2217 446 2248 hic
473 2219 597 2251 tuus?
623 2224 683 2248 etc.
708 2218 753 2259 9,
779 2218 819 2258 3,
844 2216 889 2250 36
906 2217 953 2249 ΝΖ
1002 2214 1041 2260 b)
1066 2217 1287 2259 praecedente
1311 2216 1520 2257 Negatione:
1547 2212 1700 2249 virtutes

210 2260 286 2299 eius
314 2272 405 2295 non
429 2262 684 2304 aemulatione,
720 2262 803 2296 sed
835 2261 1019 2295 intellectu
1049 2261 1148 2306 sequi
1175 2263 1238 2303 10,
1270 2263 1286 2294 1
1303 2287 1313 2304 ‚
1341 2263 1398 2295 50.
1433 2260 1558 2294 Lectio
1587 2258 1701 2294 libera

211 2312 282 2348 est,
313 2318 394 2341 nec
420 2307 569 2341 actionis
602 2307 735 2351 impetu
759 2307 978 2350 transcurrit,
1005 2308 1087 2341 sed
1111 2313 1275 2350 repetere
1298 2306 1438 2350 saepius
1463 2305 1547 2340 licet
1569 2307 1612 2343 ὥ.
1641 2306 1701 2340 19.

210 2362 262 2384 ne
276 2365 297 2395 q
310 2364 365 2387 ue
401 2365 516 2387 sane
557 2353 653 2388 aliud
686 2359 739 2387 est
775 2354 850 2393 eius
876 2364 1006 2387 nomen
1031 2354 1220 2396 Latinum,
1255 2353 1330 2386 sed
1356 2364 1398 2386 ea
1422 2351 1625 2396 quaeritur,
1655 2361 1701 2384 an

211 2397 281 2430 sit?
312 2401 350 2441 3,
376 2400 421 2441 6,
446 2402 490 2433 23
506 2400 553 2433 Ν.
585 2405 623 2432 ut
647 2398 814 2445 cogitatio
840 2410 933 2433 non
964 2398 1131 2443 utique
1164 2398 1291 2432 melior
1315 2398 1360 2432 sit
1387 2409 1448 2440 ea,
1480 2398 1567 2432 sed
1593 2395 1702 2430 tutior

211 2445 266 2484 ’10,
295 2447 326 2484 7,
357 2447 410 2478 19.
446 2444 491 2486 rs.
521 2448 555 2487 7,
585 2448 616 2488 1,
643 2447 697 2479 19.
723 2455 816 2478 non
840 2451 958 2489 potest
979 2445 1067 2478 ferri
1091 2451 1254 2479 contorta
1278 2444 1355 2488 vi8‚
1380 2444 1479 2486 sed,
1507 2448 1547 2476 ut
1567 2441 1725 2486 optime*

208 2499 341 2522 vocum
371 2491 588 2538 singularum
614 2492 715 2524 cedat
740 2491 889 2535 electio,
914 2501 1007 2524 non
1039 2490 1216 2529 continua.
1246 2491 1324 2525 sed
1348 2488 1544 2534 composita
1565 2492 1620 2521 est
1643 2485 1700 2528 10,

210 2536 254 2574 7,
283 2535 336 2568 14.
370 2543 488 2569 cetera
512 2537 664 2581 propriis
689 2537 810 2570 decisa
833 2543 914 2570 sunt
936 2537 1081 2580 verbis,
1114 2549 1268 2571 verum
1291 2547 1382 2569 non
1413 2541 1535 2578 pastor
1558 2533 1699 2566 Menal-

212 2590 292 2620 cas,
319 2582 393 2613 sed
419 2582 591 2627 Virgilius
617 2589 671 2619 est
694 2583 943 2629 intelligendus
968 2584 1007 2623 8,
1035 2584 1069 2625 6,
1098 2582 1154 2617 47.
1181 2593 1336 2626 neque
1360 2580 1453 2615 enim
1479 2584 1581 2630 acute
1605 2583 1698 2612 ten—

211 2629 300 2656 tu1u
327 2638 366 2658 ac
392 2625 566 2670 wem-ste,
601 2630 676 2662 sed
707 2630 836 2670 stulte,
873 2629 1044 2662 iracunde
1072 2637 1133 2662 etc.
1160 2628 1252 2662 dicta
1277 2633 1336 2661 aut
1362 2627 1453 2659 facta
1483 2625 1642 2657 ridentur
1665 2625 1700 2666 6,

213 2672 245 2710 3,
277 2673 298 2702 7
318 2672 359 2703 Ν·
393 2672 436 2711 vs.
464 2675 504 2714 6,
533 2674 577 2711 4.
609 2678 662 2707 10.
692 2688 723 2708 ι·.
746 2676 894 2709 Modo.
946 2675 1166 2720 Quidenn3
1202 2676 1303 2706 ωηίιι.
1331 2673 1431 2704 sed.-
1466 2671 1559 2703 Nec
1583 2675 1699 2703 tamen

211 2714 328 2749 minus
356 2718 439 2751 artis
465 2724 523 2751 aut
546 2731 630 2752 usus
654 2720 691 2753 hi
716 2721 875 2755 leuiores
898 2721 1049 2764 habent,
1073 2720 1200 2755 virium
1227 2725 1323 2763 atqu.
1347 2715 1498 2760 impetus
1522 2726 1594 2750 non
1623 2721 1702 2750 ten-
