1728 3002
107 216 191 255 610
796 207 954 251 Orator
1012 272 1018 278 .

151 326 293 371 aliquis,
318 326 380 360 sed
404 323 516 372 magis
538 323 576 359 in
599 329 742 359 oratore
766 323 982 368 conspicuus
1005 325 1063 369 11,
1085 325 1122 369 3,
1149 326 1229 363 137.
1265 335 1320 362 or.
1357 326 1587 363 fundamenta
1610 330 1646 373 1,

149 372 187 416 4,
211 374 243 408 5.
292 372 523 406 instrumenta
550 382 624 405 non
651 370 788 411 artis,
824 371 887 405 sed
914 370 1026 415 ipsius
1051 372 1261 407 oratoris
1294 375 1351 416 12,
1382 374 1418 417 5,
1456 377 1487 409 1.
1518 380 1646 408 orato-

149 431 229 453 rum
253 419 378 466 ingens
411 429 535 451 manus
574 419 631 460 10,
664 420 697 460 1,
731 417 789 452 76.
837 428 943 460 quem
974 416 1013 450 in
1046 418 1118 451 hoc
1156 418 1308 454 oratoris
1337 421 1482 454 modum
1513 423 1571 464 12,
1607 422 1645 463 9,

151 465 208 499 14.
257 466 300 499 ab
329 463 426 499 omni
450 474 597 498 munere
626 473 679 497 or.
701 465 758 507 12,
784 465 821 506 2,
843 464 879 498 6.
907 462 1139 498 clarissimum
1162 475 1295 499 nomen
1318 475 1372 499 or.
1398 468 1473 510 10,’
1492 468 1528 509 1,
1563 469 1644 501 120.

150 523 205 546 or.
233 522 336 545 sacro
362 510 506 545 nomine
531 512 588 549 12,
618 512 649 552 1,
672 507 730 544 24.
777 509 1025 544 meditationes
1052 510 1215 544 omnibus
1239 522 1292 546 or.
1317 510 1378 554 (a.
1409 516 1430 546 l.
1468 512 1646 555 oratoriis)

151 557 306 591 numeris
330 557 514 591 absolutae
540 558 596 599 10,
621 558 656 599 1,
685 558 742 590 70.
793 566 898 590 omne
925 566 978 590 or.
1003 556 1161 590 officium
1185 562 1246 591 aut
1267 558 1304 591 in
1328 556 1468 601 judiciis
1495 563 1561 600 est,
1585 564 1646 593 aut

150 609 254 638 extra
278 602 408 646 judicia
436 605 470 646 3,
492 601 528 646 4,
556 603 589 637 6.
613 612 666 636 or.
686 601 843 636 officium
866 602 1030 645 docendi,
1055 603 1239 646 movendi,
1264 604 1464 638 delectandi
1485 603 1646 649 partibus

150 649 327 684 contineri
351 650 386 692 8,
410 650 466 684 Pr.
491 652 525 683 7.
573 648 613 682 in
635 649 837 692 eloquendo
861 648 1015 692 positum
1045 659 1100 682 or.
1133 649 1292 683 officium
1319 652 1375 691 10,
1401 652 1435 692 1,
1459 652 1495 684 3.
1541 656 1581 684 ut
1606 649 1647 684 in

151 694 433 739 disputatio
448 694 579 728 nibus
604 694 723 738 potius
747 699 870 741 arguta
895 695 1091 730 verborum
1115 695 1328 739 cavillatrix,
1353 707 1458 740 quam
1483 695 1521 730 in
1546 706 1647 730 ora-

150 742 274 776 toris
299 741 475 775 officio
497 742 646 774 multum
671 741 818 774 allatura
841 741 1012 775 momenti
1045 745 1080 784 7,
1105 743 1140 783 3,
1169 742 1213 775 14
1239 746 1282 776 Z.
1308 742 1459 786 qualitas
1485 742 1647 776 maxime

149 790 248 831 (Sp.
277 787 461 831 maxima)
485 786 637 821 oratoris
661 786 788 831 recipit
811 797 957 831 operam
981 786 1075 832 (Sp.
1100 786 1233 832 opera)
1267 791 1302 830 7,
1325 786 1362 831 4,
1389 790 1434 821 23
1469 792 1512 822 Ζ.
1544 789 1594 822 rh
1605 799 1646 823 e-

150 834 331 869 torices
371 839 442 878 atq.
482 833 695 868 oratoris
730 843 820 877 opus
845 833 959 867 oratio
984 836 1040 876 12,
1068 836 1125 876 10,
1150 837 1184 868 1.
1232 845 1302 878 qua
1325 832 1467 878 (par-ie)
1491 844 1567 868 non
1590 840 1647 868 est

151 892 232 914 cum
261 891 314 914 or.
339 890 449 923 opere
477 880 668 921 conjuncta
693 878 928 924 (eloquentia)
955 882 1012 922 12,
1036 882 1071 923 2,
1103 882 1158 914 10.
1181 879 1347 924 princeps
1379 885 1561 914 oratorum
1585 883 1645 924 11,

150 930 184 970 3,
209 928 243 961 8.
272 929 327 968 12,
353 929 409 969 10,
434 928 490 959 22.
515 933 700 959 oratorum
723 925 852 972 ingens
869 931 1066 969 proventus
1090 928 1135 959 ib.
1153 928 1209 959 11.
1235 927 1281 959 ad
1295 936 1395 969 spem
1415 937 1469 960 or.
1486 925 1645 972 aggressi

149 976 183 1015 2,
208 978 243 1015 ts,
270 976 326 1007 12.
351 978 391 1006 ut
414 982 467 1006 or.
491 972 566 1007 vita
589 983 669 1005 cum
693 971 843 1005 scientia
867 971 1069 1007 divinarum
1091 973 1395 1016 humanarumque
1418 983 1537 1018 rerum
1554 983 1645 1006 con-

148 1020 267 1060 iuncta
295 1020 340 1052 sit
369 1021 426 1060 12,
450 1021 485 1061 2,
509 1019 544 1053 8.
591 1017 683 1053 vitio
706 1018 842 1052 factum
869 1024 923 1052 est
946 1024 1127 1053 oratorum
1153 1021 1208 1060 10,
1244 1020 1278 1062 1,
1301 1019 1365 1060 353
1406 1019 1464 1052 De
1486 1018 1645 1053 lectione

147 1071 327 1099 oratorum
353 1070 389 1098 et
414 1064 664 1098 historicorum
689 1065 783 1107 apud
806 1065 987 1099 rhetorem
1014 1067 1050 1106 2,
1077 1063 1163 1108 Cap.
1199 1066 1233 1098 5.
1281 1060 1318 1107 ὅ)
1342 1067 1446 1098 Βαί..·
1477 1075 1558 1108 pars
1580 1064 1645 1099 ina

147 1111 292 1145 moralis
318 1116 393 1144 tota
417 1110 552 1144 oratori
576 1111 843 1144 accommodata
868 1113 924 1153 12,
951 1114 987 1154 2,
1016 1111 1073 1145 15.
1120 1109 1312 1152 modestia,
1337 1121 1430 1154 quae
1452 1109 1645 1154 plurimum

148 1157 281 1191 oratori
307 1162 341 1190 et
365 1156 584 1190 auctoritatis
618 1162 653 1190 et
682 1156 765 1189 fidei
790 1156 892 1190 affert
921 1159 975 1199 12,
1005 1157 1040 1200 9,
1071 1158 1126 1190 12.
1173 1155 1364 1200 plurimum
1397 1166 1450 1190 or.
1475 1157 1646 1191 conferre

146 1204 338 1237 lectionem
366 1206 550 1245 poetarum
576 1205 632 1245 10,
647 1200 692 1244 '1‚
718 1206 774 1237 27.
797 1214 865 1236 nec
884 1203 954 1236 hoc
979 1212 1032 1236 or.
1057 1202 1267 1249 contingere
1287 1201 1381 1236 inter
1404 1202 1646 1246 adversarios,

147 1250 243 1293 quod
266 1249 490 1293 Pythagorae
517 1247 612 1281 inter
637 1247 830 1291 discipulos
855 1254 972 1292 potest
1002 1252 1058 1290 11,
1088 1251 1120 1292 1,
1145 1252 1201 1283 27.
1235 1259 1319 1282 cura
1345 1258 1418 1282 non
1444 1249 1647 1284 eadcora-

146 1295 332 1329 toribus
360 1305 451 1337 quae
475 1294 737 1337 phonascis
763 1294 932 1327 convenit
967 1297 1023 1337 11,
1053 1296 1087 1336 3,
1123 1296 1177 1329 19.
1227 1294 1323 1339 Quid
1357 1293 1473 1332 minus
1509 1294 1645 1333 oratori

147 1340 318 1375 convenit
353 1350 458 1383 quam
501 1339 642 1372 scenica
691 1339 912 1372 modulatio?
947 1342 989 1373 ib.
1031 1342 1087 1374 57.
1125 1352 1157 1373 v.
1196 1338 1463 1374 Convenio.
1512 1350 1643 1375 averso

146 1386 276 1431 pollice
307 1386 550 1418 demonstrare
588 1384 786 1427 aliquem„
809 1390 990 1428 receptum
1028 1384 1140 1429 magis
1180 1396 1284 1428 quam
1309 1395 1364 1418 or.
1396 1386 1564 1419 decorum
1595 1388 1642 1421 ib.

147 1432 226 1467 104.
250 1431 449 1466 oratoribus
474 1441 614 1474 semper
641 1441 778 1463 summa
800 1441 854 1473 ap.
884 1431 1054 1474 populum
1088 1432 1190 1463 Rom.
1227 1429 1379 1476 dignitas
1414 1430 1483 1463 fuit
1500 1433 1551 1472 -2,
1584 1433 1642 1471 16,

146 1480 180 1514 8.
230 1479 321 1511 Illud
346 1487 489 1521 quoque
517 1482 553 1510 et
575 1476 726 1520 poetis
752 1482 787 1509 et
815 1475 1087 1510 oratoribus
1123 1476 1314 1519 frequens,
1349 1485 1421 1519 quo
1453 1476 1511 1518 id,
1545 1479 1644 1521 quod

145 1524 275 1565 efficit,
310 1534 359 1557 ex
383 1533 447 1566 eo,
480 1523 576 1567 quod
602 1521 767 1565 efficitur,
795 1521 1014 1556 ostendimus
1039 1523 1073 1563 8,
1101 1522 1136 1564 6,
1159 1525 1216 1556 27.
1242 1522 1472 1565 synecdoche
1494 1521 1644 1558 liberior

145 1570 305 1616 poetis
330 1581 436 1614 quam
469 1567 749 1602 oratoribus
786 1570 830 1601 ib.
868 1569 923 1603 19.
971 1567 1208 1601 communiter
1247 1573 1282 1601 et
1314 1568 1570 1610 phonascis
1605 1575 1643 1604 et

147 1615 426 1651 oratoribus
451 1614 652 1648 necessaria
678 1613 887 1648 exercitatio
914 1616 969 1656 11,
997 1616 1032 1655 3,
1056 1616 1114 1646 22.
1161 1613 1222 1647 An
1248 1613 1382 1648 oratori
1420 1614 1541 1647 futuro
1575 1626 1643 1649 ne-

147 1662 300 1698 cessaria
328 1661 374 1695 sit
399 1660 553 1706 plurimu
578 1659 706 1693 artium
730 1659 888 1705 cognitio
914 1663 946 1700 1,
971 1658 1057 1703 Cap.
1084 1661 1140 1693 10.
1186 1659 1224 1692 id
1251 1660 1347 1703 quod
1373 1664 1427 1692 est
1449 1661 1644 1696 oratori

145 1707 411 1750 necessarium,
462 1718 530 1741 nec
570 1717 591 1739 a
625 1705 826 1739 dicendi
869 1705 1280 1750 praeceptoribus
1314 1704 1486 1746 traditur,
1520 1706 1564 1740 ab
1595 1706 1643 1741 iis

145 1762 268 1800 petere
293 1753 459 1788 nimirum
493 1763 642 1787 necesse
670 1757 744 1793 est,
777 1752 870 1795 apud
903 1762 994 1796 quos
1025 1751 1219 1793 remansit,
1252 1750 1466 1786 evolvendis
1499 1751 1642 1795 penitus

145 1801 368 1843 auctoribus,
403 1798 464 1844 qui
488 1799 532 1833 de
554 1798 686 1834 virtute
708 1797 930 1842 praecipiunt
959 1800 1016 1840 12,
1048 1800 1083 1840 2,
1111 1799 1146 1832 8.
1193 1807 1246 1831 or.
1279 1796 1367 1830 nihil
1401 1802 1455 1831 est
1490 1807 1651 1838 necesso⁴

144 1848 182 1881 in
210 1849 419 1891 cujusquam
443 1846 558 1888 jurare
582 1846 679 1891 leges
704 1846 747 1878 ib.
770 1845 828 1878 26.
862 1856 895 1877 υ.
932 1845 1211 1887 Imperator.
1252 1843 1431 1877 schemata
1470 1843 1642 1887 frequen..

143 1894 237 1928 tiora
260 1893 402 1938 quidem
426 1903 480 1935 ap.
505 1893 693 1935 poetas,
738 1890 802 1923 sed
841 1895 942 1923 orat
955 1889 1118 1923 oribus
1152 1899 1295 1933 quoque
1327 1887 1500 1933 permissa
1534 1893 1568 1932 1,
1603 1892 1640 1934 5,

145 1942 202 1976 52.
227 1939 256 1974 si
281 1950 335 1973 or.
361 1937 445 1972 satis
469 1943 565 1971 esset
588 1938 719 1970 docere
746 1938 801 1978 10,
829 1938 863 1976 1,
888 1936 944 1970 78.
991 1935 1116 1969 nescio
1150 1946 1196 1968 an
1234 1936 1307 1969 ulla
1332 1934 1468 1978 (quam
1502 1938 1641 1980 antiqua

145 1985 326 2027 comoedia)
351 2001 397 2007 --
422 1989 481 2017 aut
506 1982 656 2016 similior
679 1981 724 2015 sit
750 1981 950 2015 oratoribus
977 1986 1037 2015 aut
1061 1982 1106 2014 ad
1133 1986 1295 2015 oratores
1313 1980 1499 2015 faciendos
1523 1981 1641 2025 aptior

144 2035 187 2068 ib.
213 2033 268 2068 65.
300 2030 345 2072 cs.
367 2028 424 2065 74.
459 2040 505 2063 ne
534 2027 787 2072 Thucydidem
815 2027 958 2071 quidem
982 2032 1042 2061 aut
1066 2028 1348 2070 Xenophontem
1370 2026 1475 2060 utiles
1502 2027 1640 2062 oratori

143 2084 241 2122 putat
269 2075 441 2121 (Cicero)
466 2078 510 2109 ib.
541 2076 608 2117 333
641 2084 757 2118 neque
779 2074 850 2107 hoc
880 2073 978 2116 dico,
1014 2083 1087 2106 non
1111 2072 1302 2116 aliquando
1334 2073 1379 2107 de
1407 2072 1515 2106 rebus
1547 2084 1567 2107 a
1596 2084 1638 2108 se

142 2124 251 2170 gestis
276 2122 410 2157 oratori
437 2132 515 2156 esse
541 2121 727 2154 dicendum
755 2122 810 2161 11,
837 2122 870 2161 1,
895 2122 954 2154 22.
999 2129 1118 2153 mores
1142 2124 1223 2152 ante
1261 2118 1381 2152 omnia
1419 2128 1472 2152 or.
1510 2118 1638 2153 studiis

142 2176 246 2204 erunt
271 2167 461 2203 excolendi
488 2170 544 2210 12,
573 2170 607 2209 2,
639 2169 669 2200 1.
717 2166 883 2198 Lucanus
915 2181 962 2186 —
1000 2164 1113 2209 magis
1145 2164 1344 2198 oratoribus
1379 2175 1485 2208 quam
1518 2164 1637 2209 poetis

140 2216 332 2250 imitandus
356 2213 429 2257 (sic
456 2214 584 2255 Βαὰλ,
611 2212 637 2245 S
645 2225 680 2255 p.
716 2209 1022 2252 annumerandus)
1051 2212 1106 2253 10,
1140 2212 1173 2252 1,
1205 2211 1252 2245 90
1279 2211 1326 2244 N.
1362 2223 1408 2244 cr.
1445 2211 1637 2255 plerasque

140 2264 217 2305 ejus
241 2258 440 2304 (historiae)
464 2259 615 2293 virtutes
640 2268 690 2291 or.
720 2268 799 2291 esse
831 2256 995 2291 vitandas
1034 2258 1089 2294 10.
1125 2258 1158 2297 1,
1192 2257 1250 2289 31.
1298 2254 1328 2298 ε)
1361 2259 1551 2290 Accusat..·
1586 2267 1635 2290 ne

141 2309 186 2341 ad
210 2308 276 2341 hos
301 2305 443 2351 quidem
473 2304 572 2349 ipsos
605 2305 791 2346 (Catonem
829 2301 1084 2346 Gracchosque)
1118 2307 1296 2335 oratorem
1329 2301 1542 2348 alligandum
1578 2304 1636 2346 32,

141 2357 197 2394 10,
220 2352 278 2387 45.
306 2350 462 2396 poetis
487 2349 728 2393 permittamus
753 2360 837 2382 sane
862 2347 1036 2392 ejusmodi
1061 2348 1228 2390 exempla
1252 2364 1294 2371 —
1318 2357 1393 2380 non
1417 2346 1511 2381 idem
1535 2357 1586 2381 or
1597 2359 1635 2381 a-

138 2404 287 2432 torem
312 2397 452 2431 decebit
475 2398 510 2439 8,
539 2398 573 2438 3,
598 2397 655 2430 73.
705 2400 744 2428 ut
767 2405 884 2438 neque
912 2393 1153 2436 deprehensus
1178 2397 1365 2435 orator,
1389 2403 1508 2437 neque
1530 2392 1635 2427 liti-

138 2455 190 2490 ga
208 2450 279 2477 tor
303 2442 490 2477 destitutus
514 2452 593 2475 esse
618 2441 783 2475 videatur
807 2442 864 2482 10,
888 2440 923 2482 7,
946 2440 1008 2474 29.
1035 2438 1078 2479 cf.
1107 2442 1162 2479 12,
1193 2439 1228 2481 9,
1253 2440 1308 2472 20.
1339 2438 1378 2472 in
1399 2439 1455 2472 his
1480 2438 1633 2482 (scholis)

138 2491 307 2524 educatur
331 2500 384 2522 or.
410 2491 444 2531 9,
465 2490 500 2530 2,
524 2489 582 2522 81.
609 2485 654 2528 cs.
682 2487 739 2519 Pr.
763 2486 798 2520 5.
825 2496 876 2520 or.
904 2485 1076 2530 effingere
1100 2486 1134 2526 5,
1158 2487 1214 2527 12,
1236 2487 1293 2517 21.
1317 2494 1371 2521 or.
1395 2483 1461 2518 sibi
1478 2483 1632 2528 aliquem

137 2535 266 2580 eligat,
304 2545 409 2578 quem
434 2539 602 2579 sequatur
631 2534 687 2574 10,
713 2531 747 2573 5,
776 2532 833 2566 19.
881 2531 942 2574 qui
967 2529 1099 2573 (motus
1134 2530 1310 2581 corporis)
1342 2529 1479 2564 excitat
1502 2540 1569 2572 or.‚
1593 2535 1630 2564 et

136 2580 328 2624 jactatione
352 2590 477 2612 manus
502 2586 560 2612 etc.
588 2579 751 2612 hortatur
781 2579 836 2620 10,
868 2580 904 2619 7,
940 2577 994 2610 26.
1031 2577 1076 2609 ad
1111 2586 1164 2610 or.
1194 2575 1379 2609 faciendos
1410 2577 1536 2621 10,,1,
1567 2575 1627 2610 65.

137 2625 199 2670 qui
223 2636 242 2658 a
266 2625 370 2658 nobis
400 2624 519 2657 finitur
544 2635 597 2658 or.
626 2626 681 2665 12,
708 2625 742 2665 3,
767 2622 824 2657 40.
871 2622 911 2655 in
935 2632 1005 2665 quo
1028 2620 1161 2665 (libro)
1196 2620 1299 2655 nobis
1323 2631 1377 2654 or.
1410 2620 1487 2670 ipse
1508 2620 1627 2654 infor-

104 2674 115 2678 “
134 2672 284 2706 mandas
309 2675 362 2704 est
385 2670 442 2702 Pr.
466 2672 520 2702 22.
546 2674 726 2703 oratorem
748 2667 905 2711 institui,
938 2679 1012 2701 rem
1039 2668 1205 2708 arduam,
1241 2666 1347 2700 etiam
1383 2677 1462 2700 cnm
1494 2664 1527 2698 ei
1548 2665 1626 2698 sor-

133 2718 269 2751 mando
295 2714 381 2748 nihil
404 2715 555 2747 defuerit
589 2718 621 2756 1,
656 2717 688 2756 1,
726 2716 781 2748 10.
829 2724 877 2758 ex
908 2712 1112 2760 cognitione
1143 2723 1262 2747 rernm
1294 2712 1624 2759 exemplommque,

134 2763 261 2808 quibus
284 2762 321 2794 in
350 2759 470 2804 primis
492 2759 684 2792 instructus
711 2770 790 2794 esse
815 2760 921 2794 debet
948 2770 1001 2794 or.
1028 2761 1083 2801 10,
1110 2761 1147 2801 1,
1173 2756 1230 2792 34.
1265 2768 1298 2791 v.
1323 2758 1485 2789 Instru
1497 2765 1531 2789 o.
1566 2766 1620 2790 or.

134 2812 254 2855 plures
276 2819 332 2852 ap.
356 2807 552 2841 Homerum
574 2804 777 2841 invenimus
799 2807 835 2851 2,
861 2807 918 2850 17,
942 2806 977 2841 8.
1004 2815 1073 2840 nec
1096 2808 1275 2839 oratorem
1307 2806 1462 2838 macerat
1488 2800 1623 2846 (infelix
