1728 3002
595 114 686 158 Con
717 137 774 147 —
804 110 1005 182 Concedo
1482 116 1562 155 ¹49

34 216 142 263 Con·
182 229 362 275 praeposit.
390 230 423 262 in
451 229 635 272 compositis
663 231 695 272 1,
719 228 754 272 5,
777 227 836 264 69.

32 286 239 329 Conatas.
283 295 449 345 generosi
475 301 623 331 conatus
645 298 680 340 2,
703 295 739 338 4,
763 295 797 330 4.
835 295 957 331 lateris
979 304 1060 329 con.
1085 293 1131 329 sit
1154 293 1236 347 ille,
1274 304 1347 328 non
1370 294 1495 338 capitis
1523 298 1555 337 Ι,

76 346 135 388 11,
157 345 195 380 8.
233 341 365 389 singuli
397 347 546 377 conatus
575 343 679 377 vocis
707 344 749 376 ἰὸ.
778 345 832 377 10.
875 351 991 387 pruno
1016 340 1096 376 veri
1119 350 1239 384 operis
1265 350 1348 374 con.
1374 343 1409 382 2,
1435 342 1492 383 10,
1520 345 1553 375 7.

74 388 227 424 naturali
248 389 403 433 quodam
423 397 505 422 con.
531 390 594 431 11,
621 390 661 430 3,
686 387 742 423 49.
784 387 826 422 iu
847 387 973 432 quibus
999 385 1193 431 (operibus)
1225 385 1379 430 plurium
1404 392 1552 420 conatus

74 434 254 479 conspirat
276 437 316 478 1,
339 436 402 476 10,
426 434 484 468 16.
521 433 560 469 in
580 434 706 470 mediis
730 444 873 478 quoqne
898 431 1098 476 (sensibus)
1123 438 1206 466 sunt
1229 431 1371 476 quidam
1388 438 1549 474 conatus,

70 480 137 526 qui
169 479 300 516 lev-iter
329 478 498 514 insistunt
529 478 577 524 (a
617 483 641 513 1.
676 479 824 523 inters.)
855 480 898 521 9,
920 477 968 523 4,
994 480 1063 521 67;
1111 477 1219 512 animi
1251 477 1389 512 minore
1421 484 1551 512 conatu

0 530 16 538 ⁵
72 531 264 578 moventur
286 527 320 569 1,
348 526 404 568 12,
431 527 487 577 10.
517 524 619 560 velut
639 526 704 560 sub
726 537 800 578 uno
826 535 908 561 con.
938 527 971 568 1,
999 527 1052 567 12,
1076 523 1112 562 4.
1149 534 1264 578 prope
1288 523 1354 576 {¹¹¹³
1378 533 1459 558 con.
1486 525 1551 557 ad-

70 582 226 652 im
244 571 723 661 ᾰῗέηῗοθῗὲῗὲἶῖἐῖἒὲ,
735 570 849 651 8ζέἒέ
867 570 1107 665 ῗὲρὲἐηῗωῗ·
1115 581 1231 660 ..ἕξῗᾈ
1237 569 1385 649 12ῗὲἳὲ
1406 580 1550 650 ἒῗῗιῖἱῗ

69 663 179 698 mile
210 667 247 697 et
273 662 376 697 sine
405 669 567 697 conatu
595 664 640 707 8,
668 665 708 707 5,
731 664 788 698 32.
834 673 926 707 quae
950 662 1085 696 crebris
1106 661 1299 706 parvisque
1325 661 1481 695 conatib.
1509 673 1548 696 se

69 709 242 752 molium
273 707 473 752 inaequalia
498 714 635 744 tantum
657 714 693 743 et
714 709 815 743 velut
836 709 1050 755 confragosa
1070 710 1112 741 ι’ὀ.
1137 709 1206 750 29;
1251 718 1412 750 omnem,
1442 706 1562 742 etiam>

67 764 248 802 quemex
273 753 418 800 ingenio
443 764 511 788 suo
533 760 697 798 poterant
712 755 856 798 habere,
881 760 1050 788 conatum
1066 753 1297 798 perdiderunt
1319 754 1355 796 5,
1381 755 1439 795 10,
1463 755 1542 787 101.

66 804 234 834 conatum
264 799 407 853 longius
430 804 555 844 petant
582 803 646 843 10,
669 802 714 843 3,
741 802 775 836 6.
819 811 903 836 con.
929 810 1072 834 omnem
1095 798 1330 833 reformidant
1356 798 1485 842 8‚.Pr.
1510 801 1544 833 2.

65 844 245 880 simulanti
264 845 492 891 variantique
518 852 670 880 conatus
696 846 755 891 (in
780 845 974 890 batuendo)
1002 847 1039 889 9,
1067 848 1102 888 1,
1124 847 1181 879 20.
1207 844 1252 887 es.
1281 847 1337 888 11,
1362 846 1397 887 3,
1422 844 1501 879 158.

21 897 239 943 concedo·
278 910 313 955 Ι)
332 915 357 947 ι’.
375 924 407 958 q.
426 915 653 956 permitto.-
680 913 720 956 a)
738 913 922 948 Concedo.
948 916 981 956 1,
1000 916 1033 955 1,
1047 914 1081 946 2.
1105 923 1139 946 υ.
1154 911 1326 946 Abnuo.
1353 911 1413 947 cui
1428 911 1544 946 simile

63 957 303 992 concessisset
316 958 349 1002 5,
368 961 471 1002 11,3.
497 959 796 993 concedamus
819 969 918 1003 sane,
941 959 1036 1004 quod
1054 957 1199 991 minime
1213 963 1339 991 natura
1361 957 1544 1001 patitur

66 1005 122 1046 12,
137 1006 172 1047 1,
186 1005 247 1038 23.
278 1004 379 1038 Haec
396 1015 540 1048 quoque
564 1015 736 1039 conces
751 1016 797 1039 sa
821 1004 933 1039 sint:
958 1009 1224 1048 quaeretur,
1250 1003 1311 1038 An
1326 1003 1497 1038 debeatur
1510 997 1544 1046 7,

63 1051 171 1092 1,21.
194 1049 423 1094 cmnaliquid
447 1050 691 1085 detrahere
714 1052 812 1095 salva
833 1050 945 1097 gratia
958 1049 1065 1092 velis,
1089 1049 1312 1083 concedas
1336 1049 1406 1084 alia
1423 1049 1544 1084 omnia

63 1097 127 1139 11,
155 1096 199 1139 1,
219 1097 280 1130 71.
318 1107 409 1141 quae
441 1101 502 1130 aut
531 1097 765 1140 damnare,
799 1102 860 1131 aut
892 1106 967 1130 non
993 1095 1277 1139 concedere,
1307 1101 1369 1128 aut
1394 1107 1415 1129 a
1437 1095 1543 1129 nobis

59 1150 302 1175 removere
334 1141 512 1185 oportebit
550 1144 616 1184 11,
638 1143 680 1184 3,
703 1144 773 1185 7ος
826 1142 925 1187 quod
957 1141 1008 1176 de
1033 1140 1260 1189 ,argumentis
1291 1140 1542 1184 probationum

57 1187 144 1222 1000
165 1186 330 1220 concessi
350 1190 393 1231 7,
421 1190 462 1231 1,
491 1187 548 1222 16.
587 1187 735 1234 magis
770 1189 841 1222 hoc
870 1187 918 1222 in
942 1193 1168 1221 accusatores
1192 1197 1402 1220 concessum
1428 1192 1483 1221 est
1507 1188 1540 1230 5,

60 1233 118 1275 13,
141 1230 199 1266 40.
236 1230 281 1273 ‹J-
306 1234 363 1275 11,
387 1234 423 1276 3,
447 1234 526 1268 150.
555 1234 678 1278 quasd.
700 1233 926 1278 quaestiones
952 1233 1095 1268 executi
1126 1232 1300 1267 donare
1326 1234 1482 1267 solemus
1505 1239 1541 1267 et

57 1278 321 1312 concedere
351 1281 392 1321 7,
425 1280 467 1322 1„
501 1279 557 1313 18.
600 1277 662 1322 [si
687 1279 726 1313 id
760 1291 867 1314 cansa
896 1279 1063 1313 concedit
1098 1280 1172 1322 (sie
1195 1282 1238 1313 Ζ.
1266 1280 1308 1311 de
1331 1279 1421 1322 conj.
1450 1280 1539 1322 Sp.,·

21 1361 28 1371 ⁶
58 1327 148 1365 vulg.
173 1333 302 1358 causae
318 1322 424 1365 cedit)
449 1325 506 1366 11,
521 1327 555 1367 1,
568 1326 614 1360 76
630 1325 752 1368 Mer-‚J
797 1323 844 1369 β)
864 1326 934 1370 adj.
951 1328 1050 1359 Dat„-
1075 1325 1365 1358 detracturus
1392 1324 1539 1358 Graecis

58 1368 208 1403 testibus
234 1369 358 1412 fidem,
396 1370 595 1403 doctrinam
621 1370 666 1404 iis
693 1370 909 1405 concedit
932 1374 995 1414 11,
1025 1373 1063 1413 1,
1084 1369 1162 1406 89.>
1188 1370 1428 1414 eloquentiam
1458 1381 1539 1403 cum

0 1419 21 1446 ,θ
35 1454 42 1462 ἱ
57 1413 298 1459 plenissimam
313 1415 478 1455 diversae
496 1415 608 1460 partis
631 1416 814 1451 advocatis
838 1418 1054 1451 concederet
1068 1419 1126 1460 11,
1141 1418 1176 1458 1,
1191 1417 1246 1451 19.
1283 1428 1317 1450 υ.
1342 1417 1376 1449 Δ
1386 1426 1461 1450 rro
1470 1426 1537 1462 go.

57 1459 120 1494 cui
140 1460 306 1494 concedit
330 1462 537 1495 facultatem
558 1465 593 1506 2,
621 1463 678 1505 15,
706 1464 761 1497 18.
807 1462 1033 1506 eloquentiae
1055 1478 1101 1487 ——
1126 1472 1384 1506 nonnunquam
1404 1472 1539 1496 conce-

0 1526 2 1530 *
55 1500 174 1540 dbnda
204 1505 334 1540 fiducia
367 1512 422 1541 est
458 1510 516 1550 11,
540 1509 575 1550 1,
597 1510 656 1542 25.
700 1519 818 1552 neque
845 1507 1114 1556 intelligentiam
1147 1507 1452 1542 concesseris
1480 1507 1537 1550 iis,

9 1581 12 1586 .
54 1562 174 1595 neque
194 1551 417 1595 prudentiam
435 1555 491 1596 12,
509 1555 542 1595 1,
556 1555 590 1588 3.
615 1554 781 1588 concedit
804 1556 941 1588 scelera
961 1565 1104 1599 quoque
1120 1553 1347 1588 suadentibus
1370 1554 1539 1597 pulcher-

0 1603 23 1639 .s
53 1596 167 1631 rimae
187 1597 242 1632 rei
267 1608 401 1632 nomen
426 1601 473 1642 2,
497 1600 560 1641 15,
585 1602 628 1634 17
652 1603 695 1634 Ζ.
738 1611 808 1634 nec
843 1600 1007 1634 omnibus
1036 1599 1108 1636 viri
1138 1599 1243 1643 fortis
1272 1610 1402 1633 nomen
1434 1610 1535 1633 con-

55 1642 274 1677 cesserim
297 1646 354 1687 12,
369 1647 405 1687 1,
419 1646 477 1679 23.
517 1644 582 1678 Est
605 1646 700 1689 quod
722 1645 901 1690 principes
924 1647 1107 1688 deceat,
1145 1645 1222 1679 aliis
1247 1656 1322 1685 non
1347 1655 1461 1679 conc
1473 1656 1536 1678 es-

53 1688 185 1722 seris
218 1691 260 1722 11
275 1714 287 1731 ,
309 1692 328 1722 1
346 1714 358 1732 ,
381 1690 440 1724 36.
479 1700 561 1723 cum
597 1701 660 1733 ea,
695 1702 785 1735 quae
818 1693 983 1726 nolumus
1005 1690 1122 1726 videri
1143 1691 1181 1724 in
1206 1690 1419 1725 adversariis
1443 1702 1535 1733 esse,

55 1733 282 1768 concedimus
308 1735 360 1769 eis
385 1736 428 1776 9,
455 1738 498 1778 2,
523 1734 593 1779 493
641 1737 739 1780 quod
761 1737 852 1771 natis
872 1743 998 1782 postea
1025 1748 1237 1771 concessum
1259 1742 1315 1770 est
1338 1738 1381 1780 8,
1408 1738 1451 1779 3,
1477 1737 1534 1771 36.

54 1779 306 1827 (Ῑωιοὴερεσίθε
328 1780 374 1814 sit
398 1780 600 1815 hominibus
626 1792 800 1816 concessa
822 1786 888 1826 12,
912 1786 970 1828 10,
993 1782 1051 1818 41.
1085 1781 1308 1825 (translatio)
1330 1782 1382 1816 ita
1407 1788 1462 1816 est
1485 1783 1534 1816 ab

54 1822 133 1866 ipsa
159 1823 264 1858 nobis
295 1836 466 1860 concessa
487 1832 615 1861 natura
637 1829 673 1869 8,
694 1829 732 1871 6,
754 1827 790 1862 4.
820 1827 867 1870 cs.
898 1831 955 1871 12,
979 1831 1036 1871 10,
1059 1827 1118 1863 43.
1154 1829 1199 1862 ad
1221 1839 1309 1873 quas
1332 1827 1436 1862 nobis
1464 1827 1535 1861 ini-

53 1868 104 1903 tia
128 1869 252 1912 quaed.
274 1881 316 1903 ac
340 1871 474 1904 semina
496 1878 579 1906 sunt
601 1883 773 1907 concessa
796 1880 923 1907 natura
945 1877 982 1917 2,
996 1877 1055 1916 20,
1072 1874 1113 1909 6.·
1143 1873 1242 1908 illam
1268 1873 1355 1907 solis
1375 1893 1423 1900 -—
1446 1883 1533 1907 con-

54 1925 191 1948 cessam
213 1912 342 1950 Atticis
367 1927 538 1951 venerem
563 1920 619 1961 10,
644 1921 679 1960 1,
702 1921 782 1953 100.
816 1920 1014 1955 scaevolae
1037 1927 1104 1959 ,eim
1130 1930 1303 1954 concessa
1328 1924 1383 1953 est
1406 1919 1534 1952 facun-

55 1959 137 1994 diae
165 1958 282 1994 virtus
315 1963 382 2003 12,
405 1963 451 2004 3,
473 1963 509 1998 9.
546 1975 581 1996 v.
606 1962 790 1998 Adime.
829 1965 1051 2009 paucissimis
1078 1965 1283 1999 hominibus
1311 1964 1388 1999 vim
1415 1964 1532 2007 perci-

32 2004 174 2050 piendi
200 2016 280 2057 esse
303 2015 510 2040 concessam
536 2009 570 2049 1,
592 2011 626 2050 1,
645 2011 679 2042 1.
706 2007 750 2050 cs.
777 2011 812 2051 5,
834 2013 872 2053 7,
897 2011 933 2046 9.
977 2009 1016 2055 γ)
1041 2023 1071 2044 ο.
1098 2009 1166 2051 Ins.
1183 2025 1194 2043 .-
1219 2020 1474 2054 nonnunquam
1497 2015 1532 2042 et

53 2051 312 2086 contumeliose
337 2051 458 2085 dicere
486 2068 528 2076 ·-
562 2052 832 2096 permissum
864 2061 942 2089 est:
977 2066 1059 2088 cum
1090 2066 1260 2089 accusare
1286 2054 1393 2089 etiam
1416 2055 1531 2098 palam

54 2104 117 2131 etc.
150 2107 421 2131 concessum
457 2095 503 2131 sit
537 2097 583 2140 6,
614 2099 660 2140 3,
693 2099 740 2134 28
771 2103 816 2134 Ζ.
850 2099 1082 2133 mendacium
1104 2100 1227 2134 dicere
1252 2099 1359 2134 etiam
1382 2099 1532 2143 sapienti

0 2169 3 2177 ,
50 2141 240 2196 aliquando
265 2152 426 2176 concess.
448 2147 503 2176 est
528 2145 563 2185 2,
591 2145 648 2185 17,
673 2145 728 2177 27.
754 2142 798 2184 cs.
825 2146 882 2186 11,
905 2145 939 2185 3,
964 2146 1042 2179 150.
1081 2143 1232 2188 (verba)
1258 2145 1393 2191 fingere
1418 2145 1532 2180 Grae-

873 2192 893 2209 „
1026 2202 1035 2210 ‚
1185 2189 1193 2198 .
1460 2190 1468 2198 .

7 2226 13 2229 “
51 2197 480 2278 ἴωωᾞέηὲἓέῗέἕῖῗ,
499 2188 621 2276 ἴῑεῗέ.
635 2187 906 2276 ³2113‘22fs‘sf65
915 2190 971 2269 7³3.
989 2190 1195 2281 ΒῤηῖῗΡῗ
1197 2191 1531 2271 ἳῖἇρῖοΐθέὲοῗέξὲ

51 2289 262 2312 concessum
283 2285 338 2313 est
359 2281 403 2322 9,
425 2281 471 2322 2,
498 2281 556 2314 31.
594 2283 631 2313 et
650 2278 766 2314 laudis
799 2279 1024 2314 simulatione
1046 2281 1255 2325 detrahere,
1288 2287 1324 2316 et
1347 2281 1531 2326 vitupera-

52 2323 160 2358 tionis
181 2324 325 2358 laudare
348 2335 555 2359 concessum
585 2335 665 2359 esse
690 2325 732 2368 8,
755 2324 799 2368 6,
829 2326 886 2361 55.
919 2323 963 2366 cs.
994 2328 1034 2369 2,
1061 2326 1096 2370 8,
1124 2327 1170 2369 9,
1207 2325 1277 2361 nisi
1299 2329 1397 2372 quod
1418 2328 1530 2375 magis

53 2370 368 2404 concesseris
400 2382 444 2404 ea
470 2370 692 2414 desiderare,
728 2381 835 2415 quam
859 2370 978 2405 dicere
1002 2373 1043 2414 7,
1066 2373 1101 2415 2,
1129 2372 1184 2408 56.
1233 2371 1270 2415 δ)
1295 2386 1361 2418 seq.
1388 2377 1473 2408 Ace.
1497 2387 1525 2407 c.

53 2413 140 2455 lus..-
170 2415 304 2460 Quosd.
330 2432 374 2438 —
394 2415 507 2451 fuisse
529 2427 643 2461 nuper
670 2423 754 2456 etc„
793 2415 915 2460 quidni
940 2416 1094 2451 libenter
1113 2414 1186 2452 non
1214 2429 1294 2452 con
1309 2419 1530 2453 cesserim

52 2460 183 2503 modo,
215 2470 342 2495 verum
365 2460 471 2495 etiam
492 2460 848 2496 contenderim?
883 2464 926 2503 2,
953 2462 1076 2504 5,.25-
1109 2474 1157 2498 ex
1181 2463 1294 2498 tribus
1318 2465 1527 2509 (corporibus

53 2509 239 2540 coalescere
263 2507 386 2544 voces)
408 2512 552 2543 nostrae
573 2507 715 2553 linguae
736 2507 859 2551 utique
882 2518 956 2541 non
983 2509 1304 2544 concesserim
1333 2512 1350 2544 1
1366 2535 1379 2553 ,
1401 2511 1443 2554 5,
1465 2511 1524 2545 66.

10 2566 17 2576 1
52 2561 169 2594 neque
185 2550 258 2586 hoo
271 2549 525 2595 concesserim,
547 2552 721 2586 rationem
734 2558 853 2587 rectae
867 2553 1108 2598 honestaeque
1123 2555 1219 2589 vitae
1237 2556 1281 2589 ad
1295 2555 1528 2600 philosophos

52 2596 279 2642 relegendam
299 2597 358 2630 Pr.
379 2599 434 2631 10.
454 2600 580 2640 poetas
599 2603 696 2632 certe
713 2598 885 2644 legendos
904 2598 1036 2633 oratori
1049 2599 1171 2635 futuro
1194 2601 1524 2635 concesserint

52 2643 87 2683 1,
112 2640 248 2694 10,.29.
281 2653 398 2687 neque
422 2642 529 2686 plana
550 2644 817 2696 concedendum
842 2647 916 2686 est,
943 2653 1022 2679 esse
1042 2644 1080 2679 id
1103 2645 1329 2680 inhonestum
1351 2648 1387 2690 3,
1408 2647 1444 2689 8,
1468 2648 1524 2680 31.

52 2685 107 2720 Ac
129 2697 281 2731 ptumum
302 2687 559 2734 concedant
581 2689 669 2723 mibi
693 2699 815 2724 omnes
839 2694 980 2733 oportet
1003 2697 1062 2725 κο.
1102 2691 1160 2726 Ad
1180 2691 1251 2726 boc
1274 2700 1380 2727 nemo
1403 2692 1525 2726 dubi-
