<?xml version="1.0" encoding="UTF-8"?>
<!DOCTYPE html PUBLIC "-//W3C//DTD XHTML 1.0 Transitional//EN"
    "http://www.w3.org/TR/xhtml1/DTD/xhtml1-transitional.dtd">
<html xmlns="http://www.w3.org/1999/xhtml" xml:lang="en" lang="en">
 <head>
  <title>
</title>
<meta http-equiv="Content-Type" content="text/html;charset=utf-8" />
  <meta name='ocr-system' content='tesseract 3.04.00' />
  <meta name='ocr-capabilities' content='ocr_page ocr_carea ocr_par ocr_line ocrx_word'/>
</head>
<body>
  <div class='ocr_page' id='page_1' title='image "./lexiconquintilia06bonnuoft_0416.png"; bbox 0 0 1728 3002; ppageno 0'>
   <div class='ocr_carea' id='block_1_1' title="bbox 156 305 993 351">
    <p class='ocr_par' dir='ltr' id='par_1_1' title="bbox 156 305 993 351">
     <span class='ocr_line' id='line_1_1' title="bbox 156 305 993 351; baseline -0.001 -2"><span class='ocrx_word' id='word_1_1' title='bbox 156 311 239 351; x_wconf 73' lang='lat'><strong>324</strong></span> <span class='ocrx_word' id='word_1_2' title='bbox 863 305 993 349; x_wconf 77' lang='lat' dir='ltr'><strong>Facio</strong></span> 
     </span>
    </p>
   </div>
   <div class='ocr_carea' id='block_1_2' title="bbox 198 417 1728 3002">
    <p class='ocr_par' dir='ltr' id='par_1_2' title="bbox 203 417 1704 1809">
     <span class='ocr_line' id='line_1_2' title="bbox 207 417 1702 467; baseline 0.003 -11"><span class='ocrx_word' id='word_1_3' title='bbox 207 420 316 466; x_wconf 80' lang='lat' dir='ltr'><strong>diam,</strong></span> <span class='ocrx_word' id='word_1_4' title='bbox 338 430 492 466; x_wconf 77' lang='lat' dir='ltr'><strong>namque</strong></span> <span class='ocrx_word' id='word_1_5' title='bbox 515 419 624 454; x_wconf 82' lang='lat' dir='ltr'><strong>altera</strong></span> <span class='ocrx_word' id='word_1_6' title='bbox 646 417 826 463; x_wconf 70' lang='lat' dir='ltr'><strong>invidum,</strong></span> <span class='ocrx_word' id='word_1_7' title='bbox 850 421 962 456; x_wconf 76' lang='lat' dir='ltr'><strong>altera</strong></span> <span class='ocrx_word' id='word_1_8' title='bbox 986 421 1206 457; x_wconf 68' lang='lat' dir='ltr'><strong>invidiosum</strong></span> <span class='ocrx_word' id='word_1_9' title='bbox 1229 420 1316 458; x_wconf 78' lang='lat' dir='ltr'><strong>facit</strong></span> <span class='ocrx_word' id='word_1_10' title='bbox 1342 422 1378 467; x_wconf 84' lang='grc'><strong>6,</strong></span> <span class='ocrx_word' id='word_1_11' title='bbox 1387 425 1426 467; x_wconf 80' lang='grc'><strong>2,</strong></span> <span class='ocrx_word' id='word_1_12' title='bbox 1444 425 1503 460; x_wconf 80' lang='lat'><strong>21.</strong></span> <span class='ocrx_word' id='word_1_13' title='bbox 1526 423 1702 461; x_wconf 64' lang='lat' dir='ltr'><strong>invidiam</strong></span> 
     </span>
     <span class='ocr_line' id='line_1_3' title="bbox 206 466 1701 552; baseline 0.003 -48"><span class='ocrx_word' id='word_1_14' title='bbox 206 470 321 552; x_wconf 37' lang='lat' dir='ltr'><strong>{tatia</strong></span> <span class='ocrx_word' id='word_1_15' title='bbox 343 469 429 502; x_wconf 80' lang='lat' dir='ltr'><strong>facit</strong></span> <span class='ocrx_word' id='word_1_16' title='bbox 452 470 488 510; x_wconf 87' lang='grc'><strong>6,</strong></span> <span class='ocrx_word' id='word_1_17' title='bbox 516 471 547 509; x_wconf 98' lang='grc'><strong>1,</strong></span> <span class='ocrx_word' id='word_1_18' title='bbox 568 466 623 501; x_wconf 82' lang='grc'><strong>14.</strong></span> <span class='ocrx_word' id='word_1_19' title='bbox 651 467 766 502; x_wconf 85' lang='lat' dir='ltr'><strong>virtus</strong></span> <span class='ocrx_word' id='word_1_20' title='bbox 790 468 874 502; x_wconf 71' lang='lat' dir='ltr'><strong>facit</strong></span> <span class='ocrx_word' id='word_1_21' title='bbox 896 470 1059 512; x_wconf 85' lang='lat' dir='ltr'><strong>laudem,</strong></span> <span class='ocrx_word' id='word_1_22' title='bbox 1087 471 1254 514; x_wconf 81' lang='lat' dir='ltr'><strong>voluptas</strong></span> <span class='ocrx_word' id='word_1_23' title='bbox 1277 470 1459 505; x_wconf 76' lang='lat' dir='ltr'><strong>infamiam</strong></span> <span class='ocrx_word' id='word_1_24' title='bbox 1481 472 1526 516; x_wconf 74' lang='lat'><strong>⁵,</strong></span> <span class='ocrx_word' id='word_1_25' title='bbox 1552 476 1617 516; x_wconf 88' lang='lat'><strong>10,</strong></span> <span class='ocrx_word' id='word_1_26' title='bbox 1642 476 1701 508; x_wconf 81' lang='grc'><strong>83.</strong></span> 
     </span>
     <span class='ocr_line' id='line_1_4' title="bbox 222 510 1701 564; baseline 0.002 -13"><span class='ocrx_word' id='word_1_27' title='bbox 222 526 317 564; x_wconf 74' lang='lat' dir='ltr'><strong>ongu</strong></span> <span class='ocrx_word' id='word_1_28' title='bbox 342 515 563 549; x_wconf 88' lang='lat' dir='ltr'><strong>consuetudo</strong></span> <span class='ocrx_word' id='word_1_29' title='bbox 591 513 694 548; x_wconf 88' lang='lat' dir='ltr'><strong>aliter</strong></span> <span class='ocrx_word' id='word_1_30' title='bbox 717 515 870 548; x_wconf 87' lang='lat' dir='ltr'><strong>docendi</strong></span> <span class='ocrx_word' id='word_1_31' title='bbox 893 516 1028 549; x_wconf 81' lang='lat' dir='ltr'><strong>fecerat</strong></span> <span class='ocrx_word' id='word_1_32' title='bbox 1050 517 1163 562; x_wconf 80' lang='lat' dir='ltr'><strong>legem</strong></span> <span class='ocrx_word' id='word_1_33' title='bbox 1190 520 1224 560; x_wconf 92' lang='grc'><strong>2,</strong></span> <span class='ocrx_word' id='word_1_34' title='bbox 1250 519 1282 559; x_wconf 87' lang='grc'><strong>5,</strong></span> <span class='ocrx_word' id='word_1_35' title='bbox 1303 520 1338 552; x_wconf 86' lang='grc'><strong>2.</strong></span> <span class='ocrx_word' id='word_1_36' title='bbox 1363 517 1408 559; x_wconf 80' lang='lat' dir='ltr'><strong>cs.</strong></span> <span class='ocrx_word' id='word_1_37' title='bbox 1424 519 1480 560; x_wconf 94' lang='grc'><strong>10,</strong></span> <span class='ocrx_word' id='word_1_38' title='bbox 1499 517 1580 561; x_wconf 58' lang='grc' dir='ltr'>ὃμὶ.</span> <span class='ocrx_word' id='word_1_39' title='bbox 1605 510 1701 563; x_wconf 85' lang='lat' dir='ltr'><strong>quod</strong></span> 
     </span>
     <span class='ocr_line' id='line_1_5' title="bbox 205 560 1698 608; baseline -0.001 -9"><span class='ocrx_word' id='word_1_40' title='bbox 205 565 405 599; x_wconf 84' lang='lat' dir='ltr'><strong>libertatem</strong></span> <span class='ocrx_word' id='word_1_41' title='bbox 434 560 673 608; x_wconf 81' lang='lat' dir='ltr'><strong>negligentiae</strong></span> <span class='ocrx_word' id='word_1_42' title='bbox 701 560 788 595; x_wconf 87' lang='lat' dir='ltr'><strong>facit</strong></span> <span class='ocrx_word' id='word_1_43' title='bbox 813 564 868 603; x_wconf 91' lang='lat'><strong>11,</strong></span> <span class='ocrx_word' id='word_1_44' title='bbox 884 564 917 604; x_wconf 85' lang='lat'><strong>2,</strong></span> <span class='ocrx_word' id='word_1_45' title='bbox 936 560 994 598; x_wconf 81' lang='lat'><strong>45.</strong></span> <span class='ocrx_word' id='word_1_46' title='bbox 1021 564 1157 606; x_wconf 67' lang='lat' dir='ltr'><strong>verba,</strong></span> <span class='ocrx_word' id='word_1_47' title='bbox 1191 574 1282 608; x_wconf 76' lang='lat' dir='ltr'><strong>qnae</strong></span> <span class='ocrx_word' id='word_1_48' title='bbox 1310 564 1407 597; x_wconf 84' lang='lat' dir='ltr'><strong>litem</strong></span> <span class='ocrx_word' id='word_1_49' title='bbox 1435 563 1570 598; x_wconf 74' lang='lat' dir='ltr'><strong>faciant</strong></span> <span class='ocrx_word' id='word_1_50' title='bbox 1592 565 1645 608; x_wconf 75' lang='grc' dir='ltr'>(ει,</span> <span class='ocrx_word' id='word_1_51' title='bbox 1675 570 1698 598; x_wconf 82' lang='lat' dir='ltr'><strong>l.</strong></span> 
     </span>
     <span class='ocr_line' id='line_1_6' title="bbox 208 606 1701 658; baseline 0 -13"><span class='ocrx_word' id='word_1_52' title='bbox 208 607 394 658; x_wconf 77' lang='lat' dir='ltr'><strong>generant)</strong></span> <span class='ocrx_word' id='word_1_53' title='bbox 418 611 454 650; x_wconf 95' lang='lat'><strong>7,</strong></span> <span class='ocrx_word' id='word_1_54' title='bbox 473 610 506 643; x_wconf 80' lang='lat'><strong>3.</strong></span> <span class='ocrx_word' id='word_1_55' title='bbox 523 610 556 642; x_wconf 89' lang='lat'><strong>7.</strong></span> <span class='ocrx_word' id='word_1_56' title='bbox 584 607 680 651; x_wconf 82' lang='lat' dir='ltr'><strong>quod</strong></span> <span class='ocrx_word' id='word_1_57' title='bbox 705 606 911 641; x_wconf 81' lang='lat' dir='ltr'><strong>memoriam</strong></span> <span class='ocrx_word' id='word_1_58' title='bbox 943 607 1051 642; x_wconf 83' lang='lat' dir='ltr'><strong>saciat</strong></span> <span class='ocrx_word' id='word_1_59' title='bbox 1087 612 1151 652; x_wconf 88' lang='grc'><strong>11,</strong></span> <span class='ocrx_word' id='word_1_60' title='bbox 1177 612 1220 652; x_wconf 89' lang='grc'><strong>2,</strong></span> <span class='ocrx_word' id='word_1_61' title='bbox 1247 608 1281 643; x_wconf 85' lang='grc'><strong>4.</strong></span> <span class='ocrx_word' id='word_1_62' title='bbox 1314 609 1532 644; x_wconf 69' lang='lat' dir='ltr'><strong>mentionem</strong></span> <span class='ocrx_word' id='word_1_63' title='bbox 1556 610 1701 645; x_wconf 78' lang='lat' dir='ltr'><strong>fecisset</strong></span> 
     </span>
     <span class='ocr_line' id='line_1_7' title="bbox 210 650 1702 700; baseline -0.001 -8"><span class='ocrx_word' id='word_1_64' title='bbox 210 656 381 700; x_wconf 80' lang='lat'>10,1‚56.</span> <span class='ocrx_word' id='word_1_65' title='bbox 409 660 446 688; x_wconf 90' lang='lat' dir='ltr'><strong>et</strong></span> <span class='ocrx_word' id='word_1_66' title='bbox 468 658 603 687; x_wconf 79' lang='lat' dir='ltr'><strong>metum</strong></span> <span class='ocrx_word' id='word_1_67' title='bbox 627 673 674 678; x_wconf 94' lang='lat'><strong>—</strong></span> <span class='ocrx_word' id='word_1_68' title='bbox 701 664 807 697; x_wconf 83' lang='lat' dir='ltr'><strong>quem</strong></span> <span class='ocrx_word' id='word_1_69' title='bbox 831 654 1057 698; x_wconf 87' lang='lat' dir='ltr'><strong>patimur,</strong></span> <span class='ocrx_word' id='word_1_70' title='bbox 1094 658 1130 689; x_wconf 87' lang='lat' dir='ltr'><strong>et</strong></span> <span class='ocrx_word' id='word_1_71' title='bbox 1155 666 1261 699; x_wconf 79' lang='lat' dir='ltr'><strong>quem</strong></span> <span class='ocrx_word' id='word_1_72' title='bbox 1284 655 1509 690; x_wconf 77' lang='lat' dir='ltr'><strong>facimus:</strong></span> <span class='ocrx_word' id='word_1_73' title='bbox 1548 662 1585 690; x_wconf 78' lang='lat' dir='ltr'><strong>et</strong></span> <span class='ocrx_word' id='word_1_74' title='bbox 1606 650 1702 691; x_wconf 58' lang='lat' dir='ltr'><strong>inviss</strong></span> 
     </span>
     <span class='ocr_line' id='line_1_8' title="bbox 210 700 1701 747; baseline -0.001 -10"><span class='ocrx_word' id='word_1_75' title='bbox 210 703 303 737; x_wconf 89' lang='lat' dir='ltr'><strong>diam</strong></span> <span class='ocrx_word' id='word_1_76' title='bbox 321 703 355 744; x_wconf 98' lang='grc'><strong>6,</strong></span> <span class='ocrx_word' id='word_1_77' title='bbox 371 704 406 744; x_wconf 91' lang='grc'><strong>2,</strong></span> <span class='ocrx_word' id='word_1_78' title='bbox 417 703 474 734; x_wconf 89' lang='grc'><strong>21.</strong></span> <span class='ocrx_word' id='word_1_79' title='bbox 501 700 595 743; x_wconf 85' lang='lat' dir='ltr'><strong>qnod</strong></span> <span class='ocrx_word' id='word_1_80' title='bbox 622 710 695 734; x_wconf 90' lang='lat' dir='ltr'><strong>non</strong></span> <span class='ocrx_word' id='word_1_81' title='bbox 720 706 790 733; x_wconf 89' lang='lat' dir='ltr'><strong>tam</strong></span> <span class='ocrx_word' id='word_1_82' title='bbox 814 711 949 734; x_wconf 80' lang='lat' dir='ltr'><strong>moram</strong></span> <span class='ocrx_word' id='word_1_83' title='bbox 973 701 1146 744; x_wconf 80' lang='lat' dir='ltr'><strong>faciet,</strong></span> <span class='ocrx_word' id='word_1_84' title='bbox 1175 712 1280 746; x_wconf 75' lang='lat' dir='ltr'><strong>quam</strong></span> <span class='ocrx_word' id='word_1_85' title='bbox 1303 713 1422 738; x_wconf 87' lang='lat' dir='ltr'><strong>novos</strong></span> <span class='ocrx_word' id='word_1_86' title='bbox 1447 703 1598 747; x_wconf 76' lang='lat' dir='ltr'><strong>impetus</strong></span> <span class='ocrx_word' id='word_1_87' title='bbox 1625 704 1701 736; x_wconf 87' lang='lat' dir='ltr'><strong>da-</strong></span> 
     </span>
     <span class='ocr_line' id='line_1_9' title="bbox 207 746 1702 792; baseline -0.001 -7"><span class='ocrx_word' id='word_1_88' title='bbox 207 750 272 785; x_wconf 88' lang='lat' dir='ltr'><strong>bit</strong></span> <span class='ocrx_word' id='word_1_89' title='bbox 299 749 466 791; x_wconf 82' lang='lat' dir='ltr'>10,3,1o.</span> <span class='ocrx_word' id='word_1_90' title='bbox 496 747 616 779; x_wconf 81' lang='lat' dir='ltr'><strong>facere</strong></span> <span class='ocrx_word' id='word_1_91' title='bbox 643 747 867 792; x_wconf 76' lang='lat' dir='ltr'><strong>naufragium</strong></span> <span class='ocrx_word' id='word_1_92' title='bbox 896 748 929 789; x_wconf 87' lang='lat'><strong>5,</strong></span> <span class='ocrx_word' id='word_1_93' title='bbox 955 749 1009 790; x_wconf 90' lang='lat'><strong>10,</strong></span> <span class='ocrx_word' id='word_1_94' title='bbox 1022 746 1079 782; x_wconf 88' lang='grc'><strong>48.</strong></span> <span class='ocrx_word' id='word_1_95' title='bbox 1110 748 1358 782; x_wconf 84' lang='lat' dir='ltr'><strong>necessitatem</strong></span> <span class='ocrx_word' id='word_1_96' title='bbox 1382 750 1451 782; x_wconf 87' lang='lat' dir='ltr'><strong>hos</strong></span> <span class='ocrx_word' id='word_1_97' title='bbox 1477 754 1588 783; x_wconf 80' lang='lat' dir='ltr'><strong>status</strong></span> <span class='ocrx_word' id='word_1_98' title='bbox 1611 760 1702 783; x_wconf 81' lang='lat' dir='ltr'><strong>exe-</strong></span> 
     </span>
     <span class='ocr_line' id='line_1_10' title="bbox 208 792 1704 844; baseline -0.001 -15"><span class='ocrx_word' id='word_1_99' title='bbox 208 795 342 841; x_wconf 85' lang='lat' dir='ltr'><strong>quendi</strong></span> <span class='ocrx_word' id='word_1_100' title='bbox 366 795 487 827; x_wconf 84' lang='lat' dir='ltr'><strong>facere</strong></span> <span class='ocrx_word' id='word_1_101' title='bbox 506 794 542 834; x_wconf 91' lang='grc'><strong>3,</strong></span> <span class='ocrx_word' id='word_1_102' title='bbox 555 793 590 834; x_wconf 87' lang='grc'><strong>6,</strong></span> <span class='ocrx_word' id='word_1_103' title='bbox 605 792 659 826; x_wconf 87' lang='grc'><strong>16.</strong></span> <span class='ocrx_word' id='word_1_104' title='bbox 685 792 732 834; x_wconf 84' lang='lat' dir='ltr'><strong>cs.</strong></span> <span class='ocrx_word' id='word_1_105' title='bbox 759 796 815 835; x_wconf 80' lang='grc'><strong>10,</strong></span> <span class='ocrx_word' id='word_1_106' title='bbox 832 796 866 835; x_wconf 98' lang='grc'><strong>7,</strong></span> <span class='ocrx_word' id='word_1_107' title='bbox 885 796 942 828; x_wconf 90' lang='grc'><strong>22.</strong></span> <span class='ocrx_word' id='word_1_108' title='bbox 966 793 1051 828; x_wconf 84' lang='lat' dir='ltr'><strong>facit</strong></span> <span class='ocrx_word' id='word_1_109' title='bbox 1074 794 1215 828; x_wconf 81' lang='lat' dir='ltr'><strong>dicendi</strong></span> <span class='ocrx_word' id='word_1_110' title='bbox 1240 795 1494 844; x_wconf 70' lang='lat' dir='ltr'>negligentiam</span> <span class='ocrx_word' id='word_1_111' title='bbox 1516 796 1606 829; x_wconf 87' lang='lat' dir='ltr'><strong>haec</strong></span> <span class='ocrx_word' id='word_1_112' title='bbox 1625 795 1704 839; x_wconf 83' lang='lat' dir='ltr'><strong>ipsa</strong></span> 
     </span>
     <span class='ocr_line' id='line_1_11' title="bbox 206 838 1703 884; baseline -0.001 -8"><span class='ocrx_word' id='word_1_113' title='bbox 206 841 335 877; x_wconf 85' lang='lat' dir='ltr'><strong>fiducia</strong></span> <span class='ocrx_word' id='word_1_114' title='bbox 361 842 423 882; x_wconf 89' lang='grc'><strong>10,</strong></span> <span class='ocrx_word' id='word_1_115' title='bbox 451 843 486 882; x_wconf 92' lang='lat'><strong>7,</strong></span> <span class='ocrx_word' id='word_1_116' title='bbox 513 841 569 872; x_wconf 87' lang='grc'><strong>32.</strong></span> <span class='ocrx_word' id='word_1_117' title='bbox 593 838 714 872; x_wconf 89' lang='lat' dir='ltr'><strong>odium</strong></span> <span class='ocrx_word' id='word_1_118' title='bbox 738 839 919 883; x_wconf 77' lang='lat' dir='ltr'><strong>turpitudo</strong></span> <span class='ocrx_word' id='word_1_119' title='bbox 941 840 1029 874; x_wconf 84' lang='lat' dir='ltr'><strong>facit</strong></span> <span class='ocrx_word' id='word_1_120' title='bbox 1052 842 1086 884; x_wconf 90' lang='grc'><strong>6,</strong></span> <span class='ocrx_word' id='word_1_121' title='bbox 1105 844 1140 883; x_wconf 90' lang='grc'><strong>1,</strong></span> <span class='ocrx_word' id='word_1_122' title='bbox 1159 840 1214 876; x_wconf 82' lang='grc'><strong>14.</strong></span> <span class='ocrx_word' id='word_1_123' title='bbox 1242 840 1286 883; x_wconf 78' lang='lat' dir='ltr'><strong>cs.</strong></span> <span class='ocrx_word' id='word_1_124' title='bbox 1314 838 1355 884; x_wconf 76' lang='lat'><strong>1,</strong></span> <span class='ocrx_word' id='word_1_125' title='bbox 1371 843 1406 884; x_wconf 84' lang='grc'><strong>3,</strong></span> <span class='ocrx_word' id='word_1_126' title='bbox 1434 844 1491 875; x_wconf 85' lang='grc'><strong>11.</strong></span> <span class='ocrx_word' id='word_1_127' title='bbox 1523 846 1703 875; x_wconf 83' lang='lat' dir='ltr'><strong>oratorem</strong></span> 
     </span>
     <span class='ocr_line' id='line_1_12' title="bbox 206 884 1704 932; baseline -0.002 -8"><span class='ocrx_word' id='word_1_128' title='bbox 206 900 280 924; x_wconf 91' lang='lat' dir='ltr'><strong>non</strong></span> <span class='ocrx_word' id='word_1_129' title='bbox 307 888 519 921; x_wconf 84' lang='lat' dir='ltr'><strong>Geometres</strong></span> <span class='ocrx_word' id='word_1_130' title='bbox 546 884 654 918; x_wconf 84' lang='lat' dir='ltr'><strong>faciet</strong></span> <span class='ocrx_word' id='word_1_131' title='bbox 681 887 778 928; x_wconf 87' lang='grc' dir='ltr'>1,1Ο,</span> <span class='ocrx_word' id='word_1_132' title='bbox 791 887 824 920; x_wconf 86' lang='grc'><strong>6.</strong></span> <span class='ocrx_word' id='word_1_133' title='bbox 853 886 897 927; x_wconf 85' lang='lat' dir='ltr'><strong>cf.</strong></span> <span class='ocrx_word' id='word_1_134' title='bbox 923 889 980 929; x_wconf 84' lang='lat'><strong>10,</strong></span> <span class='ocrx_word' id='word_1_135' title='bbox 1000 890 1032 928; x_wconf 85' lang='lat'><strong>1,</strong></span> <span class='ocrx_word' id='word_1_136' title='bbox 1056 888 1116 924; x_wconf 82' lang='lat'><strong>65.</strong></span> <span class='ocrx_word' id='word_1_137' title='bbox 1146 889 1202 928; x_wconf 83' lang='lat'><strong>12,</strong></span> <span class='ocrx_word' id='word_1_138' title='bbox 1217 888 1252 931; x_wconf 89' lang='lat'>8,</span> <span class='ocrx_word' id='word_1_139' title='bbox 1273 887 1307 922; x_wconf 84' lang='lat'>5.</span> <span class='ocrx_word' id='word_1_140' title='bbox 1331 899 1419 932; x_wconf 83' lang='lat' dir='ltr'><strong>quas</strong></span> <span class='ocrx_word' id='word_1_141' title='bbox 1441 887 1594 921; x_wconf 77' lang='lat' dir='ltr'><strong>fecirnns</strong></span> <span class='ocrx_word' id='word_1_142' title='bbox 1618 899 1704 931; x_wconf 83' lang='lat' dir='ltr'><strong>par—</strong></span> 
     </span>
     <span class='ocr_line' id='line_1_13' title="bbox 207 931 1701 979; baseline -0.003 -9"><span class='ocrx_word' id='word_1_143' title='bbox 207 942 261 970; x_wconf 89' lang='lat' dir='ltr'><strong>tes</strong></span> <span class='ocrx_word' id='word_1_144' title='bbox 277 933 312 974; x_wconf 85' lang='grc'><strong>4,</strong></span> <span class='ocrx_word' id='word_1_145' title='bbox 325 936 360 976; x_wconf 84' lang='grc'><strong>3,</strong></span> <span class='ocrx_word' id='word_1_146' title='bbox 378 935 434 967; x_wconf 92' lang='grc'><strong>15.</strong></span> <span class='ocrx_word' id='word_1_147' title='bbox 459 931 637 978; x_wconf 84' lang='lat' dir='ltr'><strong>pigritiam</strong></span> <span class='ocrx_word' id='word_1_148' title='bbox 656 932 869 966; x_wconf 84' lang='lat' dir='ltr'><strong>emendandi</strong></span> <span class='ocrx_word' id='word_1_149' title='bbox 893 933 1076 979; x_wconf 81' lang='lat' dir='ltr'><strong>angustiae</strong></span> <span class='ocrx_word' id='word_1_150' title='bbox 1099 934 1235 967; x_wconf 78' lang='lat' dir='ltr'><strong>faciunt</strong></span> <span class='ocrx_word' id='word_1_151' title='bbox 1261 936 1317 976; x_wconf 79' lang='grc'><strong>10,</strong></span> <span class='ocrx_word' id='word_1_152' title='bbox 1334 936 1367 976; x_wconf 89' lang='grc'><strong>3,</strong></span> <span class='ocrx_word' id='word_1_153' title='bbox 1384 936 1443 968; x_wconf 89' lang='grc'><strong>32.</strong></span> <span class='ocrx_word' id='word_1_154' title='bbox 1468 934 1512 968; x_wconf 89' lang='lat' dir='ltr'><strong>de</strong></span> <span class='ocrx_word' id='word_1_155' title='bbox 1532 933 1701 968; x_wconf 83' lang='lat' dir='ltr'><strong>faciendo</strong></span> 
     </span>
     <span class='ocr_line' id='line_1_14' title="bbox 204 978 1702 1027; baseline -0.002 -11"><span class='ocrx_word' id='word_1_156' title='bbox 204 987 312 1027; x_wconf 77' lang='lat' dir='ltr'><strong>portu</strong></span> <span class='ocrx_word' id='word_1_157' title='bbox 339 983 373 1023; x_wconf 85' lang='grc'><strong>2,</strong></span> <span class='ocrx_word' id='word_1_158' title='bbox 399 982 456 1015; x_wconf 79' lang='lat'><strong>21.</strong></span> <span class='ocrx_word' id='word_1_159' title='bbox 486 979 539 1012; x_wconf 79' lang='lat'><strong>18.</strong></span> <span class='ocrx_word' id='word_1_160' title='bbox 568 978 654 1021; x_wconf 87' lang='lat' dir='ltr'><strong>juris</strong></span> <span class='ocrx_word' id='word_1_161' title='bbox 679 979 906 1022; x_wconf 73' lang='lat' dir='ltr'><strong>quaestiones</strong></span> <span class='ocrx_word' id='word_1_162' title='bbox 931 979 1017 1013; x_wconf 82' lang='lat' dir='ltr'><strong>facit</strong></span> <span class='ocrx_word' id='word_1_163' title='bbox 1043 979 1203 1024; x_wconf 75' lang='lat' dir='ltr'><strong>(tempus)</strong></span> <span class='ocrx_word' id='word_1_164' title='bbox 1226 979 1259 1023; x_wconf 89' lang='lat'>5,</span> <span class='ocrx_word' id='word_1_165' title='bbox 1275 982 1333 1023; x_wconf 93' lang='grc'><strong>10,</strong></span> <span class='ocrx_word' id='word_1_166' title='bbox 1351 978 1409 1013; x_wconf 85' lang='grc'><strong>44.</strong></span> <span class='ocrx_word' id='word_1_167' title='bbox 1435 985 1602 1025; x_wconf 67' lang='lat' dir='ltr'><strong>quattuor</strong></span> <span class='ocrx_word' id='word_1_168' title='bbox 1625 980 1702 1022; x_wconf 82' lang='lat' dir='ltr'><strong>ejus</strong></span> 
     </span>
     <span class='ocr_line' id='line_1_15' title="bbox 207 1025 1703 1076; baseline -0.002 -13"><span class='ocrx_word' id='word_1_169' title='bbox 207 1026 351 1076; x_wconf 82' lang='lat' dir='ltr'><strong>generis</strong></span> <span class='ocrx_word' id='word_1_170' title='bbox 375 1025 603 1070; x_wconf 77' lang='lat' dir='ltr'><strong>quaestiones</strong></span> <span class='ocrx_word' id='word_1_171' title='bbox 623 1025 686 1058; x_wconf 78' lang='lat' dir='ltr'><strong>vel</strong></span> <span class='ocrx_word' id='word_1_172' title='bbox 703 1030 815 1058; x_wconf 83' lang='lat' dir='ltr'><strong>status</strong></span> <span class='ocrx_word' id='word_1_173' title='bbox 835 1025 987 1059; x_wconf 75' lang='lat' dir='ltr'><strong>facimus</strong></span> <span class='ocrx_word' id='word_1_174' title='bbox 1015 1029 1049 1068; x_wconf 88' lang='lat'><strong>7,</strong></span> <span class='ocrx_word' id='word_1_175' title='bbox 1062 1027 1095 1066; x_wconf 85' lang='lat'><strong>5,</strong></span> <span class='ocrx_word' id='word_1_176' title='bbox 1106 1028 1139 1061; x_wconf 87' lang='lat'><strong>6.</strong></span> <span class='ocrx_word' id='word_1_177' title='bbox 1162 1028 1259 1060; x_wconf 87' lang='lat' dir='ltr'><strong>hunc</strong></span> <span class='ocrx_word' id='word_1_178' title='bbox 1284 1033 1469 1071; x_wconf 82' lang='lat' dir='ltr'><strong>quaestum</strong></span> <span class='ocrx_word' id='word_1_179' title='bbox 1492 1026 1621 1060; x_wconf 82' lang='lat' dir='ltr'><strong>fecerit</strong></span> <span class='ocrx_word' id='word_1_180' title='bbox 1645 1028 1703 1067; x_wconf 88' lang='grc'><strong>12,</strong></span> 
     </span>
     <span class='ocr_line' id='line_1_16' title="bbox 206 1071 1702 1118; baseline -0.001 -12"><span class='ocrx_word' id='word_1_181' title='bbox 206 1076 290 1118; x_wconf 77' lang='grc'>7,9,</span> <span class='ocrx_word' id='word_1_182' title='bbox 313 1072 374 1117; x_wconf 83' lang='lat' dir='ltr'><strong>qui</strong></span> <span class='ocrx_word' id='word_1_183' title='bbox 398 1083 474 1105; x_wconf 88' lang='lat' dir='ltr'><strong>rem</strong></span> <span class='ocrx_word' id='word_1_184' title='bbox 498 1072 626 1115; x_wconf 74' lang='lat' dir='ltr'><strong>justam</strong></span> <span class='ocrx_word' id='word_1_185' title='bbox 640 1071 776 1105; x_wconf 87' lang='lat' dir='ltr'><strong>faciant</strong></span> <span class='ocrx_word' id='word_1_186' title='bbox 800 1074 833 1113; x_wconf 92' lang='lat'><strong>5,</strong></span> <span class='ocrx_word' id='word_1_187' title='bbox 852 1074 906 1114; x_wconf 89' lang='grc'><strong>10,</strong></span> <span class='ocrx_word' id='word_1_188' title='bbox 932 1073 989 1107; x_wconf 82' lang='grc'><strong>85.</strong></span> <span class='ocrx_word' id='word_1_189' title='bbox 1017 1074 1278 1107; x_wconf 82' lang='lat' dir='ltr'>defendere</span> <span class='ocrx_word' id='word_1_190' title='bbox 1301 1083 1385 1107; x_wconf 89' lang='lat' dir='ltr'><strong>reos</strong></span> <span class='ocrx_word' id='word_1_191' title='bbox 1409 1083 1514 1117; x_wconf 81' lang='lat' dir='ltr'><strong>quam</strong></span> <span class='ocrx_word' id='word_1_192' title='bbox 1537 1073 1702 1106; x_wconf 82' lang='lat' dir='ltr'><strong>facere</strong></span> 
     </span>
     <span class='ocr_line' id='line_1_17' title="bbox 205 1117 1701 1163; baseline -0.003 -8"><span class='ocrx_word' id='word_1_193' title='bbox 205 1122 314 1156; x_wconf 84' lang='lat' dir='ltr'><strong>malet</strong></span> <span class='ocrx_word' id='word_1_194' title='bbox 339 1122 394 1162; x_wconf 83' lang='lat'><strong>12,</strong></span> <span class='ocrx_word' id='word_1_195' title='bbox 411 1121 447 1160; x_wconf 92' lang='lat'>7,</span> <span class='ocrx_word' id='word_1_196' title='bbox 471 1120 502 1151; x_wconf 88' lang='lat'><strong>1.</strong></span> <span class='ocrx_word' id='word_1_197' title='bbox 530 1117 641 1150; x_wconf 80' lang='lat' dir='ltr'><strong>risum</strong></span> <span class='ocrx_word' id='word_1_198' title='bbox 665 1118 752 1151; x_wconf 82' lang='lat' dir='ltr'><strong>fecit</strong></span> <span class='ocrx_word' id='word_1_199' title='bbox 776 1118 810 1160; x_wconf 81' lang='grc'><strong>6,</strong></span> <span class='ocrx_word' id='word_1_200' title='bbox 825 1121 858 1159; x_wconf 69' lang='lat'><strong>1‘,</strong></span> <span class='ocrx_word' id='word_1_201' title='bbox 876 1117 999 1153; x_wconf 51' lang='lat'>4048.</span> <span class='ocrx_word' id='word_1_202' title='bbox 1020 1119 1081 1163; x_wconf 83' lang='lat' dir='ltr'><strong>qui</strong></span> <span class='ocrx_word' id='word_1_203' title='bbox 1099 1120 1211 1153; x_wconf 89' lang='lat' dir='ltr'><strong>robur</strong></span> <span class='ocrx_word' id='word_1_204' title='bbox 1225 1119 1368 1163; x_wconf 78' lang='lat' dir='ltr'><strong>aliquod</strong></span> <span class='ocrx_word' id='word_1_205' title='bbox 1383 1118 1425 1152; x_wconf 71' lang='lat' dir='ltr'><strong>‘in</strong></span> <span class='ocrx_word' id='word_1_206' title='bbox 1450 1118 1531 1152; x_wconf 84' lang='lat' dir='ltr'><strong>stilo</strong></span> <span class='ocrx_word' id='word_1_207' title='bbox 1547 1119 1701 1161; x_wconf 76' lang='lat' dir='ltr'><strong>fecerint</strong></span> 
     </span>
     <span class='ocr_line' id='line_1_18' title="bbox 207 1163 1701 1210; baseline -0.001 -11"><span class='ocrx_word' id='word_1_208' title='bbox 207 1170 264 1210; x_wconf 87' lang='lat'><strong>10,</strong></span> <span class='ocrx_word' id='word_1_209' title='bbox 279 1169 312 1208; x_wconf 80' lang='lat'><strong>3,</strong></span> <span class='ocrx_word' id='word_1_210' title='bbox 332 1168 388 1199; x_wconf 80' lang='grc'><strong>11.</strong></span> <span class='ocrx_word' id='word_1_211' title='bbox 417 1163 642 1210; x_wconf 81' lang='lat' dir='ltr'><strong>sacrilegium</strong></span> <span class='ocrx_word' id='word_1_212' title='bbox 665 1164 753 1197; x_wconf 81' lang='lat' dir='ltr'><strong>facit</strong></span> <span class='ocrx_word' id='word_1_213' title='bbox 777 1166 811 1206; x_wconf 94' lang='lat'><strong>5,</strong></span> <span class='ocrx_word' id='word_1_214' title='bbox 837 1167 893 1207; x_wconf 89' lang='lat'><strong>10,</strong></span> <span class='ocrx_word' id='word_1_215' title='bbox 918 1166 975 1202; x_wconf 85' lang='grc'><strong>87.</strong></span> <span class='ocrx_word' id='word_1_216' title='bbox 1002 1165 1040 1198; x_wconf 92' lang='lat' dir='ltr'><strong>id</strong></span> <span class='ocrx_word' id='word_1_217' title='bbox 1061 1177 1081 1199; x_wconf 88' lang='lat' dir='ltr'><strong>a</strong></span> <span class='ocrx_word' id='word_1_218' title='bbox 1104 1177 1143 1200; x_wconf 88' lang='lat' dir='ltr'><strong>se</strong></span> <span class='ocrx_word' id='word_1_219' title='bbox 1169 1167 1287 1199; x_wconf 86' lang='lat' dir='ltr'><strong>scelus</strong></span> <span class='ocrx_word' id='word_1_220' title='bbox 1320 1165 1465 1199; x_wconf 80' lang='lat' dir='ltr'><strong>effici</strong></span> <span class='ocrx_word' id='word_1_221' title='bbox 1488 1164 1624 1209; x_wconf 74' lang='lat' dir='ltr'><strong>posse?</strong></span> <span class='ocrx_word' id='word_1_222' title='bbox 1655 1175 1701 1197; x_wconf 81' lang='lat' dir='ltr'><strong>an</strong></span> 
     </span>
     <span class='ocr_line' id='line_1_19' title="bbox 204 1209 1702 1260; baseline -0.003 -13"><span class='ocrx_word' id='word_1_223' title='bbox 204 1211 384 1260; x_wconf 85' lang='lat' dir='ltr'><strong>ignorari,</strong></span> <span class='ocrx_word' id='word_1_224' title='bbox 410 1222 492 1245; x_wconf 87' lang='lat' dir='ltr'><strong>cum</strong></span> <span class='ocrx_word' id='word_1_225' title='bbox 515 1210 764 1244; x_wconf 80' lang='lat' dir='ltr'><strong>fecisset?</strong></span> <span class='ocrx_word' id='word_1_226' title='bbox 797 1214 840 1252; x_wconf 87' lang='lat'>7,</span> <span class='ocrx_word' id='word_1_227' title='bbox 871 1214 907 1254; x_wconf 88' lang='grc'><strong>2,</strong></span> <span class='ocrx_word' id='word_1_228' title='bbox 933 1210 990 1245; x_wconf 86' lang='grc'><strong>42.</strong></span> <span class='ocrx_word' id='word_1_229' title='bbox 1018 1210 1061 1253; x_wconf 83' lang='lat' dir='ltr'><strong>cs.</strong></span> <span class='ocrx_word' id='word_1_230' title='bbox 1091 1212 1124 1254; x_wconf 85' lang='lat'><strong>5,</strong></span> <span class='ocrx_word' id='word_1_231' title='bbox 1153 1214 1209 1254; x_wconf 90' lang='lat'><strong>10,</strong></span> <span class='ocrx_word' id='word_1_232' title='bbox 1235 1213 1292 1246; x_wconf 82' lang='lat'><strong>19.</strong></span> <span class='ocrx_word' id='word_1_233' title='bbox 1329 1213 1401 1245; x_wconf 90' lang='lat' dir='ltr'><strong>hoc</strong></span> <span class='ocrx_word' id='word_1_234' title='bbox 1426 1212 1570 1245; x_wconf 76' lang='lat' dir='ltr'><strong>schema</strong></span> <span class='ocrx_word' id='word_1_235' title='bbox 1591 1209 1702 1244; x_wconf 84' lang='lat' dir='ltr'><strong>faciat</strong></span> 
     </span>
     <span class='ocr_line' id='line_1_20' title="bbox 205 1255 1701 1302; baseline -0.003 -8"><span class='ocrx_word' id='word_1_236' title='bbox 205 1265 340 1302; x_wconf 84' lang='lat' dir='ltr'><strong>tropos·</strong></span> <span class='ocrx_word' id='word_1_237' title='bbox 354 1258 415 1291; x_wconf 84' lang='lat' dir='ltr'><strong>ille</strong></span> <span class='ocrx_word' id='word_1_238' title='bbox 433 1262 624 1291; x_wconf 80' lang='lat' dir='ltr'><strong>contextus</strong></span> <span class='ocrx_word' id='word_1_239' title='bbox 649 1257 682 1299; x_wconf 94' lang='lat'><strong>9,</strong></span> <span class='ocrx_word' id='word_1_240' title='bbox 699 1260 734 1299; x_wconf 95' lang='grc'><strong>2,</strong></span> <span class='ocrx_word' id='word_1_241' title='bbox 749 1255 795 1290; x_wconf 87' lang='grc'><strong>46</strong></span> <span class='ocrx_word' id='word_1_242' title='bbox 817 1261 858 1290; x_wconf 91' lang='grc' dir='ltr'><strong>Ζ.</strong></span> <span class='ocrx_word' id='word_1_243' title='bbox 884 1257 971 1291; x_wconf 79' lang='lat' dir='ltr'><strong>facit</strong></span> <span class='ocrx_word' id='word_1_244' title='bbox 995 1259 1167 1301; x_wconf 74' lang='lat' dir='ltr'><strong>quasdam</strong></span> <span class='ocrx_word' id='word_1_245' title='bbox 1190 1257 1384 1291; x_wconf 82' lang='lat' dir='ltr'><strong>sententias</strong></span> <span class='ocrx_word' id='word_1_246' title='bbox 1406 1258 1485 1291; x_wconf 88' lang='lat' dir='ltr'><strong>sola</strong></span> <span class='ocrx_word' id='word_1_247' title='bbox 1532 1256 1701 1291; x_wconf 83' lang='lat' dir='ltr'><strong>eminatio</strong></span> 
     </span>
     <span class='ocr_line' id='line_1_21' title="bbox 206 1302 1702 1348; baseline -0.003 -8"><span class='ocrx_word' id='word_1_248' title='bbox 206 1307 243 1348; x_wconf 85' lang='grc'><strong>8,</strong></span> <span class='ocrx_word' id='word_1_249' title='bbox 257 1306 290 1345; x_wconf 89' lang='grc'><strong>5,</strong></span> <span class='ocrx_word' id='word_1_250' title='bbox 305 1306 359 1338; x_wconf 79' lang='grc'><strong>18.</strong></span> <span class='ocrx_word' id='word_1_251' title='bbox 387 1303 448 1348; x_wconf 80' lang='lat' dir='ltr'><strong>qui</strong></span> <span class='ocrx_word' id='word_1_252' title='bbox 471 1314 675 1337; x_wconf 83' lang='lat' dir='ltr'><strong>sermonem</strong></span> <span class='ocrx_word' id='word_1_253' title='bbox 698 1302 802 1347; x_wconf 85' lang='lat' dir='ltr'><strong>primi</strong></span> <span class='ocrx_word' id='word_1_254' title='bbox 826 1304 992 1337; x_wconf 80' lang='lat' dir='ltr'><strong>fecemnt</strong></span> <span class='ocrx_word' id='word_1_255' title='bbox 1015 1305 1049 1346; x_wconf 89' lang='grc'><strong>8,</strong></span> <span class='ocrx_word' id='word_1_256' title='bbox 1063 1304 1098 1346; x_wconf 89' lang='grc'><strong>6,</strong></span> <span class='ocrx_word' id='word_1_257' title='bbox 1117 1306 1174 1338; x_wconf 91' lang='grc'><strong>31.</strong></span> <span class='ocrx_word' id='word_1_258' title='bbox 1198 1309 1359 1348; x_wconf 87' lang='lat' dir='ltr'><strong>tempora</strong></span> <span class='ocrx_word' id='word_1_259' title='bbox 1381 1303 1450 1336; x_wconf 84' lang='lat' dir='ltr'><strong>tria</strong></span> <span class='ocrx_word' id='word_1_260' title='bbox 1473 1314 1493 1336; x_wconf 82' lang='lat' dir='ltr'><strong>a</strong></span> <span class='ocrx_word' id='word_1_261' title='bbox 1547 1304 1619 1336; x_wconf 88' lang='lat' dir='ltr'><strong>duo</strong></span> <span class='ocrx_word' id='word_1_262' title='bbox 1642 1313 1702 1336; x_wconf 82' lang='lat' dir='ltr'><strong>re-</strong></span> 
     </span>
     <span class='ocr_line' id='line_1_22' title="bbox 203 1347 1701 1394; baseline -0.004 -8"><span class='ocrx_word' id='word_1_263' title='bbox 203 1353 278 1386; x_wconf 85' lang='lat' dir='ltr'><strong>lata</strong></span> <span class='ocrx_word' id='word_1_264' title='bbox 302 1352 503 1394; x_wconf 83' lang='lat' dir='ltr'><strong>sescuplum</strong></span> <span class='ocrx_word' id='word_1_265' title='bbox 526 1349 661 1383; x_wconf 78' lang='lat' dir='ltr'><strong>iaciant</strong></span> <span class='ocrx_word' id='word_1_266' title='bbox 682 1350 718 1392; x_wconf 87' lang='lat'><strong>9,</strong></span> <span class='ocrx_word' id='word_1_267' title='bbox 739 1348 774 1391; x_wconf 82' lang='lat'><strong>4,</strong></span> <span class='ocrx_word' id='word_1_268' title='bbox 785 1347 839 1383; x_wconf 88' lang='grc'><strong>47.</strong></span> <span class='ocrx_word' id='word_1_269' title='bbox 867 1360 1041 1384; x_wconf 73' lang='lat' dir='ltr'><strong>amarae</strong></span> <span class='ocrx_word' id='word_1_270' title='bbox 1066 1349 1263 1384; x_wconf 74' lang='lat' dir='ltr'><strong>corticis</strong></span> <span class='ocrx_word' id='word_1_271' title='bbox 1286 1348 1433 1383; x_wconf 87' lang='lat' dir='ltr'><strong>—facit</strong></span> <span class='ocrx_word' id='word_1_272' title='bbox 1449 1349 1701 1383; x_wconf 73' lang='lat' dir='ltr'><strong>soloecismum</strong></span> 
     </span>
     <span class='ocr_line' id='line_1_23' title="bbox 207 1395 1702 1441; baseline -0.001 -11"><span class='ocrx_word' id='word_1_273' title='bbox 207 1400 242 1441; x_wconf 89' lang='lat'><strong>1,</strong></span> <span class='ocrx_word' id='word_1_274' title='bbox 264 1397 296 1437; x_wconf 78' lang='lat'><strong>5,</strong></span> <span class='ocrx_word' id='word_1_275' title='bbox 313 1397 370 1430; x_wconf 85' lang='grc'><strong>35.</strong></span> <span class='ocrx_word' id='word_1_276' title='bbox 418 1396 568 1428; x_wconf 83' lang='lat' dir='ltr'><strong>Romani</strong></span> <span class='ocrx_word' id='word_1_277' title='bbox 595 1406 698 1428; x_wconf 82' lang='lat' dir='ltr'><strong>suum</strong></span> <span class='ocrx_word' id='word_1_278' title='bbox 725 1407 774 1429; x_wconf 80' lang='lat' dir='ltr'><strong>ex</strong></span> <span class='ocrx_word' id='word_1_279' title='bbox 798 1402 952 1440; x_wconf 84' lang='lat' dir='ltr'><strong>utroque</strong></span> <span class='ocrx_word' id='word_1_280' title='bbox 980 1397 1098 1430; x_wconf 86' lang='lat' dir='ltr'><strong>alieno</strong></span> <span class='ocrx_word' id='word_1_281' title='bbox 1121 1397 1288 1429; x_wconf 84' lang='lat' dir='ltr'><strong>fecerunt</strong></span> <span class='ocrx_word' id='word_1_282' title='bbox 1310 1396 1422 1430; x_wconf 59' lang='lat' dir='ltr'><strong>fatie.</strong></span> <span class='ocrx_word' id='word_1_283' title='bbox 1448 1395 1702 1433; x_wconf 71' lang='lat' dir='ltr'><strong>horumfece-</strong></span> 
     </span>
     <span class='ocr_line' id='line_1_24' title="bbox 205 1440 1701 1486; baseline -0.003 -9"><span class='ocrx_word' id='word_1_284' title='bbox 205 1449 290 1479; x_wconf 86' lang='lat' dir='ltr'><strong>runt</strong></span> <span class='ocrx_word' id='word_1_285' title='bbox 307 1441 445 1486; x_wconf 85' lang='lat' dir='ltr'><strong>species</strong></span> <span class='ocrx_word' id='word_1_286' title='bbox 459 1443 492 1482; x_wconf 80' lang='lat'><strong>3,</strong></span> <span class='ocrx_word' id='word_1_287' title='bbox 502 1442 537 1482; x_wconf 86' lang='grc'><strong>6,</strong></span> <span class='ocrx_word' id='word_1_288' title='bbox 549 1441 605 1474; x_wconf 81' lang='grc'><strong>46.</strong></span> <span class='ocrx_word' id='word_1_289' title='bbox 632 1441 659 1473; x_wconf 86' lang='lat' dir='ltr'><strong>si</strong></span> <span class='ocrx_word' id='word_1_290' title='bbox 682 1443 815 1474; x_wconf 85' lang='lat' dir='ltr'><strong>nullam</strong></span> <span class='ocrx_word' id='word_1_291' title='bbox 841 1454 940 1486; x_wconf 83' lang='lat' dir='ltr'><strong>spem</strong></span> <span class='ocrx_word' id='word_1_292' title='bbox 966 1442 1074 1476; x_wconf 82' lang='lat' dir='ltr'><strong>faciat</strong></span> <span class='ocrx_word' id='word_1_293' title='bbox 1094 1444 1128 1485; x_wconf 85' lang='lat'><strong>9,</strong></span> <span class='ocrx_word' id='word_1_294' title='bbox 1153 1445 1188 1485; x_wconf 90' lang='grc'><strong>2,</strong></span> <span class='ocrx_word' id='word_1_295' title='bbox 1202 1444 1259 1477; x_wconf 90' lang='grc'><strong>91.</strong></span> <span class='ocrx_word' id='word_1_296' title='bbox 1282 1442 1448 1476; x_wconf 83' lang='lat' dir='ltr'><strong>fecerunt</strong></span> <span class='ocrx_word' id='word_1_297' title='bbox 1471 1441 1531 1476; x_wconf 68' lang='lat' dir='ltr'><strong>afli</strong></span> <span class='ocrx_word' id='word_1_298' title='bbox 1551 1440 1701 1475; x_wconf 83' lang='lat' dir='ltr'><strong>totidem</strong></span> 
     </span>
     <span class='ocr_line' id='line_1_25' title="bbox 204 1486 1700 1532; baseline -0.002 -8"><span class='ocrx_word' id='word_1_299' title='bbox 204 1495 316 1524; x_wconf 84' lang='lat' dir='ltr'><strong>status</strong></span> <span class='ocrx_word' id='word_1_300' title='bbox 334 1490 369 1530; x_wconf 82' lang='lat'><strong>3,</strong></span> <span class='ocrx_word' id='word_1_301' title='bbox 385 1486 487 1532; x_wconf 79' lang='grc'>6,48.</span> <span class='ocrx_word' id='word_1_302' title='bbox 514 1486 682 1519; x_wconf 73' lang='lat' dir='ltr'><strong>transitus</strong></span> <span class='ocrx_word' id='word_1_303' title='bbox 706 1486 801 1520; x_wconf 75' lang='lat' dir='ltr'><strong>facio</strong></span> <span class='ocrx_word' id='word_1_304' title='bbox 827 1491 863 1529; x_wconf 84' lang='lat'><strong>9,</strong></span> <span class='ocrx_word' id='word_1_305' title='bbox 887 1492 922 1528; x_wconf 89' lang='grc'><strong>2,</strong></span> <span class='ocrx_word' id='word_1_306' title='bbox 945 1489 1001 1523; x_wconf 90' lang='grc'><strong>61.</strong></span> <span class='ocrx_word' id='word_1_307' title='bbox 1031 1500 1161 1532; x_wconf 85' lang='lat' dir='ltr'><strong>corpus</strong></span> <span class='ocrx_word' id='word_1_308' title='bbox 1186 1489 1347 1522; x_wconf 87' lang='lat' dir='ltr'><strong>umbram</strong></span> <span class='ocrx_word' id='word_1_309' title='bbox 1374 1486 1463 1521; x_wconf 85' lang='lat' dir='ltr'><strong>facit</strong></span> <span class='ocrx_word' id='word_1_310' title='bbox 1484 1487 1525 1527; x_wconf 85' lang='lat'><strong>5,</strong></span> <span class='ocrx_word' id='word_1_311' title='bbox 1551 1489 1615 1529; x_wconf 90' lang='grc'><strong>10,</strong></span> <span class='ocrx_word' id='word_1_312' title='bbox 1642 1487 1700 1521; x_wconf 82' lang='lat'><strong>80.</strong></span> 
     </span>
     <span class='ocr_line' id='line_1_26' title="bbox 207 1531 1702 1578; baseline -0.001 -11"><span class='ocrx_word' id='word_1_313' title='bbox 207 1535 253 1578; x_wconf 80' lang='lat' dir='ltr'><strong>cs.</strong></span> <span class='ocrx_word' id='word_1_314' title='bbox 282 1537 337 1577; x_wconf 90' lang='lat'><strong>10,</strong></span> <span class='ocrx_word' id='word_1_315' title='bbox 363 1537 406 1577; x_wconf 82' lang='lat'><strong>2,</strong></span> <span class='ocrx_word' id='word_1_316' title='bbox 436 1536 471 1567; x_wconf 90' lang='lat'><strong>7.</strong></span> <span class='ocrx_word' id='word_1_317' title='bbox 511 1533 613 1565; x_wconf 84' lang='lat' dir='ltr'><strong>faber</strong></span> <span class='ocrx_word' id='word_1_318' title='bbox 639 1534 824 1565; x_wconf 81' lang='lat' dir='ltr'><strong>vasculum</strong></span> <span class='ocrx_word' id='word_1_319' title='bbox 847 1533 934 1566; x_wconf 83' lang='lat' dir='ltr'><strong>fecit</strong></span> <span class='ocrx_word' id='word_1_320' title='bbox 957 1538 991 1576; x_wconf 95' lang='lat'><strong>7,</strong></span> <span class='ocrx_word' id='word_1_321' title='bbox 1014 1537 1069 1576; x_wconf 89' lang='lat'><strong>10,</strong></span> <span class='ocrx_word' id='word_1_322' title='bbox 1089 1536 1123 1569; x_wconf 90' lang='grc'><strong>9.</strong></span> <span class='ocrx_word' id='word_1_323' title='bbox 1153 1536 1263 1578; x_wconf 83' lang='lat' dir='ltr'><strong>pedes</strong></span> <span class='ocrx_word' id='word_1_324' title='bbox 1289 1555 1336 1560; x_wconf 97' lang='lat'>—</span> <span class='ocrx_word' id='word_1_325' title='bbox 1358 1545 1504 1568; x_wconf 80' lang='lat' dir='ltr'><strong>versum</strong></span> <span class='ocrx_word' id='word_1_326' title='bbox 1527 1531 1702 1567; x_wconf 81' lang='lat' dir='ltr'><strong>facientes</strong></span> 
     </span>
     <span class='ocr_line' id='line_1_27' title="bbox 205 1577 1703 1626; baseline -0.002 -11"><span class='ocrx_word' id='word_1_327' title='bbox 205 1584 242 1626; x_wconf 87' lang='grc'><strong>9,</strong></span> <span class='ocrx_word' id='word_1_328' title='bbox 254 1580 289 1624; x_wconf 90' lang='grc'><strong>4,</strong></span> <span class='ocrx_word' id='word_1_329' title='bbox 305 1581 382 1614; x_wconf 83' lang='grc'>115.</span> <span class='ocrx_word' id='word_1_330' title='bbox 409 1589 475 1623; x_wconf 73' lang='lat' dir='ltr'><strong>pes</strong></span> <span class='ocrx_word' id='word_1_331' title='bbox 492 1598 529 1604; x_wconf 78' lang='lat'>-</span> <span class='ocrx_word' id='word_1_332' title='bbox 558 1577 750 1623; x_wconf 75' lang='lat' dir='ltr'><strong>vestigium</strong></span> <span class='ocrx_word' id='word_1_333' title='bbox 772 1577 858 1610; x_wconf 84' lang='lat' dir='ltr'><strong>facit</strong></span> <span class='ocrx_word' id='word_1_334' title='bbox 883 1580 918 1620; x_wconf 90' lang='grc'><strong>9,</strong></span> <span class='ocrx_word' id='word_1_335' title='bbox 934 1577 969 1620; x_wconf 88' lang='grc'><strong>4,</strong></span> <span class='ocrx_word' id='word_1_336' title='bbox 984 1580 1040 1613; x_wconf 87' lang='grc'><strong>67.</strong></span> <span class='ocrx_word' id='word_1_337' title='bbox 1063 1579 1151 1612; x_wconf 87' lang='lat' dir='ltr'><strong>fecit</strong></span> <span class='ocrx_word' id='word_1_338' title='bbox 1176 1581 1276 1613; x_wconf 78' lang='lat' dir='ltr'><strong>velut</strong></span> <span class='ocrx_word' id='word_1_339' title='bbox 1298 1579 1478 1623; x_wconf 83' lang='lat' dir='ltr'><strong>propriam</strong></span> <span class='ocrx_word' id='word_1_340' title='bbox 1501 1579 1703 1625; x_wconf 76' lang='lat' dir='ltr'><strong>Hermago-</strong></span> 
     </span>
     <span class='ocr_line' id='line_1_28' title="bbox 205 1623 1700 1668; baseline -0.003 -6"><span class='ocrx_word' id='word_1_341' title='bbox 205 1639 265 1663; x_wconf 85' lang='lat' dir='ltr'><strong>ras</strong></span> <span class='ocrx_word' id='word_1_342' title='bbox 288 1626 387 1662; x_wconf 84' lang='lat' dir='ltr'><strong>viam</strong></span> <span class='ocrx_word' id='word_1_343' title='bbox 412 1628 446 1668; x_wconf 85' lang='lat'><strong>3,</strong></span> <span class='ocrx_word' id='word_1_344' title='bbox 473 1627 506 1665; x_wconf 89' lang='lat'><strong>1,</strong></span> <span class='ocrx_word' id='word_1_345' title='bbox 529 1625 586 1657; x_wconf 77' lang='grc'><strong>16.</strong></span> <span class='ocrx_word' id='word_1_346' title='bbox 610 1623 708 1657; x_wconf 78' lang='lat' dir='ltr'><strong>vires</strong></span> <span class='ocrx_word' id='word_1_347' title='bbox 732 1623 906 1657; x_wconf 66' lang='lat' dir='ltr'><strong>faciamus</strong></span> <span class='ocrx_word' id='word_1_348' title='bbox 934 1623 973 1667; x_wconf 80' lang='grc' dir='ltr'>(ι’.</span> <span class='ocrx_word' id='word_1_349' title='bbox 999 1637 1026 1658; x_wconf 85' lang='lat' dir='ltr'><strong>e.</strong></span> <span class='ocrx_word' id='word_1_350' title='bbox 1052 1625 1273 1667; x_wconf 73' lang='lat' dir='ltr'><strong>par-emus)</strong></span> <span class='ocrx_word' id='word_1_351' title='bbox 1299 1631 1381 1658; x_wconf 84' lang='lat' dir='ltr'><strong>ante</strong></span> <span class='ocrx_word' id='word_1_352' title='bbox 1405 1624 1526 1658; x_wconf 85' lang='lat' dir='ltr'><strong>omnia</strong></span> <span class='ocrx_word' id='word_1_353' title='bbox 1548 1626 1604 1665; x_wconf 87' lang='lat'><strong>10,</strong></span> <span class='ocrx_word' id='word_1_354' title='bbox 1615 1626 1649 1666; x_wconf 83' lang='lat'><strong>3,</strong></span> <span class='ocrx_word' id='word_1_355' title='bbox 1663 1626 1700 1658; x_wconf 80' lang='grc'><strong>3.</strong></span> 
     </span>
     <span class='ocr_line' id='line_1_29' title="bbox 206 1668 1699 1716; baseline -0.001 -12"><span class='ocrx_word' id='word_1_356' title='bbox 206 1674 251 1716; x_wconf 74' lang='lat' dir='ltr'><strong>cf.</strong></span> <span class='ocrx_word' id='word_1_357' title='bbox 283 1676 340 1716; x_wconf 81' lang='grc'><strong>12,</strong></span> <span class='ocrx_word' id='word_1_358' title='bbox 361 1675 397 1715; x_wconf 91' lang='lat'><strong>7,</strong></span> <span class='ocrx_word' id='word_1_359' title='bbox 426 1674 458 1704; x_wconf 90' lang='lat'><strong>1.</strong></span> <span class='ocrx_word' id='word_1_360' title='bbox 489 1676 542 1703; x_wconf 85' lang='lat' dir='ltr'><strong>est</strong></span> <span class='ocrx_word' id='word_1_361' title='bbox 566 1669 730 1703; x_wconf 86' lang='lat' dir='ltr'><strong>facienda</strong></span> <span class='ocrx_word' id='word_1_362' title='bbox 752 1680 813 1702; x_wconf 86' lang='lat' dir='ltr'><strong>sua</strong></span> <span class='ocrx_word' id='word_1_363' title='bbox 839 1670 967 1713; x_wconf 82' lang='lat' dir='ltr'><strong>cuique</strong></span> <span class='ocrx_word' id='word_1_364' title='bbox 990 1669 1071 1712; x_wconf 81' lang='lat' dir='ltr'><strong>vis,</strong></span> <span class='ocrx_word' id='word_1_365' title='bbox 1099 1681 1162 1703; x_wconf 88' lang='lat' dir='ltr'><strong>sua</strong></span> <span class='ocrx_word' id='word_1_366' title='bbox 1189 1670 1282 1704; x_wconf 82' lang='lat' dir='ltr'><strong>ratio</strong></span> <span class='ocrx_word' id='word_1_367' title='bbox 1308 1673 1344 1712; x_wconf 93' lang='lat'><strong>7,</strong></span> <span class='ocrx_word' id='word_1_368' title='bbox 1366 1673 1422 1713; x_wconf 92' lang='lat'><strong>10,</strong></span> <span class='ocrx_word' id='word_1_369' title='bbox 1442 1668 1497 1703; x_wconf 84' lang='grc'><strong>14.</strong></span> <span class='ocrx_word' id='word_1_370' title='bbox 1529 1670 1699 1703; x_wconf 84' lang='lat' dir='ltr'><strong>facere</strong></span> 
     </span>
     <span class='ocr_line' id='line_1_30' title="bbox 207 1714 1700 1766; baseline -0.003 -13"><span class='ocrx_word' id='word_1_371' title='bbox 207 1732 314 1766; x_wconf 83' lang='lat' dir='ltr'><strong>quam</strong></span> <span class='ocrx_word' id='word_1_372' title='bbox 339 1727 502 1752; x_wconf 86' lang='lat' dir='ltr'><strong>sanare</strong></span> <span class='ocrx_word' id='word_1_373' title='bbox 529 1718 693 1758; x_wconf 81' lang='lat' dir='ltr'><strong>vulnera,</strong></span> <span class='ocrx_word' id='word_1_374' title='bbox 721 1716 863 1749; x_wconf 82' lang='lat' dir='ltr'><strong>facilius</strong></span> <span class='ocrx_word' id='word_1_375' title='bbox 888 1718 922 1758; x_wconf 91' lang='grc'><strong>5,</strong></span> <span class='ocrx_word' id='word_1_376' title='bbox 944 1718 1000 1758; x_wconf 84' lang='grc'><strong>13,</strong></span> <span class='ocrx_word' id='word_1_377' title='bbox 1018 1718 1051 1750; x_wconf 83' lang='grc'><strong>3.</strong></span> <span class='ocrx_word' id='word_1_378' title='bbox 1075 1726 1150 1749; x_wconf 90' lang='lat' dir='ltr'><strong>non</strong></span> <span class='ocrx_word' id='word_1_379' title='bbox 1174 1727 1231 1749; x_wconf 89' lang='lat' dir='ltr'><strong>me</strong></span> <span class='ocrx_word' id='word_1_380' title='bbox 1254 1716 1414 1759; x_wconf 82' lang='lat' dir='ltr'><strong>hercule,</strong></span> <span class='ocrx_word' id='word_1_381' title='bbox 1439 1714 1566 1760; x_wconf 74' lang='lat' dir='ltr'><strong>inquit,</strong></span> <span class='ocrx_word' id='word_1_382' title='bbox 1586 1714 1700 1749; x_wconf 82' lang='lat' dir='ltr'><strong>facie-</strong></span> 
     </span>
     <span class='ocr_line' id='line_1_31' title="bbox 205 1761 1396 1809; baseline -0.006 -8"><span class='ocrx_word' id='word_1_383' title='bbox 205 1768 288 1801; x_wconf 83' lang='lat' dir='ltr'><strong>bam</strong></span> <span class='ocrx_word' id='word_1_384' title='bbox 315 1766 377 1809; x_wconf 81' lang='lat' dir='ltr'><strong>(sc.</strong></span> <span class='ocrx_word' id='word_1_385' title='bbox 402 1771 581 1797; x_wconf 79' lang='lat' dir='ltr'><strong>torvum</strong></span> <span class='ocrx_word' id='word_1_386' title='bbox 604 1762 800 1804; x_wconf 69' lang='lat' dir='ltr'><strong>vultum)</strong></span> <span class='ocrx_word' id='word_1_387' title='bbox 826 1763 860 1804; x_wconf 87' lang='lat'><strong>6,</strong></span> <span class='ocrx_word' id='word_1_388' title='bbox 886 1765 919 1804; x_wconf 90' lang='lat'><strong>1,</strong></span> <span class='ocrx_word' id='word_1_389' title='bbox 943 1761 1000 1796; x_wconf 88' lang='grc'><strong>43.</strong></span> <span class='ocrx_word' id='word_1_390' title='bbox 1025 1774 1059 1798; x_wconf 78' lang='lat' dir='ltr'><strong>v.</strong></span> <span class='ocrx_word' id='word_1_391' title='bbox 1083 1765 1214 1804; x_wconf 81' lang='lat' dir='ltr'><strong>singula</strong></span> <span class='ocrx_word' id='word_1_392' title='bbox 1237 1763 1396 1796; x_wconf 84' lang='lat' dir='ltr'><strong>Nomina.</strong></span> 
     </span>
    </p>

    <p class='ocr_par' dir='ltr' id='par_1_3' title="bbox 205 1797 1716 2132">
     <span class='ocr_line' id='line_1_32' title="bbox 298 1797 1701 1853; baseline -0.003 -9"><span class='ocrx_word' id='word_1_393' title='bbox 298 1809 340 1853; x_wconf 87' lang='grc' dir='ltr'><strong>ζ)</strong></span> <span class='ocrx_word' id='word_1_394' title='bbox 366 1824 397 1846; x_wconf 83' lang='lat' dir='ltr'><strong>c.</strong></span> <span class='ocrx_word' id='word_1_395' title='bbox 422 1813 547 1843; x_wconf 73' lang='lat' dir='ltr'><strong>Aecus.</strong></span> <span class='ocrx_word' id='word_1_396' title='bbox 575 1809 645 1850; x_wconf 76' lang='lat' dir='ltr'><strong>adj.</strong></span> <span class='ocrx_word' id='word_1_397' title='bbox 673 1810 789 1842; x_wconf 52' lang='grc' dir='ltr'><strong>Δάνα</strong></span> <span class='ocrx_word' id='word_1_398' title='bbox 815 1810 940 1843; x_wconf 79' lang='lat' dir='ltr'><strong>Iovem</strong></span> <span class='ocrx_word' id='word_1_399' title='bbox 964 1807 1106 1841; x_wconf 82' lang='lat' dir='ltr'><strong>Phidias</strong></span> <span class='ocrx_word' id='word_1_400' title='bbox 1133 1808 1266 1851; x_wconf 85' lang='lat' dir='ltr'><strong>optime</strong></span> <span class='ocrx_word' id='word_1_401' title='bbox 1288 1809 1378 1842; x_wconf 83' lang='lat' dir='ltr'><strong>fecit</strong></span> <span class='ocrx_word' id='word_1_402' title='bbox 1397 1810 1431 1848; x_wconf 86' lang='grc'><strong>2,</strong></span> <span class='ocrx_word' id='word_1_403' title='bbox 1443 1809 1478 1850; x_wconf 85' lang='grc'><strong>3,</strong></span> <span class='ocrx_word' id='word_1_404' title='bbox 1489 1806 1522 1842; x_wconf 91' lang='grc'><strong>6.</strong></span> <span class='ocrx_word' id='word_1_405' title='bbox 1549 1797 1620 1851; x_wconf 64' lang='lat' dir='ltr'><strong>qnia</strong></span> <span class='ocrx_word' id='word_1_406' title='bbox 1639 1817 1701 1840; x_wconf 83' lang='lat' dir='ltr'><strong>ra-</strong></span> 
     </span>
     <span class='ocr_line' id='line_1_33' title="bbox 205 1852 1698 1901; baseline -0.004 -9"><span class='ocrx_word' id='word_1_407' title='bbox 205 1858 328 1900; x_wconf 81' lang='lat' dir='ltr'><strong>tione,</strong></span> <span class='ocrx_word' id='word_1_408' title='bbox 356 1857 454 1901; x_wconf 83' lang='lat' dir='ltr'><strong>quod</strong></span> <span class='ocrx_word' id='word_1_409' title='bbox 472 1854 647 1897; x_wconf 83' lang='lat' dir='ltr'><strong>didicerit,</strong></span> <span class='ocrx_word' id='word_1_410' title='bbox 679 1855 801 1888; x_wconf 81' lang='lat' dir='ltr'><strong>facere</strong></span> <span class='ocrx_word' id='word_1_411' title='bbox 828 1865 932 1898; x_wconf 81' lang='lat' dir='ltr'><strong>quam</strong></span> <span class='ocrx_word' id='word_1_412' title='bbox 950 1854 1095 1898; x_wconf 86' lang='lat' dir='ltr'><strong>optime,</strong></span> <span class='ocrx_word' id='word_1_413' title='bbox 1121 1866 1227 1898; x_wconf 85' lang='lat' dir='ltr'><strong>quam</strong></span> <span class='ocrx_word' id='word_1_414' title='bbox 1250 1854 1422 1888; x_wconf 80' lang='lat' dir='ltr'><strong>facillime</strong></span> <span class='ocrx_word' id='word_1_415' title='bbox 1443 1852 1558 1897; x_wconf 79' lang='lat' dir='ltr'><strong>possit</strong></span> <span class='ocrx_word' id='word_1_416' title='bbox 1583 1855 1639 1896; x_wconf 90' lang='lat'><strong>10,</strong></span> <span class='ocrx_word' id='word_1_417' title='bbox 1666 1855 1698 1895; x_wconf 91' lang='lat'><strong>1,</strong></span> 
     </span>
     <span class='ocr_line' id='line_1_34' title="bbox 205 1899 1700 1947; baseline -0.003 -9"><span class='ocrx_word' id='word_1_418' title='bbox 205 1904 241 1939; x_wconf 87' lang='grc'><strong>4.</strong></span> <span class='ocrx_word' id='word_1_419' title='bbox 267 1907 309 1938; x_wconf 90' lang='grc' dir='ltr'><strong>Ζ.</strong></span> <span class='ocrx_word' id='word_1_420' title='bbox 335 1913 449 1947; x_wconf 80' lang='lat' dir='ltr'><strong>parva</strong></span> <span class='ocrx_word' id='word_1_421' title='bbox 471 1901 578 1935; x_wconf 75' lang='lat' dir='ltr'><strong>facite</strong></span> <span class='ocrx_word' id='word_1_422' title='bbox 599 1899 739 1934; x_wconf 80' lang='lat' dir='ltr'><strong>faciunt</strong></span> <span class='ocrx_word' id='word_1_423' title='bbox 763 1902 843 1942; x_wconf 86' lang='lat'>1‚3,</span> <span class='ocrx_word' id='word_1_424' title='bbox 862 1899 897 1933; x_wconf 87' lang='grc'><strong>4.</strong></span> <span class='ocrx_word' id='word_1_425' title='bbox 923 1911 969 1934; x_wconf 90' lang='lat' dir='ltr'><strong>ne</strong></span> <span class='ocrx_word' id='word_1_426' title='bbox 994 1900 1078 1945; x_wconf 85' lang='lat' dir='ltr'><strong>quid</strong></span> <span class='ocrx_word' id='word_1_427' title='bbox 1105 1900 1245 1944; x_wconf 86' lang='lat' dir='ltr'><strong>cupide,</strong></span> <span class='ocrx_word' id='word_1_428' title='bbox 1272 1911 1318 1934; x_wconf 91' lang='lat' dir='ltr'><strong>ne</strong></span> <span class='ocrx_word' id='word_1_429' title='bbox 1344 1899 1428 1944; x_wconf 86' lang='lat' dir='ltr'><strong>quid</strong></span> <span class='ocrx_word' id='word_1_430' title='bbox 1452 1899 1627 1943; x_wconf 84' lang='lat' dir='ltr'><strong>improbe,</strong></span> <span class='ocrx_word' id='word_1_431' title='bbox 1652 1909 1700 1933; x_wconf 86' lang='lat' dir='ltr'><strong>ne</strong></span> 
     </span>
     <span class='ocr_line' id='line_1_35' title="bbox 207 1946 1700 1996; baseline -0.004 -12"><span class='ocrx_word' id='word_1_432' title='bbox 207 1950 294 1996; x_wconf 87' lang='lat' dir='ltr'><strong>quid</strong></span> <span class='ocrx_word' id='word_1_433' title='bbox 316 1949 532 1993; x_wconf 83' lang='lat' dir='ltr'><strong>impotenter</strong></span> <span class='ocrx_word' id='word_1_434' title='bbox 554 1947 664 1980; x_wconf 84' lang='lat' dir='ltr'><strong>faciat</strong></span> <span class='ocrx_word' id='word_1_435' title='bbox 687 1949 731 1980; x_wconf 81' lang='lat' dir='ltr'><strong>ib.</strong></span> <span class='ocrx_word' id='word_1_436' title='bbox 747 1949 803 1980; x_wconf 89' lang='grc'><strong>13.</strong></span> <span class='ocrx_word' id='word_1_437' title='bbox 827 1946 994 1980; x_wconf 86' lang='lat' dir='ltr'><strong>faciendo</strong></span> <span class='ocrx_word' id='word_1_438' title='bbox 1018 1948 1127 1980; x_wconf 87' lang='lat' dir='ltr'><strong>multa</strong></span> <span class='ocrx_word' id='word_1_439' title='bbox 1143 1947 1354 1982; x_wconf 81' lang='lat' dir='ltr'><strong>immodeste</strong></span> <span class='ocrx_word' id='word_1_440' title='bbox 1372 1951 1443 1990; x_wconf 76' lang='lat' dir='ltr'><strong>atq.</strong></span> <span class='ocrx_word' id='word_1_441' title='bbox 1458 1946 1700 1988; x_wconf 83' lang='lat' dir='ltr'><strong>intemperan-</strong></span> 
     </span>
     <span class='ocr_line' id='line_1_36' title="bbox 207 1990 1716 2038; baseline -0.006 -6"><span class='ocrx_word' id='word_1_442' title='bbox 207 2004 264 2032; x_wconf 78' lang='lat' dir='ltr'><strong>ter</strong></span> <span class='ocrx_word' id='word_1_443' title='bbox 288 1996 321 2038; x_wconf 86' lang='lat'><strong>5,</strong></span> <span class='ocrx_word' id='word_1_444' title='bbox 346 1999 382 2038; x_wconf 92' lang='lat'><strong>7,</strong></span> <span class='ocrx_word' id='word_1_445' title='bbox 405 1996 462 2030; x_wconf 88' lang='grc'><strong>32.</strong></span> <span class='ocrx_word' id='word_1_446' title='bbox 489 1993 639 2027; x_wconf 86' lang='lat' dir='ltr'><strong>facimus</strong></span> <span class='ocrx_word' id='word_1_447' title='bbox 663 1993 734 2026; x_wconf 91' lang='lat' dir='ltr'><strong>hoc</strong></span> <span class='ocrx_word' id='word_1_448' title='bbox 758 1994 911 2026; x_wconf 87' lang='lat' dir='ltr'><strong>libenter</strong></span> <span class='ocrx_word' id='word_1_449' title='bbox 933 1995 988 2035; x_wconf 88' lang='lat'><strong>11,</strong></span> <span class='ocrx_word' id='word_1_450' title='bbox 1007 1995 1040 2036; x_wconf 82' lang='lat'><strong>3,</strong></span> <span class='ocrx_word' id='word_1_451' title='bbox 1059 1993 1117 2027; x_wconf 89' lang='grc'><strong>60.</strong></span> <span class='ocrx_word' id='word_1_452' title='bbox 1148 2004 1266 2036; x_wconf 86' lang='lat' dir='ltr'><strong>neque</strong></span> <span class='ocrx_word' id='word_1_453' title='bbox 1291 1993 1328 2026; x_wconf 88' lang='lat' dir='ltr'><strong>id</strong></span> <span class='ocrx_word' id='word_1_454' title='bbox 1353 1993 1537 2026; x_wconf 78' lang='lat' dir='ltr'><strong>moderate</strong></span> <span class='ocrx_word' id='word_1_455' title='bbox 1560 1990 1716 2026; x_wconf 75' lang='lat' dir='ltr'><strong>tantum&#39;</strong></span> 
     </span>
     <span class='ocr_line' id='line_1_37' title="bbox 205 2036 1696 2083; baseline -0.005 -5"><span class='ocrx_word' id='word_1_456' title='bbox 205 2042 358 2078; x_wconf 79' lang='lat' dir='ltr'><strong>facimus</strong></span> <span class='ocrx_word' id='word_1_457' title='bbox 385 2041 447 2075; x_wconf 85' lang='lat' dir='ltr'><strong>sed</strong></span> <span class='ocrx_word' id='word_1_458' title='bbox 473 2039 579 2074; x_wconf 86' lang='lat' dir='ltr'><strong>etiam</strong></span> <span class='ocrx_word' id='word_1_459' title='bbox 602 2038 806 2073; x_wconf 73' lang='lat' dir='ltr'><strong>necessario</strong></span> <span class='ocrx_word' id='word_1_460' title='bbox 832 2042 888 2082; x_wconf 92' lang='lat'><strong>11,</strong></span> <span class='ocrx_word' id='word_1_461' title='bbox 911 2041 944 2079; x_wconf 87' lang='lat'><strong>1.</strong></span> <span class='ocrx_word' id='word_1_462' title='bbox 961 2041 1019 2074; x_wconf 82' lang='lat'><strong>72.</strong></span> <span class='ocrx_word' id='word_1_463' title='bbox 1044 2038 1135 2072; x_wconf 84' lang='lat' dir='ltr'><strong>nihil</strong></span> <span class='ocrx_word' id='word_1_464' title='bbox 1155 2044 1380 2083; x_wconf 83' lang='lat' dir='ltr'><strong>praeparato,</strong></span> <span class='ocrx_word' id='word_1_465' title='bbox 1415 2037 1505 2071; x_wconf 85' lang='lat' dir='ltr'><strong>nihil</strong></span> <span class='ocrx_word' id='word_1_466' title='bbox 1526 2036 1696 2070; x_wconf 85' lang='lat' dir='ltr'><strong>festinato</strong></span> 
     </span>
     <span class='ocr_line' id='line_1_38' title="bbox 205 2082 1604 2132; baseline -0.004 -8"><span class='ocrx_word' id='word_1_467' title='bbox 205 2089 337 2124; x_wconf 79' lang='lat' dir='ltr'><strong>fecisse</strong></span> <span class='ocrx_word' id='word_1_468' title='bbox 358 2086 396 2131; x_wconf 86' lang='grc'><strong>4,</strong></span> <span class='ocrx_word' id='word_1_469' title='bbox 420 2089 456 2129; x_wconf 89' lang='grc'><strong>2,</strong></span> <span class='ocrx_word' id='word_1_470' title='bbox 482 2087 537 2121; x_wconf 83' lang='grc'><strong>58.</strong></span> <span class='ocrx_word' id='word_1_471' title='bbox 569 2097 694 2119; x_wconf 81' lang='lat' dir='ltr'><strong>manus</strong></span> <span class='ocrx_word' id='word_1_472' title='bbox 723 2091 862 2132; x_wconf 88' lang='lat' dir='ltr'><strong>gestum</strong></span> <span class='ocrx_word' id='word_1_473' title='bbox 883 2091 981 2119; x_wconf 87' lang='lat' dir='ltr'><strong>recte</strong></span> <span class='ocrx_word' id='word_1_474' title='bbox 1005 2084 1091 2118; x_wconf 86' lang='lat' dir='ltr'><strong>facit</strong></span> <span class='ocrx_word' id='word_1_475' title='bbox 1114 2088 1168 2128; x_wconf 89' lang='lat'><strong>11,</strong></span> <span class='ocrx_word' id='word_1_476' title='bbox 1193 2087 1227 2126; x_wconf 87' lang='lat'><strong>3,</strong></span> <span class='ocrx_word' id='word_1_477' title='bbox 1252 2084 1328 2119; x_wconf 84' lang='lat'>114.</span> <span class='ocrx_word' id='word_1_478' title='bbox 1353 2082 1399 2126; x_wconf 77' lang='lat' dir='ltr'><strong>cfi</strong></span> <span class='ocrx_word' id='word_1_479' title='bbox 1426 2086 1459 2127; x_wconf 84' lang='lat'><strong>1,</strong></span> <span class='ocrx_word' id='word_1_480' title='bbox 1483 2085 1522 2126; x_wconf 88' lang='lat'><strong>1,</strong></span> <span class='ocrx_word' id='word_1_481' title='bbox 1545 2085 1604 2119; x_wconf 71' lang='lat'><strong>22.</strong></span> 
     </span>
    </p>

    <p class='ocr_par' dir='ltr' id='par_1_4' title="bbox 203 2129 1728 2637">
     <span class='ocr_line' id='line_1_39' title="bbox 299 2129 1697 2177; baseline -0.003 -11"><span class='ocrx_word' id='word_1_482' title='bbox 299 2133 346 2177; x_wconf 86' lang='grc' dir='ltr'><strong>η)</strong></span> <span class='ocrx_word' id='word_1_483' title='bbox 383 2133 452 2177; x_wconf 79' lang='lat' dir='ltr'><strong>adj.</strong></span> <span class='ocrx_word' id='word_1_484' title='bbox 479 2136 587 2169; x_wconf 77' lang='lat' dir='ltr'><strong>Dat,.·</strong></span> <span class='ocrx_word' id='word_1_485' title='bbox 624 2132 755 2165; x_wconf 85' lang='lat' dir='ltr'><strong>aditum</strong></span> <span class='ocrx_word' id='word_1_486' title='bbox 780 2131 846 2165; x_wconf 84' lang='lat' dir='ltr'><strong>sibi</strong></span> <span class='ocrx_word' id='word_1_487' title='bbox 870 2132 913 2165; x_wconf 85' lang='lat' dir='ltr'><strong>ad</strong></span> <span class='ocrx_word' id='word_1_488' title='bbox 936 2142 1038 2164; x_wconf 88' lang='lat' dir='ltr'><strong>aures</strong></span> <span class='ocrx_word' id='word_1_489' title='bbox 1063 2130 1173 2164; x_wconf 86' lang='lat' dir='ltr'><strong>faciat</strong></span> <span class='ocrx_word' id='word_1_490' title='bbox 1194 2130 1229 2173; x_wconf 88' lang='grc'><strong>4,</strong></span> <span class='ocrx_word' id='word_1_491' title='bbox 1258 2133 1292 2174; x_wconf 91' lang='grc'><strong>1,</strong></span> <span class='ocrx_word' id='word_1_492' title='bbox 1317 2129 1376 2165; x_wconf 83' lang='grc'><strong>46.</strong></span> <span class='ocrx_word' id='word_1_493' title='bbox 1409 2129 1505 2174; x_wconf 82' lang='lat' dir='ltr'><strong>quod</strong></span> <span class='ocrx_word' id='word_1_494' title='bbox 1528 2129 1697 2164; x_wconf 84' lang='lat' dir='ltr'><strong>advocati</strong></span> 
     </span>
     <span class='ocr_line' id='line_1_40' title="bbox 205 2175 1697 2225; baseline -0.005 -10"><span class='ocrx_word' id='word_1_495' title='bbox 205 2181 283 2225; x_wconf 80' lang='lat' dir='ltr'><strong>ejus</strong></span> <span class='ocrx_word' id='word_1_496' title='bbox 306 2194 354 2206; x_wconf 51' lang='lat'><strong>—-‘</strong></span> <span class='ocrx_word' id='word_1_497' title='bbox 374 2178 536 2215; x_wconf 87' lang='lat' dir='ltr'><strong>Caesaris</strong></span> <span class='ocrx_word' id='word_1_498' title='bbox 561 2178 678 2212; x_wconf 88' lang='lat' dir='ltr'><strong>amico</strong></span> <span class='ocrx_word' id='word_1_499' title='bbox 704 2178 909 2212; x_wconf 81' lang='lat' dir='ltr'><strong>convicium</strong></span> <span class='ocrx_word' id='word_1_500' title='bbox 933 2177 1103 2211; x_wconf 86' lang='lat' dir='ltr'><strong>fecissent</strong></span> <span class='ocrx_word' id='word_1_501' title='bbox 1130 2178 1165 2218; x_wconf 88' lang='grc'><strong>6,</strong></span> <span class='ocrx_word' id='word_1_502' title='bbox 1183 2179 1219 2219; x_wconf 83' lang='grc'><strong>3,</strong></span> <span class='ocrx_word' id='word_1_503' title='bbox 1238 2178 1296 2211; x_wconf 83' lang='grc'><strong>78.</strong></span> <span class='ocrx_word' id='word_1_504' title='bbox 1331 2175 1498 2214; x_wconf 80' lang='lat' dir='ltr'><strong>electuris</strong></span> <span class='ocrx_word' id='word_1_505' title='bbox 1530 2175 1697 2209; x_wconf 85' lang='lat' dir='ltr'><strong>facienda</strong></span> 
     </span>
     <span class='ocr_line' id='line_1_41' title="bbox 207 2221 1697 2271; baseline -0.005 -10"><span class='ocrx_word' id='word_1_506' title='bbox 207 2226 312 2271; x_wconf 86' lang='lat' dir='ltr'><strong>copia</strong></span> <span class='ocrx_word' id='word_1_507' title='bbox 334 2226 403 2260; x_wconf 81' lang='lat' dir='ltr'><strong>fuit</strong></span> <span class='ocrx_word' id='word_1_508' title='bbox 426 2228 461 2268; x_wconf 89' lang='grc'><strong>3,</strong></span> <span class='ocrx_word' id='word_1_509' title='bbox 487 2228 520 2268; x_wconf 90' lang='grc'><strong>1,</strong></span> <span class='ocrx_word' id='word_1_510' title='bbox 548 2228 607 2261; x_wconf 87' lang='grc'><strong>22.</strong></span> <span class='ocrx_word' id='word_1_511' title='bbox 641 2225 763 2258; x_wconf 85' lang='lat' dir='ltr'><strong>facere</strong></span> <span class='ocrx_word' id='word_1_512' title='bbox 787 2224 855 2257; x_wconf 89' lang='lat' dir='ltr'><strong>sibi</strong></span> <span class='ocrx_word' id='word_1_513' title='bbox 879 2223 1057 2257; x_wconf 82' lang='lat' dir='ltr'><strong>scribendi</strong></span> <span class='ocrx_word' id='word_1_514' title='bbox 1081 2222 1327 2256; x_wconf 82' lang='lat' dir='ltr'><strong>difficultatem</strong></span> <span class='ocrx_word' id='word_1_515' title='bbox 1350 2223 1408 2265; x_wconf 87' lang='grc'><strong>10,</strong></span> <span class='ocrx_word' id='word_1_516' title='bbox 1428 2222 1463 2264; x_wconf 88' lang='grc'><strong>3,</strong></span> <span class='ocrx_word' id='word_1_517' title='bbox 1479 2223 1535 2255; x_wconf 89' lang='grc'><strong>11.</strong></span> <span class='ocrx_word' id='word_1_518' title='bbox 1561 2221 1616 2254; x_wconf 77' lang='lat' dir='ltr'><strong>ira</strong></span> <span class='ocrx_word' id='word_1_519' title='bbox 1637 2221 1697 2254; x_wconf 87' lang='lat' dir='ltr'><strong>in-</strong></span> 
     </span>
     <span class='ocr_line' id='line_1_42' title="bbox 206 2265 1697 2316; baseline -0.005 -9"><span class='ocrx_word' id='word_1_520' title='bbox 206 2273 321 2307; x_wconf 85' lang='lat' dir='ltr'><strong>doctis</strong></span> <span class='ocrx_word' id='word_1_521' title='bbox 346 2280 490 2316; x_wconf 81' lang='lat' dir='ltr'><strong>quoque</strong></span> <span class='ocrx_word' id='word_1_522' title='bbox 515 2270 756 2314; x_wconf 86' lang='lat' dir='ltr'><strong>eloquentiam</strong></span> <span class='ocrx_word' id='word_1_523' title='bbox 780 2269 890 2304; x_wconf 78' lang='lat' dir='ltr'><strong>faciat</strong></span> <span class='ocrx_word' id='word_1_524' title='bbox 912 2271 946 2310; x_wconf 90' lang='grc'><strong>6,</strong></span> <span class='ocrx_word' id='word_1_525' title='bbox 968 2271 1002 2311; x_wconf 91' lang='grc'><strong>2,</strong></span> <span class='ocrx_word' id='word_1_526' title='bbox 1021 2270 1076 2304; x_wconf 86' lang='grc'><strong>26.</strong></span> <span class='ocrx_word' id='word_1_527' title='bbox 1103 2268 1231 2313; x_wconf 84' lang='lat' dir='ltr'><strong>quibus</strong></span> <span class='ocrx_word' id='word_1_528' title='bbox 1254 2269 1394 2311; x_wconf 79' lang='lat' dir='ltr'><strong>(causis)</strong></span> <span class='ocrx_word' id='word_1_529' title='bbox 1419 2277 1475 2300; x_wconf 86' lang='lat' dir='ltr'><strong>ex</strong></span> <span class='ocrx_word' id='word_1_530' title='bbox 1503 2277 1568 2300; x_wconf 85' lang='lat' dir='ltr'><strong>sua</strong></span> <span class='ocrx_word' id='word_1_531' title='bbox 1590 2265 1697 2299; x_wconf 90' lang='lat' dir='ltr'><strong>boni-</strong></span> 
     </span>
     <span class='ocr_line' id='line_1_43' title="bbox 205 2312 1728 2360; baseline -0.004 -8"><span class='ocrx_word' id='word_1_532' title='bbox 205 2324 278 2352; x_wconf 85' lang='lat' dir='ltr'><strong>tate</strong></span> <span class='ocrx_word' id='word_1_533' title='bbox 301 2319 410 2352; x_wconf 81' lang='lat' dir='ltr'><strong>faciet</strong></span> <span class='ocrx_word' id='word_1_534' title='bbox 435 2318 540 2351; x_wconf 87' lang='lat' dir='ltr'><strong>fidem</strong></span> <span class='ocrx_word' id='word_1_535' title='bbox 564 2319 609 2353; x_wconf 78' lang='lat' dir='ltr'><strong>ib.</strong></span> <span class='ocrx_word' id='word_1_536' title='bbox 623 2317 678 2352; x_wconf 88' lang='grc'><strong>18.</strong></span> <span class='ocrx_word' id='word_1_537' title='bbox 705 2316 792 2350; x_wconf 87' lang='lat' dir='ltr'><strong>fecit</strong></span> <span class='ocrx_word' id='word_1_538' title='bbox 816 2316 869 2349; x_wconf 91' lang='lat' dir='ltr'><strong>illi</strong></span> <span class='ocrx_word' id='word_1_539' title='bbox 891 2315 1055 2360; x_wconf 85' lang='lat' dir='ltr'><strong>injuriam</strong></span> <span class='ocrx_word' id='word_1_540' title='bbox 1080 2317 1136 2357; x_wconf 87' lang='lat'><strong>10,</strong></span> <span class='ocrx_word' id='word_1_541' title='bbox 1150 2316 1270 2357; x_wconf 83' lang='lat'>1,115.</span> <span class='ocrx_word' id='word_1_542' title='bbox 1291 2312 1465 2348; x_wconf 80' lang='lat' dir='ltr'><strong>invidiam</strong></span> <span class='ocrx_word' id='word_1_543' title='bbox 1480 2312 1554 2346; x_wconf 86' lang='lat' dir='ltr'><strong>filio</strong></span> <span class='ocrx_word' id='word_1_544' title='bbox 1574 2312 1695 2346; x_wconf 81' lang='lat' dir='ltr'><strong>facere</strong></span> <span class='ocrx_word' id='word_1_545' title='bbox 1726 2345 1728 2349; x_wconf 89' lang='grc'><strong>,</strong></span> 
     </span>
     <span class='ocr_line' id='line_1_44' title="bbox 206 2358 1728 2406; baseline -0.005 -7"><span class='ocrx_word' id='word_1_546' title='bbox 206 2365 242 2406; x_wconf 92' lang='grc'><strong>9,</strong></span> <span class='ocrx_word' id='word_1_547' title='bbox 256 2366 358 2406; x_wconf 86' lang='grc'>2,85.</span> <span class='ocrx_word' id='word_1_548' title='bbox 389 2364 480 2398; x_wconf 85' lang='lat' dir='ltr'><strong>iram</strong></span> <span class='ocrx_word' id='word_1_549' title='bbox 503 2362 656 2396; x_wconf 82' lang='lat' dir='ltr'><strong>offensio</strong></span> <span class='ocrx_word' id='word_1_550' title='bbox 681 2362 788 2405; x_wconf 87' lang='lat' dir='ltr'><strong>judici</strong></span> <span class='ocrx_word' id='word_1_551' title='bbox 814 2364 859 2402; x_wconf 83' lang='lat' dir='ltr'><strong>(S</strong></span> <span class='ocrx_word' id='word_1_552' title='bbox 868 2375 900 2405; x_wconf 79' lang='lat' dir='ltr'><strong>p.</strong></span> <span class='ocrx_word' id='word_1_553' title='bbox 927 2379 969 2386; x_wconf 91' lang='lat'><strong>—-</strong></span> <span class='ocrx_word' id='word_1_554' title='bbox 984 2361 1049 2401; x_wconf 88' lang='lat' dir='ltr'><strong>cis)</strong></span> <span class='ocrx_word' id='word_1_555' title='bbox 1073 2360 1161 2394; x_wconf 83' lang='lat' dir='ltr'><strong>facit</strong></span> <span class='ocrx_word' id='word_1_556' title='bbox 1183 2362 1218 2402; x_wconf 85' lang='grc'><strong>6,</strong></span> <span class='ocrx_word' id='word_1_557' title='bbox 1239 2359 1328 2402; x_wconf 87' lang='grc'>1,14</span> <span class='ocrx_word' id='word_1_558' title='bbox 1351 2363 1394 2393; x_wconf 89' lang='grc' dir='ltr'><strong>Ζ.</strong></span> <span class='ocrx_word' id='word_1_559' title='bbox 1423 2358 1602 2392; x_wconf 84' lang='lat' dir='ltr'><strong>faciebant</strong></span> <span class='ocrx_word' id='word_1_560' title='bbox 1623 2358 1694 2391; x_wconf 86' lang='lat' dir='ltr'><strong>illis</strong></span> <span class='ocrx_word' id='word_1_561' title='bbox 1714 2371 1728 2402; x_wconf 70' lang='lat' dir='ltr'><em>g</em></span> 
     </span>
     <span class='ocr_line' id='line_1_45' title="bbox 204 2403 1719 2452; baseline -0.004 -9"><span class='ocrx_word' id='word_1_562' title='bbox 204 2410 325 2443; x_wconf 88' lang='lat' dir='ltr'><strong>locum</strong></span> <span class='ocrx_word' id='word_1_563' title='bbox 351 2411 386 2452; x_wconf 89' lang='lat'><strong>9,</strong></span> <span class='ocrx_word' id='word_1_564' title='bbox 402 2413 435 2452; x_wconf 89' lang='grc'><strong>2,</strong></span> <span class='ocrx_word' id='word_1_565' title='bbox 452 2411 508 2444; x_wconf 87' lang='grc'><strong>79.</strong></span> <span class='ocrx_word' id='word_1_566' title='bbox 534 2409 573 2442; x_wconf 91' lang='lat' dir='ltr'><strong>in</strong></span> <span class='ocrx_word' id='word_1_567' title='bbox 596 2409 666 2442; x_wconf 89' lang='lat' dir='ltr'><strong>hoc</strong></span> <span class='ocrx_word' id='word_1_568' title='bbox 692 2414 884 2450; x_wconf 80' lang='lat' dir='ltr'><strong>assuescat,</strong></span> <span class='ocrx_word' id='word_1_569' title='bbox 907 2407 1013 2451; x_wconf 87' lang='lat' dir='ltr'><strong>hujus</strong></span> <span class='ocrx_word' id='word_1_570' title='bbox 1036 2406 1089 2440; x_wconf 84' lang='lat' dir='ltr'><strong>rei</strong></span> <span class='ocrx_word' id='word_1_571' title='bbox 1112 2405 1181 2440; x_wconf 83' lang='lat' dir='ltr'><strong>sibi</strong></span> <span class='ocrx_word' id='word_1_572' title='bbox 1202 2412 1361 2439; x_wconf 84' lang='lat' dir='ltr'><strong>naturam</strong></span> <span class='ocrx_word' id='word_1_573' title='bbox 1385 2404 1491 2438; x_wconf 85' lang='lat' dir='ltr'><strong>faciat</strong></span> <span class='ocrx_word' id='word_1_574' title='bbox 1513 2406 1548 2447; x_wconf 88' lang='grc'><strong>2,</strong></span> <span class='ocrx_word' id='word_1_575' title='bbox 1572 2403 1608 2447; x_wconf 92' lang='grc'><strong>4,</strong></span> <span class='ocrx_word' id='word_1_576' title='bbox 1636 2407 1692 2438; x_wconf 91' lang='grc'><strong>17.</strong></span> <span class='ocrx_word' id='word_1_577' title='bbox 1711 2413 1719 2425; x_wconf 55' lang='lat'><em>2</em></span> 
     </span>
     <span class='ocr_line' id='line_1_46' title="bbox 204 2450 1728 2500; baseline -0.003 -13"><span class='ocrx_word' id='word_1_578' title='bbox 204 2455 387 2500; x_wconf 83' lang='lat' dir='ltr'><strong>negotium</strong></span> <span class='ocrx_word' id='word_1_579' title='bbox 409 2454 593 2489; x_wconf 86' lang='lat' dir='ltr'><strong>innocenti</strong></span> <span class='ocrx_word' id='word_1_580' title='bbox 616 2454 703 2488; x_wconf 87' lang='lat' dir='ltr'><strong>facit</strong></span> <span class='ocrx_word' id='word_1_581' title='bbox 730 2455 764 2496; x_wconf 90' lang='lat'><strong>5,</strong></span> <span class='ocrx_word' id='word_1_582' title='bbox 791 2457 846 2495; x_wconf 90' lang='grc'><strong>12,</strong></span> <span class='ocrx_word' id='word_1_583' title='bbox 873 2455 928 2487; x_wconf 90' lang='grc'><strong>13.</strong></span> <span class='ocrx_word' id='word_1_584' title='bbox 955 2452 1080 2495; x_wconf 79' lang='lat' dir='ltr'><strong>amnis,</strong></span> <span class='ocrx_word' id='word_1_585' title='bbox 1108 2451 1169 2496; x_wconf 84' lang='lat' dir='ltr'><strong>qui</strong></span> <span class='ocrx_word' id='word_1_586' title='bbox 1192 2452 1286 2496; x_wconf 81' lang='lat' dir='ltr'><strong>ripas</strong></span> <span class='ocrx_word' id='word_1_587' title='bbox 1314 2451 1382 2485; x_wconf 87' lang='lat' dir='ltr'><strong>sibi</strong></span> <span class='ocrx_word' id='word_1_588' title='bbox 1405 2450 1516 2484; x_wconf 83' lang='lat' dir='ltr'><strong>saciat</strong></span> <span class='ocrx_word' id='word_1_589' title='bbox 1543 2452 1611 2492; x_wconf 84' lang='lat'><strong>12,</strong></span> <span class='ocrx_word' id='word_1_590' title='bbox 1635 2452 1728 2495; x_wconf 41' lang='grc'>10,),</span> 
     </span>
     <span class='ocr_line' id='line_1_47' title="bbox 205 2494 1725 2547; baseline -0.004 -13"><span class='ocrx_word' id='word_1_591' title='bbox 205 2500 262 2534; x_wconf 90' lang='grc'><strong>61.</strong></span> <span class='ocrx_word' id='word_1_592' title='bbox 288 2501 394 2533; x_wconf 84' lang='lat' dir='ltr'><strong>faciat</strong></span> <span class='ocrx_word' id='word_1_593' title='bbox 413 2501 479 2534; x_wconf 89' lang='lat' dir='ltr'><strong>sibi</strong></span> <span class='ocrx_word' id='word_1_594' title='bbox 495 2501 663 2547; x_wconf 80' lang='lat' dir='ltr'><strong>cogitatio</strong></span> <span class='ocrx_word' id='word_1_595' title='bbox 679 2500 754 2544; x_wconf 90' lang='lat' dir='ltr'><strong>ipsa</strong></span> <span class='ocrx_word' id='word_1_596' title='bbox 772 2505 948 2533; x_wconf 86' lang='lat' dir='ltr'><strong>secretum</strong></span> <span class='ocrx_word' id='word_1_597' title='bbox 961 2501 1016 2542; x_wconf 89' lang='lat'><strong>10,</strong></span> <span class='ocrx_word' id='word_1_598' title='bbox 1029 2500 1063 2541; x_wconf 85' lang='lat'><strong>3,</strong></span> <span class='ocrx_word' id='word_1_599' title='bbox 1077 2500 1133 2533; x_wconf 89' lang='grc'><strong>30.</strong></span> <span class='ocrx_word' id='word_1_600' title='bbox 1157 2499 1253 2542; x_wconf 84' lang='lat' dir='ltr'><strong>quod</strong></span> <span class='ocrx_word' id='word_1_601' title='bbox 1278 2498 1381 2531; x_wconf 87' lang='lat' dir='ltr'><strong>nobis</strong></span> <span class='ocrx_word' id='word_1_602' title='bbox 1395 2495 1505 2531; x_wconf 84' lang='lat' dir='ltr'><strong>faciat</strong></span> <span class='ocrx_word' id='word_1_603' title='bbox 1527 2494 1694 2529; x_wconf 81' lang='lat' dir='ltr'><strong>audiendi</strong></span> <span class='ocrx_word' id='word_1_604' title='bbox 1704 2501 1725 2534; x_wconf 61' lang='grc' dir='ltr'><strong>τ’,</strong></span> 
     </span>
     <span class='ocr_line' id='line_1_48' title="bbox 203 2534 1725 2598; baseline -0.002 -21"><span class='ocrx_word' id='word_1_605' title='bbox 203 2544 299 2578; x_wconf 89' lang='lat' dir='ltr'><strong>sitim</strong></span> <span class='ocrx_word' id='word_1_606' title='bbox 322 2548 356 2587; x_wconf 85' lang='grc'><strong>6,</strong></span> <span class='ocrx_word' id='word_1_607' title='bbox 379 2548 413 2589; x_wconf 86' lang='grc'><strong>3,</strong></span> <span class='ocrx_word' id='word_1_608' title='bbox 430 2548 484 2581; x_wconf 88' lang='grc'><strong>19.</strong></span> <span class='ocrx_word' id='word_1_609' title='bbox 511 2547 579 2580; x_wconf 90' lang='lat' dir='ltr'><strong>sibi</strong></span> <span class='ocrx_word' id='word_1_610' title='bbox 603 2547 700 2582; x_wconf 81' lang='lat' dir='ltr'><strong>viam</strong></span> <span class='ocrx_word' id='word_1_611' title='bbox 723 2546 832 2579; x_wconf 85' lang='lat' dir='ltr'><strong>faciat</strong></span> <span class='ocrx_word' id='word_1_612' title='bbox 857 2548 898 2588; x_wconf 91' lang='lat'><strong>5,</strong></span> <span class='ocrx_word' id='word_1_613' title='bbox 924 2543 990 2588; x_wconf 77' lang='lat'><strong>14,</strong></span> <span class='ocrx_word' id='word_1_614' title='bbox 1020 2546 1088 2587; x_wconf 76' lang='lat'><strong>313</strong></span> <span class='ocrx_word' id='word_1_615' title='bbox 1136 2556 1216 2578; x_wconf 89' lang='lat' dir='ltr'><strong>cum</strong></span> <span class='ocrx_word' id='word_1_616' title='bbox 1254 2544 1443 2588; x_wconf 78' lang='lat' dir='ltr'><strong>parvulum</strong></span> <span class='ocrx_word' id='word_1_617' title='bbox 1479 2534 1725 2598; x_wconf 50' lang='lat' dir='ltr'><strong>verberibtuff</strong></span> 
     </span>
     <span class='ocr_line' id='line_1_49' title="bbox 204 2587 1724 2637; baseline 0.002 -13"><span class='ocrx_word' id='word_1_618' title='bbox 204 2591 385 2637; x_wconf 83' lang='lat' dir='ltr'><strong>coegeris,</strong></span> <span class='ocrx_word' id='word_1_619' title='bbox 421 2592 506 2635; x_wconf 80' lang='lat' dir='ltr'><strong>quid</strong></span> <span class='ocrx_word' id='word_1_620' title='bbox 530 2592 688 2635; x_wconf 85' lang='lat' dir='ltr'><strong>juveni</strong></span> <span class='ocrx_word' id='word_1_621' title='bbox 713 2592 868 2625; x_wconf 74' lang='lat' dir='ltr'><strong>faciam?</strong></span> <span class='ocrx_word' id='word_1_622' title='bbox 899 2594 930 2630; x_wconf 81' lang='lat'><strong>1.</strong></span> <span class='ocrx_word' id='word_1_623' title='bbox 956 2593 991 2632; x_wconf 84' lang='lat'><strong>3,</strong></span> <span class='ocrx_word' id='word_1_624' title='bbox 1019 2591 1074 2625; x_wconf 88' lang='grc'><strong>15.</strong></span> <span class='ocrx_word' id='word_1_625' title='bbox 1693 2587 1724 2623; x_wconf 52' lang='lat'><strong>³·</strong></span> 
     </span>
    </p>

    <p class='ocr_par' dir='ltr' id='par_1_5' title="bbox 198 2611 1728 3002">
     <span class='ocr_line' id='line_1_50' title="bbox 295 2611 1728 2689; baseline -0.003 -20"><span class='ocrx_word' id='word_1_626' title='bbox 295 2634 345 2677; x_wconf 84' lang='grc' dir='ltr'><strong>θ)</strong></span> <span class='ocrx_word' id='word_1_627' title='bbox 382 2638 451 2676; x_wconf 75' lang='lat' dir='ltr'><strong>culs.</strong></span> <span class='ocrx_word' id='word_1_628' title='bbox 480 2641 603 2672; x_wconf 81' lang='lat' dir='ltr'><strong>Aecus.</strong></span> <span class='ocrx_word' id='word_1_629' title='bbox 631 2640 834 2671; x_wconf 55' lang='lat' dir='ltr'><strong>Praedia-ati,</strong></span> <span class='ocrx_word' id='word_1_630' title='bbox 881 2636 918 2678; x_wconf 86' lang='lat' dir='ltr'><strong>a)</strong></span> <span class='ocrx_word' id='word_1_631' title='bbox 942 2639 1069 2670; x_wconf 74' lang='lat' dir='ltr'><strong>Subs1.:</strong></span> <span class='ocrx_word' id='word_1_632' title='bbox 1087 2629 1293 2669; x_wconf 71' lang='lat' dir='ltr'><strong>‘consulem</strong></span> <span class='ocrx_word' id='word_1_633' title='bbox 1316 2631 1489 2678; x_wconf 84' lang='lat' dir='ltr'><strong>suffragio</strong></span> <span class='ocrx_word' id='word_1_634' title='bbox 1513 2641 1580 2665; x_wconf 91' lang='lat' dir='ltr'><strong>suo</strong></span> <span class='ocrx_word' id='word_1_635' title='bbox 1604 2611 1728 2689; x_wconf 50' lang='lat' dir='ltr'><strong>feci*&#39;</strong></span> 
     </span>
     <span class='ocr_line' id='line_1_51' title="bbox 202 2676 1728 2726; baseline -0.003 -11"><span class='ocrx_word' id='word_1_636' title='bbox 202 2682 466 2724; x_wconf 78' lang='lat' dir='ltr'><strong>(Rufinum)12‚</strong></span> <span class='ocrx_word' id='word_1_637' title='bbox 481 2682 581 2724; x_wconf 86' lang='grc'>1,43.</span> <span class='ocrx_word' id='word_1_638' title='bbox 608 2683 674 2716; x_wconf 90' lang='lat' dir='ltr'><strong>nisi</strong></span> <span class='ocrx_word' id='word_1_639' title='bbox 701 2695 780 2716; x_wconf 84' lang='lat' dir='ltr'><strong>eum</strong></span> <span class='ocrx_word' id='word_1_640' title='bbox 806 2682 1004 2726; x_wconf 71' lang='lat' dir='ltr'><strong>(dactylum)</strong></span> <span class='ocrx_word' id='word_1_641' title='bbox 1029 2681 1232 2716; x_wconf 87' lang='lat' dir='ltr'><strong>observatio</strong></span> <span class='ocrx_word' id='word_1_642' title='bbox 1255 2679 1398 2712; x_wconf 87' lang='lat' dir='ltr'><strong>ultimae</strong></span> <span class='ocrx_word' id='word_1_643' title='bbox 1419 2677 1589 2711; x_wconf 83' lang='lat' dir='ltr'><strong>creticum</strong></span> <span class='ocrx_word' id='word_1_644' title='bbox 1603 2676 1728 2726; x_wconf 61' lang='lat' dir='ltr'><strong>facit&#39;sl</strong></span> 
     </span>
     <span class='ocr_line' id='line_1_52' title="bbox 200 2718 1728 2780; baseline -0.005 -17"><span class='ocrx_word' id='word_1_645' title='bbox 200 2729 236 2770; x_wconf 80' lang='grc'><strong>9,</strong></span> <span class='ocrx_word' id='word_1_646' title='bbox 256 2726 291 2769; x_wconf 80' lang='lat'><strong>4,</strong></span> <span class='ocrx_word' id='word_1_647' title='bbox 315 2726 393 2760; x_wconf 73' lang='lat'>104.</span> <span class='ocrx_word' id='word_1_648' title='bbox 421 2739 515 2760; x_wconf 90' lang='lat' dir='ltr'><strong>nunc</strong></span> <span class='ocrx_word' id='word_1_649' title='bbox 539 2729 582 2762; x_wconf 82' lang='lat' dir='ltr'><strong>de</strong></span> <span class='ocrx_word' id='word_1_650' title='bbox 608 2740 652 2761; x_wconf 91' lang='lat' dir='ltr'><strong>eo</strong></span> <span class='ocrx_word' id='word_1_651' title='bbox 677 2729 867 2762; x_wconf 82' lang='lat' dir='ltr'><strong>dicendum</strong></span> <span class='ocrx_word' id='word_1_652' title='bbox 892 2733 1099 2773; x_wconf 79' lang='lat' dir='ltr'><strong>argumento</strong></span> <span class='ocrx_word' id='word_1_653' title='bbox 1125 2732 1195 2768; x_wconf 76' lang='lat' dir='ltr'><strong>est,</strong></span> <span class='ocrx_word' id='word_1_654' title='bbox 1221 2726 1317 2769; x_wconf 84' lang='lat' dir='ltr'><strong>quod</strong></span> <span class='ocrx_word' id='word_1_655' title='bbox 1340 2724 1606 2767; x_wconf 81' lang='lat' dir='ltr'><strong>probationem,</strong></span> <span class='ocrx_word' id='word_1_656' title='bbox 1631 2718 1728 2780; x_wconf 47' lang='lat' dir='ltr'><strong>invi</strong></span> 
     </span>
     <span class='ocr_line' id='line_1_53' title="bbox 201 2769 1728 2826; baseline -0.002 -19"><span class='ocrx_word' id='word_1_657' title='bbox 201 2773 332 2807; x_wconf 86' lang='lat' dir='ltr'><strong>dicium</strong></span> <span class='ocrx_word' id='word_1_658' title='bbox 357 2780 418 2806; x_wconf 78' lang='lat' dir='ltr'><strong>etc.</strong></span> <span class='ocrx_word' id='word_1_659' title='bbox 445 2773 603 2815; x_wconf 87' lang='lat' dir='ltr'><strong>ejusdem</strong></span> <span class='ocrx_word' id='word_1_660' title='bbox 626 2775 679 2806; x_wconf 81' lang='lat' dir='ltr'><strong>rei</strong></span> <span class='ocrx_word' id='word_1_661' title='bbox 704 2775 848 2807; x_wconf 80' lang='lat' dir='ltr'><strong>nomina</strong></span> <span class='ocrx_word' id='word_1_662' title='bbox 871 2775 956 2807; x_wconf 85' lang='lat' dir='ltr'><strong>facit</strong></span> <span class='ocrx_word' id='word_1_663' title='bbox 981 2777 1017 2815; x_wconf 85' lang='grc' dir='ltr'>(ι’.</span> <span class='ocrx_word' id='word_1_664' title='bbox 1031 2786 1059 2806; x_wconf 83' lang='lat' dir='ltr'><strong>e.</strong></span> <span class='ocrx_word' id='word_1_665' title='bbox 1087 2774 1265 2813; x_wconf 80' lang='lat' dir='ltr'><strong>vulgari</strong></span> <span class='ocrx_word' id='word_1_666' title='bbox 1301 2770 1404 2812; x_wconf 83' lang='lat' dir='ltr'><strong>usu)</strong></span> <span class='ocrx_word' id='word_1_667' title='bbox 1430 2771 1463 2812; x_wconf 89' lang='grc'><strong>5,</strong></span> <span class='ocrx_word' id='word_1_668' title='bbox 1488 2772 1540 2811; x_wconf 85' lang='grc'><strong>10,</strong></span> <span class='ocrx_word' id='word_1_669' title='bbox 1570 2771 1614 2803; x_wconf 92' lang='grc'><strong>10</strong></span> <span class='ocrx_word' id='word_1_670' title='bbox 1635 2769 1686 2804; x_wconf 82' lang='grc' dir='ltr'><strong>Ν“.</strong></span> <span class='ocrx_word' id='word_1_671' title='bbox 1724 2787 1728 2826; x_wconf 56' lang='lat'><em>3</em></span> 
     </span>
     <span class='ocr_line' id='line_1_54' title="bbox 199 2815 1728 2862; baseline -0.003 -10"><span class='ocrx_word' id='word_1_672' title='bbox 199 2825 238 2853; x_wconf 86' lang='lat' dir='ltr'><strong>ut</strong></span> <span class='ocrx_word' id='word_1_673' title='bbox 254 2818 404 2852; x_wconf 84' lang='lat' dir='ltr'><strong>Roscius</strong></span> <span class='ocrx_word' id='word_1_674' title='bbox 423 2819 459 2851; x_wconf 93' lang='lat' dir='ltr'><strong>in</strong></span> <span class='ocrx_word' id='word_1_675' title='bbox 483 2824 707 2852; x_wconf 72' lang='lat' dir='ltr'><strong>accusatores</strong></span> <span class='ocrx_word' id='word_1_676' title='bbox 731 2830 828 2860; x_wconf 86' lang='lat' dir='ltr'><strong>suos,</strong></span> <span class='ocrx_word' id='word_1_677' title='bbox 855 2819 1017 2862; x_wconf 70' lang='lat' dir='ltr'><strong>quamvis</strong></span> <span class='ocrx_word' id='word_1_678' title='bbox 1041 2829 1122 2851; x_wconf 84' lang='lat' dir='ltr'><strong>reos</strong></span> <span class='ocrx_word' id='word_1_679' title='bbox 1147 2828 1219 2850; x_wconf 89' lang='lat' dir='ltr'><strong>non</strong></span> <span class='ocrx_word' id='word_1_680' title='bbox 1243 2815 1388 2849; x_wconf 71' lang='lat' dir='ltr'><strong>fecisset</strong></span> <span class='ocrx_word' id='word_1_681' title='bbox 1410 2819 1444 2857; x_wconf 91' lang='lat'><strong>7,</strong></span> <span class='ocrx_word' id='word_1_682' title='bbox 1462 2818 1496 2858; x_wconf 91' lang='grc'><strong>2,</strong></span> <span class='ocrx_word' id='word_1_683' title='bbox 1513 2817 1568 2849; x_wconf 82' lang='grc'><strong>23.</strong></span> <span class='ocrx_word' id='word_1_684' title='bbox 1594 2823 1685 2858; x_wconf 80' lang='lat' dir='ltr'><strong>qnae</strong></span> <span class='ocrx_word' id='word_1_685' title='bbox 1726 2827 1728 2837; x_wconf 53' lang='grc' dir='ltr'>ε</span> 
     </span>
     <span class='ocr_line' id='line_1_55' title="bbox 199 2842 1728 2908; baseline -0.003 -10"><span class='ocrx_word' id='word_1_686' title='bbox 199 2865 261 2899; x_wconf 87' lang='lat' dir='ltr'><strong>ille</strong></span> <span class='ocrx_word' id='word_1_687' title='bbox 284 2864 426 2908; x_wconf 87' lang='lat' dir='ltr'><strong>quidem</strong></span> <span class='ocrx_word' id='word_1_688' title='bbox 449 2865 578 2897; x_wconf 84' lang='lat' dir='ltr'><strong>fecerit</strong></span> <span class='ocrx_word' id='word_1_689' title='bbox 601 2866 780 2897; x_wconf 78' lang='lat' dir='ltr'><strong>schemata</strong></span> <span class='ocrx_word' id='word_1_690' title='bbox 805 2867 838 2905; x_wconf 68' lang='lat'><strong>9,</strong></span> <span class='ocrx_word' id='word_1_691' title='bbox 857 2868 891 2905; x_wconf 83' lang='grc'><strong>3,</strong></span> <span class='ocrx_word' id='word_1_692' title='bbox 909 2867 961 2897; x_wconf 80' lang='grc'><strong>13,</strong></span> <span class='ocrx_word' id='word_1_693' title='bbox 990 2875 1034 2896; x_wconf 89' lang='lat' dir='ltr'><strong>ne</strong></span> <span class='ocrx_word' id='word_1_694' title='bbox 1059 2863 1176 2896; x_wconf 86' lang='lat' dir='ltr'><strong>omnia</strong></span> <span class='ocrx_word' id='word_1_695' title='bbox 1200 2881 1244 2888; x_wconf 89' lang='lat'>-</span> <span class='ocrx_word' id='word_1_696' title='bbox 1264 2863 1367 2907; x_wconf 73' lang='lat' dir='ltr'><strong>signa</strong></span> <span class='ocrx_word' id='word_1_697' title='bbox 1393 2863 1564 2894; x_wconf 81' lang='lat' dir='ltr'><strong>faciamus</strong></span> <span class='ocrx_word' id='word_1_698' title='bbox 1588 2863 1620 2902; x_wconf 89' lang='lat'><strong>5,</strong></span> <span class='ocrx_word' id='word_1_699' title='bbox 1646 2861 1683 2903; x_wconf 86' lang='grc'><strong>9,·</strong></span> <span class='ocrx_word' id='word_1_700' title='bbox 1724 2842 1728 2898; x_wconf 67' lang='lat' dir='ltr'><strong>i</strong></span> 
     </span>
     <span class='ocr_line' id='line_1_56' title="bbox 198 2902 1728 3002; baseline -0.003 -58"><span class='ocrx_word' id='word_1_701' title='bbox 198 2914 255 2946; x_wconf 86' lang='lat'><strong>12.</strong></span> <span class='ocrx_word' id='word_1_702' title='bbox 282 2910 455 2956; x_wconf 82' lang='lat' dir='ltr'><strong>sapientia</strong></span> <span class='ocrx_word' id='word_1_703' title='bbox 481 2911 613 2945; x_wconf 81' lang='lat' dir='ltr'><strong>bonum</strong></span> <span class='ocrx_word' id='word_1_704' title='bbox 638 2909 755 2945; x_wconf 82' lang='lat' dir='ltr'><strong>virum</strong></span> <span class='ocrx_word' id='word_1_705' title='bbox 782 2909 868 2943; x_wconf 77' lang='lat' dir='ltr'><strong>facit</strong></span> <span class='ocrx_word' id='word_1_706' title='bbox 890 2912 924 2951; x_wconf 88' lang='lat'><strong>5,</strong></span> <span class='ocrx_word' id='word_1_707' title='bbox 940 2911 995 2952; x_wconf 89' lang='lat'><strong>10,</strong></span> <span class='ocrx_word' id='word_1_708' title='bbox 1008 2911 1066 2944; x_wconf 82' lang='lat'><strong>82.</strong></span> <span class='ocrx_word' id='word_1_709' title='bbox 1097 2908 1135 2952; x_wconf 78' lang='lat' dir='ltr'><strong>b)</strong></span> <span class='ocrx_word' id='word_1_710' title='bbox 1159 2908 1242 2951; x_wconf 78' lang='lat' dir='ltr'><em>Adj.</em></span> <span class='ocrx_word' id='word_1_711' title='bbox 1256 2922 1266 2942; x_wconf 90' lang='grc'><strong>.·</strong></span> <span class='ocrx_word' id='word_1_712' title='bbox 1294 2908 1432 2942; x_wconf 83' lang='lat' dir='ltr'><strong>acriora</strong></span> <span class='ocrx_word' id='word_1_713' title='bbox 1455 2907 1542 2941; x_wconf 84' lang='lat' dir='ltr'><strong>facit</strong></span> <span class='ocrx_word' id='word_1_714' title='bbox 1564 2912 1601 2940; x_wconf 84' lang='lat' dir='ltr'><strong>et</strong></span> <span class='ocrx_word' id='word_1_715' title='bbox 1621 2905 1680 2939; x_wconf 88' lang='lat' dir='ltr'><strong>in-</strong></span> <span class='ocrx_word' id='word_1_716' title='bbox 1720 2902 1728 3002; x_wconf 55' lang='grc'>1</span> 
     </span>
    </p>
   </div>
  </div>
 </body>
</html>
