1728 3002
144 215 227 254 754
749 210 1075 265 Quodammodo

189 323 393 362 inventioni
415 324 678 368 subjunxerunt
704 327 745 370 3,
775 328 816 370 3,
842 328 898 361 10.
938 327 1137 362 cedendum
1159 333 1251 363 vero
1275 325 1315 363 in
1341 327 1431 362 hoo
1454 327 1617 374 quidem,
1648 321 1682 372 q.

133 395 149 416 s
190 380 252 406 etc,
279 374 340 415 10,
370 374 410 414 1,
438 373 517 406 108.
554 382 621 406 nos
654 372 741 407 hac
774 384 896 407 sumus
921 373 1132 418 probatione
1159 374 1341 418 contenti,
1365 386 1401 419 q.
1427 394 1476 412 -r
1496 375 1683 420 componi-

186 429 264 452 mus
288 419 329 460 9,
357 416 401 460 4,
429 417 483 452 15.
519 417 558 451 in
592 419 715 452 schola
753 430 895 464 quoque
929 421 1036 454 rebus
1072 419 1157 463 ipsis
1195 420 1290 454 affici
1328 420 1500 455 convenit
1521 436 1566 445 ·-
1591 422 1683 454 hoc

186 463 311 511 magis,
336 465 457 508 quod
481 462 534 508 (a.
557 468 580 499 l.
606 464 705 510 quia)
729 464 803 500 illic
825 471 864 500 ut
886 464 1082 512 litigatores
1109 466 1290 511 loquimur
1316 466 1552 511 frequentius,
1579 477 1685 511 quam

187 516 226 544 ut
251 510 416 544 advocati
444 511 478 553 6,
506 513 540 554 2,,
568 513 613 546 36
639 511 684 545 N.
715 509 759 553 cs.
789 514 844 554 10,
873 515 907 555 1,
932 512 989 547 34.
1025 513 1282 560 aperta'figura
1304 513 1420 557 perdit
1441 513 1530 547 hoc
1553 511 1685 556 ipsum,

189 569 223 600 q.
247 556 359 603 figura
395 561 447 590 est
475 557 518 600 9,
544 560 586 601 2,
614 557 670 593 69.
709 558 799 592 hoc
831 558 932 603 ipso,
965 559 1085 603 quod
1114 558 1173 600 (a.
1203 564 1223 593 l.
1251 559 1346 604 quo)
1378 560 1444 593 n'os
1470 557 1683 594 adversariis

187 602 435 636 summittimus
459 603 506 644 6,
533 606 578 646 2,
604 604 649 638 16
685 616 717 637 υ.
742 604 858 648 Hic,
884 603 1007 638 illud
1036 616 1131 638 nunc
1163 604 1312 648 melius,
1348 606 1444 650 quod
1473 608 1540 639 cui
1570 604 1684 638 tribus

187 648 300 683 literis
326 648 550 683 enuntiamus
575 653 616 691 1,
644 653 687 693 7,
712 653 769 684 27.
801 651 983 695 proprium
1008 656 1061 685 est
1084 656 1120 685 et
1143 650 1256 685 illud
1279 662 1431 694 causae,
1465 663 1501 696 ‹1-
1529 649 1684 694 Amphi-

190 701 341 739 ctyones
367 695 523 738 judicant
547 695 569 730 5
607 697 662 738 10,
690 697 768 730 115.
796 696 840 739 os.
866 699 907 731 ib.
940 698 1017 731 118.
1041 700 1077 739 7,
1102 694 1138 741 4,
1163 698 1219 733 38.
1244 696 1369 731 illud
1391 698 1477 731 mali
1500 703 1566 740 est,
1592 708 1683 741 q.—

189 748 377 776 transeunt
401 742 434 784 5,
463 744 517 779 12.
542 745 564 776 2
592 767 600 775 .
628 742 749 776 illud
772 753 847 777 non
873 744 1074 785 serendum,
1099 755 1133 788 q.
1156 763 1200 770 —
1218 744 1443 778 reduxerunt
1466 746 1523 786 11,
1551 743 1683 786 3,,131.

188 787 226 822 in
258 798 328 832 quo
355 787 484 823 vitium
507 787 627 822 illud
651 794 724 831 est,
750 801 782 834 q.
809 788 886 823 sine
919 789 1124 828 discrimine
1156 800 1341 824 causarum
1365 797 1427 823 etc.
1451 790 1523 824 hoc
1547 787 1685 822 faciunt

188 834 235 877 4,
262 836 304 876 3,
333 834 365 868 3.
405 835 494 868 haec
525 834 664 868 minora
694 842 776 869 sunt
806 835 885 879 ipso
909 835 1002 870 illo
1027 836 1118 870 vitio
1145 835 1274 878 animi,
1314 837 1434 880 quod
1460 835 1522 879 (a.
1546 839 1569 869 1.
1594 834 1685 879 quo)

190 880 386 915 maledicus
410 892 430 914 a
459 881 622 915 malefico
655 891 730 915 non
765 881 892 925 distat,
935 881 1004 916 nisi
1036 881 1225 916 occasione
1259 884 1322 924 12,
1348 883 1390 924 9,
1417 881 1441 915 4
1468 882 1516 915 Ν.
1545 895 1593 919 cr.
1627 880 1684 914 his

193 927 280 960 illa
303 925 526 970 potentiora,
553 928 669 972 quod
693 939 753 962 res
776 929 948 972 plurimae
973 934 1097 962 carent
1119 927 1415 972 appellationibus
1442 930 1509 970 12,
1536 929 1602 968 10,
1627 925 1686 960 34.

191 980 266 1006 tum
297 972 380 1007 illa
413 983 556 1018 quoque
592 984 641 1007 ex
672 985 799 1017 causa,
845 987 879 1020 q.
912 980 1067 1008 mentem
1100 979 1218 1009 tantae
1259 973 1313 1008 rei
1349 972 1521 1008 intentam
1554 983 1686 1007 vacare

192 1019 358 1053 omnibus
386 1019 464 1054 aliis
490 1019 586 1054 curis
609 1025 753 1065 oportet
777 1023 842 1062 12,
872 1023 909 1060 1,
935 1022 967 1055 5.
1003 1019 1046 1062 cf}
1071 1021 1116 1064 9,
1140 1020 1183 1064 4,
1208 1021 1264 1056 50.
1298 1020 1344 1054 in
1369 1020 1463 1055 illo
1494 1019 1684 1064 plurimum

192 1065 347 1108 erroris,
382 1077 417 1110 q.
440 1083 484 1089 -
506 1071 633 1112 putant
658 1067 703 1109 8,
735 1067 777 1110 6,
811 1070 866 1101 17.
899 1065 945 1100 in
968 1065 1070 1117 ⁸illo
1107 1066 1216 1101 nimia
1248 1066 1441 1100 subtilitate
1481 1073 1567 1106 sum
1595 1063 1687 1108 lapsi

194 1124 229 1156 q.
245 1132 292 1138 —
309 1112 504 1146 voluerunt
524 1114 581 1155 11,
605 1114 639 1156 3,
667 1115 752 1154 1073
777 1119 996 1146 transeamus
1014 1111 1123 1160 igitur
1144 1113 1189 1147 id
1213 1123 1375 1158 quoque,
1402 1124 1440 1157 q·
1457 1110 1686 1159 grammatice

193 1159 372 1202 quondam
413 1169 455 1192 ac
487 1158 623 1192 musice
655 1159 798 1202 junctae
831 1160 976 1192 suerunt
1010 1161 1052 1202 1,
1086 1160 1152 1202 10,
1176 1162 1233 1194 17.
1278 1169 1324 1193 ne
1358 1158 1437 1203 quis
1475 1168 1529 1193 eo
1565 1158 1686 1191 credat

192 1204 500 1247 reprehendenda,
526 1216 561 1249 q.
583 1205 714 1239 multos
738 1205 973 1251 cognovimus
998 1207 1055 1248 12,
1079 1207 1113 1247 3,
1139 1208 1196 1239 11.
1231 1204 1292 1239 Sic
1314 1215 1458 1250 quoque
1479 1204 1597 1248 aliqua
1620 1212 1687 1236 nos

191 1250 418 1283 incommoda
443 1269 489 1275 —
516 1257 802 1294 consequentur,
833 1251 879 1285 in
903 1262 978 1287 eo&
993 1251 1204 1295 praecipue,
1238 1263 1272 1296 q.
1298 1253 1409 1284 multa
1430 1251 1469 1284 in
1491 1249 1548 1283 his
1575 1249 1688 1282 relin-

192 1301 349 1339 quuntur
375 1295 512 1329 incerta
531 1299 574 1338 2,
600 1299 669 1338 10,
694 1296 750 1330 14.
780 1297 823 1330 lis
847 1296 962 1330 omnis
989 1308 1044 1330 ex
1068 1307 1143 1339 eo,
1169 1309 1202 1341 q.
1229 1298 1507 1331 Alexauder'ea
1531 1296 1688 1328 Thessa-

193 1343 238 1375 lis
263 1342 414 1374 donasse
439 1341 586 1383 dicitur,
619 1343 752 1385 pendet
776 1343 814 1384 5,
843 1344 904 1384 10,
935 1345 1014 1379 112.
1043 1341 1088 1383 cf.
1118 1344 1174 1384 10,
1199 1343 1234 1383 3,
1262 1344 1317 1376 18.
1355 1355 1387 1376 v.
1413 1343 1458 1375 Is
1486 1342 1543 1382 V3
1576 1341 1615 1372 fit
1637 1339 1689 1373 ri-

195 1388 352 1421 diculum
375 1387 420 1420 id
444 1386 614 1430 ipsum,
639 1388 781 1431 quod,
805 1387 864 1431 qui
888 1387 972 1420 dicit
997 1387 1082 1430 illa,
1107 1397 1181 1421 non
1203 1388 1296 1421 ridet
1320 1388 1361 1430 6,
1386 1389 1420 1429 3,
1445 1387 1504 1421 26.
1527 1398 1559 1420 v.
1588 1386 1687 1428 lpse

194 1435 239 1467 11.
272 1444 388 1477 neque
419 1432 517 1467 alio
549 1434 685 1467 modo
713 1443 775 1467 eos
798 1432 936 1468 invisos
975 1433 1137 1480 faciunt,
1171 1443 1276 1478 quam
1309 1434 1430 1478 quod
1463 1442 1583 1467 amare
1618 1431 1687 1475 ipsi

194 1479 365 1515 videntur
387 1479 432 1521 6,
458 1481 500 1522 2,
528 1477 584 1512 14.
619 1490 710 1523 quae
737 1479 854 1513 inde
882 1478 1145 1520 contraxerint,
1186 1479 1314 1524 quod
1341 1489 1414 1513 non
1442 1477 1690 1524 intelliguntur

194 1528 236 1568 8,
261 1528 386 1566 2,12.
412 1537 443 1558 v.
467 1525 594 1558 Ideo.
621 1533 652 1559 et
679 1525 788 1560 Cum
815 1535 867 1559 eo
890 1527 948 1558 sub
973 1524 1080 1559 Cum
1104 1532 1186 1558 extr.
1233 1525 1288 1568 ΙΙ)
1317 1538 1346 1559 c.
1373 1524 1545 1568 Conj'unct.
1581 1525 1627 1566 α)
1654 1526 1688 1556 ἰη

195 1574 344 1605 oratione
357 1578 467 1604 recia.-
493 1572 569 1605 Nec
592 1572 709 1615 pudor
728 1571 882 1611 videtur,
904 1571 1000 1614 quod
1018 1569 1092 1604 noh
1110 1571 1226 1616 palam
1250 1570 1409 1614 obiicias,
1433 1571 1496 1604 sed
1521 1567 1688 1611 diffiden-

194 1617 245 1652 tia
269 1618 303 1660 9,
332 1620 365 1660 2,
394 1619 452 1652 72.
476 1622 589 1651 totum
614 1623 731 1651 autem
755 1618 825 1651 hoc
850 1617 1090 1651 adhibendum
1114 1622 1190 1660 est,
1215 1629 1249 1662 ‹1-
1267 1617 1312 1650 sit
1335 1617 1485 1661 amplius
1509 1615 1688 1658 composi-

194 1665 302 1698 tionis
328 1675 464 1709 genus,
491 1675 571 1697 cum
588 1671 649 1698 eie.
672 1664 707 1707 9,
730 1662 767 1706 4,
792 1663 871 1699 129.
897 1662 941 1704 ej}
971 1666 1026 1706 11,
1043 1666 1075 1704 1,
1097 1664 1154 1698 88.
1181 1666 1236 1706 12,
1264 1666 1298 1706 2,
1323 1666 1381 1697 25.
1410 1662 1450 1696 hi
1473 1662 1560 1695 duas
1583 1671 1688 1704 prae-

194 1710 300 1755 cipue
322 1709 480 1744 rationes
499 1709 599 1754 sequi
617 1709 792 1747 videntur.
816 1720 936 1752 unam,
964 1709 1080 1754 quod
1105 1708 1264 1744 moribus
1288 1708 1400 1754 magis
1423 1706 1687 1749 consulant,

193 1775 239 1781 —-
266 1757 430 1798 alteram,
465 1757 589 1800 quod
609 1755 853 1790 —liberalius
882 1762 1043 1799 tempora
1071 1767 1136 1790 sua
1165 1755 1391 1799 impensurus
1426 1753 1491 1787 uni
1521 1751 1687 1788 videatur

196 1805 230 1845 1,
254 1805 290 1845 2,
316 1805 339 1836 2
360 1804 428 1845 Ν.;
455 1803 556 1846 cujus
581 1803 779 1836 sententiae
802 1802 910 1835 talis
938 1801 1100 1836 defensio
1126 1807 1200 1844 est,
1225 1802 1350 1846 quod
1373 1798 1510 1835 indocti
1533 1805 1594 1832 ete.
1618 1808 1686 1842 pro

195 1859 234 1882 se
259 1860 341 1882 cum
361 1850 568 1893 loquuntur,
592 1848 724 1892 aliquid
748 1848 867 1882 dicant
892 1847 1007 1882 simile
1029 1847 1206 1892 principio
1224 1855 1286 1881 etc.
1309 1850 1345 1890 2,
1370 1849 1426 1890 17,
1450 1846 1485 1881 6.
1509 1843 1633 1887 (εἰ-Ῥη
1649 1846 1687 1877 2.

194 1895 346 1939 plurima
379 1894 562 1930 cavillatio
598 1900 722 1928 contra
750 1893 955 1928 rhetoricen
986 1904 1034 1928 ex
1063 1904 1116 1927 eo
1142 1899 1217 1936 est,
1252 1905 1286 1938 q.
1310 1903 1359 1928 ex
1386 1897 1534 1937 utraque
1558 1899 1686 1941 causae

194 1946 295 1984 parte
329 1939 465 1975 dicatur
488 1944 529 1983 2,
564 1942 627 1983 17,
659 1942 714 1975 30.
765 1941 807 1974 ld
836 1951 911 1974 non
945 1950 1000 1974 eo
1029 1945 1185 1982 tantum,
1218 1951 1252 1983 q.
1279 1956 1325 1964 —
1347 1938 1438 1973 nihil
1469 1937 1515 1971 si!
1535 1936 1686 1987 publi-cis

194 1986 415 2031 privatisque
443 1987 551 2021 rebus
575 1986 811 2032 perniciosius
843 1985 1047 2030 eloquentia
1072 1989 1133 2027 12,
1158 1988 1175 2019 1
1191 2010 1202 2028 ,
1229 1988 1246 2019 1
1275 1986 1322 2020 N.
1345 1992 1376 2018 et
1398 1985 1492 2018 Adel.
1527 1992 1600 2016 non
1622 1991 1685 2014 ic-

195 2033 326 2067 circo
353 2034 448 2076 dico,
473 2044 508 2078 q.
531 2050 570 2057 -
593 2035 712 2077 p'utem
737 2034 771 2075 5,
799 2034 854 2076 10,
884 2033 962 2069 1¹9.
988 2042 1080 2065 non
1105 2031 1222 2076 quod
1249 2050 1295 2057 -
1320 2035 1450 2064 ornent
1473 2030 1507 2072 9,
1529 2031 1563 2072 1,
1582 2028 1626 2061 37
1651 2038 1686 2059 v.

194 2080 294 2113 Non
318 2080 364 2112 11.
393 2080 520 2123 Neque
553 2078 648 2113 alio
684 2079 833 2113 inventa
856 2084 938 2113 sunt
962 2083 1130 2122 quattuor
1155 2078 1217 2110 illa
1240 2075 1353 2112 verba
1376 2074 1536 2120 plurimis
1567 2072 1684 2107 modis

193 2125 337 2168 scripta,
363 2127 481 2170 quod
507 2126 564 2167 (de
588 2125 674 2168 conj.
701 2127 855 2158 inseritur
879 2125 996 2168 quam)
1023 2135 1104 2158 eum
1128 2134 1273 2168 quoque
1295 2122 1453 2156 maxime
1476 2121 1595 2155 facere
1616 2129 1685 2152 ex-

192 2171 370 2214 periretur
393 2172 428 2214 8,
452 2172 487 2211 6,
512 2170 558 2204 64
581 2172 628 2204 Ν.
649 2184 694 2205 cr.
718 2178 750 2204 et
774 2173 810 2203 S.
838 2169 885 2212 cs.
909 2172 944 2213 8,
973 2172 1005 2212 1,
1026 2173 1061 2204 2.
1087 2170 1229 2214 quidam
1252 2169 1390 2203 faciunt
1415 2171 1556 2212 aperte,
1587 2164 1684 2209 quod

191 2217 355 2251 rixemur
381 2216 432 2260 (a.
454 2221 475 2250 l.
502 2228 611 2260 quae3
637 2220 681 2251 Z.
708 2218 826 2258 censio.
851 2214 1027 2258 rixentur)
1058 2216 1094 2258 6,
1122 2213 1157 2257 4,
1181 2216 1204 2250 9
1232 2216 1278 2248 Ν.
1310 2222 1341 2248 et
1369 2216 1405 2248 S.
1462 2211 1514 2258 β)
1540 2214 1574 2245 in
1597 2217 1683 2244 orat.

193 2265 343 2307 obliqua.-
378 2262 467 2296 mihi
491 2269 626 2297 temere
655 2262 853 2304 excidisse,
879 2263 975 2306 quod
999 2281 1046 2287 —
1069 2260 1223 2294 dixerim
1246 2264 1292 2304 7,
1316 2263 1358 2300 2,
1388 2261 1443 2294 52.
1478 2261 1684 2292 excusatum

193 2319 273 2343 esse
298 2309 489 2351 rusticum,
516 2321 552 2353 q.
577 2310 628 2350 (a.
650 2313 670 2342 l.
699 2309 776 2353 qui)
800 2318 874 2342 non
897 2307 1100 2342 interfuerit
1125 2306 1281 2352 judicio,
1306 2305 1395 2338 nihil
1415 2304 1507 2349 patri
1533 2303 1684 2341 collatu-

193 2365 253 2387 rus
279 2358 314 2398 7,
341 2358 373 2398 1,
398 2354 456 2390 45.
481 2354 663 2388 Placidum
686 2354 856 2397 nomine,
883 2355 980 2398 quod
1007 2353 1096 2398 (Sp.
1123 2351 1222 2397 quia)
1244 2352 1275 2386 is
1299 2351 1448 2386 acerbus
1476 2355 1599 2384 natura
1613 2357 1682 2380 'es-

191 2405 245 2433 set
267 2401 309 2441 6.
333 2403 377 2443 3,
411 2402 454 2435 53
478 2405 522 2435 Ζ.
546 2402 689 2435 tertium
713 2401 783 2445 jam
808 2399 902 2434 diem
928 2410 1028 2443 esse,
1064 2399 1161 2443 quod
1187 2398 1247 2441 (α.
1273 2401 1296 2430 l.
1321 2407 1411 2442 quo,
1440 2399 1485 2430 αῖ.
1509 2406 1554 2428 ex
1582 2391 1681 2436 qno)

189 2455 265 2478 non
290 2446 471 2481 inveniret
499 2446 689 2481 exordium
717 2449 774 2489 10,
798 2447 836 2489 3,
862 2444 909 2479 14
936 2446 1007 2488 N.;
1038 2446 1100 2480 vel
1131 2454 1213 2488 per
1235 2445 1323 2478 hoc
1350 2453 1423 2476 non
1454 2450 1533 2474 esse
1555 2443 1680 2479 artem,

191 2493 316 2575 ‘9¹2⁶
335 2492 448 2572 {³5²3}
470 2493 646 2572 ⁰53³?
673 2492 732 2572 ἷξε
752 2491 992 2571 3⁰⁰⁶⁸f⁸X⁶¹
1015 2501 1096 2569 pir
1118 2491 1203 2568 {1¹⁰⁰
1216 2500 1306 2568 ²231?
1315 2488 1370 2567 ‘'e‘}
1393 2487 1520 2565 ‘5323’
1542 2485 1693 2572 {1⁷:23⁰AE

189 2548 242 2614 ga
273 2563 333 2615 fi’at
365 2563 472 2617 causa
503 2563 659 2618 lu’cidio’r
680 2563 728 2627 4,
749 2548 928 2626 ὀξὶῗςφέἰ
952 2545 1580 2616 ῗνῐΙῐειιἐὲὶἳῗιεῐιὲθᾱιωΡιΝηξιωιὶἰιιῖιηι
1610 2572 1680 2607 sic

189 2627 374 2669 defendat,
411 2640 496 2673 quo
511 2631 533 2662 d
557 2630 734 2674 periturus
758 2628 868 2664 suerit
892 2628 1072 2662 exercitus
1098 2629 1199 2661 Rom.
1223 2629 1258 2667 7,
1282 2623 1317 2667 4,
1345 2626 1399 2656 12·
1425 2621 1469 2662 cf.
1498 2619 1534 2663 6,
1558 2620 1592 2662 3,
1621 2620 1681 2654 73·

188 2671 271 2716 qnia
294 2672 383 2706 nihil
408 2675 539 2718 prosit,
570 2687 606 2720 q.
632 2681 790 2718 constet,
823 2675 1022 2709 ducendam
1044 2683 1124 2708 esse
1146 2681 1300 2706 uxorem
1322 2669 1364 2711 3,
1389 2668 1424 2711 5,
1450 2667 1506 2704 12.

141 2744 485 2802 Quodmmfmdo·
526 2763 556 2796 si
581 2764 666 2807 quid
690 2763 925 2808 periculosius
949 2762 1097 2797 finxisse
1124 2757 1336 2800 videbimur,
1365 2755 1528 2801 quibusd.
1552 2765 1679 2807 ‘reme-

186 2805 253 2841 diis
276 2808 594 2851 praemuniendum
622 2815 676 2844 est
699 2829 744 2836 —
777 2809 984 2856 Quodam
1014 2807 1150 2842 modo
1175 2811 1235 2839 etc.
1263 2805 1308 2847 8,
1333 2803 1379 2846 3,
1406 2803 1464 2838 37.
1498 2802 1614 2836 finitio
1641 2812 1678 2845 q.
