1728 3002
97 126 152 166 86
637 122 819 166 Assideo
849 148 904 155 --
934 121 1101 169 Assum?

96 223 294 267 ASSidOO·
340 236 480 272 Priamo
503 236 695 272 assidentes
717 238 762 280 8,
784 235 828 279 4,
851 238 909 270 21.
944 235 1121 270 assidente
1143 235 1285 284 collega
1309 237 1376 282 11,
1400 238 1445 283 3,
1474 239 1553 274 129.
1587 242 1629 273 ut

143 293 278 328 agere
302 294 378 318 non
402 284 582 328 potueris,
616 283 819 317 assidere
842 281 987 326 potuisti
1009 285 1046 325 7,
1071 285 1106 325 1,
1131 282 1190 317 52.

99 326 310 382 Αὸδὶἆῠθι,
343 351 425 375 cum
448 340 587 375 assidue
613 340 771 374 minores
796 338 999 383 parentibus
1025 337 1131 374 liberi
1164 343 1286 373 essent
1312 338 1354 380 6,
1370 339 1409 384 8,
1433 340 1493 376 67.

99 381 325 428 Assiduus.
358 418 405 423 —
439 398 481 431 ab
510 409 591 432 aere
624 397 679 440 (iz.
707 401 728 430 l.
756 396 856 436 asse)
895 396 1013 429 dando
1041 396 1082 437 5,
1107 398 1168 438 10,
1191 395 1236 431 55
1263 396 1311 429 Ν.
1335 408 1384 430 σν.
1415 396 1630 444 assiduus
1682 414 1687 426 ·

145 442 265 485 potius
289 454 394 486 qnam
417 442 675 478 immodicus
703 445 743 485 2,
767 445 809 485 2,
836 441 867 476 5.
899 453 967 476 ass.
990 442 1178 476 comitatus
1207 443 1248 484 1,
1273 444 1318 484 2,
1344 442 1394 476 5.·
1417 442 1450 476 si
1470 443 1631 490 assiduus

147 487 343 522 studiorum
369 495 516 523 exactor
539 489 686 523 astiterit
710 491 743 531 1,
769 491 803 530 3,
830 486 883 524 14.
916 493 951 521 at
973 499 1064 522 unus
1090 493 1187 522 certe
1211 487 1257 534 sit
1278 487 1440 522 assiduus
1462 489 1634 534 loquendi

147 543 222 566 non
251 533 433 578 imperitus
478 534 547 579 (sic
580 542 766 577 corruptum
796 535 881 566 hunc
917 537 979 567 loc.
1010 537 1150 569 restituit
1173 535 1280 583 Amb2
1299 532 1354 576 1.)
1385 537 1429 579 1,
1457 537 1497 580 1,
1523 538 1565 570 11
1595 537 1637 570 S·

148 579 288 613 assidua
312 580 578 614 contentionum
603 580 787 624 asperitate
813 582 867 621 10,
882 579 916 622 5,
937 580 992 614 14.
1032 579 1138 614 assid.
1164 581 1386 615 consuetudo
1411 584 1444 623 1,
1464 583 1497 624 1,
1514 583 1634 618 13.-.-

102 639 105 641 “
149 624 256 658 lectio
278 629 313 668 2,
337 629 392 670 13,
417 629 471 661 15.
498 645 539 652 -
569 626 722 660 studium
749 629 784 668 2,
810 627 863 665 13,
894 625 951 660 15.
1549 631 1553 635 ’

109 665 305 725 ASSigUO·
354 683 392 722 α)
421 686 519 716 Act:
545 683 720 717 nutricum
743 681 958 716 allectationi
980 693 1082 716 suum
1107 682 1286 726 quoddam
1309 692 1455 717 carmen
1480 682 1636 730 assignat

152 729 186 770 1,
210 730 254 762 10
288 730 344 763 32.
375 729 503 772 paeoni
528 730 717 763 clausulam
741 728 920 775 assignant
944 729 986 771 9,
1008 727 1050 771 4,
1075 729 1132 764 96.
1176 727 1253 762 aliis
1277 728 1472 776 assignavit
1495 730 1635 773 (dicta)

149 773 186 814 6,
212 775 246 814 3,
269 772 304 807 4.
341 776 448 809 modo
475 775 511 808 id
539 775 661 810 virtuti
689 781 848 816 senatus,
877 775 986 808 modo
1011 774 1257 818 providentiae
1282 775 1635 811 deorumimmorta-

150 817 237 852 lium
260 820 412 866 assignat
440 823 500 864 11,
527 823 565 863 1,
592 823 648 854 23.
692 820 725 855 ei
756 820 985 864 (rhetoricae)
1014 822 1133 854 locum
1146 819 1372 866 ‘negotialem
1393 817 1574 868 assignant
1598 824 1636 866 2,

150 866 210 906 21,
236 866 268 898 3.
311 865 354 907 osi
376 865 415 903 4.
442 869 480 906 3,
507 865 560 900 14.
591 866 784 912 assignavit
812 867 886 910 (ei)
911 866 1031 900 officia
1059 869 1122 909 12,
1150 867 1207 900 Pr.
1234 865 1271 901 4.
1299 866 1528 913 (rhetor-ibas)
1552 879 1636 912 par-

151 909 294 944 ticulam
307 911 482 946 civilitatis
495 912 646 958 assignat
662 916 696 954 2,
713 915 768 954 17,
783 912 838 948 14.
875 913 960 945 duas
974 918 1092 956 partes
1111 911 1292 947 civilitatis
1307 913 1451 960 corpori
1466 913 1637 960 assignet,

153 955 239 992 duas
263 956 379 991 animo
406 961 447 1000 2,
474 959 538 1000 15,
565 959 622 993 25.
660 958 807 1004 singulis
839 957 1059 1002 (virtutibus)
1087 958 1288 1005 assignare,
1321 968 1414 1005 quae
1438 961 1636 995 secundum

153 1012 328 1046 quamque
361 1012 482 1038 earum
512 1010 610 1050 gesta
633 1010 715 1038 sunt
749 1007 791 1047 3,
815 1008 859 1048 7,
885 1006 941 1038 15.
978 1004 1132 1048 primum
1162 1015 1307 1039 sensum
1328 1004 1508 1040 vestibulo
1535 1005 1638 1050 quasi

153 1047 354 1094 assignant,
390 1052 584 1083 secundum
611 1051 699 1084 atrio
735 1053 798 1094 11,
823 1053 867 1091 2,
891 1053 948 1084 20.
995 1050 1179 1085 hominum
1203 1050 1291 1086 vitia
1313 1051 1422 1085 rebus
1446 1051 1578 1099 assign,
1604 1052 1638 1095 5,

153 1094 209 1134 13,
234 1094 287 1128 35.
326 1096 519 1130 sententiae
546 1107 736 1140 personam
759 1097 800 1131 L.
826 1095 946 1130 Crassi
970 1096 1184 1143 assignando
1213 1099 1270 1140 10,
1297 1098 1333 1141 3,
1362 1100 1395 1131 1.
1449 1097 1492 1143 β)
1515 1101 1640 1132 Pasa..-

154 1138 214 1181 qui
237 1139 346 1182 pilum
371 1147 429 1174 aut
453 1143 574 1175 sudem
598 1143 770 1184 (emittit),
803 1142 1041 1187 appellatione
1067 1142 1235 1187 privatim
1248 1142 1315 1176 sibi
1336 1142 1514 1188 assignata
1537 1147 1640 1179 caret

152 1184 188 1225 8,
212 1187 246 1226 2,
271 1186 303 1220 5.
337 1187 499 1221 locorum
519 1188 708 1231 descriptio
736 1189 807 1222 eid.
831 1188 955 1224 virtuti
981 1188 1179 1235 assignatur
1203 1200 1225 1222 a
1248 1188 1459 1233 quibusdam
1480 1188 1639 1233 9,2,44.
1682 1195 1685 1198 “

153 1229 190 1262 in
224 1231 483 1267 definitionibus
513 1234 710 1281 assignatur
737 1234 978 1281 etymologiae
1006 1236 1108 1269 locus
1143 1237 1182 1278 1,
1205 1235 1248 1277 6,
1274 1235 1330 1270 29.
1371 1234 1416 1276 ρΙζ
1446 1235 1488 1278 5,
1513 1237 1578 1280 13,
1605 1238 1658 1271 1..
1675 1263 1686 1275 ,

155 1286 244 1318 quae
267 1287 340 1310 non
369 1286 448 1312 sunt
473 1280 555 1314 huic
581 1281 670 1324 parti
692 1280 835 1325 proprie
863 1280 1093 1327 assignata
1118 1287 1154 1316 et
1175 1281 1277 1315 velut
1300 1280 1450 1325 dedita
1474 1279 1511 1324 4,
1523 1283 1560 1324 2,
1578 1280 1640 1318 62.

153 1322 265 1365 tropis
294 1323 461 1370 assignari
491 1328 531 1369 9,
558 1329 598 1368 3,
623 1329 678 1361 20.
721 1327 758 1360 in
791 1328 949 1360 clausula
977 1326 1131 1371 positum
1166 1325 1354 1371 (verbum)
1384 1326 1649 1373 assignatur-

155 1367 308 1402 auditori
342 1377 377 1403 et
407 1371 614 1418 infigitur
639 1374 682 1413 9,
710 1371 750 1416 4,
775 1374 833 1408 29.
867 1374 980 1408 verba
1002 1373 1073 1416 jam
1099 1373 1312 1417 probata,
1340 1378 1377 1407 et
1404 1373 1572 1415 electa,
1602 1377 1640 1407 et

153 1414 253 1464 velut
280 1416 507 1462 assignata
532 1418 615 1451 sibi
640 1425 854 1453 connectere
879 1421 924 1454 ib.
951 1420 1008 1454 58.
1039 1430 1121 1453 cum
1145 1430 1210 1453 sua
1234 1418 1364 1463 cuique
1390 1417 1542 1463 (verba)
1568 1419 1640 1454 sint
1677 1458 1686 1465 N
1715 1447 1728 1462 f

117 1464 119 1467 ’
156 1466 331 1505 aSfflgnata
359 1463 558 1498 nominibus
595 1468 649 1506 12,
676 1468 731 1508 10,
759 1464 814 1499 14.
1240 1471 1242 1473 ’

110 1498 342 1547 Assimulo‚
383 1518 524 1553 affectus
557 1514 798 1555 assimulamus
829 1520 888 1563 (a.
912 1522 936 1555 l.
965 1520 1138 1564 assimil.)
1168 1523 1231 1565 11,
1257 1522 1296 1562 1,
1320 1519 1364 1568 41
1391 1516 1442 1555 Ν.
1467 1533 1516 1556 cr·
1554 1530 1640 1565 per-

155 1567 256 1606 cepta
282 1565 389 1597 semel
415 1564 571 1600 imitandi
598 1567 735 1601 ratione
760 1565 979 1601 assimulabit
1005 1569 1051 1609 (α
1080 1571 1105 1602 1.
1124 1566 1295 1607 assimil.)
1317 1566 1512 1612 ,quidquid
1536 1572 1640 1602 aoce-
1687 1589 1691 1591 <

153 1606 245 1648 perit
268 1611 301 1650 7,
331 1612 383 1651 10,
412 1612 433 1646 9
462 1613 507 1646 Ν.
533 1626 578 1647 cr.
614 1614 875 1647 assimulata
902 1615 957 1658 (a.
983 1618 1005 1647 l.
1035 1613 1152 1647 simul.
1178 1614 1224 1647 N.
1251 1626 1297 1648 cr.
1347 1616 1382 1647 et
1406 1619 1506 1651 arte
1529 1623 1640 1649 contr-

155 1652 301 1694 posita
329 1667 404 1698 opp.
433 1669 543 1692 vera
569 1660 603 1702 9,
629 1662 662 1702 1,
689 1662 746 1694 27.
783 1659 819 1693 in
847 1659 918 1692 illis
944 1671 1069 1702 vera,
1103 1659 1141 1692 in
1167 1658 1224 1692 his
1253 1658 1598 1698 assimulatam.
1612 1662 1638 1695 1.

157 1698 320 1752 assimil.)
343 1703 487 1736 materia
513 1707 567 1747 10,
590 1708 625 1748 2,
657 1709 710 1741 12.
742 1716 925 1740 sermones
948 1706 1135 1739 hominum
1162 1705 1387 1739 assimulatos
1413 1706 1448 1747 9,
1473 1707 1508 1747 2,
1535 1706 1595 1739 31.

110 1739 292 1806 Assisto.
339 1758 506 1803 cogitanti
531 1767 739 1805 praeceptor
766 1762 897 1796 assistit
923 1764 957 1805 1,
975 1765 1010 1804 2,
1032 1765 1085 1795 12.
1123 1760 1212 1794 mihi
1235 1761 1376 1796 assistat
1399 1759 1550 1808 diligens
1578 1759 1643 1799 ali-

157 1811 233 1843 quis
257 1812 297 1835 ac
325 1806 455 1846 peritus
485 1810 521 1847 1,
555 1810 617 1850 11,
647 1807 701 1841 14.
738 1808 768 1842 si
792 1809 952 1842 assiduus
976 1807 1176 1842 studiorum
1197 1808 1350 1841 exactor
1371 1805 1521 1840 astiterit
1548 1809 1582 1848 1,
1604 1809 1642 1850 3,

158 1844 214 1878 14.
248 1850 303 1926 tu}
314 1850 452 1931 J'uili'cizg)
476 1853 740 1888 assistentes
763 1856 798 1899 9,
823 1858 860 1898 2,
889 1855 944 1889 76.
989 1863 1060 1898 quo
1090 1864 1194 1887 aures
1223 1852 1462 1887 assistentium
1486 1854 1643 1906 permulf

157 1901 243 1923 cean
307 1919 316 1935 ‚
395 1922 404 1939 ‚
455 1922 463 1930 ,

110 1932 377 1999 Αξδιιεῗῖἃοίο.
423 1954 571 1989 athletae
595 1956 814 1999 ponderibus
835 1955 1011 2000 plumbeis
1031 1955 1276 1990 assuefaciunt
1299 1966 1427 1989 manus
1451 1957 1510 1998 11,
1528 1957 1563 1996 2,
1580 1952 1641 1989 42.

154 1995 316 2042 inanlbus
344 2008 382 2031 se
406 1999 599 2035 simulacris
621 2021 664 2026 —-
692 2003 918 2037 assuefacere
942 2001 1013 2045 (sio
1036 2005 1186 2045 proxime
1209 2002 1326 2044 Coela„
1353 2012 1392 2035 se
1415 2002 1457 2034 de
1473 2001 1559 2043 conj.
1578 2002 1642 2033 ad-

153 2046 252 2080 yecto,
272 2044 355 2085 I‹’r.;
380 2048 422 2076 Z.
444 2057 664 2090 assuescere3
699 2051 763 2093 Sp.
789 2049 832 2082 ab
848 2048 904 2082 his
921 2049 1099 2095 digressos
1122 2048 1264 2088 assuef„
1288 2058 1341 2081 ne
1362 2045 1436 2089 etc.)
1462 2048 1521 2091 10,
1534 2048 1639 2086 §.17,

152 2096 335 2126 SSUflSCO·
384 2109 585 2136 assuescent
608 2104 750 2147 optimis
777 2103 924 2149 (rebus)
948 2108 992 2143 2.
1017 2109 1064 2147 7,
1092 2107 1125 2139 3.
1161 2103 1207 2146 cf.
1231 2103 1278 2144 4,
1305 2107 1351 2142 2.
1376 2103 1455 2141 115.
1496 2101 1646 2150 optimis.

157 2139 406 2188 (scriptoribus)
433 2152 703 2183 assuescendum
729 2157 781 2184 est
810 2153 872 2192 10,
901 2153 940 2190 1,
966 2151 1021 2186 59.
1070 2147 1353 2195 pronuntiationi
1378 2154 1582 2184 assuescant
1606 2147 1646 2189 2.

157 2185 195 2220 5.
220 2187 254 2237 6.
300 2199 477 2226 assuescat
503 2195 658 2228 sermoni
687 2200 719 2235 1,
748 2200 782 2239 1,
809 2197 843 2230 5.
880 2207 978 2239 mos,
1019 2198 1077 2231 cui
1102 2201 1357 2230 assuerunt
1381 2197 1424 2228 ib.
1447 2195 1506 2230 29.
1546 2195 1643 2238 qnod

157 2229 255 2264 bellus
281 2236 389 2281 magis
414 2250 515 2281 quam
539 2242 617 2284 paci
646 2242 867 2277 assueverint
895 2243 1007 2286 (I'lor.
1037 2241 1235 2285 assuerint)
1262 2243 1318 2282 11,
1348 2243 1382 2283 1,
1408 2241 1466 2275 88.
1486 2238 1548 2273 'in
1570 2240 1645 2273 1150

157 2285 332 2327 assuescat
360 2285 394 2324 2,
418 2284 452 2325 4,
481 2288 545 2328 17;
584 2300 650 2330 seq.
682 2287 768 2329 Ins..-
808 2294 987 2322 assuescat
1017 2289 1088 2332 jam
1112 2300 1132 2321 a
1154 2294 1281 2321 tenero
1308 2296 1382 2320 non
1407 2283 1644 2319 reformidare

156 2319 317 2356 hommes
344 2329 375 2368 1,
400 2330 434 2370 2,
462 2332 514 2363 18.
555 2340 758 2366 assueverat
786 2334 883 2367 ferre
910 2337 941 2374 1,
960 2336 993 2372 9,
1019 2336 1060 2377 5;
1105 2336 1256 2366 Partis..-
1290 2331 1329 2365 in
1349 2330 1494 2366 civitate
1517 2335 1644 2375 tyran-¹
1701 2350 1707 2351 ff

158 2365 211 2397 nis
239 2376 374 2421 assueta
398 2376 432 2412 7,
451 2373 486 2416 4,
503 2379 558 2410 22.
597 2378 640 2410 ad
666 2385 824 2413 assuetas
841 2379 907 2413 sibi
924 2381 1027 2414 sedes
1054 2383 1285 2415 revertuntur
1313 2379 1370 2421 11,
1386 2379 1423 2422 2,
1437 2366 1472 2412 6.
1501 2380 1674 2430 assuengs
1700 2396 1705 2428 χ

159 2421 349 2453 gymnasiis
375 2422 409 2449 et
435 2420 515 2452 oleo
540 2432 689 2465 corpora
715 2428 768 2464 11,
796 2427 830 2467 3,
857 2426 915 2459 26.
1588 2435 1593 2439 ’
1652 2431 1671 2442 ’4
1719 2428 1728 2439 ’

114 2451 280 2517 Assum·
330 2471 362 2513 Ῑ)
389 2474 429 2505 ‹le
458 2481 612 2516 personis.
649 2479 688 2521 α)
713 2481 772 2523 qui
801 2482 945 2514 aderant
971 2477 1018 2523 (ί.
1045 2491 1073 2512 e.
1101 2477 1355 2522 auditores)
1383 2479 1428 2522 8,
1453 2480 1499 2520 3,
1518 2476 1557 2512 4.
1581 2476 1642 2513 65.

157 2523 185 2544 ⁸¹
206 2514 304 2565 forte
329 2517 459 2559 peritus
486 2521 568 2561 juris
595 2533 667 2556 non
693 2526 804 2559 aderit
834 2530 888 2568 12,
903 2528 937 2568 3,
955 2527 989 2559 3.
1029 2525 1148 2558 Deum
1173 2531 1258 2559 tunc
1283 2524 1426 2559 affuisse
1458 2526 1514 2566 10,
1531 2527 1567 2567 7,
1585 2521 1643 2558 14.
1675 2535 1678 2538 ’
1707 2530 1711 2533 ’

156 2569 312 2608 ‘IP'S‘FUS
345 2572 414 2594 non
449 2565 607 2615 affuerit,
643 2571 794 2604 exheres
829 2572 923 2606 erit?
953 2574 1000 2613 7,
1035 2574 1079 2612 1,
1114 2572 1176 2614 5Ο;
1223 2570 1326 2605 miles
1352 2571 1396 2604 ad
1425 2574 1644 2610 commeatus

156 2604 248 2636 dmm
272 2615 346 2639 ¹²⁰⁰
375 2607 473 2660 affkut
496 2613 528 2651 7⁷
550 2611 584 2650 4.
612 2612 666 2645 14.
697 2615 757 2657 qui
783 2618 827 2649 ad
851 2628 928 2651 rem
957 2617 1129 2663 agendam
1154 2623 1276 2651 assunt
1305 2619 1417 2652 Goez.
1444 2618 1499 2655 11,
1524 2617 1557 2657 1,
1583 2614 1641 2649 51.

152 2648 198 2700 β),
225 2662 253 2682 r.
283 2653 388 2685 Dar.,·
418 2654 537 2688 hberis
565 2657 637 2690 suis
663 2661 760 2693 adest
782 2660 817 2703 4,
843 2666 876 2703 2,
899 2665 957 2697 73.
993 2662 1052 2707 qui
1075 2673 1140 2697 reo
1166 2673 1243 2697 non
1271 2661 1409 2697 affuerit
1433 2661 1468 2703 5,
1488 2662 1545 2701 10,
1563 2661 1642 2695 107.

156 2695 202 2733 ‘'j-
227 2698 261 2735 7,
292 2699 325 2738 1,
347 2698 404 2731 42.
444 2701 537 2743 quod
565 2703 655 2745 patri
684 2705 838 2740 affuisset
872 2708 927 2750 (a.
953 2712 978 2742 1.
1004 2708 1098 2752 ads.)
1123 2709 1159 2752 6,
1187 2711 1220 2752 1,
1246 2710 1289 2746 17
1317 2708 1367 2743 Ν.
1394 2719 1464 2751 cr.,·
1502 2705 1644 2741 affuisse

110 2078 148 2120 A

1633 2446 1639 2454 a
