1728 3002
614 190 774 248 Mappa
799 214 858 223 —-
885 189 1026 234 Mater
1500 192 1582 234 513

83 312 202 349 ,fllium
223 309 299 351 sni·
322 309 400 355 ipse
425 319 473 344 m.
498 306 762 343 circumtulerat
784 309 821 350 2,
847 306 904 350 15,
929 307 964 341 8.
983 304 1145 340 manibus
1167 304 1335 340 sustineri
1359 300 1416 349 11,
1439 306 1476 348 3,
1503 306 1584 340 132.

89 358 161 395 ni·
183 356 386 403 poscimus,
421 354 644 400 pollicemur,
669 363 866 395 vocamus,
909 351 1135 394 dimittimus,
1178 351 1374 394 minamur,
1410 351 1587 396 supplica-

0 410 18 422 '·
90 416 191 448 mus,
219 401 483 444 abominamur,
510 399 696 442 timemus3
726 399 913 446 gaudium,
959 398 1157 442 tristitiam,
1197 397 1470 439 dubitationem,
1496 408 1587 432 con-

88 448 298 491 fessionem,
325 446 592 492 poenitentiam,
612 446 770 486 modum.
788 444 942 489 copiam,
974 455 1173 487 numerum,
1199 450 1340 488 tempus
1365 443 1587 478 ostendimus

91 498 196 541 11‚3‚
208 497 266 531 86.
291 494 330 536 b)
348 501 420 537 post
440 497 622 537 Praepos.-·
644 493 683 526 in
709 490 969 526 maledicto
992 493 1072 535 plus
1097 502 1201 535 quam
1225 491 1262 524 in
1291 502 1420 524 manu
1437 490 1587 532 injuriae

90 543 179 587 6,2,
203 543 268 584 23;
302 540 383 586 quia
408 539 484 584 ipse
507 538 554 572 in
577 550 613 573 m
629 549 721 572 anu
746 537 884 582 patroni
910 537 1018 571 fuerit
1045 541 1082 580 7,
1102 540 1136 577 7,
1163 539 1196 572 9.
1224 536 1268 579 cs.
1294 539 1328 579 5,
1348 538 1403 579 10,
1421 540 1499 571 117.
1524 547 1586 571 so-

90 588 234 623 lus‘hic
259 585 429 629 (seneca)
453 586 532 619 fere
553 584 592 619 in
614 584 776 619 mnibus
795 583 1072 618 adolescentium
1098 582 1165 617 fuit
1184 586 1237 626 10,
1263 586 1296 626 1,
1323 583 1410 625 126;
1441 583 1470 617 si
1498 583 1586 616 illud

92 634 190 669 idem
217 633 351 667 artifex
377 631 606 676 expolisset„
629 632 709 676 plus
745 630 789 664 in
828 629 1038 664 manibus
1070 629 1212 665 fuisset.
1251 641 1357 674 quam
1389 628 1438 662 in
1470 640 1587 662 mar-

90 690 220 716 more
246 682 281 723 2,
306 679 363 722 19,
395 680 431 713 3.
479 688 571 722 quae
601 677 838 720 scribentibus
864 678 982 711 solent
1013 681 1150 710 extra
1183 676 1421 716 ordinem,
1448 674 1485 708 id
1519 681 1585 718 est,

91 725 264 769 exaliis,
297 735 403 769 quam
427 723 488 768 qni
517 723 668 757 suntin
703 723 915 757 manibus
945 721 1040 766 loci,
1080 732 1272 757 occurrere
1306 724 1364 763 10,
1397 722 1433 762 3,
1466 722 1531 764 33;
1565 732 1588 756 e

88 769 254 807 mnitibus
278 771 446 816 utrinque
470 769 718 804 sustinentium
741 770 899 814 pendent
925 772 958 812 1,
986 771 1022 811 2,
1050 771 1085 802 7.
1134 769 1186 811 Π)
1209 770 1252 802 de
1274 769 1438 801 hominum
1465 769 1584 811 copia.-

87 816 191 853 naec
214 818 414 859 manus(1'.
446 828 477 850 e.
503 819 581 861 qui
603 818 751 850 videri
778 818 1037 849 Atticorum
1065 817 1320 848 imitatores
1352 815 1588 856 concupie-

87 862 210 907 rant)
231 863 368 944 2—4ntN
365 861 600 909 alienigenam
618 869 680 896 etc.
707 864 927 907 (Ciceronem)
962 859 1216 905 insequebatur
1242 858 1295 905 (a.
1321 864 1344 894 1.
1367 857 1588 903 —ebantur)

86 911 144 953 12,
169 912 227 953 10,
254 911 272 944 1
367 934 376 943 .
403 921 451 943 cr.
948 917 952 920 ·

11 1006 16 1014 Ι
40 954 215 1011 Mappa-
261 976 426 1010 mappam
444 990 457 1009 ,
490 963 657 998 usitatum
697 963 796 999 circo
831 975 975 1005 nomen,
1009 962 1123 998 Poeni
1153 961 1220 997 sibi
1247 961 1441 998 «vindicant
1476 964 1520 1006 1,
1552 962 1588 1006 5,

89 1013 207 1048 57N.

0 1044 8 1062 >
45 1056 186 1100 Mare.
231 1078 282 1102 m.
308 1065 450 1110 (tenet)
473 1066 619 1100 classes.
665 1077 829 1099 versus
851 1066 887 1108 9,
908 1063 945 1108 4,
970 1066 1028 1101 90.
1064 1076 1160 1100 nave
1184 1066 1255 1100 hoc
1282 1076 1380 1099 mare
1404 1065 1588 1111 ingressus

74 1118 147 1159 ,12,
174 1114 234 1148 Pr.
257 1111 293 1147 4.
318 1111 432 1146 maria
457 1111 610 1146 transire
635 1113 691 1154 12,
716 1113 774 1154 11,
802 1114 858 1146 10.
883 1118 981 1146 trans
1006 1122 1104 1145 mare
1133 1122 1215 1146 eum
1238 1111 1350 1145 fuisse
1372 1110 1409 1154 4,
1442 1113 1476 1154 5,
1502 1114 1536 1146 9.
1558 1111 1590 1146 si

0 1159 15 1174 ”
74 1160 243 1195 'amicum
265 1157 465 1192 arcessierit
487 1164 586 1192 trans
611 1169 658 1191 m.
686 1160 722 1193 7.
747 1159 782 1201 3,
806 1159 872 1201 33;
903 1165 1027 1192 nostro
1050 1157 1137 1191 mari
1171 1158 1205 1198 5,
1242 1160 1298 1200 10,
1327 1160 1386 1191 21.
1433 1157 1524 1191 mari
1547 1169 1590 1192 ac

12 1239 14 1241 ,
80 1212 184 1245 >teri-u
216 1204 408 1240 dividentis
440 1203 609 1247 (copias)
642 1206 679 1247 7,
702 1205 760 1246 10,
788 1206 843 1238 13.
890 1215 964 1238 non
989 1215 1069 1238 esse
1099 1209 1231 1239 ventus
1253 1203 1291 1237 in
1314 1202 1406 1237 mari
1429 1203 1464 1246 5,
1487 1204 1524 1246 9,
1552 1207 1587 1238 7.

45 1250 299 1344 Μξιῐηξῖζιίῖ·
326 1260 560 1342 3margaritis,
592 1271 686 1306 quae
717 1264 801 1295 nint
829 1266 1039 1295 ornamenta
1068 1260 1307 1303 feminarum,
1340 1261 1588 1295 deformentur

230 1333 254 1352 ’-
290 1333 303 1352 2
351 1330 364 1342 ⁶

43 1353 214 1410 Margo·
260 1362 502 1399 continebitur
523 1362 691 1408 utrinque
713 1361 933 1410 marginibus
962 1361 1157 1405 (scribens)
1189 1365 1223 1406 1,
1249 1365 1283 1407 1,
1307 1365 1366 1398 27.

0 1404 4 1458 ,1
42 1409 256 1453 Marinus·
310 1426 559 1455 terrenum
582 1420 699 1455 differt
722 1432 743 1455 a
766 1420 950 1455 marino
975 1420 1008 1463 5,
1035 1422 1090 1463 10,
1115 1421 1173 1456 61.

43 1465 312 1522 Mqrifimsssso‘
349 1477 610 1512 maritimus
657 1489 704 1512 an
728 1477 1129 1512 mediterraneus
1154 1475 1319 1521 (locus)?
1349 1477 1416 1520 25,
1445 1479 1504 1521 10,
1530 1480 1590 1514 37.

19 1517 244 1567 'Minis-
269 1533 462 1577 1)Sulv⁸t..·
485 1535 522 1578 6,
546 1536 605 1569 Pr.
632 1535 667 1570 5.
689 1535 887 1570 maritus
911 1546 958 1568 an
982 1535 1173 1569 coelebs
1197 1535 1369 1578 5‚10‚26.
1389 1546 1438 1569 m.
1462 1535 1494 1569 si
1512 1547 1592 1570 ma-

38 1616 42 1618 .
88 1581 150 1616 he
174 1580 395 1615 tractationis
424 1581 648 1616 accusabitur
671 1585 705 1622 7,
729 1580 766 1624 4,
791 1584 847 1616 10.
895 1581 966 1615 alia
988 1581 1153 1615 mariti
1186 1582 1269 1620 ady-
1293 1591 1487 1615 uxorem
1509 1593 1591 1616 mo·-

55 1628 70 1658 ,“
87 1619 227 1663 ’ἀει-αῑίο
253 1627 290 1670 6,
312 1629 348 1670 2,
376 1625 432 1661 14.
478 1627 674 1671 subjecisse
696 1627 813 1661 mariti
837 1633 1086 1661 testamentum
1108 1629 1143 1668 9,
1168 1630 1203 1670 2,
1239 1629 1297 1662 73.
1339 1627 1481 1672 nuptias
1515 1639 1592 1662 ma-

0 1673 13 1690 *
76 1672 197 1709 filum
219 1673 385 1707 habentis
408 1678 532 1716 optare
558 1677 594 1716 7,
619 1676 655 1716 1,
679 1673 738 1708 24.
783 1675 835 1715 ΙΙ)
858 1674 966 1718 ΛιΙ]“..·
999 1674 1158 1708 maritam
1183 1675 1319 1706 ulmum
1341 1675 1376 1716 8,
1403 1675 1438 1716 3,
1462 1675 1496 1709 8.

46 1713 252 1759 ΜΒΙἮΙΟΓ·
286 1723 508 1773 marmur,
535 1742 770 1764 marmura
794 1735 945 1764 Arnon.
973 1732 1148 1774 Gnipho
1174 1734 1208 1774 1,
1232 1731 1267 1773 6,
1291 1732 1358 1773 23;
1384 1730 1591 1765 Pariumm.

93 1775 239 1808 manem
259 1775 349 1808 rude
381 1778 419 1818 2,
447 1777 504 1818 19,
529 1779 564 1814 3.
610 1787 790 1810 marmora
814 1778 1014 1811 deformata
1041 1777 1155 1820 prima
1181 1787 1290 1810 manu
1322 1776 1356 1818 5,
1385 1778 1442 1819 11,
1466 1778 1525 1811 30.
1554 1788 1590 1811 v.

93 1819 255 1853 Manus
279 1820 309 1863 1,
329 1827 412 1854 extr.

50 1860 164 1928 Mas-
208 1871 299 1919 quae
323 1881 451 1927 natura
473 1876 619 1921 propria
641 1878 798 1912 maribus
826 1877 925 1911 dedit
954 1878 988 1921 5,
1015 1880 1074 1921 12,
1103 1879 1158 1913 18.
1206 1889 1298 1923 quae
1331 1877 1505 1912 feminina
1526 1888 1593 1922 po-

97 1926 228 1973 sitione
247 1931 364 1972 mares
387 1922 588 1973 Significant
611 1925 646 1966 1,
668 1924 705 1967 4,
731 1923 788 1958 24.
814 1923 859 1965 cf.
888 1928 922 1967 1,
954 1927 989 1967 5,
1023 1923 1082 1959 54.
1114 1937 1147 1958 υ.
1180 1924 1384 1959 Femina.
1431 1931 1593 1971 stuprum

97 1976 292 2011 praecipue
316 1977 356 1999 in
378 1968 535 2000 manbus
559 1969 796 2012 (qudendum)
818 1973 876 2012 11,
905 1973 940 2012 1,
963 1969 1021 2004 84.

0 2017 35 2061 ”,
53 2009 335 2055 Masculinus.
376 2023 483 2067 lupus
507 2024 744 2059 masculinum
777 2027 821 2069 1,
855 2026 900 2069 6,
930 2028 990 2060 20.
1025 2038 1059 2059 υ.
1098 2026 1417 2071 Femininus„
1446 2028 1593 2063 mascul.

0 2077 9 2102 2

0 2376 3 2384 ι

0 2602 7 2618 1

0 2224 37 2575 ἰ

59 2106 62 2108 ,
101 2069 239 2103 Graeca
261 2067 408 2102 nomina
431 2071 466 2112 1,
490 2069 525 2112 5,
547 2070 605 2104 61.

53 2111 288 2159 MRSCUIUS·
343 2125 557 2160 masculi
580 2131 617 2161 et
638 2125 916 2171 incorrupti
938 2126 1010 2162 viri
1033 2126 1069 2170 5,
1098 2130 1156 2170 12,
1178 2130 1236 2162 20.

53 2173 302 2262 Μὲἰδχῐξΰξᾶιό
342 2187 579 2263 ἐπαΐει-ηοω,
610 2183 708 2228 quod
733 2183 885 2218 Sardum
908 2189 983 2227 est,
1014 2183 1170 2219 illudens
1197 2183 1328 2219 Cicero
1351 2195 1399 2219 ex
1422 2184 1596 2222 industria

165 2233 194 2261 it
243 2253 255 2271 ,
304 2253 314 2270 ,
431 2253 440 2262 .

54 2276 210 2316 Mater.
267 2289 380 2318 mater
412 2295 511 2328 mea,
555 2295 647 2329 quae
690 2283 778 2319 mihi
814 2290 889 2319 tum
927 2285 1128 2329 carissima,
1163 2290 1239 2319 tum
1281 2272 1485 2321 dulcissima
1527 2286 1597 2321 fuit

101 2332 232 2364 Asin.
266 2330 308 2372 9,
332 2332 376 2371 2,
417 2330 475 2365 34.
530 2329 704 2365 meretrix
734 2336 850 2366 mater
884 2333 949 2374 11,
985 2336 1023 2374 1,
1066 2333 1123 2367 82.
1168 2332 1226 2366 83.
1282 2338 1410 2366 conata
1439 2332 1596 2367 retinere

101 2373 278 2410 infantem
328 2387 431 2410 suum
471 2388 519 2411 m.
559 2378 602 2420 8,
651 2378 695 2420 3,
738 2377 796 2412 69.
843 2382 962 2421 potest
1003 2389 1051 2412 m.
1090 2377 1279 2422 aliquando
1326 2384 1452 2415 contra
1486 2379 1598 2413 filium

102 2426 197 2454 stare
222 2423 283 2464 11,
302 2423 336 2464 1,
363 2420 427 2463 64.
468 2428 517 2466 et,
541 2428 579 2456 ut
605 2422 733 2456 Graeci
759 2422 879 2457 dicere
903 2424 1041 2466 solent,
1066 2435 1171 2467 quem
1206 2436 1253 2457 m.
1292 2425 1459 2459 amictum
1486 2425 1597 2468 dedit,

105 2466 246 2500 solicite
270 2467 547 2502 custodientium
582 2470 617 2511 5,
647 2468 704 2510 14,
740 2471 809 2511 313
849 2470 978 2504 matris
1006 2469 1219 2504 interfector
1247 2471 1282 2511 5,
1318 2473 1374 2514 10,
1410 2472 1479 2514 883
1528 2482 1598 2516 qua

106 2511 237 2556 (prima
267 2513 498 2557 expositione)
522 2514 647 2558 matri,
681 2515 782 2557 cujus
808 2514 919 2548 filitun
942 2516 1125 2560 premebat
1149 2515 1359 2559 auctoritas,
1391 2516 1533 2551 abstulit
1554 2517 1598 2550 fi-

108 2558 190 2591 dem
218 2559 384 2602 (Cicero)
413 2559 448 2602 6,
472 2561 507 2602 5,
535 2561 578 2601 9;
625 2566 775 2594 matrem
801 2566 898 2594 tuam
932 2561 1104 2596 cecidisti.
1152 2561 1247 2614 Quid
1273 2561 1388 2596 dicam
1419 2562 1597 2607 amplius?

44 2635 47 2639 ,
107 2604 145 2646 8,
168 2602 203 2646 4,
230 2605 265 2637 7.
309 2610 463 2639 matrem
489 2605 620 2640 occidit
643 2609 679 2649 7,
703 2608 739 2649 8,
763 2607 798 2641 6.
827 2618 908 2640 cum
935 2613 990 2642 est
1013 2606 1088 2641 filio
1112 2606 1225 2643 filiive
1248 2608 1433 2643 advocatis
1456 2609 1494 2642 in
1521 2620 1599 2642 ma-

108 2654 200 2682 trem
223 2652 464 2693 perorandum
490 2654 546 2694 11,
571 2655 606 2695 1,
632 2652 691 2687 61.
736 2652 848 2686 filium
873 2664 894 2686 a
914 2659 1028 2687 matre
1054 2654 1180 2688 decem
1212 2655 1394 2689 mensibus
1433 2654 1472 2689 in
1494 2660 1598 2688 utero

31 2741 35 2745 ἡ
106 2694 219 2728 latum
241 2698 362 2729 Hir-t.
385 2698 420 2740 8,
444 2699 479 2739 3,
504 2697 570 2740 54;
618 2698 715 2741 quod
742 2699 788 2732 de
820 2703 966 2734 matre
1002 2698 1103 2743 dixi,
1134 2700 1180 2734 de
1213 2705 1367 2745 utroque
1402 2706 1599 2745 parente

109 2739 357 2793 sccipiendum
384 2748 440 2778 est
463 2746 521 2786 11,
546 2746 580 2786 1,
609 2743 676 2786 65;
708 2743 882 2779 similibus
912 2743 1074 2789 (inesse)
1097 2744 1279 2790 dissimile,
1302 2752 1343 2781 ut
1367 2767 1414 2772 —
1437 2745 1600 2781 matri-

109 2783 195 2820 bus
215 2786 399 2823 hoedos
426 2790 547 2832 Virg.
572 2788 608 2833 5,
631 2791 690 2834 11,
715 2791 774 2824 30.

72 2853 77 2868 ¹
147 2855 242 2894 ια.
268 2857 384 2899 Quin.
1144 2859 1191 2894 53

0 2921 51 3002 3³2,
