1728 3002
118 203 199 243 120
699 189 824 232 Celer
854 213 909 220 —-
942 188 1103 231 Cerno>
1166 176 1169 187 Ι

120 300 272 344 Celer-’-
304 312 343 347 in
370 308 587 358 argumentis
615 305 755 341 citati
782 308 888 350 atque
913 304 992 350 ipso
1018 304 1122 344 etiam
1147 309 1248 338 motu
1275 300 1605 340 ceteres'sumus
1627 306 1664 350 9,

165 359 201 402 4,
227 361 303 394 138.
344 360 413 392 hae
438 356 634 401 particulae
657 358 763 397 prout
786 358 868 386 sunt
890 352 1078 394 lentae,
1107 352 1298 385 celeres
1322 357 1383 385 etc.
1409 353 1452 386 ib.
1476 351 1535 387 69.
1577 353 1662 387 cel.

169 417 211 440 ac
235 405 450 439 mobilem
488 401 687 436 orationem
715 402 756 433 r'b.
783 400 839 433 83.
876 397 1029 442 primam
1061 397 1294 432 stabilem
1325 402 1362 432 et
1382 400 1459 445 ,tm
1485 399 1664 432 celeres

167 452 276 486 habet
300 455 432 494 (paeon
457 446 607 492 primus)
637 449 679 481 ib.
710 448 787 479 111.
826 450 867 478 ut
892 443 1095 486 trochaeis,
1143 442 1203 488 qui
1232 444 1369 489 celeres
1393 442 1561 488 quidem,
1602 445 1667 478 sed

167 497 245 532 sine
272 497 409 532 viribus
444 500 525 528 sunt
560 496 603 527 ib.
634 491 710 526 135.
759 490 873 538 magis
911 490 1091 525 celeris
1131 501 1172 524 ac
1215 489 1426 524 rotunda
1463 488 1667 530 distributio

172 555 279 587 quam
302 554 390 578 vera
418 544 452 585 3,
480 539 515 583 4,
544 540 598 574 16.
1596 545 1602 554 ³

128 587 349 631 celeritas.
394 597 583 633 celeritatis
609 596 738 629 breves
767 592 971 637 (plurimum
994 592 1137 634 habent)
1165 593 1207 634 9,
1230 590 1276 636 4,
1300 592 1357 628 91.
1410 592 1608 638 spondeum
1633 599 1670 629 et

171 648 398 688 trochaeum,
430 644 574 679 alterius
598 641 854 683 tarditate,
890 640 1034 675 alterius
1063 638 1318 674 celeritate
1345 639 1513 673 damnata
1539 642 1581 674 sb.
1610 641 1667 676 88.

173 693 275 737 quasi
303 703 505 726 mensuram
532 685 787 723 tarditatis
817 686 1169 731 celeritatisque
1194 684 1347 731 aliquam
1374 696 1453 719 ease
1476 687 1672 721 voluerunt

175 741 232 781 11,
255 740 290 782 3,
316 741 393 773 107.
422 742 591 782 quantum
616 733 744 776 accipit
768 732 1072 775 celeritatis,
1095 737 1234 766 tantum
1255 731 1517 779 gravitatis
1545 731 1674 768 amittit

177 786 339 829 (senarius
364 781 518 825 comicus)
546 783 580 824 9,
605 779 640 822 4,
671 779 745 812 140.
788 778 922 813 Staleni
946 779 1123 823 Bulbique
1146 777 1365 822 colloquium
1391 789 1514 823 nonne
1538 779 1584 812 ad
1609 790 1692 813 ce-.

175 831 348 865 leritatem
374 829 563 874 plurimum
588 824 758 860 confert?
794 823 836 868 4,
860 828 906 870 2,
934 828 1000 860 107
1026 827 1071 859 N.
1123 823 1306 859 celeritate
1329 825 1462 872 gaudet
1488 825 1672 869 (partitio.)

177 877 216 911 in
242 876 401 910 oratione
426 885 491 919 pro
519 871 684 908 Cluentio
712 872 747 914 9,
775 870 810 914 4,
835 873 891 907 92.
932 871 1033 907 stilus
1052 869 1320 906 intermissione
1341 871 1524 915 paululum
1548 872 1674 906 admo-2

179 924 262 956 dum
289 922 470 956 celeritate
496 918 655 967 deperdit
682 920 746 960 10,
776 920 811 960 7,
844 916 900 953 24.
947 920 1041 952 hanc
1068 916 1158 951 vim
1186 921 1223 951 et
1257 916 1449 952 celerit-
1472 914 1512 951 in
1534 917 1674 952 Pericle

178 968 325 1002 miratur
346 967 491 1011 Eupolis
516 969 571 1009 12,
599 967 654 1007 10,
680 965 744 1006 653
780 964 944 998 celeritas
968 963 1122 1010 augendi
1149 965 1183 1006 1,
1209 962 1266 1006 10,
1291 961 1350 998 49.
1384 983 1432 990 —
1453 962 1676 1008 percipiendi

179 1016 223 1048 ib.
249 1013 304 1048 34.
342 1025 467 1050 manus
487 1023 559 1047 non
578 1021 804 1054 consequens
825 1010 1044 1048 celeritatem
1068 1008 1296 1057 cogitationis
1319 1011 1378 1052 10,
1403 1011 1439 1053 3,
1466 1009 1524 1044 19.
1553 1015 1676 1056 gestus

180 1071 260 1095 cum
287 1060 363 1104 ipsa
390 1058 561 1094 orationis
590 1058 658 1091 cel.
689 1057 893 1091 crebrescet
920 1060 974 1100 11,
996 1059 1031 1100 3,
1057 1059 1135 1091 111.
1174 1054 1433 1104 argumentatio
1460 1053 1589 1103 agilior
1611 1063 1675 1093 etc.

181 1103 641 1187 consentieraemNorationi
665 1104 822 1148 postulat
848 1103 955 1138 etiam
979 1108 1142 1150 gestum,
1177 1100 1216 1137 id
1243 1107 1318 1146 est,
1352 1102 1486 1137 fortem
1512 1101 1678 1138 celerita-

181 1158 254 1186 tem
282 1155 324 1186 ib.
354 1157 370 1186 1
386 1154 394 1161 “
485 1177 493 1186 .

138 1194 359 1239 Celeriter·
409 1219 545 1243 summa
571 1208 638 1242 cel.
665 1207 924 1252 comprehensa
955 1209 1011 1248 10,
1038 1207 1071 1248 1,
1096 1203 1164 1248 483
1200 1200 1353 1240 celerius
1376 1203 1497 1240 dicere
1521 1207 1556 1249 1,
1583 1207 1621 1251 8,
1644 1208 1680 1242 1.

182 1275 228 1281 -
252 1267 290 1289 se
315 1256 494 1290 effundere
519 1257 552 1298 1,
577 1256 611 1298 3,
636 1255 669 1288 5.
699 1273 743 1280 —
768 1253 933 1301 occidere
954 1253 989 1293 6,
1016 1253 1077 1286 Pr.
1101 1253 1156 1286 10.

141 1297 275 1341 cella·
314 1324 501 1348 servorum
523 1311 562 1346 in
588 1310 689 1345 cellis
719 1313 806 1346 Cic.
835 1311 870 1354 8,
897 1308 932 1353 4,
961 1310 1018 1344 25·

142 1354 308 1399 Celsus.
356 1381 426 1415 quo
451 1368 735 1416 generosior
764 1367 1022 1412 celsiorque
1045 1371 1101 1402 est
1126 1368 1160 1409 1,
1187 1367 1224 1410 2,
1246 1365 1305 1399 30.

143 1411 324 1457 Censeo.
366 1433 405 1461 ut
429 1438 495 1474 ego
520 1436 651 1460 censeo
676 1426 710 1469 5,
736 1428 793 1468 12,
818 1424 875 1459 14.
1237 1417 1250 1428 ’

143 1468 320 1513 censor·
361 1507 407 1512 -—
434 1484 675 1519 sanctissimus
699 1481 744 1526 4,
772 1483 829 1517 Pr.
860 1485 882 1517 3
909 1483 956 1516 N.
1002 1479 1063 1526 qui
1091 1478 1270 1525 Cynicum
1297 1489 1353 1525 ap.
1382 1479 1555 1515 censores
1580 1490 1686 1515 reum
1715 1485 1717 1488 ⁴

189 1529 234 1562 de
263 1532 419 1567 moribus
446 1532 535 1566 facit
557 1531 593 1574 4,
623 1533 657 1572 2,
686 1531 742 1564 30.
1175 1552 1178 1553 ν

145 1570 389 1619 Censorius.
432 1589 634 1625 censorium
661 1587 713 1633 (a.
737 1590 759 1620 1.
785 1586 902 1628 -rum)
930 1583 1102 1629 judicium
1128 1585 1213 1618 Cic.
1241 1581 1276 1626 5,
1301 1584 1358 1626 13,
1381 1577 1438 1618 33.
1477 1592 1576 1617 cens-
1599 1588 1689 1627 nota„
1703 1584 1717 1608 ἦ

189 1632 222 1674 5,
248 1636 303 1676 11,
330 1638 384 1670 13.
413 1637 446 1680 5,
473 1639 529 1679 13,
553 1638 610 1670 32.
639 1654 686 1660 —-
708 1633 850 1680 virgula
872 1635 904 1675 1,
931 1630 968 1674 4,
992 1633 1014 1666 3
1043 1631 1092 1664 Ν.
1129 1627 1306 1665 Censorio
1327 1627 1466 1664 catone
1489 1631 1546 1672 12,
1568 1631 1603 1674 1,
1625 1630 1683 1665 35.
1702 1659 1715 1678 4

183 1686 396 1722 entaurus.
435 1693 494 1738 qui
521 1692 673 1739 (Graeci)
698 1687 907 1725 centaurum
935 1687 1093 1723 Chirona
1121 1688 1182 1730 (Z.
1207 1699 1226 1721 e
1251 1688 1356 1722 aad.
1385 1687 1531 1730 vestigiis
1557 1686 1708 1722 emend-¹

192 1741 283 1769 cent.
307 1739 522 1783 viriliorem)
551 1739 674 1775 dicunt
700 1739 736 1781 8,
763 1738 800 1780 6,
826 1738 871 1772 37
902 1737 940 1768 S·

148 1775 341 1824 Centum.
381 1810 412 1831 v.
443 1796 603 1831 Mille.

148 1833 425 1883 centumviri,
460 1856 494 1896 3,
520 1855 576 1896 10,
601 1855 632 1887 3.
664 1850 702 1895 4,
727 1854 770 1894 2,
798 1851 820 1885 5
850 1850 894 1883 N.
934 1848 1032 1882 bona
1057 1859 1114 1893 ap.
1145 1844 1398 1882 centmnviros
1423 1818 1710 1891 repetentes'zf

191 1892 237 1946 4,
263 1899 306 1931 10
328 1900 373 1932 N.
404 1899 447 1941 cs.
474 1899 516 1942 4,
545 1902 587 1942 1,
613 1899 657 1933 57
685 1898 730 1932 N.
772 1908 817 1930 an
843 1894 928 1929 huic
955 1893 1087 1928 delicto
1115 1910 1162 1920 --
1189 1888 1413 1938 Centumviri
1438 1891 1598 1926 tribuere
1623 1903 1689 1927 ve-

194 1950 290 1975 ntam
315 1944 466 1980 debeant
492 1949 528 1988 7,
551 1944 587 1988 4,
610 1946 667 1979 20.

150 1981 490 2032 centumviralis.
533 2003 571 2036 in
598 1999 756 2046 partibus
784 1996 1095 2033 centumviralium
1122 1998 1156 2039 5,
1179 1997 1217 2041 2,
1240 1997 1260 2029 1
1291 1995 1374 2040 Ν.,,·,
1390 1992 1428 2028 in
1446 1993 1690 2032 centumvira-

195 2042 254 2077 lib.
284 2046 421 2088 judiciis
452 2048 652 2093 duplicibus
683 2049 739 2091 11,
767 2048 799 2088 1,
823 2045 882 2080 78.
1692 2084 1706 2096 'x

152 2084 369 2132 centurio·
418 2105 758 2140 chenturiones
798 2102 852 2146 (in
880 2101 1030 2146 quibusd.
1063 2095 1350 2143 inscriptionibus)
1378 2100 1413 2141 1,
1437 2098 1473 2140 5,
1499 2099 1558 2132 20.
1596 2096 1692 2132 inter

193 2151 318 2182 manus
342 2152 590 2186 centurionum
615 2149 966 2191 concubinarumque
993 2146 1190 2193 jaciebatur
1217 2144 1430 2189 (Antonius)
1457 2145 1568 2189 Cojel.
1593 2142 1629 2187 4,
1653 2146 1690 2188 2,

196 2193 272 2228 124.
301 2207 405 2240 supra
429 2199 565 2240 (medios
586 2200 727 2244 poplites
751 2197 881 2228 tunicas
906 2191 1092 2237 pervenire)
1118 2190 1367 2230 centurionum
1391 2193 1446 2224 est
1470 2191 1526 2232 11,
1549 2190 1690 2235 3,.138.
1711 2234 1713 2238 .

154 2244 276 2289 Cera·
315 2262 342 2303 1)
368 2275 526 2299 cerarum
547 2276 588 2299 ac
603 2264 720 2298 mellis
737 2274 847 2308 opera
862 2265 897 2305 2,
916 2262 971 2303 16,
988 2262 1042 2296 16.
1067 2261 1169 2295 vetut
1189 2258 1228 2293 in
1245 2256 1336 2292 ceris
1354 2257 1566 2291 annulorum
1589 2257 1691 2304 signa

198 2315 385 2342 serventur
410 2314 465 2353 11,
489 2314 524 2353 2,
547 2310 570 2344 4
595 2311 641 2344 N.
685 2309 731 2352 ll)
759 2312 876 2343 tabula
895 2315 1030 2342 cerata.-
1055 2306 1094 2340 in
1117 2304 1209 2344 ceris
1234 2303 1275 2347 (i.
1293 2315 1322 2337 ε.
1342 2303 1490 2344 tabellis)
1515 2305 1551 2346 1,
1573 2305 1608 2346 1,
1632 2304 1692 2339 27.

202 2351 313 2385 linum
328 2361 469 2397 ruptum
490 2362 549 2389 aut
564 2357 702 2390 turbata
720 2367 803 2392 cera
823 2355 879 2398 (Z.
897 2356 1016 2398 probat
1032 2352 1238 2386 salmasii
1259 2349 1345 2390 coni.
1359 2347 1536 2390 turbaturi
1549 2358 1691 2394 cernitu

203 2398 244 2430 G.
267 2399 290 2430 1.
310 2406 411 2442 rupta
436 2407 494 2434 aut
513 2403 652 2435 turbata
673 2401 772 2445 cera)
799 2406 860 2434 ant
884 2400 962 2433 sine
985 2397 1146 2444 agnitore
1169 2395 1271 2442 signa
1295 2396 1504 2440 frequenter
1527 2394 1711 2439 invenio&

203 2444 258 2484 12,
273 2443 367 2484 8,13
385 2447 427 2478 N.
444 2452 478 2479 et
497 2449 553 2489 S.,·
582 2459 627 2481 ne
651 2449 739 2481 latas
764 2447 906 2491 quidem
930 2455 1030 2479 ceras
1053 2445 1146 2476 ultra
1164 2442 1308 2475 modum
1335 2451 1414 2475 esse
1437 2439 1550 2476 velim
1575 2443 1621 2476 10
1656 2442 1711 2486 3,’

201 2489 256 2521 32·
287 2490 375 2525 locis
397 2501 462 2533 pro
488 2503 569 2526 cera
592 2500 732 2526 utamur
759 2494 810 2537 (in
835 2499 908 2524 arte
931 2485 1120 2530 memoriae)
1149 2490 1229 2522 Cic.
1258 2490 1315 2530 11,
1340 2490 1376 2530 2,
1400 2489 1456 2521 21.
1485 2467 1712 2532 partiwlnsff}

202 2545 288 2577 quas
316 2535 407 2569 ceris
435 2540 639 2571 mandamus
668 2541 733 2582 10,
758 2541 801 2581 3,
827 2540 894 2579 3ος
933 2537 1009 2570 ead.
1038 2545 1151 2568 cera
1179 2533 1270 2567 aliae
1298 2538 1405 2577 atque
1435 2532 1526 2567 aliae
1551 2532 1711 2578 formae..

202 2580 283 2613 duci
313 2583 428 2614 solent
457 2585 522 2624 10,
552 2585 585 2624 5,
613 2586 646 2618 9.
683 2584 762 2617 iisd.
789 2583 916 2628 quibus
936 2580 1123 2625 scripserit
1151 2579 1275 2613 ceris
1301 2579 1462 2612 ediscere
1489 2581 1545 2621 11,
1571 2581 1711 2625 2232&

203 2626 310 2659 scribi
335 2628 467 2670 optime
495 2629 638 2670 ceris,
669 2629 706 2662 in
731 2630 858 2674 quibus
883 2627 1052 2667 facillima
1075 2631 1130 2660 est
1152 2625 1244 2659 ratio
1268 2623 1411 2658 delendi
1435 2626 1492 2668 10,
1518 2627 1554 2668 3,
1577 2626 1621 2659 31
1645 2625 1711 2667 Nof

203 2672 336 2706 ceris
364 2673 520 2707 Platonis
544 2673 690 2709 inventa
716 2681 797 2709 sunt
823 2679 988 2720 quattuor
1010 2672 1072 2709 issa
1094 2672 1208 2708 verba
1234 2671 1270 2714 8,
1292 2671 1329 2714 6,
1354 2671 1412 2706 64.
1701 2670 1706 2678 ⁸

158 2712 398 2759 Ceratinae.
434 2732 466 2772 1,
492 2732 547 2772 10,
574 2730 595 2764 5
621 2731 666 2764 Ν,

160 2770 315 2816 Cerno.
357 2803 396 2812 -—
426 2786 587 2821 diversos
609 2786 808 2823 intellectus
830 2788 939 2824 habet
954 2790 989 2831 7,
1005 2787 1041 2831 9,
1059 2788 1091 2821 2.
1123 2785 1161 2820 in
1183 2785 1261 2819 sole
1276 2783 1406 2819 sidera
1429 2783 1506 2828 ipsa
1529 2782 1697 2819 desinunt
