1728 3002
104 256 187 298 404
655 257 892 301 Literarius
921 284 975 290 —-
1006 260 1138 303 Livor

151 371 231 408 ravi
264 370 450 417 (Ellipst's)
490 374 570 407 Cic.
602 373 650 416 9,
683 374 719 417 3,
752 375 811 408 58.
889 374 933 419 y)
969 376 1142 419 doctrina,
1189 388 1278 422 quae
1310 377 1401 412 libris
1436 381 1641 416 continetur:

150 419 276 453 literae¹
317 418 482 461 Latinae,
524 419 684 453 Graecae
725 421 768 462 1,
806 421 874 462 12,
906 421 943 455 6.
987 424 1054 464 12,
1094 424 1158 465 11,
1194 425 1254 457 23.
1322 435 1394 469 quo
1433 426 1471 460 in
1510 438 1644 473 genere

152 465 410 509 (philosophia)
437 465 673 509 paucissimos
697 466 811 499 adhuc
838 468 1047 512 eloquentes
1079 467 1132 502 lit.
1178 470 1361 505 Romanae
1395 473 1551 507 tulerunt
1587 477 1643 513 10,

151 515 185 554 1,
211 514 289 546 123.
338 512 435 555 quod
458 511 581 545 literae
603 512 849 555 perpolierunt
870 515 906 556 2,
942 516 998 557 12,
1022 515 1056 549 8.
1106 513 1251 549 unicum
1284 517 1517 552 adversoriun
1551 521 1645 553 sola-

148 558 237 592 tium
261 557 382 591 literas
409 559 446 600 6,
469 559 526 591 Pr.
553 556 619 601 143
652 558 825 603 quidquid
857 559 928 593 hoc
964 565 1019 594 est
1056 560 1095 593 in
1127 572 1185 595 me
1219 561 1417 597 infelicium
1449 564 1501 598 iit.
1535 567 1578 599 ib.
1609 567 1645 601 3.

147 605 401 639 literarum
425 614 526 637 amor
548 605 607 638 Pr.
635 605 669 639 6.
719 605 946 649 cupiditatem
970 605 1024 640 lit.
1053 609 1109 650 12,
1134 609 1168 651 1,
1191 608 1225 642 8.
1252 608 1364 651 prima
1394 610 1445 644 lit.
1469 612 1644 646 elementa

149 654 183 694 1,
210 654 242 693 1,
271 652 327 683 23.
374 649 428 683 lit.
453 649 554 684 initia
578 652 621 683 ib.
645 651 701 686 19.
730 662 901 696 expressa
925 651 1124 696 proprietas
1157 653 1316 688 omnium
1342 655 1394 689 lit.
1427 656 1463 700 6,
1499 656 1559 691 Pr.
1587 660 1643 691 11.

147 709 250 731 sacra
274 697 326 730 iit.
355 698 411 739 10,
439 699 471 739 1,
495 697 552 731 92.
599 708 689 740 pura
713 699 880 742 voluptas
904 698 956 733 lit.
979 701 1013 741 2,
1040 700 1095 742 18,
1114 697 1150 732 4.
1194 698 1335 734 illarum
1356 701 1499 748 ignaros
1521 703 1645 737 litera-

147 755 228 779 rum
255 743 288 786 5,
315 740 370 785 14,
399 745 445 778 29
472 746 514 776 Ζ.
564 742 653 787 Quis
681 742 775 778 inter
796 745 886 778 haec
911 744 1072 778 literis
1102 749 1163 779 aut
1193 746 1258 780 ulii
1286 748 1438 782 bonae
1463 749 1555 783 arti
1585 750 1643 783 lo-

147 801 210 824 cus
235 792 292 831 12,
318 791 408 830 1,'7.
458 788 519 832 qui
542 790 621 832 plus
645 790 793 824 honoris
825 790 938 827 literis
970 790 1171 825 tribuerunt
1201 795 1236 836 2,
1271 794 1326 836 12,
1361 797 1424 837 11;
1465 796 1642 829 doctri-

145 847 241 871 nam
262 835 306 868 iis
331 834 519 879 (Graecis)
544 836 710 870 concedit
744 836 866 881 (Cic.)
901 848 941 871 ac
974 836 1147 871 literas
1179 840 1237 879 11,
1270 841 1303 881 1,
1339 841 1394 875 89.
1425 839 1546 875 literas
1580 842 1643 876 vei

145 881 269 927 primis
293 881 402 915 labris
427 882 629 917 devastavit
655 885 711 925 12,
740 887 775 925 2,
807 882 839 916 4.
886 883 938 916 lit.
964 884 1118 918 Graecas
1149 882 1272 918 didicit
1290 887 1360 928 ,12,
1396 888 1452 929 11,
1486 888 1544 920 23.
1580 888 1640 931 qui

144 929 197 963 lit.
220 927 385 962 nesciunt
408 929 443 970 6,
494 955 503 970 ,
530 928 585 962 15.
635 927 708 962 Cur
729 939 804 963 non
830 930 1006 972 pertineat
1029 931 1075 963 ad
1100 929 1151 963 lit.
1177 936 1296 972 aetas„
1339 943 1430 975 quae
1454 933 1500 966 ad
1521 943 1640 967 mores

144 976 215 1019 jam
239 974 394 1018 pertinet
418 978 451 1016 1,
479 977 510 1016 1,
538 977 599 1016 17;
632 974 755 1019 primis
780 976 906 1009 saltem
928 976 980 1009 lit.
1006 975 1163 1010 eruditus
1189 979 1221 1018 1,
1251 979 1307 1020 10,
1332 978 1388 1011 35.
1435 978 1549 1012 literis
1572 979 1642 1013 im-

143 1022 250 1055 butus
275 1023 308 1063 1,
334 1023 367 1062 2,
395 1021 452 1054 15.
499 1020 612 1054 literis
638 1020 876 1055 instituendos
902 1025 934 1063 1,
959 1025 992 1064 1,
1025 1024 1086 1066 153
1133 1023 1259 1066 procul
1285 1034 1305 1056 a
1342 1023 1394 1056 lit.
1430 1027 1472 1067 7,
1510 1027 1549 1068 1,
1580 1024 1639 1060 46.

142 1067 220 1101 sine
244 1067 295 1100 lit.
319 1069 354 1110 2,
378 1068 436 1108 20,
465 1069 499 1100 2.
544 1067 719 1101 firmiores
742 1067 781 1101 in
806 1068 857 1104 iit.
883 1068 1066 1111 protectus
1092 1070 1125 1112 1,
1149 1071 1184 1112 2,
1208 1068 1263 1103 16.
1297 1068 1336 1103 in
1368 1069 1422 1104 lit.
1459 1071 1575 1106 clarus
1605 1074 1640 1114 1,

140 1115 176 1157 6,
201 1114 257 1148 35.
288 1112 318 1146 si
349 1113 434 1157 quid
457 1112 495 1146 in
521 1112 573 1151 lit.
597 1115 718 1149 valeat
744 1117 798 1157 11,
821 1117 857 1158 2,
878 1114 937 1150 49.

93 1158 346 1200 Literarius.
372 1190 417 1197 -
446 1170 522 1204 ludi
551 1174 584 1214 1,
611 1170 647 1215 4,
676 1175 734 1209 27.

93 1216 396 1257 Literatorills·
445 1229 748 1275 grammatice
794 1229 1060 1264 literatura
1101 1233 1177 1271 est,
1213 1239 1289 1265 non
1323 1228 1639 1265 literati-ix—

139 1285 208 1307 nec
233 1274 511 1308 literatorie.
535 1278 570 1318 2,
596 1274 653 1320 14,
677 1278 715 1310 3.

89 1317 342 1360 Literatrix.
387 1343 421 1364 v.
446 1344 562 1374 supra.

89 1375 351 1416 Literaturfl·
400 1398 569 1433 gramm
582 1394 623 1422 at
636 1388 648 1422 i
661 1400 680 1423 c
693 1400 713 1423 e
737 1400 842 1433 quam
864 1387 903 1422 in
933 1388 1100 1422 Latinum
1122 1407 1169 1414 —
1189 1388 1448 1423 transferentes
1467 1387 1587 1424 liter
1597 1397 1638 1422 a-
1691 1402 1695 1413 ¹
1723 1398 1728 1406 ¹

136 1439 287 1467 turam
311 1440 536 1468 vocaverunt
559 1437 594 1478 2,
623 1438 657 1478 1,
682 1434 706 1468 4
729 1436 777 1469 Ν.
802 1434 847 1476 cf.
872 1437 907 1478 2,
937 1433 993 1477 14,
1022 1435 1056 1468 3.

88 1476 315 1534 Litigator.
363 1491 398 1534 3,
427 1493 484 1534 10,
507 1491 540 1526 4.
565 1494 599 1534 5,
625 1495 658 1535 7,
687 1490 745 1526 34.
779 1492 814 1534 6,
841 1493 876 1534 3,
900 1493 957 1525 32.
991 1491 1027 1533 6,
1051 1488 1086 1532 4,
1119 1492 1154 1526 7.
1189 1491 1244 1533 12,
1282 1493 1318 1533 7,
1352 1490 1387 1525 6.
1421 1502 1454 1524 v.
1486 1489 1637 1526 Advo-

137 1542 285 1570 catus.
309 1535 450 1583 ingrato
475 1537 526 1571 iit.
557 1539 591 1580 6,
619 1540 653 1582 3,
682 1539 739 1573 93.
765 1537 815 1571 lit.
841 1537 994 1571 rusticus
1018 1535 1275 1580 iiiiterat‘usque
1306 1539 1340 1578 2,
1373 1538 1431 1578 21,
1468 1536 1536 1578 16;
1569 1546 1637 1579 pe-
1703 1537 1718 1552 ⁹

134 1582 319 1617 tulantiam
343 1583 531 1626 patroni
562 1583 795 1630 litigator
818 1583 883 1616 luit
920 1585 976 1625 12,
1009 1583 1044 1625 9,
1067 1583 1100 1616 9.
1146 1594 1177 1615 υ.
1217 1583 1461 1616 Patronus.
1493 1581 1635 1625 plurimi

135 1627 231 1673 (lit.)
258 1628 476 1663 mentiuntur
502 1632 557 1672 12,
585 1631 621 1673 8,
655 1632 690 1666 9.
739 1629 912 1674 promittit
950 1629 1002 1663 lit.
1036 1627 1156 1662 omnia
1191 1629 1246 1671 12,
1279 1630 1313 1671 8,
1347 1631 1402 1662 11.
1451 1628 1634 1674 cogendus

135 1676 213 1710 ead.
242 1674 371 1708 iterum
396 1687 437 1709 ac
461 1676 601 1719 saepius
626 1675 747 1710 dicere
779 1675 833 1712 lit.
873 1678 938 1719 12,
970 1676 1014 1716 8,
1048 1675 1082 1709 8.
1131 1673 1170 1707 in
1198 1674 1313 1707 causis
1342 1675 1634 1717 repetundarum,
1698 1684 1704 1690 ‘

135 1721 197 1766 qui
221 1732 260 1754 se
283 1731 347 1754 reo
374 1733 581 1756 munerasse
606 1722 776 1767 pecunias
800 1722 939 1765 jurant,
984 1719 1302 1766 litigatorum
1335 1729 1410 1754 non
1441 1718 1635 1754 testium

133 1768 319 1802 habendos
344 1768 428 1801 loco
456 1770 490 1809 5,
515 1771 550 1811 7,
580 1771 613 1802 5.
659 1768 769 1812 ipsius
794 1766 984 1814 litigatoris
1009 1776 1165 1810 persona
1188 1766 1371 1800 tractanda
1405 1765 1507 1800 varie
1538 1763 1573 1806 4,
1598 1767 1632 1807 1,

134 1816 192 1848 13.
242 1824 322 1846 cum
349 1814 511 1857 periculo
539 1813 727 1861 litigatoris
751 1814 907 1857 suscepti
929 1816 964 1856 2,
990 1815 1047 1855 12,
1071 1811 1105 1845 4.
1132 1822 1214 1845 cum
1237 1823 1314 1845 rem
1335 1810 1524 1858 litigatoris
1548 1820 1635 1857 age-

132 1866 188 1895 ret
214 1862 271 1902 12,
298 1861 354 1902 10,
382 1858 441 1895 45.
488 1861 632 1904 (actor)
658 1860 877 1903 compositus
904 1860 948 1893 ad
975 1858 1198 1892 stomachum
1222 1857 1410 1905 litigatoris
1435 1859 1490 1898 12,
1515 1857 1551 1900 9,
1576 1858 1634 1890 12.

133 1908 221 1950 (ap.
250 1905 405 1950 Athen.)
437 1906 594 1941 scribere
626 1905 864 1954 litigatoribus
907 1901 1125 1950 (orationes)
1158 1903 1271 1937 moris
1301 1909 1377 1938 erat
1409 1906 1444 1946 2,
1481 1905 1537 1945 15,
1566 1903 1632 1944 30;
1689 1933 1697 1944 ,

132 1953 330 1988 avertenda
355 1954 400 1986 ad
426 1952 622 2000 litigatores
651 1964 758 1997 saepe
783 1951 898 1986 oratio
926 1956 981 1986 est
1006 1950 1041 1994 4,
1067 1950 1102 1993 5,
1126 1951 1184 1984 20.
1210 1961 1292 1983 cum
1319 1948 1504 1994 (virtutes)
1529 1947 1635 1982 etiam

131 1999 171 2034 in
192 1997 373 2045 litigatore
399 1999 526 2033 debeat
553 2005 676 2034 orator
701 2000 901 2043 approbare
923 1998 960 2040 6,
982 1999 1024 2039 ’2,
1047 1997 1103 2030 18.
1126 2007 1173 2030 ne
1196 1995 1318 2029 omnia
1340 1993 1543 2029 testimonia
1566 2004 1635 2028 ex-

131 2050 253 2090 pectet
277 2055 297 2078 a
321 2045 373 2078 lit.
397 2045 560 2088 (orator)
586 2047 641 2086 10,
671 2049 704 2086 1,
728 2043 786 2079 34.
834 2054 978 2078 oausam
1001 2041 1140 2076 discere
1171 2053 1219 2075 ex
1253 2041 1326 2075 suis
1356 2040 1407 2074 lit.
1441 2043 1497 2083 12,
1530 2040 1566 2083 8,
1597 2039 1632 2074 6.
1667 2088 1672 2092 ¹
1710 2044 1721 2059 '⁴

132 2090 247 2135 turpis
269 2091 437 2135 voluptas
461 2097 496 2125 et
519 2090 712 2125 inhumana
737 2102 758 2125 a
780 2089 833 2124 lit.
858 2091 1067 2134 frequenter
1094 2086 1250 2134 exigitur
1275 2090 1330 2129 12,
1356 2087 1391 2128 9,
1416 2088 1472 2120 10.

86 2137 249 2192 Litig‘).
282 2146 325 2192 α)
350 2147 411 2192 qui
437 2158 511 2182 non
535 2148 696 2193 improbe
721 2147 909 2194 litigabunt
933 2149 989 2190 12,
1014 2149 1049 2189 7,
1077 2145 1110 2180 5.
1158 2145 1259 2187 cujus
1281 2142 1427 2177 nomine
1457 2140 1578 2194 litigas
1596 2139 1634 2184 4,

131 2193 169 2238 4,
195 2195 230 2229 6.
265 2194 299 2233 7,
325 2196 358 2237 1,
383 2196 440 2228 20.
489 2195 542 2229 de
569 2195 625 2228 his
651 2194 952 2238 disputatur,
988 2202 1062 2226 non
1085 2190 1316 2234 litigatur
1337 2191 1373 2230 7,
1400 2190 1435 2231 3,
1466 2191 1540 2240 12..
1568 2198 1634 2222 in-

134 2246 207 2274 ter
234 2251 323 2283 quas
346 2240 558 2284 (personas)
583 2240 740 2287 litigatur
763 2238 798 2282 4,
824 2243 858 2282 2,
885 2241 963 2273 130.
1008 2238 1141 2271 inter
1166 2241 1284 2279 patres
1316 2233 1481 2278 filiosque
1516 2233 1635 2286 litiga-

133 2292 209 2320 tum
233 2288 290 2329 11,
323 2288 357 2328 1,
384 2286 441 2321 65.
486 2286 530 2331 β)
555 2290 708 2320 Partim.-
744 2286 925 2332 litigantes
952 2286 987 2327 3,
1017 2286 1073 2325 11,
1104 2280 1162 2317 24.
1207 2291 1291 2333 που.
1314 2280 1407 2332 bona
1442 2290 1633 2331 conscien-

132 2332 182 2366 tia
207 2332 270 2366 sed
293 2331 448 2366 victoria
476 2332 647 2379 litigantis
676 2337 730 2366 est
753 2332 950 2375 praemium
977 2332 1011 2372 2,
1043 2330 1099 2370 15,
1134 2328 1193 2361 32.
1238 2326 1411 2373 litigantis
1458 2331 1633 2359 securita-

133 2383 206 2412 tem
229 2376 264 2420 4,
290 2380 324 2420 1,
349 2378 406 2413 55.
453 2377 669 2425 litigantium
698 2377 891 2412 auxiliator
915 2379 972 2420 12,
1005 2377 1040 2418 3,
1074 2375 1111 2408 2.
1165 2377 1206 2406 ut
1235 2382 1311 2406 non
1340 2372 1508 2406 fallamus
1538 2382 1634 2408 vana

133 2435 196 2467 spe
222 2423 420 2470 litigantem
446 2427 502 2467 12,
525 2428 560 2468 7,
586 2428 621 2459 7.

84 2466 250 2509 Litura.
299 2483 356 2524 11,
379 2483 415 2524 2,
440 2483 496 2515 32.
529 2493 564 2516 v.
588 2478 832 2525 Adiectio.
1430 2519 1433 2522 Ι
1702 2503 1711 2527 .-

85 2522 225 2565 Litus·
268 2537 352 2580 quid
375 2538 421 2572 sit
444 2538 496 2573 lit.
525 2541 560 2582 7,
587 2540 622 2581 3,
652 2539 697 2571 13
724 2537 771 2570 Ν.
795 2535 849 2569 lit.
878 2544 977 2576 esse,
1015 2542 1085 2576 qua
1106 2531 1237 2583 fluctus
1262 2529 1373 2565 eludit
1404 2529 1441 2574 5,
1474 2527 1632 2582 14,.34.
1697 2547 1709 2568 :-

58 2588 61 2593 “
132 2587 171 2614 ut
192 2587 297 2615 vetus
321 2584 539 2628 gubernator
561 2583 668 2618 litora
691 2587 726 2616 et
750 2587 873 2625 portus
898 2587 960 2613 etc.
988 2577 1131 2612 docebit
1163 2579 1228 2619 12,
1263 2579 1328 2619 11,
1362 2576 1420 2614 15.
1466 2575 1630 2610 litoribus
1694 2598 1709 2621 ‘.

133 2626 287 2660 discreta
311 2635 392 2662 sunt
419 2629 568 2673 (genera
592 2626 752 2673 piscium)
781 2629 814 2668 5,
844 2628 901 2669 10,
925 2627 982 2659 21.
1027 2628 1067 2656 ut
1091 2623 1129 2656 in
1152 2623 1258 2656 litore
1295 2626 1488 2673 coenarent
1505 2623 1557 2673 .7,
1595 2622 1630 2663 3,
1698 2623 1701 2629 '

131 2674 175 2706 31
205 2673 251 2707 N.
298 2673 485 2713 Demosth,
509 2675 548 2710 in
573 2675 642 2719 lit.,
666 2675 704 2709 in
729 2674 827 2719 quod
852 2683 891 2706 se
913 2669 1071 2705 maximo
1096 2680 1178 2703 cum
1196 2678 1287 2703 sono
1310 2668 1440 2702 fluctus
1461 2666 1630 2710 illideret,

130 2717 307 2752 meditans
332 2721 388 2761 10,
413 2722 447 2763 3,
474 2722 531 2755 30.

86 2764 233 2806 Livor.
288 2773 420 2808 livor
445 2781 480 2809 et
507 2782 722 2811 tumores
751 2777 988 2821 apparuerunt
1014 2771 1050 2814 5,
1081 2773 1137 2815 10,
1161 2769 1222 2823 46.
1268 2769 1458 2804 livores
1494 2773 1529 2802 et
1560 2773 1630 2802 tu-

132 2830 294 2902 31011e13
319 2819 358 2854 in
381 2831 534 2865 corpore
562 2823 744 2857 cruditatis
771 2834 815 2857 an
841 2817 975 2856 veneni
1007 2818 1109 2865 signa
1140 2823 1212 2851 sint
1248 2819 1284 2860 2,
1323 2817 1382 2878 21,
1423 2816 1478 2851 19.
1507 2813 1553 2855 οΙΖ
1593 2813 1628 2856 5,

159 2890 169 2907 9
221 2891 229 2900 ο
301 2888 312 2900 ο
