1742 2964
205 131 288 172 958
767 125 912 169 Vidua
939 152 995 160 —
1021 125 1182 177 Vincio·

251 241 431 278 diversum
455 245 529 283 est,
552 238 621 284 ipsi
644 238 729 284 quid
751 239 890 282 videri,
915 246 973 284 et,
996 246 1035 275 ut
1061 241 1118 276 alii
1143 241 1331 286 videatur,
1357 243 1500 284 efficere
1521 247 1564 288 2,
1589 247 1647 289 17.
1677 248 1735 282 19.

252 288 434 325 Celsinam
463 286 579 323 videri
612 285 679 320 sibi
708 285 827 322 virum
860 286 964 321 finxit
987 289 1031 330 6,
1059 290 1103 330 3,
1127 288 1189 323 85.
1213 289 1285 323 hoc
1319 283 1476 327 Caecilio
1509 289 1736 336 πλεονασμός

250 336 393 372 videtur
419 335 462 377 9,
490 335 533 376 3,
555 331 615 367 46.
647 332 692 374 cs.
717 333 758 376 5,
783 335 848 376 10,
871 336 929 368 20.
961 334 1040 378 plus
1063 333 1181 369 videri
1203 334 1447 382 ignorantibus
1473 337 1515 380 9,
1535 340 1580 380 2,
1605 339 1663 376 39.
1689 337 1736 379 cs.

251 384 296 425 9,
324 379 366 423 4,
392 380 449 414 88.
482 379 585 413 nobis
608 379 723 423 major
747 379 786 413 in
809 391 850 414 re
871 379 1016 415 videtur
1038 381 1191 415 varietas
1215 384 1260 424 3,
1283 382 1326 424 8,
1355 382 1410 416 15.
1443 379 1503 427 qui
1525 383 1640 418 stultis
1664 384 1736 419 vi-

251 426 358 461 deri
382 425 510 460 eruditi
525 426 674 467 volunt,
703 425 799 459 stulti
823 426 969 460 eruditis
995 426 1277 470 judicantur
1295 430 1350 471 10,
1375 431 1411 471 7,
1434 429 1542 469 21,Ν.
1567 429 1734 465 Ciceroni

249 473 289 508 in
313 471 473 518 epistolis
499 471 654 516 excidit,
686 473 756 506 Res
780 472 869 505 mihi
900 472 1094 507 invisae
1125 473 1264 514 visae
1298 480 1403 508 sunt
1427 475 1470 517 9,
1495 473 1540 519 4,
1563 473 1633 518 41,
1669 473 1737 520 pes

251 519 339 554 mihi
372 525 445 553 tres
480 519 633 563 syllabas
662 528 736 552 non
774 518 916 554 videtur
947 520 1124 553 excedere
1156 519 1213 564 (a.
1244 523 1266 556 1.
1287 521 1398 565 pedes
1421 520 1509 554 mihi
1531 519 1735 567 trisyllabos

251 564 326 608 eie.)
351 568 395 599 ib.
411 566 457 600 79
480 566 526 599 Ν.
541 577 587 598 cr.
612 565 707 608 quod
729 563 818 599 mire
843 565 896 599 M.
913 564 1056 599 Coelius
1083 565 1395 610 comprehendisse
1418 566 1605 602 videtur
1627 567 1733 602 mihi

252 615 293 646 11
309 638 319 656 ,
347 614 390 654 1,
415 612 481 653 513
518 623 586 655 seq.
611 613 735 645 Aecus.
763 624 791 645 c.
817 610 905 652 Infi:
943 611 1021 645 aliis
1051 610 1214 655 videtur,
1249 622 1323 647 non
1350 613 1558 647 destinatam
1586 614 1648 650 vel
1668 614 1736 653 ,in-

251 660 417 692 choatam
444 657 507 690 sed
538 657 733 700 perfectam
765 656 1010 701 probationem
1032 658 1102 692 hoc
1130 667 1260 692 nomen
1291 658 1453 702 accipere
1479 661 1522 702 5,
1547 662 1613 704 10,
1639 659 1662 694 5
1685 661 1735 694 Ν.

251 704 293 749 b)
316 710 355 737 ut
372 702 519 737 Isocrati
545 702 661 736 visum
679 705 736 745 10,
758 706 790 746 1,
811 702 868 738 74.
893 705 996 747 quale
1018 703 1106 737 illud
1132 709 1197 747 est,
1219 705 1425 749 Respondit,
1450 717 1541 749 quae
1565 705 1600 740 ei
1617 705 1736 741 visum

252 757 307 786 est
328 749 374 791 4,
402 752 423 783 2
437 775 447 792 ,
471 749 517 784 67
534 749 586 782 Ν.
608 748 805 783 orationem
833 749 1011 785 convertit
1026 770 1069 775 —
1092 750 1135 783 ad
1164 760 1254 794 quos
1277 751 1311 785 ei
1335 751 1453 786 visum
1475 757 1529 785 est
1549 750 1592 794 4,
1617 755 1649 795 1,
1678 753 1736 786 66.

250 798 281 832 si
308 795 391 841 quid
417 794 467 829 ita
493 794 612 830 visum
637 795 822 842 gentibus,
847 796 988 840 populis
1013 803 1089 839 etc„
1116 797 1243 831 referri
1263 802 1380 842 potest
1404 799 1438 841 5,
1455 800 1520 841 ἃ11,
1547 798 1606 833 36.
1629 796 1677 839 cs.
1701 798 1737 841 6,

251 847 293 886 1,
317 847 352 878 7.
384 841 481 886 quod
504 842 633 885 cuique
658 841 775 876 visum
799 842 867 876 erit
889 843 1121 877 vehementer
1144 850 1205 877 etc.
1230 842 1360 877 dictum
1383 844 1426 886 9,
1453 843 1497 886 4,
1523 845 1579 879 13.
1610 855 1738 888 parum

251 890 319 924 diis
344 888 462 925 visum
486 893 561 929 est,
585 899 664 921 esse
689 899 769 922 eum
793 887 990 922 maximum
1015 892 1201 932 poetarum
1225 891 1289 933 10,
1315 891 1356 933 1,
1379 891 1435 925 91.
1481 889 1522 932 c)
1547 899 1615 936 ego
1639 895 1737 924 certe

251 935 339 970 mihi
364 945 512 968 cernere
535 933 664 968 videor
689 940 725 968 et
747 935 886 970 vultum
915 942 975 969 eto.
1001 937 1036 978 8,
1063 937 1097 979 3,
1121 935 1178 970 65.
1199 935 1327 971 videor
1349 934 1437 969 mihi
1464 935 1586 970 audire
1610 937 1735 980 qnosd.

248 983 309 1017 illa
332 981 490 1015 dicentes
519 982 574 1023 12,
595 983 629 1023 1,
653 982 710 1015 33.
736 980 978 1027 diligentiores
1001 986 1083 1015 sunt
1108 980 1179 1017 visi
1201 980 1268 1016 sibi
1290 985 1325 1025 2,
1351 982 1408 1025 15,
1437 983 1501 1024 103
1524 995 1592 1028 seq.
1608 985 1735 1017 Aecus.

251 1043 279 1063 c.
302 1027 392 1069 Ins..·
432 1026 493 1071 qui
527 1037 576 1060 se
601 1028 750 1070 pulchre
784 1027 1096 1071 expressisse
1125 1038 1236 1074 genus
1262 1027 1351 1062 illud
1379 1027 1545 1063 coelestis
1568 1029 1672 1074 hujus
1698 1028 1736 1063 in

248 1075 401 1109 dicendo
427 1072 499 1108 viri
522 1072 617 1106 sibi
638 1072 927 1108 viderentur
953 1076 1014 1117 10,
1039 1076 1075 1117 2,
1103 1075 1160 1110 18.

205 1121 363 1164 Vidua.
411 1141 493 1164 cum
516 1140 611 1164 anno
634 1130 762 1165 fuisset
783 1131 894 1167 vidua
922 1131 956 1175 5,
982 1133 1037 1174 13,
1062 1132 1096 1167 9.
1120 1143 1154 1166 v.
1178 1127 1269 1167 Orb'
1279 1142 1341 1165 us.

202 1190 359 1246 Vigeo.
393 1204 489 1233 artus
513 1219 560 1226 —
584 1200 759 1251 perdunt,
795 1209 865 1244 quo
889 1194 1101 1252 viguerunt,
1133 1211 1238 1234 usum
1259 1202 1296 1244 7,
1321 1200 1381 1234 Pr.
1407 1201 1450 1242 23
1485 1199 1599 1249 Quam
1626 1197 1736 1245 magis

227 1250 548 1328 νζει-ξωιι1.’;ι5ἶιι·ςεῐ,
575 1250 646 1279 tam
665 1255 775 1292 magis
794 1246 839 1279 ad
856 1246 1153 1280 malefaclendum
1174 1245 1274 1293 viget
1297 1245 1346 1290 (in
1364 1246 1737 1313 explicationeldt‘ctum)

200 1318 453 1428 Vigtilffintia.
501 1347 593 1381 haec
626 1357 768 1391 quoque
799 1357 881 1391 pars
915 1357 1105 1382 acumen
1136 1358 1179 1382 ac
1217 1328 1534 1394 vigilantiam
1557 1345 1673 1392 poscit
1700 1347 1735 1391 5,

246 1399 288 1435 7,
362 1418 371 1428 .

201 1438 379 1496 Vigilia.
407 1448 581 1497 vigilia
607 1460 653 1483 an
681 1448 820 1494 quies
843 1452 879 1492 7,
903 1452 938 1493 2,
963 1447 1019 1484 14.
1046 1448 1078 1484 si
1099 1430 1240 1497 vigilias
1269 1448 1422 1494 imperes
1447 1451 1564 1501 11,,3,
1588 1449 1647 1484 26.

196 1506 360 1565 ¹Vigilo·
394 1528 511 1562 neque
530 1516 733 1551 dormire
758 1516 946 1560 excitatus,
969 1529 1086 1562 neque
1107 1517 1303 1565 vigilare
1317 1515 1447 1552 'ebrius
1465 1523 1604 1561 poterat
1619 1520 1735 1553 Geel.

244 1565 290 1609 4,
317 1569 364 1608 2,
390 1564 470 1598 124.
494 1563 699 1598 credibilius
724 1569 777 1598 est
806 1562 944 1597 occisos
976 1575 997 1597 a
1019 1563 1357 1610 vigilantibus
1384 1563 1678 1598 dormientes
1701 1566 1736 1608 5,

247 1615 314 1656 10,
340 1610 398 1646 49.
434 1611 536 1646 velut
559 1609 697 1643 somnia
722 1610 848 1654 quaed.
874 1609 1098 1657 vigilantium
1121 1610 1165 1654 6,
1189 1612 1230 1653 2,
1255 1612 1313 1644 30.
1344 1622 1378 1644 v.
1403 1601 1556 1656 Quies)
1582 1609 1737 1656 vigilan-

247 1661 330 1693 dum
357 1659 461 1691 ducat
485 1657 528 1699 7,
555 1658 622 1699 10,
648 1654 714 1698 14;
760 1668 788 1689 c.
819 1656 916 1699 obj..·
950 1656 1151 1702 vigilandae
1183 1661 1307 1691 noctes
1337 1658 1400 1700 11,
1424 1658 1468 1700 3,
1490 1658 1556 1699 23;
1596 1660 1735 1701 transl-5

247 1704 401 1749 sapiat
425 1707 567 1747 oportet
595 1707 710 1744 actor,
736 1707 772 1735 et
795 1701 972 1748 vigilet
996 1706 1030 1744 7,
1053 1704 1111 1736 Pr.
1133 1700 1175 1736 4.-

201 1751 386 1808 Viginti.
429 1761 517 1793 duas
541 1764 576 1793 et
601 1758 676 1805 vig.
703 1758 841 1806 linguas
866 1761 923 1803 11,
947 1755 1066 1802 2,“50.
1095 1770 1162 1794 sex
1185 1758 1317 1806 etvig.
1344 1769 1458 1793 annos
1485 1760 1542 1802 12,
1564 1757 1606 1803 6,
1628 1756 1665 1792 4.

202 1819 552 1877 vigintiviratus.
599 1827 806 1873 repudiatus
831 1839 869 1863 v.
894 1829 958 1871 12,
985 1830 1016 1871 1,
1042 1828 1086 1862 16
1109 1827 1158 1862 N.

199 1888 359 1945 Vigor·
401 1896 530 1932 mentis
553 1908 591 1932 v.
624 1898 685 1939 (de
711 1894 886 1940 memoria)
916 1898 974 1937 11,
1001 1898 1036 1939 2,
1061 1897 1096 1930 3.

202 1956 332 1999 Vilis.
381 1978 460 2001 cum
486 1966 655 2010 pleraque
680 1964 819 2009 possint
841 1966 911 2002 hoc
935 1963 1015 2008 ipso
1036 1962 1154 1999 videri
1178 1961 1288 2005 vilia,
1313 1962 1409 2006 quod
1431 1960 1583 2006 pretium
1605 1962 1739 1998 habent

250 2017 307 2057 12,
331 2017 366 2058 7,
392 2014 426 2047 8.
450 2012 559 2046 illud:
603 2015 744 2046 Caesa
765 2012 1005 2054 jungebant
1026 2009 1219 2050 foedera
1247 2019 1403 2052 porca,
1435 2007 1522 2041 fecit
1545 2009 1736 2055 elegans

247 2060 344 2094 fictio
373 2058 546 2092 nominis:
587 2058 704 2102 quod,
742 2057 773 2090 si
799 2056 927 2090 fuisset
963 2068 1121 2100 porco,
1154 2054 1256 2090 vile
1287 2058 1362 2088 erat
1382 2054 1426 2096 8,
1449 2055 1491 2096 3,
1522 2055 1578 2089 19.
1613 2054 1736 2091 vilis

248 2106 363 2142 oratio
389 2125 435 2131 —
466 2109 706 2146 accurato
732 2103 912 2139 diversum
939 2108 992 2136 est
1014 2104 1058 2135 ib.
1088 2100 1146 2137 49.
1180 2100 1220 2134 in
1250 2100 1356 2134 rebus
1391 2110 1434 2133 ac
1462 2099 1583 2135 verbis
1613 2106 1738 2145 parum

250 2152 417 2187 modestis
443 2162 483 2184 ac
508 2149 647 2194 pudicis
671 2148 753 2184 vilis
776 2150 894 2193 pudor
923 2151 963 2182 11
978 2174 988 2191 ‚
1014 2150 1054 2190 1,
1077 2149 1134 2182 30.
1169 2158 1205 2182 v.
1230 2156 1316 2180 usus
1340 2147 1377 2188 1,
1402 2147 1467 2188 12,
1491 2145 1547 2180 16.
1581 2145 1737 2183 varietas

249 2205 368 2234 tamen
400 2196 504 2230 nobis
534 2207 583 2230 ex
619 2195 806 2230 vilioribus
842 2199 942 2242 grata
973 2193 1018 2228 sit
1045 2196 1108 2236 10,
1134 2195 1175 2236 1,
1199 2192 1266 2234 583
1306 2195 1348 2227 de
1369 2192 1574 2226 hominibuser
1601 2204 1622 2226 a
1643 2191 1736 2228 vili

250 2245 369 2289 aliquo
402 2248 739 2286 contemtoque
761 2242 803 2283 6,
828 2244 870 2285 1,
900 2242 956 2276 16.
997 2238 1179 2276 vilissimis
1211 2237 1316 2273 etiam
1349 2237 1512 2282 quibusd.
1546 2237 1736 2283 impetrant

250 2302 354 2326 aures
379 2292 444 2332 11,
469 2291 508 2331 3,
537 2286 570 2322 4.

204 2336 378 2379 vilitas.
411 2341 441 2379 si
467 2344 620 2379 humiles
648 2345 834 2389 producet,
858 2342 1127 2384 vilitatem3
1154 2339 1185 2375 si
1210 2345 1386 2384 potentes,
1414 2338 1604 2386 gratiam
1626 2350 1737 2384 opor-

249 2394 337 2429 tebit
359 2393 538 2427 incessere
564 2390 606 2434 5,
630 2394 665 2433 7,
691 2391 750 2428 23.
1511 2407 1538 2417 -.

203 2438 339 2482 Villa·
375 2461 396 2484 a
421 2449 508 2486 villa
532 2459 596 2482 sua
611 2443 734 2482 (exiret
760 2446 804 2489 6,
828 2447 864 2490 3,
891 2445 949 2482 49.

203 2507 402 2549 Villicus.
449 2528 486 2553 v.
510 2522 592 2551 tuus
621 2516 656 2560 5,
683 2518 739 2559 10,
765 2516 822 2550 98.

204 2575 378 2616 Vincio.
426 2587 464 2628 1)
492 2585 643 2628 proprie.-
690 2582 750 2628 qui
774 2586 939 2626 parentes
963 2591 1036 2615 non
1060 2578 1205 2621 aluerit,
1235 2577 1412 2622 vinciatur
1437 2578 1480 2621 5,
1506 2578 1571 2619 10,
1593 2576 1650 2611 97.
1688 2575 1734 2617 cs.

252 2636 296 2674 7,
321 2634 364 2675 6,
390 2633 422 2667 5.
455 2631 552 2665 illico
576 2630 758 2663 Varenum
790 2627 950 2663 vinctum
982 2631 1200 2661 asservatum
1234 2627 1324 2658 Cic.
1349 2624 1477 2676 5,.13,
1501 2621 1735 2675 26.’ἒεπῃω,

253 2687 323 2722 quo
347 2684 447 2711 rotae
471 2675 677 2712 vinciuntur
704 2678 736 2719 1,
762 2674 794 2715 5,
817 2675 852 2708 8.
900 2675 950 2714 ΙΙ)
976 2676 1111 2706 ιναηει..·
1135 2677 1175 2705 ut
1199 2671 1347 2715 quaed.‚
1373 2675 1477 2704 etlam
1498 2677 1587 2713 quae
1601 2673 1742 2720 ’opum-e<

254 2723 503 2764 vinximus,
539 2723 699 2756 solute
734 2719 956 2755 enuntiemus
984 2721 1047 2762 11,
1081 2720 1125 2760 2,
1157 2715 1216 2753 47.
1255 2728 1288 2751 v.
1314 2714 1490 2760 Alligo.
1521 2718 1636 2749 oratio
1667 2715 1735 2748 aha
