1728 3002
546 256 829 313 Longinquus
857 279 914 287 -
940 254 1215 311 Loquacitas.
1557 260 1641 298 499

147 373 303 409 nli-lusu
330 375 365 417 1,
388 372 424 417 6,
448 370 507 408 34.
602 370 612 379 “
637 370 683 405 ab
708 368 916 415 eloquentia
938 369 966 405 1.
988 366 1124 404 fuerint
1147 369 1186 413 8,
1220 369 1281 404 Pr.
1315 369 1349 404 3.
1388 377 1494 412 quam
1523 368 1548 404 1.
1582 367 1643 402 fu-

3 447 12 450 -
38 464 43 466 .
148 419 318 468 gi-dum
340 422 398 464 11,
419 420 456 463 3,
478 418 538 454 88.
612 422 839 452 recesserunt
866 418 923 461 11,
947 418 980 458 1,
1003 415 1061 452 35.

98 463 397 521 Longinquus.
441 475 471 510 l.
490 473 718 509 similitudine
741 475 776 516 8,
802 474 840 518 6,
865 476 922 509 17.

0 524 3 531 ’
99 519 361 578 Longitudo·
393 530 585 567 immodica
606 532 632 565 1.
656 528 873 575 (prooemii)
897 529 935 572 4,
967 530 1003 572 1,
1033 529 1091 564 62.
1138 527 1178 562 in
1210 532 1378 573 quantum
1414 532 1511 572 patet
1541 528 1639 575 long.

147 581 211 658 (1¹2
228 581 264 621 3,
290 579 368 614 118.
380 589 480 658 aper
502 583 590 623 quot
616 576 771 622 (pedes)
794 578 895 624 long.
920 576 1071 610 ducetur
1094 577 1129 619 1,
1156 576 1213 617 10,
1242 573 1301 609 44.
1320 574 1552 621 longitudinis
1574 585 1640 618 pe-

238 627 273 667 1,
301 626 358 667 10,
1062 636 1066 641 ’
1180 642 1186 644 -
1494 646 1496 648 v

97 667 291 726 Longus·
329 679 419 714 nihil
441 682 588 727 longum
614 676 732 716 videri
756 689 905 714 necesse
943 684 1019 721 est,
1051 677 1091 712 in
1127 687 1218 722 quo.
1255 676 1341 721 quid
1378 676 1542 710 ultimum
1580 676 1639 719 nit,

145 732 282 761 certum
306 731 360 761 est
387 726 424 770 4,
450 727 483 769 5,
507 729 567 761 23.
610 727 645 769 1)
667 729 824 770 proprie.-
856 726 964 772 longa
992 729 1089 759 aetas
1113 726 1146 760 1.
1176 724 1211 762 8.
1242 724 1266 757 8
1292 734 1325 756 v.
1349 722 1506 757 Aetas.
1529 724 1553 755 1.
1578 722 1639 756 iti-

144 781 233 806 nere
257 774 313 812 11,
340 775 376 814 2,
397 772 433 808 6.
457 775 516 806 21.
562 773 588 806 1.
612 771 805 806 intervallo
829 772 863 808 9.
893 773 929 812 3,
950 769 1008 805 40.
1039 773 1106 812 (an
1131 768 1272 810 benum)
1302 770 1448 815 longum
1473 769 1518 802 sit
1541 769 1640 802 fum-

143 827 225 852 rum
250 819 287 862 3,
310 819 347 860 8,
376 817 440 861 56ς
487 818 564 852 dies
589 817 770 864 longiores
792 818 827 860 6,
852 819 886 858 3,
910 819 955 852 77
990 817 1038 850 Ν.
1069 815 1234 862 longiore
1265 814 1403 848 dierum
1437 814 1552 858 spatio
1584 817 1640 857 10,

143 863 179 904 5,
204 865 267 898 22.
306 869 452 907 noctes,
483 875 631 908 quarum
668 865 761 898 bona
783 874 867 907 pars
892 861 989 897 omni
1012 871 1143 896 somno
1164 860 1307 907 longior
1330 866 1384 894 est
1419 863 1475 898 12.
1501 864 1555 900 11,
1582 864 1639 896 19.

141 913 281 953 tempus
303 909 447 957 longius
472 913 528 952 11,
557 912 592 952 3,
617 912 673 945 37.
721 909 885 956 longiore
907 908 982 944 vita
1006 911 1062 949 12,
1098 911 1136 950 1,
1157 909 1213 941 20.
1239 909 1295 948 10,
1322 908 1353 947 1,
1382 908 1467 947 115;
1499 906 1640 953 Ιουςὶε-

144 954 272 988 simum
294 961 434 999 tempus
460 958 518 998 12,
543 958 600 998 11,
626 959 659 989 1.
706 955 758 998 11)
795 958 909 987 transl.
957 951 995 995 α)
1022 956 1149 986 Postu.-
1187 953 1210 985 1.
1239 953 1461 985 consuetudo
1483 955 1519 995 2,
1544 954 1578 992 5,
1602 956 1638 986 2.

144 999 325 1033 incessum
349 1002 375 1034 1.
402 1001 461 1042 (in
486 1000 579 1044 dic.)
609 1003 666 1043 11,
691 1002 725 1043 3,
755 1001 833 1034 126.
879 1001 1021 1045 longam
1040 998 1133 1032 ¹facit
1154 1008 1300 1042 operam
1331 1000 1387 1038 12,
1420 1000 1477 1040 11,
1514 1001 1569 1031 12.
1603 1005 1640 1033 et

144 1045 319 1092 longus
342 1051 379 1080 et
401 1047 575 1089 plenus
599 1051 635 1079 et
661 1047 819 1079 clarus
842 1045 926 1078 satis
952 1044 1096 1089 spiritus
1123 1046 1178 1084 11,
1208 1045 1241 1084 3,
1263 1044 1319 1077 55.
1340 1042 1385 1083 cs.
1403 1044 1462 1077 63.
1487 1046 1530 1088 β)
1544 1047 1638 1078 Com-

145 1097 222 1134 pm·-
239 1105 251 1124 .-
284 1091 323 1125 in
348 1092 510 1136 quodam·
524 1091 689 1138 longiore
718 1097 797 1125 actu
819 1091 855 1133 6,
882 1094 918 1130 2,
942 1089 1009 1124 43.
1023 1091 1123 1136 long.
1146 1090 1250 1122 labor
1275 1090 1309 1131 3,
1333 1090 1368 1129 6,
1393 1089 1450 1123 65.
1473 1096 1639 1134 receptum

145 1135 343 1183 longior
365 1143 401 1171 et
423 1148 519 1172 non
553 1143 854 1182 opportunus
879 1139 936 1180 11,
959 1138 995 1175 3,
1027 1136 1084 1170 53.
1130 1135 1274 1179 spiritus
1305 1135 1497 1181 longior
1532 1135 1639 1170 bress

146 1181 337 1227 vion-que
361 1185 417 1223 11,
442 1185 479 1227 3,
503 1183 560 1218 15.
606 1183 663 1217 cui
685 1183 829 1230 longior
850 1182 913 1224 (α,
941 1186 963 1216 1.
986 1181 1153 1228 longius)
1190 1192 1270 1214 cum
1308 1181 1372 1226 inq
1405 1181 1523 1215 fuerat
1553 1193 1639 1216 usus

101 1250 104 1254 x
134 1226 243 1272 .8,·4,
266 1231 302 1262 2.
346 1228 465 1263 subito
495 1228 689 1271 defecerit,
723 1240 775 1262 air
804 1227 969 1274 longiore
992 1228 1199 1262 valetudine
1230 1232 1434 1260 consumtus
1468 1227 1514 1260 sit
1542 1231 1578 1265 7,
1603 1231 1638 1267 2,

149 1271 207 1307 14.
254 1272 296 1319 7)
323 1276 491 1318 Superlat.
506 1289 517 1309 .-
542 1275 581 1309 in
603 1274 819 1321 longissimis
844 1273 1043 1307 actionibus
1067 1276 1124 1315 11,
1152 1275 1188 1313 2,
1215 1273 1249 1307 8.
1295 1283 1400 1317 quam
1427 1274 1525 1317 long.
1550 1271 1640 1318 (spi-

146 1317 255 1363 ritus)
282 1322 339 1363 11,
362 1322 398 1363 3,
421 1318 477 1355 54.
523 1321 591 1362 111)
619 1322 651 1353 in
675 1322 826 1354 «licendo.
849 1318 892 1363 a)
921 1322 1045 1353 posin:
1073 1324 1158 1363 post
1181 1318 1324 1364 longam
1345 1319 1640 1363 conquestionem

144 1365 192 1407 8,
207 1367 244 1406 3,
266 1367 324 1400 78.
369 1365 488 1412 longis
510 1366 716 1411 hyperbatis
742 1367 776 1406 8,
802 1367 837 1406 6,
863 1366 921 1400 67.
967 1364 1110 1398 interim
1133 1364 1294 1399 variatur
1326 1364 1469 1398 casibus
1491 1366 1581 1399 haec
1604 1373 1640 1400 et

169 1410 337 1446 oneribus
357 1411 498 1446 iteratio
521 1431 566 1436 -—
590 1418 626 1446 et
659 1423 715 1456 ap.
752 1411 924 1445 Rutilium
963 1412 1071 1457 longa
1103 1413 1163 1454 (a.
1199 1414 1221 1445 1.
1253 1410 1444 1456 longiore)
1477 1408 1639 1455 περιόδῳ

175 1456 242 1500 Sp.
266 1453 469 1501 περιόδοις)
492 1459 526 1499 9,
551 1460 584 1500 3,
609 1458 655 1492 36
678 1462 721 1492 Ζ.
746 1459 792 1491 Ν.
814 1471 860 1490 cr.
893 1468 940 1490 ne
966 1457 1127 1503 pigra,
1174 1467 1221 1490 ne
1250 1457 1399 1502 longa
1439 1457 1509 1490 sint
1541 1457 1639 1501 (me-

144 1503 206 1535 dia
226 1502 371 1546 periodi)
388 1504 426 1547 9,
449 1502 486 1547 4,
508 1504 564 1538 66.
588 1509 661 1537 tres
677 1502 795 1547 potius
820 1503 944 1536 modi
958 1514 1039 1537 cae
1067 1502 1292 1536 manationes
1316 1514 1422 1546 quam
1448 1514 1520 1536 una
1538 1504 1640 1536 lon-

103 1578 108 1581 .
145 1557 204 1594 ga
228 1547 266 1591 4,
289 1551 327 1590 2,
351 1549 408 1584 50.
456 1546 696 1594 [ὅμοιολογία
718 1569 764 1574 -
803 1554 838 1582 et
861 1549 1046 1583 sententiis
1078 1555 1114 1583 et
1144 1548 1266 1594 figuris
1294 1549 1402 1595 longa
1437 1549 1507 1590 (Z.
1531 1550 1639 1593 longe

145 1610 192 1618 —
214 1592 475 1641 ingratissima)
507 1597 543 1638 8,
575 1597 611 1636 3,
651 1593 734 1638 52.]
782 1596 920 1641 longa
955 1599 991 1628 et
1019 1594 1246 1638 impedita
1270 1594 1494 1638 .(ora11'o)8,
1517 1595 1553 1637 6,
1576 1589 1638 1629 42.

145 1649 266 1673 sermo
287 1641 314 1674 1.
339 1641 374 1682 8,
398 1642 435 1683 2,
459 1639 515 1678 14.
562 1640 699 1674 nimis
724 1642 749 1674 l.
770 1641 1073 1687 transgressiones
1097 1642 1134 1682 9,
1157 1639 1191 1677 4.
1215 1641 1273 1674 28.
1318 1641 1342 1675 l.
1367 1639 1425 1683 (a.
1448 1644 1470 1673 1.
1495 1641 1639 1685 longio-

105 1694 116 1719 ·,
146 1683 256 1728 rum)
278 1686 474 1720 verborum
497 1697 538 1719 ac
562 1686 746 1726 nominum
783 1688 818 1728 9,
853 1686 890 1728 4,
922 1685 981 1719 42.
1029 1686 1072 1730 β)
1106 1689 1279 1730 Compar„-
1309 1686 1476 1732 longiore
1505 1688 1639 1721 ambitu

145 1729 245 1772 9,“4,
273 1730 352 1764 124.
399 1733 497 1777 long.
523 1731 693 1766 circuitus
721 1733 756 1771 9.
785 1731 823 1773 4,
847 1733 905 1766 60.
950 1733 1048 1778 long.
1086 1732 1266 1775 expositio
1299 1730 1334 1770 4,
1369 1735 1404 1772 1,
1442 1733 1500 1770 79.
1537 1733 1638 1780 long.

145 1775 352 1820 hyperbatis
373 1777 410 1818 9,
436 1776 472 1820 4,
498 1776 599 1811 144(
620 1778 817 1811 membrum
840 1777 1027 1823 longius
1050 1778 1143 1820 justo
1179 1778 1239 1818 (α.
1267 1781 1288 1810 1.
1313 1775 1420 1819 om.).
1447 1782 1521 1811 tar
1534 1778 1640 1813 dum

146 1821 193 1853 ib.
219 1822 299 1855 125.
332 1822 440 1867 long.
466 1822 583 1856 oratio
617 1825 674 1864 11,
714 1826 750 1863 2,
786 1825 845 1857 27.
881 1824 1050 1866 deinceps
1074 1822 1256 1869 longiores
1279 1821 1368 1855 fiunt
1388 1823 1640 1866 percussiones

148 1865 186 1905 9,
213 1863 249 1906 4,
274 1866 331 1901 51.
377 1867 528 1902 breve
553 1878 599 1900 an
624 1867 817 1915 longius
841 1868 1096 1913 (prooemium)
1119 1871 1154 1909 2,
1180 1870 1236 1905 13,
1267 1868 1302 1902 5.
1326 1869 1424 1914 long.
1454 1868 1640 1912 periodum

149 1911 208 1949 11,
231 1911 267 1951 3,
301 1910 356 1944 53.
402 1916 477 1944 tum
508 1918 562 1946 est
590 1914 789 1947 necessaria
818 1913 880 1947 illa
915 1925 1052 1947 summa
1086 1913 1285 1954 connexio,
1330 1924 1412 1947 cum
1446 1913 1641 1950 intervenit

87 1976 94 1981 ν
147 1954 292 2001 longior
316 1955 408 1989 ratio
433 1959 520 2000 (Sp.
544 1958 677 2004 largior
699 1958 836 2000 oratio)
860 1959 894 1997 5,
923 1958 979 1999 14,
1009 1962 1052 1993 17
1078 1963 1123 1993 Ζ.
1171 1959 1326 2003 longior,
1356 1970 1461 2003 quam
1485 1967 1639 2005 oportet,

150 2011 270 2034 sermo
293 2001 329 2042 8,
353 2002 388 2044 3,
413 2002 470 2036 53.
501 2001 546 2043 cs.
571 2003 607 2043 9,
632 2005 665 2044 3,
688 2004 745 2039 60.
779 2003 845 2046 IV)
870 2006 913 2037 de
934 2017 1070 2037 numero
1085 2019 1095 2038 :
1133 2003 1174 2047 a)
1196 2005 1351 2038 miscens
1374 2006 1516 2050 longa
1545 2007 1641 2042 bre-

146 2045 288 2081 vibus
318 2048 375 2088 11,
401 2048 436 2089 3,
464 2045 522 2081 43.
566 2048 741 2094 longae
765 2060 831 2092 per
852 2060 892 2083 se
918 2056 953 2084 et
983 2051 1085 2084 velut
1114 2049 1307 2093 opimae
1338 2051 1497 2093 syllabae
1530 2053 1566 2095 9,
1603 2052 1640 2097 4,

151 2092 211 2126 36.
255 2092 435 2135 positione
459 2092 566 2138 longa‘
591 2092 712 2135 (syll.)
738 2097 770 2134 1,
796 2097 830 2134 5,
855 2095 911 2130 28.
958 2095 1056 2140 long.
1081 2096 1244 2128 vocalem
1268 2096 1304 2136 9,
1335 2094 1371 2137 4,
1401 2097 1459 2130 85.
1482 2096 1525 2141 β)
1548 2102 1640 2133 Fem.

149 2140 342 2181 simpliciter
362 2150 424 2180 pro
462 2142 560 2180 longa
582 2141 733 2179 syllal»
746 2151 769 2170 a
783 2153 793 2171 .·
818 2140 964 2185 longam
982 2151 1063 2173 esse
1080 2141 1232 2173 duorum
1246 2145 1445 2183 temporum
1461 2143 1495 2184 9,
1515 2141 1551 2186 4,
1582 2143 1640 2179 47.

147 2183 339 2227 plurimum
362 2183 579 2217 auctoritatis
604 2189 641 2217 et
662 2184 832 2227 ponderis
855 2185 987 2218 habent
1020 2186 1216 2231 longae,
1250 2186 1442 2220 celeritatis
1467 2189 1640 2224 breves

150 2231 193 2262 ib.
218 2230 276 2264 92.
321 2229 464 2273 quidam
488 2230 617 2276 longae
636 2229 787 2263 ‘ultimae
810 2230 878 2263 tria
899 2236 1060 2274 tempora
1089 2231 1286 2273 dederunt,
1314 2238 1355 2266 ut
1376 2231 1465 2265 illud
1488 2230 1641 2280 tempus,

149 2276 246 2319 quod
269 2275 434 2309 brevis
463 2286 512 2308 ex
539 2276 685 2321 longa
710 2275 850 2319 accipit,
873 2275 957 2309 huic
982 2286 1124 2320 quoque
1148 2277 1335 2311 accederet
1360 2277 1488 2313 ίό.·94.
1515 2281 1641 2325 dacty-

145 2321 222 2354 lum
246 2321 383 2367 longa
409 2321 616 2364 duabusque
642 2321 874 2355 brevibus
901 2321 1097 2363 (constare)
1124 2324 1168 2356 ib.
1196 2324 1255 2357 81.
1301 2323 1457 2358 clausula
1480 2335 1503 2359 e
1524 2327 1642 2374 longis

144 2365 348 2406 firmissima
373 2368 416 2399 ib.
441 2367 497 2401 93.
546 2368 785 2410 praecedente
816 2367 924 2412 longa
955 2369 999 2400 ib.
1033 2368 1112 2402 106.
1142 2379 1176 2401 v.
1207 2368 1397 2404 Brevis.
1432 2370 1642 2415 Syllabm

39 2424 66 2441 e>
147 2411 250 2455 V)1'.
276 2425 307 2456 q.
341 2414 573 2445 verbosus.-
606 2411 645 2445 in
679 2403 800 2446 verns
834 2412 1002 2446 nimius
1031 2418 1068 2446 et
1096 2413 1355 2457 compositione
1386 2426 1643 2462 nonnunquam

55 2484 58 2501 3
147 2457 344 2504 longior
367 2459 425 2499 10,
455 2460 489 2500 1,
519 2459 598 2492 118.
644 2458 775 2505 longus
799 2457 940 2502 (testis)
966 2458 1126 2502 protrahi
1150 2464 1268 2502 potest
1305 2462 1339 2502 5,
1365 2463 1402 2504 7,
1426 2463 1473 2497 26
1496 2465 1544 2497 Ν.
1573 2465 1644 2508 Vl)

70 2510 76 2514 “
150 2502 274 2539 Neutr,
302 2516 331 2537 c.
355 2505 501 2548 quadam
525 2505 795 2546 reprehensione.-
820 2503 868 2537 in
890 2505 1079 2550 longum
1106 2504 1214 2538 dilata
1246 2507 1431 2540 conclusio
1453 2509 1496 2552 8,
1514 2512 1558 2551 2,
1581 2513 1640 2543 22.

85 2574 90 2586 x
150 2547 183 2581 si
204 2565 250 2572 —
272 2548 312 2582 in
338 2549 362 2582 1.
388 2548 519 2582 exierit
544 2550 633 2583 ordo
656 2560 774 2583 rerum
796 2548 832 2592 4,
851 2552 886 2591 2,
912 2550 968 2584 51.
995 2550 1217 2584 obsidionem
1242 2551 1291 2584 in
1313 2553 1395 2586 lon
1403 2552 1508 2606 gius
1531 2556 1644 2590 traxit

48 2604 77 2630 ,“·.
151 2595 188 2636 1,
210 2594 350 2636 10,,48.
395 2604 471 2627 non
495 2594 591 2627 enim
617 2596 806 2641 longum
824 2600 981 2638 tantum,
1014 2596 1078 2629 sed
1102 2595 1207 2630 etiam
1229 2596 1554 2643 impossibile,
1583 2607 1644 2635 aut

0 2661 8 2679 .,
151 2638 271 2682 potius
302 2639 549 2674 infinitum
586 2646 659 2674 est
690 2642 724 2683 5,
754 2643 811 2683 10,
844 2641 900 2674 18.
960 2642 1056 2687 quod
1086 2642 1296 2688 longum,
1337 2646 1435 2688 ‹suod
1470 2652 1644 2681 contra

53 2715 71 2731 ,‘
140 2690 417 2729 praecepta
440 2691 495 2719 est
521 2686 757 2728 (exordiorum
788 2684 896 2728 vitia)
921 2685 957 2729 4,
983 2689 1015 2729 1,
1042 2690 1085 2721 71
1102 2688 1150 2720 Ν.
1189 2699 1278 2732 quas
1305 2690 1474 2735 persequi
1495 2693 1643 2738 longum

66 2769 72 2775 ἱ
152 2734 208 2763 est
232 2730 269 2772 8,
292 2732 327 2773 3,
349 2729 407 2765 46.
433 2733 490 2773 10,
517 2734 552 2774 1,
578 2732 659 2767 118.
706 2742 817 2776 quae,
855 2731 1064 2777 quiaorant
1089 2732 1274 2780 longiora,
1304 2744 1384 2769 non
1414 2736 1488 2770 suis
1521 2738 1643 2773 verbis

0 2799 3 2821 ¹.
52 2774 82 2815 §y
151 2775 304 2818 exposui
327 2775 363 2818 5,
389 2778 447 2820 11,
471 2777 528 2811 13.
650 2801 655 2804 «

63 2810 78 2881 Ι.
105 2813 380 2874 1⁶⁰me
422 2842 471 2868 ne
492 2831 533 2867 in
555 2842 635 2868 eam
662 2830 795 2878 ipsam,
827 2844 934 2879 quam
960 2832 1066 2880 vito,
1110 2833 1385 2882 loquacitatem,
1420 2836 1575 2875 incidam
1607 2840 1644 2885 ⁵,

1190 2903 1239 2938 32
1260 2900 1282 2921 ⁸
