1728 3002
146 258 348 297 Lxxvln
769 249 1073 308 Prolegomena

155 387 208 420 et
243 366 602 418 collocatione
632 366 919 414 verborum
953 361 1221 430 paecipue
1248 360 1462 412 efficere
1491 345 1688 412 studet.

151 450 203 498 A
237 448 414 515 priore
449 444 666 514 quidem
694 447 797 492 hoc
830 460 1026 511 genere
1057 441 1178 491 satis
1205 441 1416 509 integer
1442 456 1690 504 servatur

152 543 321 574 sermo
380 522 722 588 Quintiliani,
777 520 875 568 nisi
917 524 1068 586 quod
1109 520 1166 582 3,
1202 522 1261 582 8,
1295 535 1328 584 9
1371 519 1593 588 legitur:
1634 522 1690 568 in

156 606 279 652 bello
319 602 719 666 Iugurthino
754 609 807 648 et
842 600 1189 660 Catilinae,
1237 599 1484 647 omnibus
1521 599 1691 648 Codi-

155 683 304 730 cibus
359 679 763 729 assentientibus
783 715 797 740 ,
857 678 951 725 ubi
1006 692 1189 727 tamen
1230 677 1574 746 Spaldingius
1623 695 1694 726 ex

153 758 499 817 editionibus,
545 774 687 822 quae
718 757 1023 805 Badianam
1057 771 1273 805 secutae
1316 771 1468 818 sunt,
1518 757 1694 806 Catili-

156 838 302 885 narz’o
346 835 567 901 recepit,
644 835 720 883 At
763 835 821 882 in
865 837 1154 884 verborum
1195 831 1559 883 collocatione
1595 839 1692 883 ad·-

155 919 374 962 modum
396 917 696 961 delectatur
714 917 903 962 Noster
923 914 1226 964 variatione
1249 917 1504 979 quadam,
1530 930 1690 979 prae·
1718 965 1722 971 ¹

156 994 313 1058 cipue
338 992 394 1039 in
414 993 631 1057 paribus
656 992 1057 1057 componendiS,
1093 1007 1155 1040 ut
1184 1010 1225 1052 1,
1254 1011 1296 1054 1,
1323 1010 1344 1042 1
1371 1000 1426 1041 et
1438 982 1695 1056 faciles
1727 1035 1728 1049 2

160 1074 212 1118 v'n
248 1071 711 1133 excogitando,
745 1079 799 1118 et
833 1072 904 1118 ad
945 1072 1315 1120 discendnm
1346 1074 1691 1138 promptos.
1726 1069 1728 1132 ᾖ

169 1170 208 1210 ι,
245 1149 291 1210 5,
324 1145 354 1196 5
390 1157 497 1197 stat
529 1151 899 1212 profectus,
947 1150 1304 1197 admiratio
1340 1151 1597 1198 decrescit.
1640 1140 1728 1211 lh*

167 1249 208 1287 ι,
243 1229 308 1282 48
335 1228 779 1292 promittendo
813 1237 1015 1276 nostras
1039 1227 1392 1293 probationes,
1428 1236 1482 1276 et
1513 1229 1693 1277 adver-

161 1324 241 1354 sas
288 1306 616 1353 eludendo.
671 1309 727 1367 8,
763 1305 820 1366 5,
867 1308 921 1354 18
966 1308 1102 1371 qnod
1146 1307 1312 1355 alibi
1350 1308 1728 1371 magnfficnm,3

163 1385 414 1433 tumidum
457 1384 627 1432 alibi.
691 1385 748 1436 8,
795 1382 850 1443 5,
892 1399 924 1447 9
966 1386 1220 1434 Homerus
1262 1395 1484 1451 poeta,
1539 1386 1714 1447 urbs,

163 1465 344 1512 Roma.
385 1482 459 1523 11,
500 1482 542 1523 1,
581 1465 642 1523 76
664 1464 1010 1528 poenitentiae
1044 1466 1374 1530 confessio
1409 1475 1464 1515 et
1493 1467 1691 1514 satis-

149 1541 376 1607 factio
426 1542 635 1606 cnlpae,·
686 1555 853 1607 atque
898 1560 1012 1591 uno
1054 1545 1327 1592 vocabulo
1369 1544 1446 1592 bis
1489 1534 1668 1610 posito
1679 1539 1698 1591 ε’
1727 1573 1728 1576 =

164 1620 221 1681 ὅ,
266 1618 323 1679 6,
370 1635 434 1679 40
479 1629 720 1685 tanquam
765 1621 827 1667 de
858 1623 1143 1686 praeterito
1185 1631 1292 1671 tan
1305 1631 1433 1672 tum
1475 1632 1529 1672 et
1560 1622 1717 1672 tam?

163 1707 292 1745 tnm
326 1698 386 1744 de
407 1700 563 1761 facto
593 1708 908 1763 quereretur.
972 1716 1018 1764 9,
1053 1714 1101 1763 4,
1136 1706 1199 1757 42
1246 1702 1485 1766 cadentia
1517 1702 1696 1756 simi-³

161 1777 317 1824 liter
363 1784 416 1823 et
456 1777 760 1825 similiter
793 1779 1099 1828 desinentia:
1139 1783 1230 1830 vel
1263 1780 1434 1829 tribus
1473 1781 1696 1847 paribus

161 1854 366 1920 positis:
418 1870 492 1916 10,
532 1872 573 1917 1,
605 1870 667 1919 97
710 1859 1044 1920 gravitate
1086 1859 1478 1921 sententiarum,
1525 1859 1696 1908 verbo-

161 1950 279 1979 rum
309 1934 612 1997 pondere,
649 1938 1054 1987 anctoritate
1084 1956 1438 2004 personarum.
1473 1955 1519 1999 2,
1550 1943 1598 1998 4,
1631 1952 1694 1986 22

160 2012 368 2059 adulter
398 2029 642 2074 caecus,
679 2015 878 2064 aleator
897 2035 1169 2084 pauper,
1195 2018 1504 2084 petulans
1529 2032 1696 2066 sene-v.

158 2091 358 2137 Verum
382 2090 541 2138 etiam
564 2092 657 2138 ubi
677 2093 820 2141 trina
850 2097 1016 2144 verba
1044 2097 1369 2165 junguntur,
1405 2110 1470 2144 ut
1487 2101 1536 2155 4,
1570 2114 1610 2156 1,
1636 2093 1699 2141 13

162 2169 377 2216 multum
412 2170 527 2231 agit
566 2187 774 2233 sexus,
819 2183 1025 2235 aetas,
1069 2175 1365 2223 condicio
1407 2174 1463 2220 in
1494 2173 1696 2237 femi*

159 2262 219 2290 nv
233 2263 277 2303 s,
322 2248 600 2309 senibus,
635 2268 765 2317 pnp
778 2253 941 2312 illis,
986 2253 1206 2313 liberOS,
1241 2263 1519 2316 parentes,
1566 2267 1698 2300 con·

157 2321 306 2388 juges
377 2325 689 2387 llegantibus.

257 2342 374 2446 Sos
392 2405 495 2449 hoc
527 2408 742 2472 elegans
778 2407 1030 2457 videatur
1073 2422 1176 2454 nec
1220 2423 1343 2454 raro
1390 2402 1695 2467 adhibetur,

155 2493 324 2540 quum
359 2480 594 2528 taedium
629 2484 683 2530 in
720 2488 1088 2532 enumerando
1125 2499 1178 2532 et
1209 2485 1496 2552 languidos
1529 2502 1691 2536 sonos

153 2570 313 2617 saepe
346 2555 536 2616 evitet;
568 2573 622 2605 at
655 2561 707 2607 in
737 2563 990 2610 vitiorum
1012 2580 1235 2610 numero
1259 2563 1438 2628 potius
1459 2567 1691 2614 habeam

154 2633 467 2694 perplexam
512 2634 654 2683 illam
705 2654 757 2686 et
801 2639 1099 2687 arcessitam
1144 2643 1435 2690 vorborum
1472 2645 1688 2692 turbam

153 2709 315 2774 magis
348 2727 509 2773 quam
541 2714 797 2776 ordinem,
827 2734 995 2782 quum
1029 2719 1362 2767 intellectum
1392 2720 1689 2787 legentium

153 2784 432 2850 impediat,
469 2807 582 2838 non
618 2793 872 2860 adjuvet,
908 2795 962 2845 id
993 2801 1144 2863 quod
1175 2799 1409 2847 debebat
1439 2801 1686 2849 colloca-—
