1728 3002
140 171 228 210 620
327 148 333 155 ¹
659 164 923 207 palaestrica
952 189 1007 196 -
1037 163 1186 207 Palma
1200 192 1216 213 ρ

184 271 245 325 10,
274 283 309 323 1,
331 281 388 317 79.
412 280 625 324 palaestram
649 278 816 313 didicisse
841 279 875 321 5,
902 281 958 323 10,
984 281 1063 315 121.
1094 278 1134 314 in
1158 281 1683 319 certaminorarmorun

182 334 254 372 atq.
281 327 320 361 in
343 327 441 361 omni
464 327 719 371 palaestra
747 326 782 369 9,
807 324 842 369 4,
867 327 902 361 8.
1662 322 1674 330 “

96 368 97 373 ¹
134 372 412 417 Palaestrica.
455 382 578 463 unlctio
603 388 638 417 et
664 382 889 418 exercitatior
908 395 989 418 cum
1014 366 1225 428 palaestrica
1250 383 1284 419 ei
1316 366 1550 431 (rnedfflnae)
1583 395 1683 421 com-
1727 418 1728 430 ἶ

180 431 300 465 munis
323 434 359 473 2,
387 433 444 471 21,
470 433 486 464 1
518 456 525 463 .
1726 442 1728 445 ·

133 476 438 518 palaestricus.
488 501 517 521 c.
542 486 627 529 Adi.
643 500 653 520 .·
689 486 740 521 sic
770 487 948 522 discernet
971 489 1062 521 haec
1088 487 1232 523 dicendi
1255 482 1442 535 magister,
1478 496 1527 533 qu·
1542 481 1543 486 ¹
1572 487 1681 523 modo

180 534 415 579 palaestricus
439 534 500 568 ille
526 544 709 567 cursorem
734 533 860 577 faciet,
896 541 955 568 aut
982 534 1159 580 pugilem,
1196 540 1258 570 aut
1280 537 1491 569 luctatorem
1501 551 1517 577 ,·
1533 546 1556 568 a
1573 533 1582 542 '
1608 535 1681 568 ἀνθ

183 581 269 624 quid
295 592 342 614 ex
366 580 431 623 iis,
467 591 558 624 quae
586 585 668 613 sunt
691 591 875 614 sacrorum
903 582 1132 614 certaminum
1167 583 1202 624 2,
1237 582 1272 623 8,
1302 583 1338 616 7.
1385 580 1682 625 palaestrici.qu

184 634 303 661 ctores
331 627 435 670 illos,
471 637 562 671 quos
587 633 934 670 numerosvocant,
967 630 1112 661 tradunt
1136 630 1193 673 12,
1216 630 1252 671 2,
1278 630 1333 662 12.
1381 628 1419 673 β)
1445 629 1581 662 salua.-
1611 624 1682 671 qui

186 675 327 717 paulum
354 673 458 707 etiam
486 672 705 717 palaestricis
729 674 939 709 vacaverint
965 677 998 716 1,
1029 676 1086 716 11,
1113 674 1157 708 15
1180 675 1228 708 N.
1625 686 1629 690 ·

134 718 404 760 Palaestrita.
453 740 543 775 quos
570 731 671 775 pala
682 741 701 763 e
712 742 728 763 s
739 735 779 764 tr
788 730 801 764 i
811 736 824 764 t
833 742 853 764 a
863 743 879 765 s
908 742 988 765 esse
1012 732 1177 765 nolumus
1189 757 1200 776 ,
1245 736 1365 765 tamen
1399 740 1480 765 esse
1514 729 1681 778 nolumus

135 800 140 803 -
185 788 245 810 eos
261 803 270 819 ‚
305 777 367 822 qui
393 777 560 810 dicuntur
584 772 743 810 οἶποίλα
757 789 882 811 toton,
920 778 955 820 9,
979 776 1014 819 4,
1042 778 1098 812 56.
1435 777 1440 790 “
1625 783 1628 785 ’

133 821 297 864 Palam·
354 833 397 879 α)
422 846 495 869 non
517 836 688 878 palam,
731 835 795 868 sed
826 846 907 879 per
945 836 1175 879 quandam
1208 833 1492 869 credibilem
1524 829 1703 882 saepi-,2

180 880 366 915 cionem
389 882 425 924 9,
452 884 488 925 2,
511 883 566 916 90.
594 893 630 925 p.
661 881 840 915 contraria
866 887 902 915 et
925 893 1148 925 supervacua
1171 886 1207 917 et
1236 882 1345 916 stulta
1385 880 1421 924 5,
1451 881 1508 921 13,
1542 879 1596 913 16.
1628 876 1679 924 ps·

178 928 216 968 9,
244 930 278 969 2,
307 930 364 963 81.
389 940 423 971 p.
449 929 578 962 falsum
604 928 638 970 5,
669 930 808 972 13,-15.
835 926 880 969 cs.
910 929 944 970 6,
974 930 1008 968 3,
1036 929 1093 962 81.
1119 931 1154 969 7,
1189 930 1223 970 1,
1257 930 1314 962 11.
1349 927 1386 968 8,
1420 927 1454 969 5,
1486 928 1543 978 7.·
1574 922 1677 977 β),>.ο.

183 976 330 1010 Verbis:
362 986 532 1008 accusare
557 986 591 1017 p·
616 974 651 1017 6,
672 976 706 1017 3,
734 976 791 1009 28.
841 974 1028 1008 adhibetur
1055 974 1247 1008 similitudo
1274 972 1418 1007 interim
1452 983 1504 1016 p„
1532 975 1679 1004 luteum

178 1020 289 1053 inseri
313 1022 406 1055 solet
427 1021 618 1064 parabolae
642 1021 678 1064 6,
703 1020 738 1063 5,
763 1021 819 1055 59.
867 1021 1066 1064 corrigetur
1099 1033 1134 1064 p.
1169 1023 1203 1063 2,
1228 1022 1262 1063 5,
1289 1021 1344 1055 16.
1391 1018 1498 1054 etiam
1521 1016 1679 1061 ipsooeei
1719 1040 1728 1057 ,-

176 1064 326 1101 nomine
355 1080 390 1111 p.
417 1068 617 1101 declaratur
640 1069 675 1110 8,
698 1069 756 1101 Pr.
783 1066 838 1101 15.
885 1066 923 1100 in
949 1068 1111 1101 Phaedro
1137 1067 1235 1100 Plato
1259 1078 1294 1110 p.
1316 1066 1537 1100 demonstrat
1559 1066 1600 1106 2,.
1618 1065 1678 1106 21,

178 1111 214 1146 4.
237 1125 284 1147 ne
313 1114 397 1157 quid
422 1114 577 1156 dicatur,
614 1124 689 1147 non
712 1114 820 1147 modo
851 1115 1023 1157 palam,
1058 1114 1123 1147 sed
1159 1113 1280 1157 quod
1311 1112 1500 1146 omnino
1535 1109 1678 1151 intol-

178 1159 269 1204 ligi
294 1160 445 1202 possit
475 1161 509 1202 5,
535 1163 591 1203 11,
618 1163 674 1194 13.
701 1159 735 1199 4,
766 1163 798 1203 1,
827 1161 881 1192 11.
911 1159 955 1200 cs.
982 1160 1015 1203 6,
1040 1162 1076 1202 2,
1092 1163 1126 1194 7.
1153 1161 1188 1202 9,
1210 1162 1245 1201 2,
1269 1159 1326 1194 66.
1351 1157 1410 1193 74.
1434 1170 1469 1202 p,
1492 1155 1680 1191 consulem

181 1205 350 1250 suffragio
377 1217 441 1239 suo
467 1206 555 1239 fecit
583 1210 638 1248 12,
662 1210 695 1248 1,
721 1205 779 1240 43,
829 1206 945 1239 scelus
965 1218 997 1249 p.
1022 1207 1159 1240 factum
1182 1207 1228 1246 (i.
1259 1218 1288 1240 e.
1315 1203 1621 1243 commissum),
1639 1202 1676 1245 5,

180 1255 236 1294 10,
267 1256 322 1286 19.
370 1258 408 1284 ut
435 1252 466 1285 si
491 1252 606 1285 dicam
634 1253 729 1285 bona
753 1258 872 1286 mente
906 1254 1060 1290 factum,
1081 1284 1083 1286 ,
1104 1252 1188 1285 ideo
1224 1252 1387 1295 palam3
1431 1251 1545 1292 mala,
1590 1232 1676 1298 idieo

179 1310 235 1331 ex
260 1297 490 1339 insidiis,
540 1303 704 1339 noctu,
734 1297 778 1331 in
814 1298 1086 1332 solitudine
1118 1301 1161 1331 ib.
1197 1298 1254 1332 52.
1301 1299 1364 1333 vel
1397 1296 1580 1332 veteribus
1612 1294 1679 1331 'Vel

178 1344 286 1378 novis
323 1343 496 1386 exemplis
532 1355 567 1386 p.
601 1345 723 1376 facere
753 1347 808 1385 12,
840 1347 894 1382 1¹,
922 1346 1001 1378 29.·
1025 1355 1105 1377 cum
1142 1343 1204 1376 filii
1243 1349 1350 1387 caput
1386 1355 1421 1387 p.
1453 1342 1678 1387 impugnaret

181 1394 237 1430 11,
264 1395 296 1432 1,
324 1391 382 1428 62,
410 1395 595 1432 corruptas
620 1389 799 1422 orationes
824 1388 894 1433 legi
919 1390 1034 1432 palam
1061 1391 1160 1431 (Sp.
1196 1389 1266 1432 adj.
1292 1388 1437 1431 pneris)
1471 1390 1519 1430 2,
1553 1389 1597 1431 5,
1633 1389 1679 1422 10

180 1438 229 1471 N.
268 1445 298 1469 et
324 1438 360 1470 S.
412 1447 445 1479 p.
475 1435 706 1477 mentitur¹5,
735 1438 790 1476 10,
816 1435 872 1468 87.
899 1446 933 1477 p.
962 1434 1102 1468 moneri
1127 1437 1184 1475 11,
1216 1436 1272 1481 3„
1284 1436 1365 1470 132.
1411 1439 1551 1468 mutare
1573 1446 1612 1478 p.
1639 1435 1676 1477 9,

177 1486 213 1526 2,
235 1484 293 1517 88.
319 1495 354 1526 p.
381 1493 514 1526 negare
538 1482 572 1523 6,
597 1483 631 1522 3,
657 1480 715 1515 94.
763 1479 934 1523 objiciant
957 1492 991 1523 p.
1021 1481 1056 1522 9,
1085 1483 1118 1521 2,
1144 1478 1201 1514 94.
1236 1478 1280 1521 cf.
1314 1483 1374 1515 72.
1422 1479 1620 1515 offerebant
1641 1493 1699 1524 ps

176 1528 367 1575 imaginem
395 1530 430 1570 6,
459 1531 492 1570 1,
517 1526 575 1561 40.
624 1527 724 1569 cujus
747 1537 860 1570 pauca
884 1527 1074 1560 admodum
1099 1525 1192 1560 dicta
1215 1537 1250 1570 p.
1276 1526 1471 1560 ostendunt
1505 1527 1541 1570 6,
1579 1528 1616 1570 3,
1638 1529 1678 1562 2.

178 1579 217 1621 γ)
246 1580 391 1619 palam
418 1581 505 1607 est.-
532 1574 628 1617 quod
653 1574 803 1617 palam
835 1577 905 1605 est
942 1576 976 1615 7,
1014 1577 1046 1615 1,
1089 1573 1143 1608 52.
1170 1583 1218 1606 ex
1256 1583 1328 1616 qno
1366 1584 1419 1618 p.-
1441 1578 1532 1616 est,
1570 1584 1688 1618 quam»

175 1625 325 1666 turpiter
349 1623 491 1655 deserat
514 1631 593 1653 eam
619 1625 754 1663 partem
777 1619 975 1653 rhetorices
1000 1617 1176 1652 institutio
1199 1621 1234 1661 2,
1259 1622 1294 1660 1,
1322 1619 1359 1654 9.
1405 1618 1503 1653 aliud
1532 1618 1572 1653 in
1602 1618 1676 1653 alio

178 1680 311 1715 genere
336 1678 464 1702 causae
489 1665 684 1700 desiderari
707 1677 742 1710 p.
767 1670 838 1699 est
861 1663 897 1708 4,
917 1668 950 1708 1,
973 1667 1031 1701 39.
1057 1664 1102 1706 cs.
1125 1665 1161 1707 9,
1193 1666 1230 1708 2,
1263 1667 1320 1700 77.
1358 1665 1416 1708 11,
1452 1667 1498 1709 1,
1523 1663 1678 1713 64.,.11,

177 1720 219 1757 3,
256 1716 335 1750 168.
1127 1747 1130 1750 ,
1600 1738 1612 1746 .

129 1761 339 1803 Palatum.
389 1777 470 1805 ante
490 1771 646 1814 palatiun
670 1780 795 1803 eorum
819 1765 1053 1812 (parvorum)
1076 1778 1181 1811 quam
1204 1778 1324 1802 mores
1362 1765 1450 1811 (Sp.
1473 1765 1679 1810 08)·ἰώ-

178 1819 308 1852 tuimus
335 1821 367 1861 1,
392 1821 426 1860 2,
451 1819 490 1851 ’6.
542 1816 684 1852 Salsum
716 1814 797 1857 erit,
827 1834 874 1840 —
907 1815 1003 1859 quod
1036 1813 1187 1848 sentitur
1229 1815 1363 1848 latente
1403 1812 1538 1858 judicio
1577 1814 1679 1850 velut

176 1867 295 1909 palato
321 1866 354 1906 6,
385 1867 420 1904 3,
452 1865 494 1898 19
522 1867 565 1898 Z.

128 1909 487 1953 palimbacchius.
545 1921 580 1962 9,
605 1918 639 1962 4,
668 1920 725 1953 82.
772 1915 972 1951 contrarius
997 1916 1057 1960 qui
1089 1923 1143 1951 est
1169 1917 1240 1962 (sc.
1274 1918 1510 1961 bacchio),
1545 1916 1678 1962 cludet,

176 1969 246 2002 nisi
276 1969 307 2002 si
329 1967 490 2000 ultimam
514 1968 658 2013 longam
682 1975 761 1998 esse
786 1965 952 1999 volumus
977 1965 1019 1996 ib.
1046 1966 1124 1998 102.

128 2014 162 2055 Ρ
165 2013 290 2105 anzo·
308 2071 316 2078 .
345 2025 579 2071 vigilandum,
607 2019 867 2068 [studend111n,]
894 2020 1091 2064 nitendum,
1114 2021 1320 2065 pallendum
1343 2025 1398 2055 est
1420 2023 1456 2065 7,
1481 2022 1538 2064 10,
1563 2018 1610 2055 14
1632 2023 1678 2055 Z.

176 2085 207 2105 v.
273 2077 415 2106 nitor.

130 2116 340 2158 Pallesco.
399 2126 554 2162 solitaria
579 2133 615 2161 et
638 2127 740 2162 velut
763 2123 942 2159 umbratili
965 2124 1042 2159 vita
1066 2125 1264 2168 pallescere
1289 2126 1322 2166 1,
1359 2125 1417 2172 12,
1452 2123 1496 2158 18
1532 2124 1605 2167 Ν.,·
1644 2121 1677 2157 si

175 2187 266 2209 vero
310 2174 483 2218 judicium
514 2173 570 2206 his
603 2172 780 2216 corruptis
815 2171 933 2205 acrius
966 2171 1158 2214 adhibeas,
1195 2176 1234 2203 ut
1270 2169 1402 2204 fucinis
1436 2170 1603 2214 sulfura,
1629 2185 1677 2192 —-

179 2223 331 2264 quadam
355 2221 420 2254 vix
445 2219 635 2254 enarrabili
670 2218 842 2253 foeditate
868 2218 1064 2261 pallescant
1092 2220 1147 2258 12,
1175 2219 1231 2259 10,
1261 2217 1319 2251 76.
1634 2229 1635 2233 ’

129 2266 371 2357 ΡΗῙῘῙΟῙΕΙΣΙ·
419 2277 604 2322 palliolum
627 2295 672 2305 -
696 2279 774 2312 sola
811 2286 985 2310 excusare
1009 2279 1126 2319 potest
1148 2275 1320 2309 valetudo
1353 2274 1408 2317 (in
1441 2273 1676 2324 agenieyss,

178 2326 221 2363 3,
261 2328 304 2357 14
1621 2355 1627 2359 .

131 2350 514 2428 Palliuni.’10g3m
537 2387 679 2417 veteres
705 2381 749 2415 ad
778 2380 918 2414 calceos
941 2390 1055 2423 usque
1085 2377 1342 2420 demittebant,
1369 2380 1409 2410 ut'
1433 2375 1563 2418 Graeci
1583 2374 1678 2421 pal-

180 2426 287 2459 lium
313 2430 368 2470 11,
393 2430 428 2471 3,
459 2427 538 2466 143,
565 2439 710 2462 manum
734 2426 827 2460 intra
850 2426 996 2471 pallium
1021 2423 1246 2460 continentes
1271 2427 1328 2468 12,
1354 2425 1410 2466 10,
1433 2424 1492 2457 21.

133 2469 291 2511 Pallor·
348 2495 422 2517 non
445 2484 563 2518 animo
591 2483 790 2530 sanguis
814 2488 850 2517 et
874 2485 1032 2528 pallor
1059 2489 1122 2517 etc.
1148 2480 1344 2525 expirantis
1383 2478 1538 2532 insidet?
1559 2479 1608 2532 ⁸6,
1639 2481 1678 2522 2,

178 2530 604 2610 {}1.78sazngxlijso-l—Orcu1n
625 2537 723 2565 metu
744 2529 901 2576 refugit,
938 2529 1012 2564 abit
1037 2527 1151 2563 omnis
1185 2533 1222 2562 et
1253 2526 1586 2573 pallore·fr1gesclt
1619 2526 1680 2568 11,

178 2597 186 2606 ι
204 2599 214 2613 ’
288 2599 295 2606 ι
345 2599 353 2607 ι
533 2601 543 2611 .
726 2595 730 2598 ·

131 2617 292 2660 Palma·
351 2630 379 2672 Ῑ)
411 2635 519 2667 arbor.
547 2633 587 2675 α)
611 2634 766 2677 palmam
789 2633 828 2666 in
855 2643 916 2665 ara
941 2630 1141 2675 (Augusti)
1166 2636 1303 2665 enatam
1340 2631 1376 2673 6,
1403 2631 1437 2673 3,
1468 2631 1515 2664 77
1546 2629 1598 2680 3
1618 2623 1675 2678 P)

180 2681 316 2709 transl„-
352 2676 479 2721 ingens
505 2681 641 2721 palmae
677 2678 861 2713 contentio
897 2680 930 2719 1,
965 2680 999 2719 2,
1035 2677 1092 2712 24.
1142 2678 1244 2711 datur
1277 2676 1310 2711 ei
1342 2677 1457 2720 palma
1483 2675 1520 2708 in
1548 2668 1675 2724 'mefllq

179 2733 311 2768 genere
336 2722 478 2756 dicendi
509 2727 564 2767 10,
603 2728 636 2767 1,
672 2727 729 2759 52.
778 2725 1066 2766 Demosthenes,
1105 2723 1191 2767 quid
1224 2728 1320 2757 esset
1347 2717 1675 2755 -iwtotoztdioendi

180 2779 289 2812 opere
313 2768 532 2813 primum,
565 2770 826 2818 interrogatus,
859 2769 1142 2818 pronuntiationi
1168 2770 1358 2814 palmam
1384 2766 1502 2812 dedit,
1539 2763 1675 2807 eidem-
