1728 3002
136 185 218 225 872
848 182 954 226 Sum

180 296 293 332 fuisse
318 299 374 337 11,
398 297 432 340 3,
458 297 536 333 128.
563 294 608 338 cs.
634 299 711 332 171.
734 295 771 339 6,
798 297 843 341 3„
866 298 945 333 105.
968 298 1157 342 plurimum
1179 304 1235 335 est
1256 299 1296 335 in
1318 299 1527 348 eo‘ingenii
1550 303 1607 344 10,
1638 303 1673 344 1,

183 347 263 379 117.
286 343 331 386 cs.
345 344 497 386 115.12‚
517 346 619 386 1,26.
667 343 711 388 β)
729 345 772 376 de
789 345 884 376 rebus
902 347 1044 379 maxime
1063 348 1087 379 ἰ.
1107 359 1138 391 q.
1157 349 1407 391 contineri:
1433 347 1471 389 a)
1483 347 1674 392 plurimum

181 396 236 425 est
256 390 294 424 in
316 401 373 434 eo,
401 390 507 434 quale
529 389 575 423 sit
603 390 737 423 factum
755 392 791 432 7,
808 388 845 432 4,
869 391 927 425 37.
959 391 1022 425 Est
1043 391 1082 425 in
1109 402 1153 426 eo
1178 403 1322 438 quoque
1343 393 1530 438 nonnihil,
1551 395 1676 439 quod

182 444 244 471 etc.
270 438 304 479 9,
328 435 364 476 4,
387 437 445 471 65.
475 435 521 478 cs.
546 434 604 471 84.
631 435 669 469 in
693 437 764 470 hoc
788 436 1013 480 eloquentiae
1035 438 1093 473 vis
1118 444 1189 481 est,
1213 445 1262 472 ut
1283 441 1325 483 6,
1349 443 1390 482 2,
1418 438 1475 474 24.
1510 438 1554 483 ej:
1580 442 1616 484 1,
1639 443 1675 487 f!

181 482 215 517 4.
243 485 300 525 12,
325 483 360 524 7,
384 486 418 517 7.
446 481 486 516 in
507 493 579 526 quo
607 487 662 516 est
683 487 718 516 et
741 481 804 515 illa
827 482 1002 529 digressio
1023 485 1057 524 9,
1082 487 1117 527 2,
1141 485 1198 520 55.
1223 484 1268 526 cs.
1295 489 1352 530 11,
1377 488 1412 526 3,
1440 488 1496 521 52.
1526 497 1607 521 cum
1628 486 1677 521 sit

181 529 219 562 in
243 529 299 562 his
324 534 384 562 aut
408 529 501 562 salus
529 535 589 562 aut
617 528 816 575 ignorantia
840 530 882 572 5,
907 530 949 572 5,
974 532 1007 564 1.
1034 529 1079 572 cs.
1107 533 1170 575 12,
1198 534 1262 575 10,
1286 534 1320 567 1.
1347 543 1426 567 esse
1449 532 1487 566 in
1511 533 1677 568 omnihus

182 574 343 608 utilitatis
363 574 496 618 aliquid
518 577 572 615 10,
595 577 627 617 1,
649 577 706 610 57.
732 575 858 618 quaed.
882 575 921 608 in
946 576 1105 619 quibusd.
1133 589 1206 612 non
1233 585 1315 613 sunt
1337 579 1372 622 5,
1398 580 1454 622 10,
1478 578 1534 614 64.
1582 579 1623 623 b)
1649 593 1679 615 c.

185 623 294 655 Subsi.
310 636 320 655 :
345 621 517 665 pecunia,
543 632 633 665 quae
650 627 704 656 est
719 620 756 654 in
774 626 920 668 argento
939 621 1078 669 signato
1102 625 1136 667 5,
1158 622 1214 667 14,
1237 625 1294 659 26.
1317 636 1398 669 pars
1416 623 1676 669 probationum,

183 678 275 711 quae
307 673 362 702 est
391 673 466 702 tota
501 667 539 700 in
573 673 647 701 arte
673 669 714 710 5,
737 669 779 711 8,
805 671 837 701 1.
870 669 965 712 quod
998 681 1077 704 esse
1113 670 1151 703 in
1179 681 1287 704 causa
1317 670 1511 706 oblivionis
1539 673 1679 707 solebat

182 716 248 756 11,
279 716 323 757 2,
347 712 405 748 43.
443 726 476 748 v.
503 713 667 748 Causa.
700 724 774 748 non
797 713 835 747 in
863 714 1003 757 judiciis
1026 717 1133 750 modo
1161 722 1197 750 et
1223 716 1449 753 contionibus
1470 719 1679 752 rhetoricen

182 771 261 794 esse
285 763 329 802 2,
353 762 417 802 21,
441 759 477 794 4.
505 771 594 804 quae
618 760 758 794 suntin
783 761 1028 796 controversia
1053 765 1117 804 10,
1143 764 1188 806 5,
1211 765 1270 797 22.
1294 774 1373 798 esse
1399 763 1531 809 aliquid
1554 764 1594 798 in
1617 765 1680 799 de-

182 805 376 840 lectatione
401 808 435 848 5,
464 807 498 849 8,
523 808 556 841 3.
593 818 661 850 qua
685 806 724 839 in
747 806 986 849 disputatione
1009 808 1173 842 nonnihil
1195 808 1275 844 veri
1299 815 1354 844 est
1377 812 1433 852 12,
1460 811 1515 853 10,
1542 808 1600 844 42.
1625 817 1681 846 est

181 858 296 886 totum
321 851 485 896 (vitium)
508 851 545 885 in
571 852 775 887 elocutione
801 854 844 895 8,
873 855 912 895 3,
937 854 993 890 57.
1013 854 1061 902 ,in
1085 855 1227 902 epilogo
1255 861 1328 899 est,
1356 857 1496 901 qualem
1522 857 1679 892 animum

181 900 293 943 judex
316 897 354 932 in
380 898 568 932 consilium
592 900 685 933 ferat
707 900 741 942 9,
770 901 802 941 1,
835 902 889 934 10.
921 899 958 933 in
986 913 1055 945 qua
1079 901 1345 946 (exercitatione)
1368 903 1518 951 multmn
1542 902 1602 938 est'
1622 906 1679 947 10,
1721 939 1725 941 e

182 947 226 986 3,
258 947 313 979 15.
347 946 436 979 haec
461 955 534 979 non
559 951 641 979 sunt
665 945 702 978 in
735 956 776 978 ea
803 946 938 989 forma,
974 948 1019 981 de
1052 958 1121 992 qua
1155 959 1251 982 nunc
1277 947 1457 993 loquimur
1476 949 1524 992 9,
1546 952 1590 986 2.
1618 952 1677 984 27.

181 992 245 1025 Est
274 996 311 1024 et
333 991 395 1024 ille
417 990 456 1024 in
481 993 553 1025 hoc
579 1003 712 1037 genere
735 992 905 1036 frequens
933 1003 1056 1037 error,
1086 999 1136 1028 ut
1159 999 1285 1038 putent
1319 997 1363 1029 ib.
1388 995 1445 1033 85.
1470 995 1678 1031 constitutio
1713 1009 1726 1021 1

183 1043 236 1072 est
259 1036 298 1070 in
319 1038 419 1084 lege,
451 1048 570 1079 more,
604 1037 784 1081 judicato,
816 1044 921 1082 pacto
944 1042 986 1083 7,
1010 1038 1056 1083 4,
1085 1042 1120 1075 6.
1150 1040 1195 1082 cs.
1222 1043 1264 1084 7,
1293 1042 1335 1084 3,
1363 1043 1421 1075 22.
1458 1041 1678 1096 dignitategt,

182 1095 272 1128 quae
299 1089 353 1118 est
377 1083 415 1116 in
439 1084 626 1118 latitudine
649 1083 806 1128 pectoris
835 1087 900 1127 11,
928 1087 972 1128 3,
999 1084 1078 1119 141.
1103 1092 1248 1130 quartus
1270 1086 1386 1131 liber,
1421 1085 1470 1122 in
1498 1094 1680 1133 quoquo-

182 1129 291 1164 oemii
315 1135 506 1173 praecepta
531 1137 660 1173 sunt,
692 1130 913 1165 continet
938 1134 1004 1175 11,
1029 1135 1068 1171 1,
1096 1134 1152 1168 59.
1186 1132 1224 1167 in
1257 1133 1419 1168 manibus
1446 1134 1526 1178 plns
1551 1132 1679 1173 fuisset

182 1187 288 1220 quam
312 1176 350 1209 in
373 1187 551 1210 marmore
574 1180 609 1220 2,
632 1178 689 1220 19,
711 1179 746 1211 3.
772 1183 896 1221 estque
920 1177 958 1218 iu
982 1189 1025 1212 ea
1049 1179 1235 1223 (memoria)
1259 1189 1334 1214 non
1358 1179 1465 1214 dubie
1489 1180 1680 1224 plurimum

183 1225 239 1264 11,
263 1225 299 1264 2,
325 1225 357 1255 1.
386 1223 450 1255 Est
477 1223 572 1256 enim
596 1224 686 1256 haec
709 1223 747 1256 in
773 1221 958 1267 metalepsi
983 1230 1120 1268 natura,
1144 1230 1194 1259 ut
1216 1232 1279 1260 εἰσ.
1302 1227 1338 1269 8,
1355 1227 1391 1270 6,
1412 1228 1471 1262 38.
1494 1226 1534 1261 in
1555 1233 1680 1262 natura

180 1268 377 1302 verborum
404 1273 458 1301 est
483 1286 526 1292 —
554 1269 675 1303 dicere
698 1271 742 1312 9,
767 1271 807 1312 3,
831 1273 865 1303 7.
903 1270 966 1303 Est
991 1271 1103 1316 figura
1131 1276 1168 1305 et
1189 1271 1229 1305 in
1252 1282 1404 1307 numero
1431 1275 1474 1306 ib.
1493 1274 1526 1308 8.
1552 1279 1681 1308 cuncta

181 1314 221 1347 in
245 1313 367 1347 officio
393 1319 498 1347 erunt
525 1316 590 1357 10,
622 1316 667 1356 3,
697 1315 719 1348 9
753 1327 784 1348 v.
816 1315 1052 1351 Officium.
1083 1317 1122 1350 in
1148 1317 1291 1352 diversa
1312 1318 1425 1352 fuisse
1449 1318 1620 1362 opinione
1644 1322 1679 1363 1,

183 1361 228 1403 5,
252 1361 298 1394 38
321 1371 354 1393 υ.
375 1359 558 1403 Opinio.
595 1360 691 1403 quod
719 1365 773 1393 est
795 1359 833 1393 in
857 1366 956 1403 parte
979 1361 1149 1395 finitionis
1173 1365 1215 1405 9,
1240 1364 1374 1405 2,*1o5
1397 1376 1428 1397 v.
1445 1365 1565 1399 Pars.
1595 1371 1684 1400 sunt

183 1406 311 1450 quaed.
339 1416 462 1439 morae
497 1404 604 1439 etiam
633 1405 671 1438 in
700 1405 857 1450 periodis
883 1410 947 1448 11,
971 1409 1012 1449 3,
1037 1409 1094 1442 39.
1137 1408 1202 1442 Est
1225 1406 1263 1441 in
1285 1409 1436 1453 pedibus
1463 1409 1679 1456 (compositio

183 1450 360 1495 orau'om's)
384 1453 427 1494 9,
452 1451 495 1491 4,
520 1453 576 1486 52.
611 1450 656 1492 cs.
683 1452 742 1487 99.
765 1458 805 1486 ut
829 1457 883 1486 est
909 1451 948 1486 in
970 1459 1095 1487 vetere
1117 1454 1311 1497 proverbio
1335 1455 1381 1499 5,
1403 1455 1552 1499 11,,41.
1587 1468 1682 1501 quae

182 1508 259 1532 non
284 1503 366 1532 sunt
389 1497 426 1531 in
451 1497 659 1542 quaestione
681 1496 717 1539 4,
741 1499 783 1540 3,
809 1499 864 1532 15.
889 1508 991 1532 error
1015 1505 1069 1534 est
1094 1498 1133 1532 in
1156 1511 1196 1534 re
1219 1501 1353 1544 duplex
1375 1503 1418 1542 2,
1441 1503 1484 1544 3,
1507 1504 1542 1537 3.
1570 1502 1618 1544 qf.
1644 1504 1681 1545 6,

182 1543 227 1586 4,
254 1547 308 1578 17.
347 1545 393 1585 9,
417 1545 459 1586 3,
484 1544 542 1578 88.
579 1543 806 1587 quaestiones
831 1555 910 1578 esse
938 1550 997 1578 ant
1018 1544 1057 1578 in
1083 1544 1218 1590 scripto
1241 1551 1302 1580 aut
1322 1545 1361 1581 in
1386 1558 1462 1582 non
1484 1548 1618 1593 scripto
1638 1551 1683 1593 3,

183 1593 226 1634 5,
254 1589 288 1624 4.
321 1588 623 1624 demonstrativae
645 1589 756 1633 partis
781 1589 899 1623 omnia
922 1596 1004 1624 sunt
1026 1591 1064 1625 in
1090 1592 1162 1625 hoc
1185 1597 1277 1626 statu
1299 1592 1342 1637 7,
1362 1592 1408 1637 4,
1431 1596 1466 1629 3.
1491 1605 1615 1633 omnes
1637 1595 1683 1630 fi-

183 1647 289 1682 guras
313 1636 350 1669 in
379 1635 498 1670 verbis
529 1647 608 1670 esse
631 1637 667 1679 9,
693 1638 725 1675 1,
752 1637 806 1670 15.
842 1635 887 1677 cs.
913 1638 948 1680 8,
974 1639 1007 1679 3,
1033 1637 1091 1672 86.
1122 1640 1156 1680 9,
1188 1641 1222 1681 2,
1246 1637 1304 1673 45.
1333 1639 1368 1682 9,
1393 1637 1428 1682 4,
1454 1641 1512 1676 28.
1536 1641 1598 1675 32.
1621 1639 1680 1676 44.

184 1686 248 1726 10,
278 1686 320 1724 2,
345 1686 401 1717 27.
429 1687 493 1724 11,
519 1686 557 1721 1,
580 1683 637 1717 60.
668 1682 731 1716 Est
755 1682 873 1726 aliqua
897 1683 1003 1717 etiam
1027 1683 1067 1716 in
1087 1685 1340 1728 respondendo
1365 1685 1477 1733 figura
1498 1687 1534 1726 9,
1561 1689 1597 1731 2,
1623 1689 1683 1721 12.

184 1729 230 1771 cf.
259 1731 293 1770 6,
318 1731 351 1769 3,
379 1730 436 1763 72.
463 1729 506 1772 8,
533 1728 576 1771 6,
603 1730 657 1763 51.
685 1731 739 1767 10,
767 1731 799 1770 1,
825 1729 911 1771 115;
948 1730 1142 1763 Thebanos
1166 1741 1241 1764 non
1268 1741 1394 1768 omnes
1415 1731 1455 1767 in
1481 1729 1682 1768 'Aiexandri

183 1787 292 1809 manu
319 1775 431 1809 fuisse
456 1774 490 1815 5,
517 1776 573 1817 10,
598 1777 676 1810 117.
714 1785 831 1820 neque
859 1775 955 1809 enim
977 1780 1080 1810 sunt
1101 1781 1218 1810 motus
1241 1777 1290 1811 in
1314 1783 1529 1814 nostram
1550 1784 1683 1825 pote-

184 1827 358 1857 statem
382 1822 422 1866 6,
448 1823 484 1864 2,
510 1821 566 1856 29.

231 1890 304 1930 ΙΧ)
333 1904 362 1925 ο.
386 1894 514 1933 Praep.
543 1892 678 1924 inter.-
714 1889 912 1924 abdicatum
938 1900 1081 1936 quoque
1107 1888 1202 1925 inter
1223 1890 1356 1926 liberos
1378 1903 1458 1928 esse
1481 1893 1516 1935 3,
1539 1893 1576 1937 6,
1601 1895 1682 1929 102.

184 1937 244 1982 qui
269 1938 362 1971 inter
386 1935 602 1971 clarissimos
627 1936 681 1970 sui
706 1937 876 1980 temporis
901 1943 1063 1972 oratores
1086 1936 1154 1970 fuit
1177 1937 1220 1980 6,
1244 1940 1287 1981 1,
1311 1937 1369 1978 47.
1414 1939 1477 1973 Est
1505 1939 1683 1984 emphasis

185 1983 291 2018 etiam
317 1983 412 2017 inter
441 1983 571 2029 figuras
597 1983 644 2025 9,
670 1985 716 2024 2,
746 1982 805 2018 64.
840 1982 886 2024 cf.
911 1985 958 2027 9,
981 1985 1028 2027 3,
1053 1985 1109 2017 23.
1145 1984 1242 2027 quod
1269 1990 1323 2018 est
1349 1984 1443 2020 inter
1474 1986 1682 2028 conjunctas

184 2030 342 2064 maxime
366 2040 538 2074 personas
559 2029 602 2070 6,
629 2032 669 2067 2,
696 2028 751 2063 14.
777 2035 832 2064 est
853 2036 889 2064 et
911 2029 1029 2074 ipsum
1052 2029 1147 2064 inter
1170 2030 1350 2065 schemata
1372 2032 1420 2075 8,
1443 2032 1480 2075 3,
1503 2032 1563 2067 51.
1587 2033 1684 2077 quod

182 2076 313 2111 vitium
340 2086 415 2109 non
438 2075 534 2109 inter
560 2075 706 2108 minima
729 2080 784 2110 est
809 2077 845 2119 9,
870 2079 906 2119 1,
933 2077 992 2111 13.

231 2154 294 2200 Χ)
329 2169 360 2190 c.
383 2159 508 2199 Pfaep.
536 2157 605 2198 ab,
641 2156 783 2198 apud,
823 2169 933 2199 cum,
965 2168 1061 2199 pro.-
1095 2155 1284 2198 conjicit
1317 2161 1373 2191 est
1401 2156 1452 2190 ab
1477 2155 1541 2191 illo
1566 2157 1683 2201 iacit

186 2206 221 2244 1,
246 2201 281 2241 4,
311 2204 366 2235 11.
393 2213 414 2235 a
437 2201 564 2246 pennis
589 2202 725 2235 duabus
750 2202 822 2236 hoc
846 2213 925 2236 esse
949 2212 1080 2235 nomen
1104 2204 1146 2235 ib.
1172 2204 1236 2244 12;
1267 2202 1362 2246 quid,
1377 2203 1495 2247 apud
1513 2208 1684 2247 posteros

183 2249 326 2282 futurus
347 2247 396 2282 sit
423 2251 479 2292 12,
510 2250 564 2289 11,
587 2251 622 2283 7.
643 2253 684 2281 ut
707 2253 762 2281 est
785 2259 847 2292 ap.
876 2248 1006 2282 Afrum
1029 2250 1063 2290 9,
1087 2250 1122 2287 3,
1144 2248 1202 2283 79.
1228 2247 1270 2289 cf
1295 2249 1331 2293 8,
1356 2250 1390 2292 3,
1413 2249 1470 2284 66.
1497 2250 1531 2289 9,
1558 2252 1594 2292 2,
1616 2250 1683 2292 993y

186 2306 265 2328 esse
290 2305 388 2328 cum
413 2305 477 2334 eo,
501 2294 563 2338 qui
584 2293 624 2326 in
649 2292 780 2328 scholis
805 2294 963 2328 eruditur
987 2297 1018 2335 1,
1043 2297 1078 2335 2,
1103 2294 1144 2336 93
1173 2305 1252 2328 esse
1275 2304 1358 2338 pro
1383 2300 1482 2331 certo
1507 2295 1541 2336 5,
1566 2297 1624 2338 12,
1647 2297 1682 2330 2.

186 2351 275 2384 pro
299 2341 395 2374 sacto
425 2345 501 2382 est,
535 2339 706 2384 quidquid
729 2341 894 2374 volumus
923 2341 967 2383 6,
994 2343 1033 2382 1,
1059 2338 1118 2374 43.
1144 2351 1236 2384 quae
1261 2340 1350 2384 (res)
1376 2346 1431 2375 est
1453 2341 1572 2375 futura
1594 2351 1685 2385 pro

188 2386 294 2421 nobis
322 2388 358 2431 9,
382 2389 417 2430 2,
446 2386 503 2422 52.
529 2385 574 2428 cs.
601 2387 638 2430 9,
661 2383 697 2428 4,
724 2387 802 2420 100.
831 2391 871 2420 ut
896 2385 932 2420 id
954 2396 1038 2431 pro
1058 2397 1136 2430 rep.
1162 2386 1270 2420 fuerit
1294 2387 1330 2431 7,
1359 2389 1401 2430 1,
1425 2387 1470 2423 35
1499 2399 1534 2426 v,
1562 2388 1661 2421 Pro.

235 2464 316 2509 XI)
350 2480 378 2500 c.
404 2469 530 2509 Praep.
555 2478 617 2499 ex.
660 2465 709 2505 α)
739 2468 896 2509 originem
922 2467 1133 2509 significans.-
1169 2466 1266 2509 (dii)
1294 2465 1355 2511 qui
1383 2471 1466 2501 sunt
1493 2477 1549 2501 ex
1582 2464 1728 2501 Chaos

189 2513 234 2551 3,
258 2515 292 2552 7,
318 2513 352 2546 8.
386 2512 490 2546 tertia
515 2517 569 2545 est
593 2522 649 2546 ex
673 2513 878 2556 compositis
901 2515 936 2555 7,
956 2513 999 2556 9,
1028 2513 1061 2547 5.
1094 2514 1246 2556 plurima
1271 2524 1329 2547 ex
1353 2523 1398 2546 eo
1425 2511 1604 2548 cavillatio
1629 2509 1709 2545 esf

188 2559 232 2595 2,
257 2559 320 2596 17,
348 2560 403 2591 30.
442 2559 694 2602 enthymema,
726 2559 823 2601 quod
851 2564 905 2593 est
932 2570 979 2593 ex
1009 2559 1308 2603 consequentibus
1342 2560 1386 2601 5,
1419 2557 1487 2602 14,
1512 2561 1568 2593 17.
1595 2556 1685 2590 illud

207 2603 348 2644 genus),
384 2605 479 2647 quod
503 2610 558 2637 est
585 2615 643 2637 ex
666 2605 936 2639 enumeratione
960 2605 1208 2649 probationum
1233 2612 1309 2648 eia,
1339 2609 1375 2638 et
1398 2605 1481 2646 hoc,
1510 2603 1605 2648 qnod
1629 2613 1686 2636 ex

190 2646 347 2680 lacrimis
371 2650 415 2690 6,
443 2652 460 2682 1
477 2676 487 2692 ,
514 2651 569 2683 36.
599 2660 738 2693 paeon,
772 2651 833 2695 qui
865 2657 920 2686 est
947 2662 1007 2685 ex
1032 2652 1167 2685 choreo
1196 2656 1231 2685 et
1251 2649 1459 2695 pyrrhichio
1485 2649 1528 2692 9,
1554 2647 1602 2691 4,
1624 2649 1701 2683 96.ν

194 2691 238 2732 cs.
265 2691 321 2726 47.
347 2693 405 2727 97.
433 2698 511 2728 110.
548 2697 626 2732 136.
652 2695 712 2728 illa
736 2697 903 2742 propria,
936 2708 1026 2742 quae
1051 2709 1108 2732 ex
1129 2697 1200 2731 loci
1223 2696 1401 2740 positione
1425 2706 1466 2729 ac
1488 2693 1687 2728 munitione

192 2743 275 2772 sunt
292 2740 327 2780 3,
344 2741 380 2780 7,
401 2740 458 2772 26.
483 2751 535 2773 ex
559 2741 748 2783 conjuncta
766 2742 1012 2787 propositione
1032 2745 1152 2787 plures
1171 2753 1249 2778 esse
1273 2741 1498 2787 quaestiones
1517 2751 1559 2774 ac
1577 2745 1687 2774 status

191 2786 227 2826 71
253 2787 286 2826 1,
307 2784 342 2819 9·
370 2783 414 2824 cf·
432 2786 466 2827 3,
487 2786 521 2827 5,
541 2789 574 2820 7.
598 2789 635 2828 7,
659 2789 722 2821 101
749 2801 780 2822 υ.
802 2790 973 2824 Status.
998 2800 1079 2824 cum
1101 2790 1148 2823 sit
1170 2799 1228 2824 ex
1249 2787 1306 2823 his
1327 2787 1507 2822 rhetorice
1520 2789 1555 2831 3,
1574 2788 1608 2830 3,
1629 2784 1685 2820 14.
