1742 2964
556 200 694 244 Vibi-o
721 226 778 235 —
806 199 1019 270 Videlicet
1465 200 1546 240 955

28 345 31 348 ,
67 317 176 352 beant
195 317 232 358 ⁷.
256 318 314 361 to,
336 315 380 360 ὃς
402 314 631 352 rectissimam
657 316 711 350 ad
734 314 902 366 virtutem
923 324 962 350 v.
985 294 1123 360 deliget
1147 292 1202 356 12,
1228 314 1344 366 2,.27.
1373 315 1550 364 transum-

66 363 139 407 tio,
168 374 260 408 quae
282 371 332 399 ex
355 362 428 398 alio
446 362 487 398 in
507 362 602 396 aliud
626 363 726 397 velut
748 361 848 396 viam*
870 365 1024 405 praestat
1048 361 1091 403 8,
1113 359 1155 403 6,
1178 361 1235 394 37.
1257 369 1290 393 si
1314 363 1412 392 certa
1433 358 1551 402 aliqua

65 421 106 450 V,
128 409 221 444 uadi
242 409 288 444 in
310 420 433 444 omnes
454 407 619 443 materias
646 413 766 452 posset
803 410 851 451 7,
871 408 930 441 I’r.
952 406 988 440 4.

27 463 181 507 Vibffl·⁴
221 476 413 512 sententias
443 475 626 512 vibrantes
662 475 779 522 digitis
805 475 1004 520 jaculantur
1026 476 1091 518 11,
1119 475 1161 517 3,
1187 474 1266 508 120.
1297 471 1343 514 cs.
1370 472 1415 516 9,
1437 469 1482 515 4,
1506 472 1552 506 55

69 524 150 557 Οἰσ.
180 526 236 566 10,
262 526 295 567 1,
318 523 426 558 6οΝ.
451 535 483 557 v.
503 523 767 561 Sententia.
949 536 962 543 ·

24 563 148 609 Vide·
190 579 234 622 1)
257 581 370 623 sing„-
406 579 548 624 publica
575 591 613 615 v.
637 577 860 614 commoveri
883 579 949 621 11,
979 579 1019 620 1,
1039 574 1100 611 42.
1128 574 1159 609 si
1194 575 1306 619 judex
1337 579 1398 608 ant
1430 584 1493 609 sua
1515 585 1554 608 v.

61 630 130 659 ‘ant
153 625 243 670 reip.
270 632 517 661 commovetur
539 624 587 668 4,
611 627 645 668 1,
669 627 726 659 33.
756 623 799 666 qs.
824 625 871 666 6,
894 626 938 667 2,
961 623 1006 658 35
1023 623 1071 656 Ν.
1094 633 1153 656 res
1177 622 1255 655 ead.
1277 624 1312 655 et
1334 625 1417 665 post
1445 631 1554 664 quae-

0 702 8 706 .
66 669 219 706 ationem
250 671 485 716 perorationis
510 670 591 706 vice
619 673 787 714 (Turio.
816 671 912 706 Obr.
945 668 1084 710 vicem,
1111 667 1197 710 sort.
1229 669 1326 700 etiam
1358 668 1473 700 Amb.
1503 669 1552 709 1.,

66 719 127 760 qut·
149 717 282 761 siletur)
308 718 467 764 fungitur
488 715 535 759 4,
557 719 599 760 3,
623 719 664 751 11
691 717 737 750 N.
763 729 811 750 cr.
839 715 885 757 cs.
909 714 945 758 4,
972 717 1006 758 1,
1031 714 1095 756 75;
1128 712 1276 758 (manus)
1300 712 1553 746 adverbiorum

66 766 139 807 atq.
165 763 415 808 pronominum
439 763 598 798 obtinent
620 762 737 798 vicem
765 765 829 806 11,
855 763 896 803 3,
921 763 979 797 87.
1042 760 1100 802 ΙΙ)
1129 762 1240 794 υίσιεε
1271 769 1349 794 non
1380 759 1425 792 ad
1450 769 1553 792 suum

0 828 37 839 ι.
69 809 252 851 pertinere
284 809 506 843 officium
532 808 600 842 rati
610 834 622 852 ,
662 809 805 853 qnando
837 807 975 842 divisae
1006 805 1270 851 professionum
1300 805 1402 840 vices
1434 810 1554 838 essent

66 854 126 888 Pr.
144 854 178 889 4.
207 855 343 898 standi,
380 854 605 898 ambulandi,
636 853 801 894 sedendi,
833 852 973 897 iacendi
1001 864 1040 887 v.
1070 855 1133 895 11,
1164 853 1207 894 3,
1232 849 1291 885 44.
1322 850 1458 895 judices
1491 851 1553 886 vel

68 900 315 944 praesidentes
338 901 562 948 magistratus
589 900 787 946 appellandi
811 900 1038 944 frequenter,
1073 903 1113 931 ut
1143 895 1313 942 loquendi
1339 909 1377 943 v,
1406 907 1556 931 serven-

67 950 127 980 tur
147 947 192 990 6,
214 946 260 987 4,
290 949 346 981 11.
376 947 620 993 interrogandi
651 958 691 981 se
714 946 829 990 ipsum
857 951 892 980 et
914 943 1154 989 respondendi
1178 942 1435 996 nou-ingratae
1456 954 1494 996 γ.
1519 944 1557 995 9,

60 994 103 1035 2,
129 991 196 1035 143
225 993 321 1039 quod
344 993 459 1036 ipsum
481 993 646 1037 imperari
671 1004 736 1037 per
756 1004 794 1028 v.
813 992 985 1037 optimum
1008 996 1062 1025 est
1085 993 1120 1033 2,
1143 990 1179 1034 5,
1201 989 1235 1025 6.
1258 999 1368 1034 ipsius
1390 990 1557 1024 lectionis

66 1038 223 1081 taedium
246 1039 386 1075 vicibus
408 1039 550 1073 levatur
574 1039 591 1072 1
605 1065 616 1080 ,
646 1042 711 1081 12,
737 1037 771 1072 4.

22 1080 195 1125 viceni.
235 1095 366 1131 vicena
389 1096 576 1130 conferant
598 1098 642 1138 7,
664 1095 711 1137 6,
735 1098 771 1129 2.

25 1148 213 1193 Vicini&
259 1169 316 1198 est
345 1156 465 1198 tamen
497 1174 696 1208 quanquam
731 1163 954 1197 diversarum
977 1172 1097 1202 rerum
1121 1161 1247 1205 quaed.
1270 1159 1343 1197 vic.
1366 1160 1411 1202 8,
1434 1158 1475 1203 4,
1502 1161 1560 1194 12.

69 1206 126 1243 ebt
147 1209 276 1254 quaed·
298 1208 468 1246 virtutum
492 1209 735 1254 vitiorumque
756 1221 795 1244 v.
821 1212 856 1251 2,
883 1211 938 1249 12,
960 1207 993 1241 4.
1018 1213 1071 1241 est
1100 1207 1184 1241 huic
1206 1213 1310 1250 tropo
1334 1207 1460 1248 quaed.
1478 1217 1558 1238 cum

69 1255 300 1299 syueodoche
321 1267 360 1290 v.
387 1257 423 1298 8,
446 1255 482 1294 6,
503 1256 561 1290 28.
594 1260 631 1288 et
653 1257 700 1288 lo
715 1266 737 1288 n
751 1265 806 1302 ge
833 1265 854 1288 a
877 1253 1023 1288 materia
1047 1253 1129 1287 duci
1153 1251 1354 1296 (prooemia)
1375 1271 1423 1277 -—
1451 1257 1486 1285 et
1511 1263 1560 1285 ex

69 1299 192 1346 aliqua
214 1301 269 1338 rei
290 1301 384 1336 vic.
412 1303 447 1342 3,
472 1302 507 1342 8,
535 1301 572 1336 9.
597 1299 642 1341 cs.
669 1301 705 1343 9,
722 1302 756 1344 3,
775 1301 833 1334 66.
858 1298 971 1343 (fig),
999 1310 1068 1342 qun
1090 1299 1131 1333 fit
1154 1309 1204 1334 ex
1226 1297 1402 1334 vicinia
1428 1298 1560 1332 transi-

65 1350 124 1381 tus
146 1346 408 1393 od‘diversa
430 1351 470 1380 ut
492 1345 621 1380 similia
650 1348 690 1389 9,
713 1348 756 1389 3,
783 1346 829 1381 65
853 1346 900 1379 Ν.
927 1352 958 1378 ei
982 1346 1021 1378 S.
1123 1362 1134 1365 >

23 1400 252 1445 Vicinitflsso
298 1419 354 1450 est
378 1415 507 1458 quaed.
542 1414 636 1448 inter
669 1413 886 1457 epichirema
921 1417 957 1448 et
990 1412 1235 1459 syllogismum
1265 1411 1337 1446 vic.
1365 1412 1410 1453 5,
1436 1413 1500 1454 10,
1524 1412 1560 1445 6.

56 1459 260 1494 ‘virtutibus
289 1471 332 1494 ac
361 1460 461 1495 vitiis
495 1459 568 1495 vic.
602 1461 727 1504 quaed.
761 1463 804 1503 3,
836 1464 859 1495 7
872 1486 884 1504 ‚
917 1461 974 1495 25.
1008 1464 1224 1494 excusantur
1256 1458 1344 1493 vitia
1374 1457 1560 1493 vicinitate

66 1505 239 1540 vitiorum
262 1508 304 1546 1,
328 1505 368 1548 5,
395 1507 429 1542 5.
974 1529 976 1531 »

24 1549 220 1593 vitinus·
266 1559 310 1604 1)
338 1563 495 1604 proprie.-
541 1559 572 1593 si
604 1559 725 1595 vicina
759 1567 819 1594 tua
847 1561 974 1594 melius
1011 1560 1140 1593 habeat
1174 1570 1297 1592 aurum
1327 1560 1369 1602 5,
1398 1561 1468 1601 μ11,
1500 1560 1559 1594 28.

69 1606 129 1652 11)
161 1611 296 1641 imnsL:
324 1606 364 1640 in
386 1606 442 1640 his
464 1606 593 1648 rebus,
618 1606 743 1650 quibus
769 1606 913 1640 nomina
937 1617 1019 1640 sua
1042 1611 1143 1645 sunt,
1166 1603 1344 1639 vicinis
1367 1605 1486 1649 potius
1509 1604 1563 1638 uti

67 1654 114 1696 8,
137 1653 182 1696 6,
207 1653 266 1688 35.
299 1662 372 1686 non
397 1661 445 1685 ex
468 1653 648 1694 eodem,
682 1653 744 1686 sed
780 1663 827 1686 ex
860 1652 1090 1693 diverso,
1124 1650 1340 1685 vicinum
1373 1650 1561 1694 accipitur,

69 1709 152 1733 oum
182 1697 360 1744 supplicio
391 1697 618 1731 afficiendum
649 1697 767 1740 dicas,
800 1709 905 1742 quem
933 1696 1191 1742 supplicatione
1221 1697 1366 1743 dignum
1394 1697 1563 1740 judicaris

68 1745 114 1787 9,
137 1745 179 1788 3,
205 1745 254 1780 68
272 1745 321 1778 Ν.
351 1743 447 1788 quod
479 1749 534 1778 est
566 1739 775 1778 ὖποπτιῦσει
803 1744 963 1778 vicinum
986 1745 1032 1786 9,
1055 1747 1103 1785 2,
1128 1744 1184 1778 58.
1216 1743 1336 1777 vicina
1362 1743 1564 1786 praedictae

70 1790 137 1824 sed
159 1789 310 1835 amplior
330 1790 447 1824 virtus
469 1790 514 1832 8,
539 1790 580 1831 3,
603 1790 662 1823 83.
700 1788 745 1828 cf.
772 1793 805 1824 7.
828 1790 886 1825 53.
918 1789 977 1824 cui
1008 1789 1168 1824 vicinum
1202 1795 1278 1832 est,
1310 1798 1386 1822 non
1416 1799 1564 1836 negare,

23 1845 29 1852 “
71 1837 169 1880 quod
195 1835 362 1880 objicitur
385 1836 419 1878 6,
443 1837 488 1878 3,
511 1836 569 1868 81.

26 1891 195 1934 Victor·
242 1901 290 1947 a)
321 1901 544 1937 clementiam
566 1901 714 1938 victoris
739 1903 885 1938 laudare
907 1904 954 1947 9,
980 1906 999 1937 1
1013 1929 1026 1948 ‚
1049 1904 1107 1940 28.
1142 1901 1203 1947 qui
1241 1914 1297 1946 ap.
1324 1900 1503 1937 victorem
1527 1907 1564 1936 et

73 1949 274 1994 principem
298 1960 363 1993 pro
390 1960 431 1983 se
464 1948 542 1992 ipse
574 1947 666 1982 dicat
691 1951 758 1992 11,
785 1953 801 1983 1
817 1975 829 1992 ,
854 1949 912 1985 49.
945 1961 1021 1984 non
1045 1949 1203 1993 potuisse
1232 1938 1356 1982 donari
1380 1959 1400 1981 a
1422 1947 1565 1983 victore

73 1997 130 2040 jus
153 1996 198 2038 5,
226 1997 295 2038 10,
318 1996 397 2029 115.
436 2005 600 2037 carmen,
631 1996 736 2038 quale
764 1995 962 2030 victoribus
998 1995 1168 2040 componi
1199 1996 1290 2029 solet
1323 1997 1390 2037 11,
1426 1997 1470 2036 2,
1506 1997 1563 2028 11.

73 2041 118 2086 β)
139 2042 320 2075 Romanus
341 2039 482 2084 proelio
503 2039 623 2075 victor
644 2043 734 2074 Liv.
760 2042 795 2083 8,
821 2042 857 2084 6,
880 2045 938 2075 20.
962 2041 1120 2077 victores
1145 2041 1239 2074 bello
1264 2041 1372 2073 duces
1395 2042 1430 2082 2,
1450 2040 1507 2083 16,
1527 2042 1563 2073 7.

76 2088 243 2120 Diiove
271 2088 444 2120 victore
473 2095 548 2119 non
577 2087 734 2120 Diiovi
760 2087 853 2131 (Sp.
879 2089 1005 2132 Dijove
1032 2095 1064 2121 ei
1090 2088 1221 2131 Vesana
1251 2099 1312 2130 pro
1338 2087 1502 2130 Dijovi'
1532 2094 1564 2120 et

78 2132 270 2176 Veiovi)
297 2134 340 2174 1,
365 2130 413 2174 4,
437 2134 481 2166 17
511 2133 546 2166 S.
1341 2176 1345 2177 ⁷

30 2175 243 2220 Victoria.
289 2199 327 2222 v.
354 2187 522 2235 litigantis
545 2195 600 2223 est
624 2190 822 2234 praemium
846 2193 890 2233 2,
914 2190 980 2233 15,
1005 2191 1062 2224 32.
1099 2187 1307 2223 convivium
1329 2187 1368 2222 in
1390 2189 1566 2223 honorem

75 2233 251 2269 victoriae
276 2236 339 2276 11,
360 2237 405 2276 2,
429 2236 486 2269 12.
518 2246 610 2278 quae
634 2236 752 2270 omnia
784 2237 932 2270 multum
958 2237 1085 2280 juvant
1107 2235 1315 2275 victoriam,
1349 2240 1470 2268 tamen
1491 2244 1566 2269 non

77 2281 222 2314 trahunt
246 2283 286 2318 7,
312 2282 353 2318 1,
376 2278 432 2313 44.
458 2281 504 2314 ad
527 2281 616 2316 vict.
639 2281 704 2315 niti
730 2285 797 2325 10,
822 2285 839 2316 1
853 2307 864 2324 ,
888 2283 945 2317 29.
970 2283 1041 2323 iam
1063 2282 1102 2315 in
1125 2282 1248 2315 schola
1271 2278 1567 2327 victoriam-ip&

78 2331 151 2360 ctet
172 2327 208 2367 5,
229 2328 287 2367 12,
305 2326 363 2358 22.
388 2337 422 2360 v.
437 2325 619 2370 specto.
645 2329 758 2362 tendit
781 2329 824 2362 ad
847 2327 936 2362 vict.
960 2331 995 2371 2,
1019 2326 1055 2370 4,
1079 2329 1136 2361 32.
1162 2340 1193 2360 v.
1210 2327 1390 2360 Tendo.
1414 2326 1567 2361 victoria

78 2372 211 2406 cedunt
238 2370 271 2414 5,
294 2372 329 2412 8,
355 2374 398 2413 1;
424 2370 484 2415 qui
509 2372 764 2408 Victorias
789 2385 914 2408 aureas
941 2373 979 2407 in
1001 2385 1105 2407 usum
1129 2372 1214 2407 belli
1238 2372 1539 2413 conflarivoleba

77 2416 128 2451 ita
156 2415 366 2451 declinavit:
390 2417 620 2452 victoriis
642 2421 813 2454 utendum
836 2431 915 2454 esse
938 2421 984 2463 9,
1007 2422 1052 2463 2,
1078 2420 1126 2455 92
1148 2420 1196 2453 Ν.
1512 2444 1515 2448 ⁴

31 2473 309 2566 νέθῒὲῐὶξοωδ·
344 2497 382 2521 v.
411 2496 451 2520 se
467 2497 541 2521 uno
563 2481 602 2521 in
624 2487 746 2522 Sicilia
769 2487 926 2532 quinque
948 2488 1220 2534 pedes‘longam
1236 2497 1421 2521 murenam
1436 2485 1566 2522 emisse

0 2548 4 2552 -
102 2556 115 2574 ‚
163 2556 174 2574 ‚
246 2553 256 2563 .

34 2573 206 2640 vit-{tus}
251 2585 449 2641 (esst-unde
472 2596 698 2631 argumentum
721 2593 806 2623 sumi
833 2590 951 2635 possit)
979 2590 1024 2642 5,
1051 2592 1119 2633 10,
1146 2592 1191 2624 27
1210 2590 1270 2643 Ν»,
1282 2600 1333 2623 ex
1355 2588 1465 2643 olivio
1487 2589 1566 2624 fere

23 2639 26 2641 “
56 2695 58 2699 Ι
77 2635 500 2715 ξιοέἶείυιόιιεὶιιίἷιῐιιεεῖὶ,
527 2635 593 2679 16,
618 2636 674 2670 14.
696 2646 777 2670 cum
800 2642 835 2671 et
859 2637 998 2671 Socrati
1025 2637 1195 2670 collatum
1214 2641 1261 2670 sit
1282 2636 1326 2670 ad
1348 2642 1485 2672 victum
1510 2639 1566 2679 12,

18 2702 264 2766 ’νὶίίθὶίθθῐ-
305 2734 352 2780 α)
376 2735 588 2772 Cornificius
616 2738 709 2772 hanc
742 2737 1002 2773 traductionem
1032 2743 1160 2781 vocat,
1188 2738 1263 2775 vid.
1293 2739 1437 2776 alterius
1460 2739 1568 2774 intel-

86 2781 200 2815 lectus
224 2782 269 2816 ad
293 2782 445 2818 alterum
472 2784 517 2828 9,
542 2785 585 2826 3,
609 2786 669 2819 71.
702 2794 791 2829 quos
822 2783 966 2829 quidem
993 2785 1036 2820 ab
1063 2785 1217 2830 antiquis
1247 2786 1363 2823 dictos
1386 2795 1565 2821 tonores
