1728 3002
114 127 195 166 ‘762
740 123 1027 181 Ratiocinatio

158 247 252 281 qnae
277 246 352 272 non
375 241 447 271 tam
469 241 550 272 rat.
631 248 686 271 am
715 247 867 272 sensu
889 238 1091 282 iudicantur
1117 240 1162 282 8,
1184 241 1226 283 3,
1245 238 1302 277 ¹9.
1325 240 1547 285 junxti-at.
1571 253 1643 276 na-

156 288 308 317 turam
328 286 384 326 11,
403 286 439 326 2,
454 283 489 318 9.
516 295 548 317 υ.
571 247 750 318 liilzitura.
771 282 969 330 (analogia)
989 295 1064 320 non
1086 291 1170 320 rat.
1192 285 1318 320 nititur
1339 282 1403 322 sed
1425 290 1642 335 exemplo

155 332 189 372 1,
208 329 247 375 6,
267 330 320 364 16.
339 342 372 363 v.
392 329 683 373 Exemplum.
701 335 802 363 acuta
819 329 1051 378 interrogatio
1071 332 1182 375 adid,
1197 333 1294 378 quod
1310 332 1524 371 casufieri
1537 335 1642 377 sehet,

154 387 174 410 r
186 381 242 412 at.
258 376 428 420 perducet
439 374 474 417 5,
487 378 523 416 7,
535 376 592 410 29.
611 376 707 420 quod
723 386 798 410 non
819 387 840 409 r
850 388 871 410 a
881 382 906 411 t.
928 377 1176 420 scrutabimur,
1202 388 1277 412 non
1290 378 1487 422 poterimus
1501 377 1642 415 {iveni-

154 433 195 455 re
213 422 281 456 nisi
306 432 415 456 casu
442 422 477 462 5,
503 423 559 464 10,
583 424 640 456 22.
664 421 724 466 qui
753 427 838 458 rat.
865 423 1003 458 traduci
1027 425 1072 458 ad
1100 423 1250 458 meliors
1271 435 1346 459 non
1366 429 1538 469 possunt,
1561 426 1642 460 solo

154 473 275 501 metu
301 466 531 501 continentur
555 470 610 510 12,
639 471 675 510 7,
703 471 738 502 2.
770 481 803 502 υ.
827 468 991 504 Metus.
1025 481 1054 504 r.
1079 470 1246 513 vincere,
1279 471 1375 515 quod
1399 476 1454 504 est
1475 467 1645 511 mollissi-

154 525 253 548 mum
278 516 334 557 11,
365 517 398 556 1,
422 514 491 556 903
523 514 736 548 sententiam
758 526 858 549 cum
879 526 911 549 r.
935 517 970 559 5,
997 518 1053 558 10,
1079 519 1096 550 1
1120 517 1166 550 Ν.
1190 516 1290 551 sine
1313 528 1342 551 r.
1368 515 1490 551 diserti
1515 519 1563 560 2,
1586 519 1644 560 12,

154 563 212 594 12.
245 571 314 594 nec
345 559 492 594 omnino
518 559 624 594 sine
648 571 679 594 r.
701 565 776 603 est,
816 562 913 605 quod
935 559 1044 607 vulgo
1071 561 1220 606 dicitur,
1255 562 1417 607 iniquum
1440 563 1645 607 petendum,

152 611 193 639 ut
222 617 373 650 aequum
399 606 494 639 seras
516 604 560 648 4,
586 606 628 649 5,
654 606 710 640 16.
745 607 872 652 domus
896 607 1074 642 aedificari
1098 608 1202 643 sine
1224 619 1257 644 r.
1280 619 1355 643 non
1377 614 1496 653 polest
1518 609 1561 650 5,
1586 611 1644 651 10,

151 652 209 687 89.
235 651 296 685 illa
321 651 450 685 similia
473 652 695 686 absurdis
719 658 802 687 sunt
825 653 943 696 acria,
971 665 1064 698 quae
1093 659 1261 699 tanquam
1285 653 1396 689 sine
1418 666 1448 689 r.
1474 654 1567 689 dicta
1589 654 1645 689 fe-

153 703 280 732 runtur
302 698 337 741 6,
365 700 399 739 3,
427 699 485 734 99.
513 699 645 733 multos
667 698 776 734 video
803 699 882 734 sine
905 705 1008 742 rat.‚
1034 700 1111 735 sine
1137 699 1325 744 literis,
1350 711 1420 745 qua
1442 701 1505 736 vel
1527 700 1644 745 impu-

103 777 105 781 ,
154 744 274 778 dentia
297 745 358 779 vel
382 745 496 778 fames
521 744 642 788 duxit,
674 751 820 779 ruentes
842 749 886 789 2,
909 748 973 789 20,
999 749 1032 780 2.
1082 746 1122 790 b)
1148 760 1178 782 c.
1206 749 1398 781 Amisum.-
1422 746 1644 790 auctoritate,

154 794 351 834 vetustate,
385 790 645 825 consuetudine
672 792 882 836 plerumque
908 792 1112 827 defenditur
1134 791 1320 836 (schevina),
1352 803 1459 837 saepe
1485 792 1591 827 etiam
1612 804 1643 825 r.

154 837 259 880 quad.
284 838 329 880 9,
354 838 396 880 3,
419 838 455 871 3.
482 848 549 879 an,
580 837 717 871 etiamsi
745 839 842 872 nulla
867 844 956 872 rat.
981 840 1107 872 ductus
1134 845 1208 883 est,
1225 838 1412 883 ,impetu
1438 844 1560 883 raptus
1586 837 1644 881 sit,

153 884 288 927 absque
314 882 589 917 sententia?
614 886 648 925 7,
671 886 707 926 2,
730 882 789 918 44.
815 884 877 928 qui
900 890 1015 919 metus
1039 885 1197 929 doloris,
1214 884 1360 929 mortis,
1383 883 1645 929 superstitionis

152 930 251 962 nulla
273 934 339 962 rat.
364 930 574 975 purgaverit
599 932 662 972 12,
690 932 733 973 2,
757 932 792 965 3.
819 929 864 972 cs.
888 930 925 974 4,
949 933 984 975 2,
1009 930 1065 965 24.
1095 942 1170 965 non
1191 935 1270 965 rat.
1295 931 1413 975 aliqua
1437 931 1501 966 sed
1522 935 1646 964 motii

153 975 302 1009 animi
326 976 480 1019 quodam
503 976 549 1018 6,
573 977 614 1019 3,
637 976 673 1010 6.
700 987 769 1020 qua
792 977 924 1010 ducum
945 976 1097 1030 quisque
1119 989 1149 1012 r.
1173 976 1219 1011 sit
1242 988 1329 1011 usus
1350 976 1529 1022 sapienter
1550 978 1587 1019 2,
1609 976 1646 1020 5,

154 1023 211 1056 15.
238 1020 284 1063 cf.
309 1024 367 1064 12,
393 1021 429 1063 6,
455 1024 496 1065 73
523 1021 692 1065 quoniam
718 1021 884 1056 similium
908 1024 978 1057 alia
1004 1023 1157 1058 facies
1179 1023 1218 1058 in
1240 1022 1309 1057 alia
1329 1021 1396 1068 (sie
1417 1026 1462 1058 Z.
1484 1024 1528 1056 de
1553 1022 1641 1065 conj.

154 1069 244 1111 Sp.;
277 1069 381 1102 Codd.
405 1066 486 1111 tali)
510 1073 576 1101 rat.
603 1068 645 1111 5,
672 1070 737 1111 11,
762 1067 809 1102 24
831 1069 881 1103 Ν.
904 1068 950 1111 cs.
980 1072 1014 1113 1,
1038 1072 1104 1113 10,
1127 1068 1187 1105 49.
1212 1080 1282 1114 qua
1302 1080 1358 1112 r.,
1380 1069 1489 1113 quod»
1503 1067 1641 1110 didicit,

152 1114 276 1148 facere
295 1124 401 1157 quam
426 1112 558 1157 optime
583 1121 643 1147 etc.
668 1114 782 1158 possit
805 1117 871 1158 10,
902 1118 944 1159 1,
968 1114 1003 1149 4.
1030 1115 1092 1150 illa
1116 1126 1190 1150 non
1214 1115 1282 1149 hac
1304 1126 1334 1150 r.
1353 1114 1448 1149 dicta
1473 1115 1538 1150 sed
1561 1113 1640 1149 effi-

152 1160 251 1193 ciens
276 1159 369 1193 idem
393 1159 569 1194 sententia
591 1159 675 1194 Afri
700 1161 745 1203 5,
772 1162 836 1204 10,
864 1162 922 1197 79.
952 1162 1032 1196 eid.
1055 1174 1084 1196 r.
1107 1161 1327 1197 Pisistratum
1361 1161 1406 1195 ad
1428 1159 1642 1197 dominatio-

151 1216 234 1239 nem
258 1205 467 1249 pervenisse
491 1206 525 1248 5,
551 1209 607 1248 11,
630 1207 664 1240 8.
689 1206 735 1248 cs.
761 1208 798 1249 9,
823 1211 856 1251 1,
882 1210 937 1242 12.
963 1211 999 1251 9,
1025 1206 1060 1251 4,
1083 1210 1140 1242 11.
1164 1203 1233 1242 nec
1259 1217 1378 1252 paeon
1401 1207 1480 1242 ead.
1501 1218 1532 1241 r.
1558 1206 1643 1240 bre-

149 1251 257 1286 vibus
286 1251 435 1294 incipiet
472 1262 513 1284 ac
546 1252 684 1286 desinet
707 1255 752 1295 9,
775 1251 816 1295 4,
843 1252 890 1288 48
909 1254 956 1287 Ν.
992 1253 1099 1287 simili
1122 1265 1153 1287 r.
1178 1257 1222 1297 7,
1247 1256 1291 1296 2,
1316 1253 1376 1288 26.
1412 1263 1488 1286 non
1513 1263 1586 1286 una
1612 1262 1644 1286 r.

149 1296 292 1331 moveri
317 1299 409 1330 solet
434 1296 549 1339 (risus)
574 1298 608 1338 6,
632 1299 668 1340 3,
691 1301 726 1332 7.
751 1299 923 1341 majore
947 1300 1070 1343 quad.
1098 1305 1183 1333 rat.
1210 1297 1338 1333 Graeci
1358 1297 1528 1334 videntur
1547 1309 1642 1340 προ·
1692 1312 1702 1319 ·

148 1345 272 1386 οίμιον
296 1343 500 1376 nominasse
523 1341 559 1385 4,
585 1345 618 1384 1,
642 1346 681 1384 13
708 1344 803 1385 quod
828 1349 978 1387 utraque
1000 1355 1059 1378 res
1083 1355 1103 1377 a
1129 1350 1228 1378 recta
1252 1349 1288 1379 et
1313 1342 1465 1388 simplici
1488 1354 1519 1376 r.
1540 1343 1638 1382 (11.3.

148 1387 407 1430 translatione)
440 1399 521 1422 cum
555 1387 673 1432 aliqua
705 1388 847 1422 dicendi
871 1388 1005 1424 virtute
1032 1389 1231 1424 deflectitur
1256 1390 1297 1432 9,
1323 1391 1364 1432 1,
1390 1391 1425 1423 3.
1457 1393 1512 1423 est
1537 1398 1586 1422 ex
1606 1397 1638 1422 r.

150 1434 349 1469 medicinae
375 1437 418 1477 2,
441 1436 507 1477 21,
537 1434 591 1468 19.
616 1444 767 1477 quorum
791 1439 956 1469 neutrum
979 1440 1034 1468 est
1056 1441 1179 1478 turpe,
1204 1446 1286 1469 cum
1309 1445 1360 1468 ex
1380 1434 1474 1468 bona
1499 1444 1530 1467 r.
1554 1443 1640 1477 pro-

147 1480 320 1514 ficiscitur
334 1483 385 1522 02,
412 1482 477 1521 17,
502 1482 559 1514 27.
586 1491 677 1523 quae
701 1479 966 1524 (exercitatio),
989 1492 1190 1525 qumquam
1212 1485 1377 1517 versatur
1397 1479 1438 1515 in
1461 1490 1493 1513 1·-
1518 1478 1638 1522 simili,

147 1533 268 1560 tamen
295 1531 330 1561 et
355 1525 512 1570 duplicat
535 1525 718 1559 materiam
742 1533 803 1559 etc.
829 1529 870 1569 2,
896 1526 942 1570 4,
965 1529 1022 1560 21.
1057 1538 1147 1571 quae
1173 1525 1245 1560 sint
1273 1526 1313 1561 in
1338 1537 1371 1560 r.
1395 1523 1573 1571 prooemii
1600 1522 1636 1569 4,

151 1576 186 1618 1,
214 1576 277 1608 52.
297 1571 340 1614 cs.
368 1571 404 1615 4,
430 1575 465 1615 2,
490 1572 547 1606 26.
576 1582 651 1606 uon
676 1571 753 1606 sine
781 1571 898 1616 aliqua
920 1583 951 1606 r.
973 1571 1061 1606 fecit
1082 1575 1140 1616 11,
1168 1575 1202 1615 1,
1228 1573 1283 1607 18.
1490 1578 1493 1579 ’

197 1630 250 1674 11)
274 1631 370 1662 habet
394 1631 595 1673 peculiarem
619 1641 714 1662 usum
737 1631 770 1662 in
794 1631 923 1662 causis.-
950 1628 1044 1674 Quid
1068 1629 1114 1662 sit
1136 1628 1255 1664 ratio?
1280 1629 1324 1674 3,
1344 1626 1432 1675 βαι).
1447 1628 1504 1662 11.
1519 1637 1549 1661 r·
1569 1632 1638 1670 est,

149 1688 220 1722 qua
244 1677 300 1718 id,
325 1677 422 1719 quod
446 1676 581 1709 factum
609 1686 688 1710 esse
713 1681 874 1718 constat,
903 1674 1109 1709 defenditur
1130 1677 1167 1719 3,
1192 1677 1248 1718 11,
1272 1673 1309 1708 4.
1343 1685 1423 1708 cum
1447 1672 1524 1717 ipsa
1545 1683 1575 1707 r.
1598 1672 1636 1706 in

148 1722 395 1768 quaestionem
419 1721 521 1756 veuit
544 1722 578 1764 5,
603 1720 659 1764 14,
688 1722 744 1756 16.
780 1722 888 1756 habet
910 1721 1141 1755 rationem
1171 1727 1207 1756 et
1235 1718 1637 1766 propositionem,

146 1780 224 1803 non
252 1769 359 1802 habet
391 1767 770 1802 conclusionem
802 1770 847 1800 ib.
877 1770 910 1801 1.
933 1777 1008 1801 non
1031 1767 1126 1801 enim
1148 1773 1231 1802 sunt
1252 1768 1323 1801 hae
1349 1763 1637 1810 propositio-

148 1827 230 1850 nes
259 1814 420 1858 (alioqui
444 1825 551 1848 causa
575 1824 649 1847 non
676 1811 956 1857 explicabitur),
989 1814 1052 1847 sed
1086 1825 1167 1847 cum
1194 1811 1269 1848 suis
1296 1811 1578 1856 rationibus
1601 1812 1637 1853 3,

146 1863 189 1905 6,
214 1861 269 1896 76.
303 1872 335 1894 υ.
362 1859 618 1894 Assumtio.
649 1859 885 1894 rationem
916 1861 1098 1903 appellans
1124 1858 1426 1904 ἐπιχείρημα
1447 1857 1535 1901 (fig.
1564 1858 1636 1891 Vn·-

148 1907 299 1949 sellii)
322 1907 367 1949 9,
394 1909 435 1948 2,
467 1908 533 1940 107
550 1907 599 1943 N.
636 1904 680 1947 cf.
707 1906 749 1947 5,
776 1907 833 1948 to,
859 1907 896 1941 6.
921 1906 1019 1951 quod
1042 1904 1209 1950 quoniam
1234 1903 1421 1939 ratione
1447 1900 1636 1950 colligitur,

146 1951 542 1988 ratiocinativus
562 1949 701 1996 (status)
727 1950 856 1986 dicitur
878 1955 914 1995 7,
937 1953 974 1995 8,
998 1953 1031 1986 3.
1068 1963 1102 1986 v.
1127 1947 1482 1986 Ratiocinatio.

194 2022 274 2073 ¹11).
295 2021 340 2055 de
362 2020 567 2072 calculis
592 2025 699 2065 atque
723 2019 1015 2072 isa-tionibus
1043 2021 1099 2061 11,
1123 2020 1159 2062 3,
1184 2018 1240 2055 59.
1265 2016 1422 2102 maipsi
1444 2013 1635 2063 aliqufl—

146 2067 344 2102 rationibus
369 2068 573 2101 domesticis
598 2082 644 2092 -··
667 2067 801 2101 cot1d1e
829 2066 978 2100 damus?
1005 2068 1038 2108 1,
1068 2067 1125 2108 12,
1150 2067 1183 2100 7.

190 2134 259 2178 IV)
282 2132 335 2169 vis
357 2136 479 2168 homini
500 2135 667 2176 ingenita,
698 2146 766 2179 qua
789 2136 907 2168 ceteris
930 2128 1125 2166 animalibus
1148 2134 1273 2166 distat.-
1299 2129 1547 2166 inimitabilem
1564 2127 1636 2164 lm-

146 2192 273 2214 manae
295 2180 427 2214 rationi
451 2191 617 2224 saporem
642 2183 681 2221 1,
708 2182 772 2222 10,
795 2183 832 2214 7.
863 2178 1149 2214 dementiam
1179 2177 1351 2212 rationi
1376 2178 1518 2225 obstare
1533 2171 1577 2219 ξι,
1596 2172 1634 2216 4,

145 2230 205 2261 30.
233 2227 350 2260 nullus
378 2225 561 2260 rationi
583 2225 695 2272 magis
720 2226 838 2260 obstat
865 2226 1087 2259 affectus
1110 2222 1229 2268 (quam
1251 2221 1446 2276 iracundia)
1467 2221 1503 2263 6,
1523 2222 1558 2263 3,
1577 2209 1638 2261 1ορ

146 2272 321 2307 rationem
345 2271 450 2306 nobis
474 2271 704 2316 praecipuam
729 2270 826 2305 dedit
848 2270 1014 2314 (Deus),
1046 2271 1193 2314 ejusque
1218 2280 1285 2304 nos
1310 2279 1430 2304 socios
1453 2277 1535 2302 ense
1554 2275 1637 2318 cuin

147 2319 216 2352 diis
239 2317 497 2351 immortalibus
527 2317 645 2352 voluit
669 2320 714 2360 2,
742 2318 807 2360 16,
833 2315 889 2351 14.
922 2316 1036 2350 libera
1065 2316 1240 2350 rationem
1267 2313 1432 2360 sequenti
1461 2316 1637 2363 santonus

147 2370 201 2398 est
224 2368 258 2407 2,
282 2365 319 2406 8,
341 2365 376 2398 6.
407 2364 452 2397 ab
475 2363 539 2397 illo
567 2363 747 2407 impetu
771 2364 816 2396 ad
838 2362 1069 2397 rationem
1094 2360 1188 2396 redit
1211 2362 1248 2405 6,
1270 2363 1306 2404 1,
1329 2362 1388 2395 28.
1412 2369 1519 2406 egere
1541 2366 1639 2392 omni

147 2421 178 2447 r.
209 2413 271 2451 12,
299 2413 341 2451 1,
367 2413 402 2447 2.
437 2410 622 2443 hominem
654 2408 850 2442 ratione
881 2413 952 2452 atq.
983 2407 1222 2442 oratio-ne
1245 2404 1426 2442 excellere
1452 2403 1580 2440 ceteris
1601 2404 1638 2446 2,

146 2458 205 2497 20,
229 2457 263 2490 9.
290 2455 407 2500 aliqua
424 2474 471 2482 —-
492 2466 594 2490 cum
617 2454 811 2490 ratione
834 2453 982 2488 mutatio
1006 2456 1040 2498 9,
1066 2457 1098 2498 1,
1124 2455 1180 2488 11.

101 2519 403 2562 Ratiocinatio·
457 2533 546 2578 (fig.
579 2547 637 2578 ap.
675 2531 870 2576 earnis.)
898 2533 941 2575 9,
971 2535 1017 2575 3,
1052 2533 1110 2568 98.
1159 2530 1312 2579 Quidam
1343 2526 1636 2578 epichirema

148 2579 385 2612 rationem
411 2582 652 2624 appellarunt,
685 2578 762 2614 cic.
789 2578 918 2613 melius
943 2576 1358 2613 ratiocinationem
1380 2574 1504 2627 (ῼοᾶᾰ-
1526 2576 1639 2624 {83¹⁰-

148 2622 359 2666 cinativum)
386 2625 433 2667 5,
459 2629 521 2668 10,
545 2626 581 2660 6.
622 2627 670 2660 Ν.
697 2638 745 2659 cr.
782 2637 816 2658 v.
842 2623 1202 2670 Argumentatio.
1234 2622 1267 2656 si
1293 2621 1437 2672 eit-alio
1459 2618 1637 2670 colligitur

149 2668 269 2710 aliud,
299 2679 368 2702 uec
401 2669 635 2714 improprium
669 2681 739 2705 nec
770 2670 974 2704 inusitatum
997 2676 1051 2704 est
1074 2679 1206 2703 nomen
1230 2666 1510 2702 ratiocinationis
1531 2663 1578 2706 8,
1600 2660 1637 2715 4,

151 2714 209 2750 16.
234 2714 271 2748 in
295 2715 506 2762 syllogismo
534 2722 608 2752 tota
631 2722 697 2752 rut.
724 2717 767 2751 ab
796 2727 841 2752 eo
865 2722 939 2761 est,
964 2715 1026 2761 qui
1051 2713 1203 2751 intendit
1225 2713 1267 2758 8,
1289 2709 1414 2754 6,.15.
1438 2713 1474 2744 et
1495 2709 1638 2753 quadri—
