1728 3002
568 157 750 205 snmus
787 182 843 191 —-
879 156 1055 216 Duplex
1501 161 1585 202 26⁷

101 269 290 320 hisghm-
310 272 482 310 nabide-0
498 273 536 318 6,·
553 274 588 318 8,
604 275 665 310 51.
694 270 742 316 ΙΙ)
767 273 974 314 restringas.
1007 270 1046 315 ι)
1071 272 1226 308 dandum
1252 272 1388 320 aliquid
1409 274 1587 310 comoedo

69 314 259 364 „⁸quoqne,
289 320 387 354 dum
403 342 406 346 ·
422 326 590 363 eatenus,
616 329 687 365 qua
709 317 962 363 pronuntiandi
985 318 1171 357 scientiam
1193 320 1333 355 futums
1364 327 1487 355 orator
1523 322 1588 355 de-

101 362 234 400 sidem
257 369 293 410 1,
317 368 375 408 11,
403 369 421 401 1
446 367 496 401 Ν.
528 379 576 401 er.
608 365 788 410 quomodo
814 371 852 399 et
884 363 1136 408 similitudine,
1176 365 1260 400 1111111
1284 366 1411 410 brevi,
1434 387 1482 394 —
1503 372 1586 405 ute-

98 420 182 443 mur
208 410 245 454 4,
275 414 310 455 1,
341 414 398 447 70.
434 412 566 459 eligere
601 412 797 457 quaedam,
832 411 866 444 d.
891 421 938 445 ex
961 410 1028 453 iis,
1061 422 1152 455 quae
1179 420 1240 446 etc.
1265 413 1300 455 9,
1323 412 1359 456 4,
1386 414 1443 448 58.
1475 413 1587 448 cludit

100 454 246 492 interim
270 468 293 492 0
318 456 405 498 time
430 458 649 503 prima‘pers
681 468 828 498 versus,
864 457 897 490 d.
926 456 1019 490 intra
1044 467 1174 500 paucas
1200 459 1356 502 syllabas
1382 462 1426 494 ib.
1454 462 1513 494 72.
1540 461 1587 493 sit

98 501 215 544 pruno
246 469 317 539 vei²
339 503 480 547 tardus,
515 504 549 539 d.
573 503 747 550 diligens,
784 502 884 536 stilus
919 503 982 545 10,
1004 501 1048 548 4,
1078 503 1111 540 5.
1137 503 1316 548 adjicere,
1354 506 1456 539 dum
1494 515 1587 540 non

101 546 242 597 otiosa,
263 554 300 583 et
321 550 531 592 detrahere,
559 550 660 584 dum
682 559 774 584 non
801 549 1002 583 necessaria
1023 550 1060 594 9,
1084 547 1120 594 4,
1145 550 1202 584 58.
1240 549 1285 596 β)
1312 565 1380 597 seq.
1411 552 1585 594 conjunct.

101 593 150 635 a)
178 589 298 629 dicfint
334 594 413 630 sine
435 595 492 630 his
514 595 552 630 in
572 595 655 630 foro
679 594 796 637 multi,
829 600 865 629 et
889 594 1092 639 acquin-ann
1138 596 1237 630 dum
1261 596 1334 631 sit
1369 597 1587 642 locupletior

60 672 63 674 .
101 637 419 683 aliquis-sordidae
441 642 571 676 mercis
598 642 799 689 negotiator
822 643 856 683 1,
883 643 938 682 12,
966 643 1007 675 17
1031 642 1078 675 N.
1105 642 1196 675 Nam
1219 654 1258 676 se
1281 654 1423 688 quoque
1447 643 1587 679 moveri

96 682 240 719 interim
263 686 387 737 linget,
410 693 450 721 ut
471 698 537 734 pro
560 687 704 722 Rabirio
726 688 896 721 Postumo
922 685 1071 730 Cicero,
1102 689 1136 722 d.
1166 687 1297 724 aditum
1318 690 1385 724 sibi
1410 691 1455 724 ad
1482 701 1588 724 aru-es

94 729 225 776 faciat,
256 738 294 768 et
327 733 575 768 auctoritatem
606 734 730 768 induat
751 743 840 768 vera
881 733 1064 766 sentientis
1103 734 1159 775 (a.
1195 738 1218 768 1.
1252 735 1340 770 facit
1367 753 1415 761 —
1449 735 1586 779 induit,

98 789 199 820 quam
223 778 291 822 Sp.
307 778 443 822 frustm
466 778 638 824 desendii)
668 779 704 823 4,
732 783 765 822 1,
788 778 836 813 46
861 779 907 813 Ν.
942 791 988 813 cr.
1014 785 1047 812 et
1075 780 1110 814 S.
1134 781 1168 813 d.
1193 791 1252 814 res
1274 781 1351 826 ipsa
1379 782 1587 817 volentibus

99 821 238 858 discere
263 831 431 870 appareat
451 825 547 869 8‚.4‚
573 828 627 861 15.
663 827 697 859 d.
725 825 990 860 meminerimus
1026 827 1080 867 10,
1106 827 1139 868 1,
1163 827 1221 860 33.
1260 827 1304 869 ej:
1338 830 1374 870 2,
1400 830 1456 872 10,
1482 829 1517 863 6.
1550 830 1588 871 3,

97 867 135 911 6,
151 871 187 904 2.
214 872 249 913 5,
270 873 328 915 10,
347 872 406 907 75.
431 871 515 916 9,4,
531 875 607 906 100.
657 871 699 916 b)
722 873 794 914 adj.
817 879 982 905 tamen.-
1016 872 1119 904 dum
1140 876 1287 907 temen
1308 873 1529 921 intelligatur
1551 878 1586 917 1,

98 915 134 954 1,
157 917 212 949 11.
238 916 273 950 d.
297 922 450 951 tomen
473 923 612 952 constet
633 920 668 962 2,
696 920 753 960 12,
776 921 799 952 7
828 918 874 951 N.
900 918 998 951 dum
1024 917 1177 952 sciamus
1201 923 1347 953 tamen
1383 919 1430 962 (a.
1455 924 1478 954 1.
1504 919 1587 963 om.)

97 959 134 1002 8,
162 961 218 995 Pr.
246 963 304 996 32.
338 961 373 1005 c)
400 964 470 1007 adj.
495 977 596 998 non.-
625 959 728 997 du'm
754 973 822 997 nos
848 962 1068 1009 indulgontia
1093 964 1155 997 illa
1178 970 1253 998 non
1279 966 1380 999 fallat
1407 968 1462 1008 10,
1486 967 1522 1008 3,
1548 969 1586 1001 7.

100 1005 203 1047 dum
229 1017 308 1041 rem
330 1008 557 1051 contineant,
596 1015 632 1043 et
655 1009 759 1053 copia
794 1019 885 1042 non
908 1010 1111 1043 redundent
1135 1013 1191 1053 12,
1220 1013 1277 1054 10,
1303 1011 1362 1046 48.
1389 1009 1510 1055 [dum
1533 1023 1587 1048 ne

78 1047 334 1098 .pugnantibus
361 1053 417 1098 (Z.
443 1053 622 1089 interdum
644 1053 813 1102 repugn.)
837 1054 931 1090 inter
958 1066 999 1089 se
1022 1056 1157 1091 duabus
1185 1059 1219 1100 1,
1244 1059 1280 1101 5,
1303 1058 1349 1093 65
1373 1059 1420 1092 Ν.
1448 1055 1518 1102 cn]

53 1094 234 1150 Damus·
286 1115 407 1146 sentes
429 1112 623 1145 acdumos
646 1124 726 1156 opp.
750 1112 888 1146 fructus
910 1112 946 1155 5,
975 1115 1032 1155 11,
1057 1111 1115 1148 24.

53 1151 289 1201 Dumaxat·
330 1165 370 1208 ι)
393 1170 416 1201 ι’.
441 1181 474 1213 q.
501 1170 627 1202 modo
641 1182 653 1202 .·
676 1179 745 1202 nec
772 1166 862 1204 aliae
884 1169 1023 1212 species
1047 1175 1164 1212 erunt,
1188 1168 1328 1204 etiamsi
1353 1181 1447 1205 unus
1470 1182 1490 1206 a
1517 1172 1587 1206 du-

97 1213 209 1256 obus,
232 1214 330 1248 dunt.
357 1213 505 1247 eandem
526 1225 604 1247 rem
627 1217 738 1258 atque
758 1225 807 1248 ex
829 1215 955 1248 eadem
978 1222 1103 1258 censa,
1126 1221 1224 1259 petet
1251 1218 1286 1259 3,
1316 1219 1435 1260 10,ι2.
1484 1215 1531 1262 β)
1558 1221 1586 1253 ἰ.

88 1271 130 1304 η.
153 1265 245 1293 cer-1
257 1271 297 1301 e,
334 1263 511 1293 mltem:
543 1259 603 1293 alii
627 1271 675 1293 ex
698 1259 838 1294 idoneis
865 1261 964 1295 dunt.
989 1262 1196 1296 auctoribus
1219 1268 1303 1296 octo
1328 1270 1446 1307 partes
1470 1264 1586 1299 secuti

95 1310 179 1338 siunt
206 1307 240 1348 1,
267 1303 306 1348 4,
330 1307 389 1338 20.
428 1305 467 1338 in
499 1307 746 1349 componenda
779 1312 887 1351 toga,
915 1308 1091 1342 duntaxat
1119 1308 1158 1342 in
1180 1307 1343 1352 judiciis,
1370 1329 1416 1336 —
1440 1311 1586 1354 paulum

47 1383 49 1386 f
92 1351 385 1389 ,commorandum
412 1353 469 1392 11,
492 1353 528 1395 3,
554 1352 633 1387 156.
661 1351 706 1393 cs.
730 1354 774 1386 ib.
801 1355 891 1395 162;
915 1354 1156 1388 narrationem
1178 1354 1232 1388 rei
1256 1366 1438 1400 nunquam
1462 1356 1584 1404 exiget

94 1396 235 1442 privata
258 1396 500 1440 deliberatio,
517 1398 595 1441 ejus
619 1398 717 1432 dunt.
743 1398 816 1441 rei,
850 1398 895 1432 de
932 1411 1003 1444 qua
1026 1401 1178 1434 dicenda
1207 1402 1381 1435 sententia
1406 1408 1460 1436 est
1487 1405 1521 1445 3,
1546 1404 1584 1446 8,

92 1444 140 1477 10
160 1443 208 1477 Ν.
238 1453 358 1487 neque
377 1442 493 1478 virtus
513 1445 587 1478 ulla
609 1450 804 1489 perpetuae
829 1445 926 1479 dunt.
957 1446 1128 1480 orationis
1151 1447 1303 1491 reperiri
1335 1453 1467 1492 potest,
1491 1460 1583 1494 quae

63 1527 67 1530 s
91 1498 167 1527 non
189 1488 237 1523 uit
256 1500 339 1525 cum
359 1490 429 1524 hac
452 1489 594 1525 dicendi
615 1490 846 1533 meditatione
873 1492 1072 1526 communis
1094 1495 1130 1536 2,
1159 1495 1215 1536 10,
1236 1496 1274 1527 2.

0 1574 6 1577 .
48 1531 162 1575 Duo*-
221 1544 272 1589 a)
303 1548 503 1590 simpliciter.
551 1547 595 1592 a)
630 1550 673 1581 de
694 1551 864 1592 personis.-
890 1551 987 1594 quod
1013 1551 1084 1584 duo
1110 1549 1268 1584 invicem
1290 1549 1464 1595 objiciunt
1485 1554 1523 1595 7,
1546 1555 1583 1595 2,

94 1592 152 1626 18.
176 1590 221 1633 os.
245 1594 281 1636 3,
303 1593 340 1635 6,
366 1594 432 1627 102
455 1597 498 1628 Z.
521 1594 589 1629 vix
609 1595 680 1628 duo
707 1595 858 1629 connixi
881 1597 916 1638 8,
939 1595 974 1638 4,
998 1595 1055 1630 24.
1090 1596 1129 1639 b)
1155 1598 1197 1629 de
1221 1599 1336 1631 rebus.-
1362 1603 1444 1631 sunt
1466 1597 1585 1632 haec

43 1647 48 1652 '
92 1638 181 1671 duo
209 1637 356 1672 vitanda
389 1649 555 1682 prorsus:
597 1651 739 1675 unum
774 1661 818 1667 —
849 1643 1039 1676 alterum
1071 1644 1107 1685 2,
1131 1643 1165 1684 8,
1192 1641 1248 1677 14.
1276 1643 1364 1677 duo
1391 1649 1510 1678 temen
1534 1663 1584 1670 —

90 1683 271 1727 servavit,
301 1684 489 1728 primus,
509 1704 556 1712 —
587 1686 758 1721 deinde
793 1690 849 1732 11,
875 1691 908 1729 1,
938 1689 995 1722 62.
1026 1688 1126 1729 cuius
1158 1688 1346 1733 (sermonis)
1372 1696 1517 1723 ornatus
1543 1690 1583 1724 in

89 1729 180 1764 haec
206 1730 278 1764 duo
303 1730 417 1775 prima
438 1731 609 1766 dividitur
620 1734 655 1776 8,
674 1735 710 1776 3,
726 1733 784 1767 40.
803 1746 835 1767 v.
852 1733 962 1768 Divi
974 1735 1041 1767 do.
1060 1733 1304 1779 (praejudicia)
1329 1736 1585 1771 confirmantur

92 1775 284 1818 praecipue
300 1777 436 1810 duobus
453 1778 488 1820 5,
496 1780 531 1820 2,
541 1781 577 1812 2.
603 1779 838 1823 de'praemiis
853 1786 1072 1824 quaeruntur
1092 1781 1164 1814 duo
1177 1797 1222 1805 —
1237 1791 1287 1815 ex
1301 1782 1439 1816 duobus
1461 1802 1509 1808 —
1533 1793 1583 1816 ex
1602 1785 1613 1796 ⁸

90 1820 263 1863 pluribus.
278 1824 314 1863 7,
330 1820 366 1864 4,
382 1826 440 1856 21.
456 1826 724 1867 componendus
740 1831 793 1859 est
809 1837 830 1860 e
848 1827 987 1860 duobus
1000 1826 1204 1860 intellectus
1216 1827 1252 1869 8,
1271 1827 1306 1870 6,
1320 1828 1378 1862 66.
1399 1828 1430 1862 si
1448 1839 1472 1861 u
1482 1839 1536 1861 1111
1546 1840 1583 1862 111

92 1865 144 1908 (ἱ.
171 1878 200 1898 e.
229 1878 353 1899 unum
382 1869 577 1912 tantum)
601 1869 646 1904 sit
674 1882 721 1904 ex
745 1872 922 1906 duobus
957 1872 1161 1918 eligendum
1186 1875 1242 1914 12,
1268 1874 1303 1915 9,
1333 1874 1357 1908 6
1380 1875 1428 1907 Ν.
1464 1874 1511 1915 qs.
1545 1875 1582 1918 5,

94 1913 152 1953 10,
176 1911 233 1946 69.
256 1913 449 1946 tertium
473 1914 578 1957 adjici
603 1926 651 1949 ex
674 1927 853 1952 consensu
876 1917 1070 1951 duorum
1095 1919 1381 1952 antecedentium
1404 1920 1438 1961 5,
1464 1919 1522 1963 14,
1545 1921 1583 1954 6.

43 1977 46 1983 ι
93 1956 135 2003 β)
163 1969 192 1990 c.
219 1957 354 1990 Salui-5
378 1958 440 2002 qui
463 1959 536 1992 duo
563 1961 710 1995 affectus
733 1961 788 2005 (a.
812 1967 835 1996 1.
862 1974 952 2007 quae
980 1963 1019 1997 111
1042 1963 1245 2007 affectibus)
1270 1966 1327 2007 10,
1355 1968 1390 2008 1,
1415 1967 1492 2000 107.
1514 1976 1583 2009 per

93 2001 124 2037 C
149 2013 191 2035 ac
213 2001 301 2035 duas
323 2001 554 2047 insequentes
591 2005 751 2048 (literas)
787 2010 821 2049 1,
845 2011 881 2050 7,
908 2010 942 2043 5.
973 2020 1122 2052 quarum
1147 2009 1398 2053 duae'primae
1419 2029 1468 2036 —
1490 2012 1582 2046 duae

93 2052 285 2091 sequentes
311 2047 482 2093 (species)
517 2051 551 2091 3,
574 2048 611 2091 4,
637 2052 674 2085 9.
698 2051 761 2094 qui
785 2053 875 2086 duos
897 2059 1007 2087 status
1034 2055 1198 2087 fecerunt
1219 2056 1255 2096 3,
1279 2055 1314 2097 6,
1340 2057 1400 2089 32.
1422 2067 1515 2099 quae
1541 2061 1583 2091 111

43 2115 46 2118 ·
90 2094 238 2129 vocales
262 2093 478 2140 junguntur,
509 2100 568 2127 aut
603 2106 733 2129 unam
764 2097 909 2143 longam
930 2098 1086 2139 faciunt,
1121 2105 1183 2132 aut
1208 2101 1319 2133 duas
1344 2103 1377 2143 1,
1400 2099 1437 2143 4,
1462 2104 1507 2136 10
1529 2104 1579 2137 N.

91 2140 289 2183 spondeum
311 2139 429 2186 longis
458 2141 592 2174 duabus
614 2142 650 2184 9,
675 2141 711 2184 4,
734 2143 792 2176 80.
820 2149 859 2176 111
893 2144 1013 2177 duae
1047 2143 1191 2178 ultimae
1216 2146 1376 2189 syllabae
1398 2157 1465 2191 pro
1489 2158 1581 2183 una

90 2191 219 2220 sonent
241 2187 286 2219 ib.
310 2187 388 2221 109.
403 2197 437 2220 v.
452 2187 589 2220 Unus.
1046 2206 1053 2217 x

44 2230 299 2272 Duodecim.
372 2243 515 2277 tabulae
538 2243 573 2286 5,
597 2242 654 2286 14,
682 2245 739 2279 18.
763 2243 802 2278 in
827 2245 910 2279 lusu
932 2246 1041 2279 duod.
1067 2245 1282 2290 scriptorum
1317 2250 1374 2292 11,
1395 2250 1437 2293 2,
1455 2250 1503 2286 38
1526 2252 1576 2286 Ν.

88 2288 128 2321 in
151 2288 224 2320 xl!
249 2286 360 2333 signis
382 2291 426 2322 ib.
450 2291 509 2323 22.
533 2288 573 2323 111
594 2291 667 2323 ΧΠ
691 2291 821 2324 tabulis
850 2294 885 2334 1,
907 2292 943 2335 6,
970 2295 1025 2327 11.
1048 2294 1085 2335 3,
1110 2293 1147 2335 6,
1167 2291 1227 2328 84·

39 2331 362 2386 Duodeviginti.
398 2362 445 2370 —-
471 2356 584 2380 annos
609 2347 649 2381 8-
669 2347 704 2390 5,
732 2351 786 2382 17.

43 2384 231 2441 Duplex·
257 2412 315 2420 --
343 2398 438 2434 acies
461 2402 496 2444 5,
520 2405 554 2445 7,
581 2405 614 2438 3.
629 2423 677 2430 —-
694 2404 769 2447 ejus
794 2404 847 2439 rei
872 2415 977 2439 causa
999 2407 1034 2447 2,
1061 2408 1095 2447 1,
1121 2407 1153 2439 1.
1173 2423 1218 2431 —
1235 2417 1320 2440 cura
1335 2408 1392 2450 11,
1406 2409 1441 2450 2,
1459 2408 1517 2443 25.
1531 2424 1578 2436 -

91 2453 192 2494 error
216 2446 251 2486 2,
275 2446 311 2487 3,
334 2446 367 2480 3.
384 2463 430 2472 -
445 2445 607 2483 infitiatio
621 2450 656 2492 8,
673 2451 729 2484 Pr.
746 2452 780 2485 9.
798 2471 844 2477 —-
857 2451 1059 2485 intellectus
1084 2452 1276 2485 verborum
1297 2455 1332 2494 1,
1346 2454 1380 2495 5,
1404 2457 1439 2486 2.
1458 2470 1503 2479 -
1519 2452 1579 2498 iu-

87 2489 183 2523 dicia
204 2491 263 2532 11,
277 2491 311 2532 1,
325 2491 382 2526 78.
397 2509 444 2516 -—
457 2502 567 2536 opera
582 2497 638 2537 10,
657 2495 692 2538 4,
713 2500 745 2529 1.
766 2514 803 2521 -
820 2497 982 2541 quaestio
1004 2500 1059 2540 10,
1078 2499 1114 2540 3,
1131 2497 1166 2530 4.
1181 2506 1227 2523 ·—
1241 2496 1385 2541 ῥυθμός
1409 2500 1445 2541 9,
1459 2498 1495 2543 4,
1512 2499 1573 2535 47.

66 2550 70 2569 3
89 2533 209 2568 -via
231 2537 265 2578 1,
287 2535 324 2579 6,
346 2534 437 2570 4.-'-
450 2538 565 2574 virtus
584 2541 778 2576 memoriae
791 2546 832 2585 1,
848 2546 882 2586 3,
898 2547 936 2586 13
970 2548 1103 2577 metum
1121 2543 1297 2588 duplicem
1314 2542 1465 2591 intelligi
1487 2547 1576 2580 volo

89 2579 124 2621 6,
147 2582 183 2623 2,
206 2583 269 2632 ,²¹-
304 2592 384 2616 ezse
413 2593 492 2618 eam
516 2585 698 2630 (partem)
722 2588 912 2632 aliquando
950 2589 1207 2633 simplicem
1238 2606 1284 2615 —
1316 2600 1573 2635 nonnunquam

89 2626 319 2670 duplicem
340 2629 377 2670 8,
399 2630 436 2671 5,
457 2628 494 2664 4.
530 2631 620 2671 Sunt
643 2634 906 2677 propositiones
934 2641 969 2669 et
994 2635 1256 2680 simplices,
1287 2641 1324 2669 et
1355 2637 1573 2681 duplices
1608 2658 1615 2660 μ

89 2671 152 2704 vel
175 2672 468 2718 multiplices
489 2674 527 2718 4,
547 2674 587 2720 4,
609 2678 643 2712 5.
675 2679 727 2713 Ea
751 2681 930 2725 duplex
953 2680 1178 2715 observatio:
1205 2683 1364 2715 altera
1386 2702 1433 2708 —-
1457 2684 1574 2717 alte-

88 2726 136 2750 ra
164 2717 201 2761 9,
221 2716 259 2762 4,
283 2720 361 2754 121.
387 2719 433 2762 ό.
459 2723 518 2766 11,
540 2723 577 2767 3,
602 2725 682 2760 171.
697 2737 729 2759 υ.
749 2725 896 2762 Alter.
935 2726 1146 2772 duplicia
1177 2725 1238 2771 (α.
1261 2729 1282 2761 1.
1307 2727 1510 2773 duplicata)
1537 2734 1574 2764 et
