1728 3002
163 212 245 251 660
734 204 878 246 Pirata
907 227 962 236 --
990 201 1144 246 Placeo

165 321 325 412 Pigata-
343 335 508 411 1g⁰r7uu4¹
530 329 631 363 illum
656 329 882 375 eloquentiae
907 340 992 364 suae
1016 330 1206 365 salutarem
1230 339 1306 364 non
1329 329 1433 365 etiam
1460 331 1584 374 piratis
1607 337 1718 374 pate-'

227 384 318 412 acxet
389 402 399 420 ,
449 401 459 418 ‚
505 397 515 408 ο

164 424 362 467 Piratica.
409 431 680 476 piraticam,
710 438 750 467 ut
773 431 998 467 musicam
1027 441 1111 477 etc„
1142 432 1214 467 dici
1248 433 1364 468 adhuc
1396 433 1605 468 dubitabant
1635 434 1708 469 mei

213 484 463 525 praeceptores
487 480 522 522 8,
549 481 582 521 3,
609 477 666 513 34.
713 484 752 512 ut
779 479 921 524 quidem
949 480 1206 514 declamatores
1244 478 1282 517 S.
1317 479 1524 524 Pompeium
1546 481 1592 514 ad
1614 480 1710 526 pira-

211 528 317 561 ticam
341 532 487 570 propter
504 527 575 559 hoo
595 525 724 569 ipsum,
749 527 843 570 quod
863 525 973 570 turpis
1003 531 1038 560 et
1065 526 1220 560 crudelis
1238 525 1296 569 sit,
1320 526 1506 570 impellunt
1532 528 1568 570 3,
1591 527 1627 571 8,
1649 525 1711 572 44·

164 573 389 617 Piraticus.
438 582 643 626 paciscendi
674 582 736 617 ille
761 583 930 627 piraticus
954 594 1031 617 mos
1066 587 1124 627 12,
1157 586 1194 627 7,
1220 586 1261 617 11
1291 585 1338 617 N.

166 631 372 674 Piscator.
428 639 626 684 piscatores
651 647 711 674 etc.
743 639 884 674 citatius
917 646 1113 675 moventur
1146 641 1201 683 (in
1228 640 1381 683 sabulis)
1415 643 1473 684 11,
1505 643 1540 686 3,
1574 643 1643 675 112
1672 653 1709 675 v.

211 685 466 768 gagaggtibs.
514 692 554 720 ut
577 685 658 766 iiss(
670 686 837 731 murenis)
862 686 1057 732 piscatores
1088 697 1155 731 pro
1183 687 1339 739 restibus
1368 692 1515 722 utantur
1548 689 1711 730 Galba.

238 761 247 777 ,
298 758 306 772 ,
405 743 418 766 A
446 755 453 764 ·
480 745 527 766 cr.
559 739 591 766 et
647 755 655 765 .

165 778 441 823 Piscatorius.
486 794 607 823 utrum
627 794 728 823 rate
755 800 802 824 an
823 771 1095 834 piscatorio
1124 788 1322 837 navigio
1347 788 1462 825 coez'.
1487 792 1522 833 6,
1545 791 1580 833 3,
1604 788 1663 824 41.

166 837 317 879 Piscis·
365 847 510 881 duratos
531 846 646 881 muria
670 846 786 891 pisces
803 848 838 890 8,
864 851 898 890 2,
923 849 957 882 3.
983 846 1133 891 piscium
1157 858 1290 895 genera
1312 847 1381 882 alia
1401 846 1517 892 planis
1541 847 1711 893 gaudent,

215 894 282 929 alia
306 893 467 936 saxosis,
514 893 722 940 regionibus
758 894 864 933 etiam
898 893 1132 940 litoribusque
1170 894 1325 928 discreta
1359 897 1441 928 sunt
1475 894 1518 936 5,
1554 895 1619 936 10,
1648 894 1710 927 21.

214 942 343 974 humus
368 940 478 983 spinis
509 945 681 984 cooperta
702 939 852 984 piscium
876 941 911 982 8,
936 943 971 984 3,
994 940 1051 975 66.
1080 951 1172 984 aqua
1194 940 1354 986 piscibus
1376 940 1548 975 convenit
1570 942 1628 983 12,
1654 942 1711 982 11,

216 989 274 1023 13.
296 997 377 1019 cum
405 986 538 1021 versati
561 1003 608 1009 —
631 986 784 1031 appositi
809 992 928 1021 essent
952 998 988 1032 p.
1015 988 1047 1029 6,
1073 988 1107 1030 3,
1132 987 1188 1022 90.

168 1032 290 1074 PiSO·'
308 1055 342 1077 v.
367 1056 512 1089 sequens.

168 1089 323 1130 Pistor.
372 1111 446 1134 non
472 1101 642 1135 Pisonum
667 1102 731 1136 sed
754 1100 930 1146 pistorum
946 1098 989 1141 si
1000 1113 1033 1142 g.
1055 1100 1090 1143 9,
1121 1101 1155 1143 3,
1180 1102 1237 1134 72.

167 1158 199 1199 P
202 1158 340 1198 ituila·
387 1169 429 1203 L.
444 1167 569 1203 Aelius
593 1169 825 1213 pituitam,
851 1168 934 1214 quia
961 1174 1057 1212 petat
1070 1168 1181 1203 vitam
1198 1171 1231 1211 1,
1247 1168 1282 1211 6,
1298 1169 1353 1203 36.
1381 1168 1424 1202 ab
1448 1167 1521 1202 imo
1543 1166 1712 1212 pulmone

213 1214 374 1258 pituitam
398 1216 570 1250 trochleis
595 1217 772 1250 adducere
799 1218 854 1258 11,
881 1217 914 1258 3,
941 1215 998 1249 56.
1593 1238 1599 1241 -

168 1259 304 1349 Pius-S
320 1273 356 1313 2,
383 1270 426 1359 4,)
444 1274 490 1307 38
514 1285 548 1306 v.
572 1272 972 1316 Justus.⁴(00gn0men
1000 1271 1086 1315 conj.
1111 1274 1154 1305 z.
1180 1273 1214 1314 5,
1245 1273 1300 1314 10,
1331 1272 1388 1305 30.
1412 1272 1526 1305 Lilm’:
1550 1270 1708 1311 Pleu-1⁸3

214 1329 248 1350 v.
306 1321 400 1359 uppl.
948 1325 956 1332 ¹

167 1360 336 1405 Placeo.
384 1377 424 1414 α)
451 1372 539 1406 nihil
563 1375 757 1417 placere
783 1379 926 1417 potest,
960 1374 1056 1417 quod
1080 1383 1153 1406 non
1179 1373 1319 1406 decet
1344 1377 1376 1414 1,
1410 1376 1465 1415 11,
1493 1371 1548 1405 11.
1571 1371 1712 1406 instan-

216 1420 298 1452 dum
326 1417 383 1460 iis,
410 1430 501 1463 quae
522 1421 664 1463 placere
690 1419 912 1453 intellexeris
941 1422 997 1460 12,
1027 1421 1082 1459 10,
1118 1419 1174 1452 56.
1221 1417 1474 1461 placuisse
1507 1417 1640 1462 aliquid
1664 1429 1710 1453 eo

216 1464 369 1506 dicente,
399 1466 496 1508 quod
519 1467 680 1511 legentes
697 1476 770 1499 non
797 1465 1073 1499 invenimus
1100 1467 1156 1505 11,
1181 1465 1216 1505 3,
1241 1465 1274 1497 8.
1302 1463 1387 1507 quid
1411 1464 1487 1498 fere
1509 1464 1710 1508 undique

214 1510 356 1555 placet?
397 1515 430 1554 1,
456 1514 492 1554 2,
522 1513 576 1546 15.
625 1522 690 1545 suo
714 1513 796 1546 loco
819 1510 936 1544 minus
960 1512 1101 1554 placent
1128 1511 1183 1551 10,
1207 1512 1242 1551 3,
1270 1512 1302 1544 7.
1329 1510 1472 1552 placent
1494 1510 1583 1544 haec
1609 1509 1712 1544 anuis

215 1562 419 1599 comparata
450 1561 481 1599 1,
508 1559 541 1600 3,
571 1558 604 1592 5.
653 1559 749 1602 quod
779 1568 884 1600 saepe
908 1556 997 1590 nihil
1025 1559 1130 1602 plac.‚
1157 1561 1193 1590 et
1221 1555 1355 1599 aliquid
1387 1555 1575 1589 dicendum
1600 1562 1655 1590 est
1677 1559 1713 1600 7,

217 1606 248 1645 1,
273 1605 319 1637 37
339 1604 386 1637 N.
434 1605 539 1650 eligat
557 1615 605 1637 ex
623 1603 788 1638 omnibus
816 1603 960 1647 optima,
987 1609 1022 1636 et
1046 1603 1162 1635 tradat
1187 1613 1230 1635 ea
1266 1602 1409 1635 demum
1432 1602 1471 1634 in
1496 1601 1713 1651 praesentia,

215 1660 308 1693 quae
333 1650 474 1692 placent
497 1651 531 1692 8,
558 1651 617 1684 Pr.
647 1652 682 1684 3.
731 1651 828 1694 quod
853 1650 1041 1693 placeat
1065 1653 1125 1681 aut
1151 1654 1248 1682 certe
1273 1647 1495 1686 sufficiat
1529 1650 1585 1690 10,
1609 1647 1646 1691 4,
1673 1647 1711 1684 4.

216 1696 476 1729 damnanda
521 1702 628 1736 sunt,
684 1707 776 1740 quae
823 1697 1125 1740 placuerant3
1170 1700 1206 1728 et
1254 1693 1571 1737 invenienda,
1619 1703 1712 1738 quae

214 1742 437 1787 fugerant
465 1744 520 1784 10,
545 1741 579 1785 4,
609 1745 642 1775 2.
693 1741 825 1784 omnia,
853 1743 937 1774 dum
959 1746 1166 1783 nascuntur,
1189 1740 1332 1784 placent
1357 1742 1413 1782 10,
1442 1741 1478 1783 3,
1503 1742 1545 1782 7;
1571 1744 1712 1774 actores

214 1788 357 1832 placere
385 1787 537 1822 diversis
563 1787 753 1822 virtutibus
783 1791 838 1829 11,
864 1790 899 1831 3,
926 1788 1005 1824 178.
1051 1788 1123 1820 hoo
1145 1785 1224 1830 ipso
1251 1786 1419 1830 proderat
1455 1788 1549 1830 (Cic.
1559 1785 1583 1829 ),
1614 1786 1710 1830 quod

214 1834 379 1878 placebat
406 1836 462 1877 12,
492 1837 549 1877 10,
573 1834 632 1869 45.
679 1835 842 1878 placebat
867 1839 1016 1878 propter
1038 1834 1116 1867 sola
1139 1832 1228 1868 vitia
1257 1829 1430 1874 (Seneca)
1470 1834 1527 1875 10,
1560 1834 1594 1875 1,
1631 1834 1713 1869 127.

215 1879 397 1913 neminem
419 1879 522 1923 pejus
548 1891 676 1927 agere,
710 1892 814 1925 quam
838 1880 901 1924 qui
937 1879 1231 1924 displicente
1255 1889 1360 1912 causa
1393 1879 1557 1922 placet
1594 1880 1651 1920 12,
1674 1880 1712 1921 9,

218 1926 262 1967 63
304 1937 395 1970 quae
419 1925 715 1970 (controversiae)
740 1924 957 1960 difficultatis
981 1925 1092 1972 gratia
1114 1927 1258 1969 placent
1284 1926 1319 1967 9,
1347 1926 1383 1967 2,
1406 1926 1464 1959 77.
1499 1924 1580 1957 lana
1601 1924 1713 1958 tincta

216 1973 301 2006 fuco
325 1971 414 2005 citra
437 1983 611 2016 purpuras
634 1975 754 2017 placet
783 1974 913 2007 Ouia.
945 1975 1000 2015 12,
1029 1974 1084 2014 10,
1110 1971 1169 2006 75.
1204 1975 1246 2005 ut
1277 1969 1350 2004 sint
1380 1970 1502 2013 plures
1541 1967 1713 2015 (pedes),

216 2018 292 2062 qui
316 2019 537 2062 placent,
574 2025 610 2053 et
645 2018 854 2052 circumfusi
889 2018 1029 2052 bonis
1054 2016 1333 2051 deteriores
1367 2016 1502 2050 lateant
1523 2016 1559 2058 9,
1581 2015 1618 2058 4,
1644 2015 1712 2058 91;

213 2063 380 2108 placendi
410 2064 539 2108 cupido
562 2067 618 2107 10,
645 2068 680 2108 7,
708 2068 763 2099 17.
811 2064 850 2109 β)
876 2077 903 2098 c.
928 2067 1036 2099 Dat.-
1061 2069 1099 2096 ut
1123 2062 1286 2107 quibusd.
1315 2063 1434 2106 placet
1455 2065 1490 2104 2,
1521 2064 1578 2104 17,
1600 2062 1636 2096 9.
1666 2059 1712 2102 cs.

214 2113 249 2153 2,
280 2112 336 2152 13,
362 2111 412 2143 1.’
423 2116 462 2144 ut
486 2110 646 2155 plurimis
671 2110 876 2144 auctoribus
899 2110 1031 2154 placuit
1055 2111 1089 2152 3,
1115 2110 1151 2152 9,
1181 2112 1214 2146 1.
1244 2107 1291 2151 of·
1318 2109 1355 2151 9,
1379 2109 1415 2151 3,
1438 2108 1497 2144 76.
1525 2113 1566 2141 ut
1589 2107 1713 2141 Theo-

216 2157 305 2190 doro
330 2157 420 2200 plac.
447 2158 480 2199 5,
508 2158 563 2199 13,
591 2158 647 2192 59.
695 2162 735 2191 ut
763 2155 865 2191 nobis
893 2157 984 2200 plac.
1011 2157 1067 2196 12,
1095 2157 1131 2198 2,
1156 2158 1213 2189 21.
1261 2159 1301 2187 ut
1325 2152 1454 2206 cuique
1475 2152 1624 2206 {ingenti
1647 2151 1710 2196 (a.

216 2206 238 2236 l.
265 2202 425 2248 fingere)
453 2202 586 2247 placuit
611 2206 644 2246 9,
670 2204 705 2247 3,
731 2202 788 2237 54.
813 2202 852 2236 si
878 2202 951 2236 dis
976 2203 1132 2247 placet
1157 2202 1192 2244 8,
1216 2202 1249 2242 3,
1272 2198 1340 2243 44;
1368 2211 1427 2234 cm
1451 2198 1579 2234 Cicero
1602 2199 1712 2251 val-de

215 2249 369 2292 placebit
403 2251 467 2290 10,
505 2252 546 2292 1,
582 2252 661 2282 112.
712 2260 793 2283 cum
825 2250 968 2293 placere
1001 2259 1040 2282 se
1075 2247 1111 2281 in
1148 2247 1301 2280 dicendo
1335 2256 1462 2290 posse,
1498 2244 1638 2289 quibus·
1659 2245 1713 2278 1111

220 2295 413 2337 placerent,
446 2294 623 2329 diffideret
645 2297 689 2328 ib.
716 2295 793 2330 126.
838 2294 940 2328 Duxi
962 2304 1129 2335 uxorem,
1156 2304 1247 2338 quae
1271 2291 1362 2336 patri
1386 2290 1518 2335 placuit
1544 2292 1713 2332 &ambigue

216 2339 364 2382 dictum)
390 2343 421 2380 9,
446 2344 481 2384 2,
515 2342 580 2383 693
617 2341 746 2385 quibus
773 2341 894 2374 omnia
917 2352 980 2375 sua
1006 2342 1149 2384 placent
1175 2342 1238 2382 10,
1262 2341 1308 2380 3,
1338 2340 1394 2372 12.
1439 2335 1711 2382 φιοτιιιινπιϋιὶ

215 2391 380 2419 neutrum
403 2387 591 2421 admodum
617 2389 745 2430 placet.
771 2388 815 2429 8,
840 2388 885 2430 5,
907 2389 965 2424 25.
1013 2384 1058 2427 cs.
1082 2386 1105 2420 9
1121 2412 1128 2425 ,
1157 2384 1201 2428 4,
1250 2386 1328 2418 110.
1367 2385 1433 2425 10,
1461 2383 1506 2425 5,
1529 2385 1566 2417 2.
1615 2382 1714 2426 quod

218 2430 505 2466 eminentissimis
530 2433 735 2467 auctoribus
758 2432 868 2467 video
892 2431 1068 2476 placuisse
1095 2434 1127 2473 1,
1152 2434 1186 2468 2.
1211 2433 1245 2466 2.
1269 2429 1314 2471 cs.
1342 2433 1376 2472 1,
1401 2429 1435 2471 6,
1459 2427 1517 2463 42.
1539 2427 1712 2472 imperitis

215 2477 357 2519 placere
387 2479 599 2522 aliquando,
625 2490 716 2522 quae
744 2478 875 2513 vitiosa
901 2484 983 2511 sunt
1008 2480 1064 2519 12,
1091 2479 1144 2519 10,
1172 2478 1228 2511 51.
1258 2476 1288 2509 si
1315 2475 1484 2519 asperitas
1509 2474 1552 2508 iis
1579 2473 1711 2519 placuit

216 2521 364 2563 alicujus
390 2526 445 2566 10,
467 2527 503 2567 2,
532 2527 588 2559 23.
615 2535 706 2568 quae
731 2523 961 2568 (compositio)
986 2524 1029 2557 ab
1053 2533 1126 2556 uno
1158 2524 1272 2556 Bruto
1305 2521 1422 2554 minus
1455 2520 1710 2564 probatur,

218 2568 345 2600 ceteris
369 2571 531 2611 placet
553 2572 589 2613 9,
613 2570 647 2612 4,
673 2571 730 2605 63.
765 2569 811 2612 cf.
848 2573 889 2604 ib.
934 2571 1010 2604 105.
1058 2569 1154 2612 quod
1184 2579 1258 2602 non
1291 2578 1363 2601 una
1395 2564 1558 2601 omnibus
1593 2565 1711 2598 forma

219 2614 349 2655 placuit
377 2618 431 2655 12,
463 2619 519 2658 10,
543 2619 577 2650 2.
604 2616 648 2657 cs.
680 2618 712 2651 5.
761 2628 851 2660 quae
875 2615 962 2649 mihi
989 2621 1024 2649 et
1051 2621 1223 2659 quatenus
1255 2613 1390 2647 musice
1423 2612 1562 2655 placeat
1588 2613 1624 2662 1,
1651 2613 1708 2653 10,

217 2659 271 2691 31-
299 2658 358 2701 qui
386 2660 534 2702 (status)
559 2668 595 2696 et
621 2662 787 2708 Virginio
811 2664 952 2706 placent
976 2663 1009 2704 3,
1034 2661 1068 2704 6,
1093 2659 1151 2695 45.
1198 2659 1238 2705 γ)
1274 2671 1340 2703 seq.
1378 2655 1471 2698 Infi:
1505 2666 1708 2691 severiores

216 2704 318 2747 sequi
345 2705 462 2748 placet
497 2712 568 2747 (sc.
601 2707 730 2753 mihzj)
767 2709 864 2754 leges
903 2711 969 2750 12,
1006 2711 1046 2750 1,
1081 2705 1139 2740 40.
1188 2714 1385 2750 quanquam
1420 2702 1595 2736 Graecum
1630 2713 1710 2736 esse

219 2747 523 2793 (grammaticum)
548 2752 701 2794 priorem
731 2755 846 2796 placet
873 2757 904 2794 1,
929 2752 964 2795 4,
995 2757 1035 2796 1;
1068 2752 1196 2796 quibus
1220 2749 1351 2794 placuit
1374 2749 1564 2782 ostendere
1589 2750 1622 2791 5,
1653 2751 1710 2790 12,

221 2796 274 2830 15.
302 2795 397 2842 Ergo
422 2796 479 2829 cui
503 2797 606 2832 latius
632 2800 820 2841 complecti
849 2807 907 2831 etc.
949 2798 1141 2842 placuerit,
1183 2797 1310 2837 habet,
1346 2795 1443 2838 quod
1471 2799 1644 2838 sequatur
1673 2795 1708 2836 9,
