1728 3002
174 223 254 263 740
893 217 975 268 Qui

221 345 312 380 quae
336 345 385 368 ex.
401 332 550 377 poeticis
569 332 700 368 fabulis
726 334 919 377 ducuntur,
950 332 1019 368 nisi
1043 333 1141 378 quod
1162 332 1208 368 iis
1230 332 1347 374 minus
1370 332 1613 375 affirmationis
1637 337 1701 370 ad-

222 381 379 416 hibetur:
409 380 536 422 cujus
559 390 663 423 usus,
689 380 802 424 qualis
825 391 903 414 esse
927 380 1072 416 deberet
1086 397 1131 405 -
1153 380 1308 415 ostendit
1329 381 1364 424 5,
1390 383 1447 424 11,
1472 383 1516 415 17
1535 382 1581 416 Ν.
1606 392 1700 426 poe-

222 433 278 462 tae
310 426 503 461 verborum
534 425 747 460 divisionem
780 426 915 460 faciunt
942 431 978 460 et
1008 427 1340 473 transgressionem,
1371 446 1417 452 -
1448 428 1564 471 quod
1586 428 1700 462 oratio

222 483 444 516 nequaquam
466 471 622 515 -recipiet
649 473 691 515 8,
719 475 763 516 6,
792 473 856 516 66;
904 475 1042 508 Ablal..·
1076 473 1289 517 compressis
1311 473 1423 506 tribus
1446 473 1591 520 digitis,
1609 485 1699 518 quo

223 530 315 553 nunc
345 516 473 552 Graeci
497 523 662 561 utuntur,
689 522 728 552 11
745 544 755 560 ,
780 521 823 561 3,
849 520 927 552 102.
964 523 1003 552 ut
1034 518 1122 553 nihil
1156 518 1439 566 significationis,
1473 529 1558 563 quo
1582 519 1699 563 potius

221 564 352 606 utaris,
386 563 526 597 intersit
551 567 613 607 10,
650 567 691 607 1,
724 567 780 598 11.
828 565 901 599 Sed·
923 565 977 597 de
1005 576 1095 609 quo
1120 577 1214 599 nunc
1238 565 1374 611 agitur,
1404 567 1503 599 ’unde
1532 565 1635 609 copia
1657 577 1699 599 ac

223 610 372 644 facilitas
399 609 553 644 maxime
582 610 703 646 veniat
726 613 790 654 10,
814 612 857 654 5,
886 614 904 644 1
931 611 976 644 N.
1010 622 1071 645 ex
1097 622 1182 655 quo
1206 613 1322 655 palam
1352 616 1406 645 est
1432 614 1475 652 2,
1503 614 1545 654 1,
1569 613 1604 646 9.
1648 612 1698 645 In

223 666 304 701 quo
327 656 452 690 vitium
476 656 563 690 illud
587 662 640 690 est
662 655 705 699 4,
729 659 771 699 3,
799 659 831 692 3.
859 656 966 690 sine
1002 667 1085 700 quo
1113 668 1159 691 ne
1188 657 1354 691 membris
1382 657 1527 701 quidem.
1549 667 1632 690 sues
1654 656 1697 690 li-

221 713 306 737 neas
330 701 510 736 dedissent
534 705 599 746 11,
627 704 669 745 3,
692 701 750 737 46.
794 703 920 737 Illud
947 713 1090 747 quoque
1115 723 1161 729 —
1183 704 1374 747 frequens,
1404 713 1487 746 quo
1515 700 1570 746 id,
1602 703 1699 746 qnod

222 748 345 792 efficit,
370 759 426 782 ex
448 759 521 788 eo,
545 750 667 792 quod
691 749 854 791 efficitur,
880 748 1096 783 ostendimus
1123 751 1158 792 8,
1182 749 1215 788 6,
1238 752 1294 789 27.
1341 747 1408 782 His
1432 747 1595 791 adjicitur
1615 749 1701 782 Mo-

221 795 305 836 dus,
340 805 445 839 quem
469 790 608 838 τρόπον
635 794 773 834 dicunt,
808 805 897 839 quo
921 795 1102 838 quaeritur
1130 802 1192 829 eie.
1222 795 1262 835 5,
1290 797 1352 837 10,
1377 794 1421 829 52
1449 796 1495 828 Ν.
1527 800 1566 828 ut
1588 794 1700 829 fluere

221 839 340 875 omnia
363 858 406 864 -
429 839 637 883 videantur,
662 851 748 885 quo
772 850 890 875 mores
913 841 1062 875 dicentis
1087 852 1134 875 ex
1159 840 1318 875 oratione
1344 841 1471 884 pellu
1485 846 1642 883 ceant,
1665 846 1701 874 et

221 886 483 931 quodammodo
505 893 741 932 agnoscantur
762 887 796 928 6,
821 890 856 929 2,
885 888 930 920 13
946 888 990 921 N.
1016 897 1103 932 quo
1126 886 1164 921 fit
1185 888 1221 929 9,
1243 885 1277 930 4,
1301 887 1348 922 90
1369 898 1401 920 v.
1420 886 1512 920 Fio.
1535 898 1570 920 v.
1593 887 1699 932 Quo.

221 932 258 975 b)
284 936 396 966 Plan:
432 931 531 976 quia,
557 943 679 976 quae,
699 934 825 966 doctor
848 932 1047 976 praecepit,
1073 938 1193 968 orator
1215 931 1370 967 ostendit
1398 935 1453 974 10,
1481 934 1511 974 1',
1537 934 1592 966 15.
1618 942 1701 966 ora-

221 977 290 1012 tori
322 977 467 1011 minime
498 978 668 1012 convenit
699 979 818 1013 vultus
850 984 1062 1025 gestusque,
1095 991 1148 1024 qu
1159 989 1207 1012 ae
1232 978 1271 1012 in
1294 977 1556 1023 mimisvvideri
1583 979 1701 1012 solent

220 1025 254 1066 6,
281 1026 315 1066 3,
339 1025 395 1059 29.
420 1025 637 1067 respondere
663 1025 718 1058 ad
742 1035 850 1069 quae
872 1025 1110 1072 interrogatur
1131 1023 1173 1068 4,
1196 1027 1241 1067 2,
1264 1026 1322 1064 92.
1346 1023 1548 1067 respondit,
1578 1035 1699 1068 quae

222 1070 256 1104 ei
281 1069 399 1104 visum
424 1074 476 1103 est
499 1070 543 1112 4,
569 1073 610 1113 2,
634 1071 690 1105 67.
729 1081 837 1115 quae
865 1077 947 1111 sunt
969 1071 1187 1106 inventionis
1215 1073 1279 1113 10,
1307 1072 1349 1112 1,
1377 1070 1455 1105 106.
1512 1069 1700 1104 Concitare

220 1115 413 1157 invidiam,
454 1115 594 1158 odium,
628 1115 715 1149 iram
747 1116 786 1149 in
812 1116 1038 1160 peroratione
1065 1116 1256 1162 contingit:
1297 1125 1492 1160 quorum
1525 1115 1699 1150 invidiam

222 1163 354 1208 gratia,
380 1161 501 1195 odium
524 1160 727 1205 turpitudo,
754 1162 842 1196 iram
866 1162 1016 1197 offensio
1039 1163 1166 1206 judicis
1189 1162 1278 1196 facit
1299 1164 1342 1205 6,
1367 1164 1408 1205 1,
1437 1161 1482 1196 14
1510 1163 1558 1196 N.
1585 1161 1699 1195 omnis

221 1207 314 1241 actio
338 1206 375 1240 in
403 1208 488 1240 duas
511 1213 629 1250 partes
653 1207 779 1251 divisa,
803 1219 934 1252 vocem
957 1214 1175 1255 gestumque,
1203 1218 1397 1254 quorum
1422 1209 1511 1242 alter
1527 1223 1571 1232 -—
1590 1208 1700 1241 altera

221 1255 276 1295 11,
307 1254 342 1294 3,
366 1251 421 1286 14.
449 1253 638 1295 plurimum
661 1255 772 1287 refert
795 1253 929 1289 invidia
951 1265 1046 1299 reus,
1071 1266 1115 1288 an
1141 1254 1246 1297 odio,
1273 1265 1325 1288 an·
1347 1259 1527 1288 contemtu
1548 1253 1699 1297 laboret,

222 1308 407 1342 quorum
434 1298 511 1331 fere
540 1309 623 1341 pars
656 1299 769 1342 prima
797 1299 998 1343 superiores
1024 1307 1084 1334 etc.
1118 1299 1251 1344 premit-
1269 1303 1331 1342 12,
1358 1301 1401 1342 8,
1427 1298 1482 1335 14.
1525 1298 1571 1340 cf.
1596 1301 1638 1343 5,
1661 1302 1697 1342 7,

220 1346 288 1386 323
313 1341 470 1387 ‘qualia
494 1354 588 1377 nunc
612 1344 797 1377 laudantur
822 1356 842 1378 a
865 1345 1055 1388 quibusd.,
1083 1355 1273 1388 quorum
1297 1350 1387 1378 est:
1412 1346 1457 1379 de
1481 1355 1588 1379 cruce
1609 1355 1696 1380 ver-

219 1389 274 1423 ba¹
289 1388 494 1422 ceciderunt
516 1389 550 1430 8,
574 1391 609 1431 2,
634 1389 657 1422 4
672 1393 714 1422 Ζ.
743 1389 788 1430 cf.
812 1390 846 1431 9,
870 1393 904 1431 1,
928 1393 963 1423 2.
990 1393 1046 1432 10,
1071 1392 1105 1433 3,
1130 1393 1195 1432 21,
1223 1391 1356 1436 Quaed.
1382 1400 1473 1425 vero
1497 1390 1600 1423 etiam
1615 1395 1697 1423 *tur-

217 1434 312 1479 piter
336 1439 593 1468 convertuntur
618 1452 662 1458 -
686 1434 735 1468 in
763 1435 931 1479 quibus
965 1434 995 1469 si
1023 1436 1081 1477 id,
1113 1436 1209 1479 quod
1243 1434 1420 1479 posterius
1450 1439 1524 1477 est,
1560 1434 1696 1469 dixeris

218 1480 254 1523 4,
278 1483 312 1523 2,
337 1481 400 1522 873
430 1492 503 1512 cum
525 1481 575 1512 his
599 1478 667 1520 cs..·
693 1490 809 1524 eoque
832 1480 1112 1525 frequentiorem
1131 1480 1230 1526 quasi
1246 1482 1385 1524 pulsum
1401 1481 1551 1524 habent,
1580 1492 1696 1526 quae

219 1537 294 1560 res
319 1525 454 1559 lenitati
478 1525 654 1560 contraria
678 1532 732 1560 est
755 1529 795 1568 9,
819 1525 854 1570 4,
882 1527 947 1561 136
971 1538 1004 1561 v.
1030 1528 1126 1561 Res.
1175 1525 1212 1570 c)
1237 1525 1536 1568 circ-nimmjacit:
1564 1527 1696 1574 Quod

219 1571 436 1616 pertinet
459 1572 501 1605 ad
527 1577 704 1614 actorem,
731 1583 804 1606 non
826 1574 932 1616 plane
954 1572 1124 1606 dissentio
1149 1584 1169 1606 a
1193 1571 1298 1607 Celso
1321 1575 1356 1615 7,
1381 1575 1416 1615 1,
1439 1574 1497 1607 10.
1529 1571 1574 1614 cfi
1598 1573 1634 1616 9,
1657 1571 1695 1616 4,

217 1618 263 1653 96
284 1621 326 1651 Ζ.
352 1618 486 1661 ltaque,
513 1619 632 1661 quod
654 1617 705 1650 in
728 1628 782 1651 eo
806 1617 1044 1652 incertum
1071 1623 1156 1661 est,
1183 1629 1269 1652 cura
1292 1623 1329 1652 et
1349 1617 1578 1662 inquisitione
1604 1615 1695 1663 opus

217 1669 289 1706 est,
316 1663 395 1708 quis
418 1674 518 1697 reum
544 1668 678 1706 premat
702 1664 743 1706 5,
769 1666 810 1707 7,
834 1666 880 1698 23
898 1665 946 1698 Ν.
991 1664 1036 1698 Et
1068 1665 1191 1708 quod
1225 1663 1371 1698 nomine
1396 1669 1554 1707 constat,
1586 1665 1631 1698 de
1653 1675 1695 1699 re

217 1708 362 1743 dubium
386 1715 452 1752 est,
477 1708 618 1742 interim
639 1709 842 1752 conjectura
864 1715 919 1744 est
940 1713 976 1752 7,
1002 1712 1036 1750 3,
1064 1709 1106 1753 4;
1131 1715 1167 1744 et
1194 1711 1319 1755 quod
1342 1710 1387 1744 de
1411 1709 1549 1744 Pericle
1560 1710 1695 1745 veteris

218 1755 425 1790 comoediae
453 1754 694 1789 testimonium
716 1761 791 1797 est,
830 1754 869 1789 in
891 1756 987 1789 hunc
1009 1755 1193 1790 transferri
1215 1755 1406 1800 justissime
1429 1754 1543 1799 possit
1565 1758 1630 1799 10,
1655 1759 1689 1799 1,

175 1809 177 1811 “
216 1802 276 1844 82;
306 1802 336 1847 Q
350 1812 434 1835 nae
461 1806 542 1834 sunt
565 1806 681 1835 tamen
705 1801 844 1844 tradita,
870 1802 954 1845 quid
978 1812 1026 1836 ex
1052 1802 1108 1836 his
1131 1801 1321 1847 optimum,
1346 1807 1383 1836 et
1405 1801 1441 1835 si
1455 1801 1541 1846 quid
1562 1801 1691 1836 mutari

218 1855 279 1882 etc.
302 1848 503 1888 videbitur,
528 1846 646 1881 dicere
668 1847 845 1891 experiar.
868 1850 904 1890 2,
929 1846 985 1890 14,
1014 1849 1071 1882 17.

261 1891 300 1935 ε)
329 1907 357 1927 c.
386 1891 594 1926 Praedia-tito.
635 1892 679 1934 a)
704 1906 760 1936 ap.
792 1895 908 1927 Sum.-
941 1904 1060 1938 quae
1085 1892 1152 1926 fuit
1175 1903 1312 1927 causa
1338 1897 1375 1927 et
1401 1891 1530 1927 Servio
1553 1893 1693 1927 subtra-

215 1939 352 1973 hendae
380 1939 404 1972 S
430 1939 554 1972 literae
576 1939 622 1981 9,
646 1937 692 1981 4,
716 1940 772 1974 38.
797 1937 846 1979 σί.
869 1939 915 1982 6,
940 1939 985 1981 4,
1017 1942 1070 1973 11.
1095 1950 1215 1983 quae
1238 1940 1332 1973 solet
1353 1945 1432 1973 esse
1457 1943 1590 1972 sumnia
1615 1939 1693 1972 col-

215 1985 322 2018 lectio
350 1984 391 2026 4,
414 1983 457 2027 4,
482 1987 504 2018 2
528 1985 574 2018 Ν.
608 1984 772 2028 proxima
795 1984 984 2019 discendae
1008 1995 1135 2019 causae
1157 1984 1270 2027 ratio,
1301 1985 1421 2029 quod
1443 1989 1498 2018 est
1522 1983 1694 2018 orationis
1718 2008 1722 2011 »

219 2031 486 2064 fundamentum
512 2033 568 2073 12,
593 2031 628 2074 8,
654 2031 853 2064 1..reddam
875 2041 985 2074 nunc,
1009 2042 1138 2075 quam
1161 2030 1359 2075 proximam
1374 2036 1510 2075 partem
1530 2030 1690 2064 dixeram

214 2087 293 2110 esse
313 2078 357 2110 de
373 2077 483 2120 tropis
507 2077 541 2118 8,
569 2077 603 2118 5,
627 2077 684 2111 35.
711 2075 757 2118 cs.
780 2076 815 2119 6,
838 2075 874 2119 4,
901 2079 957 2111 11.
981 2076 1112 2110 omissa
1139 2087 1317 2120 rerum,
1342 2077 1422 2120 qui
1447 2075 1581 2110 nervi
1606 2081 1689 2110 sunt

215 2122 251 2156 in
276 2134 403 2164 causa,
428 2121 609 2168 diligentia
631 2123 674 2164 8,
699 2123 757 2156 Pr.
783 2124 837 2157 18.
871 2123 1027 2156 secunda
1052 2122 1285 2164 varietas,
1315 2122 1436 2166 quod
1461 2121 1514 2166 (u.
1539 2126 1563 2156 1.
1585 2121 1688 2165 quae)

214 2169 328 2201 solum
353 2174 407 2202 est
432 2167 766 2212 pronuntiatio
794 2171 852 2211 11,
877 2170 922 2211 3,
949 2167 1006 2202 43.
1037 2167 1398 2210 verecundiam,
1420 2177 1531 2212 quae
1558 2172 1612 2201 est
1635 2167 1689 2200 ti-

212 2223 306 2248 mor
333 2213 508 2258 quidam
534 2217 589 2255 12,
614 2215 648 2255 5,
677 2215 710 2248 3.
749 2213 793 2255 ej}
820 2217 856 2257 7,
883 2216 916 2257 1,
939 2215 996 2249 62.
1020 2210 1269 2258 περίοδον,
1303 2224 1420 2257 quae
1445 2218 1499 2247 est
1521 2215 1582 2248 vel
1604 2223 1687 2246 am—

212 2259 346 2301 bitus,
369 2260 429 2294 vel
455 2259 827 2294 circumductum
851 2266 911 2293 etc.
936 2261 971 2302 9,
995 2257 1031 2302 4,
1054 2262 1112 2293 22.
1137 2260 1260 2303 quod
1286 2265 1339 2292 est
1363 2255 1574 2293 ἃσίνωσισ
1594 2259 1631 2300 9,
1650 2261 1686 2300 2,

212 2303 289 2338 104.
337 2304 377 2348 b)
403 2318 458 2349 ap.
481 2307 582 2338 verba
605 2307 805 2347 dicendi,
843 2307 1111 2349 appellandi
1129 2312 1214 2338 eic..·
1241 2315 1304 2338 seu
1317 2303 1389 2338 ficti
1404 2303 1498 2338 notis
1522 2303 1687 2339 versibus
1704 2318 1721 2340 ,’

212 2349 414 2393 similes,
441 2362 555 2395 quae
583 2350 634 2393 (a.
652 2355 674 2384 l.
701 2350 811 2394 quod)
838 2346 1053 2395 παρωδία
1076 2350 1205 2384 dicitnr
1226 2350 1269 2392 6,
1295 2351 1335 2393 3,
1353 2352 1416 2385 ⁴97.
1441 2348 1485 2391 cf.
1511 2352 1545 2393 2,
1570 2350 1630 2393 18,
1654 2352 1686 2383 1.

212 2407 319 2439 quas
344 2397 615 2439 φαντασίας
638 2403 791 2440 vocant,
817 2407 884 2430 nos
910 2407 994 2430 sane
1017 2395 1176 2431 visiones
1199 2396 1413 2439 appellemus
1432 2396 1467 2438 6,
1491 2398 1526 2438 2,
1549 2397 1607 2430 29.
1641 2394 1688 2436 cf.

209 2442 243 2481 8,
273 2445 305 2481 1,
331 2444 362 2474 1.
401 2443 435 2484 8,
461 2444 495 2485 3,
521 2443 576 2476 55.
608 2442 759 2485 illius,
795 2453 923 2486 quam
946 2442 1309 2486 permissionem
1331 2446 1466 2477 vocant
1489 2443 1532 2482 93
1558 2443 1601 2484 2,
1629 2441 1687 2475 25.
1727 2471 1728 2491 ἦ

210 2485 446 2528 facilitas,
485 2498 598 2531 quae
624 2499 678 2531 ap.
706 2489 861 2522 Graecos
886 2486 979 2526 ἕξις
1001 2488 1201 2521 nominatur
1225 2490 1286 2530 10,
1313 2490 1351 2530 1,
1377 2490 1418 2530 13
1449 2495 1587 2530 sermo,
1611 2484 1683 2530 qui
1727 2495 1728 2506 ³

208 2530 257 2569 (a.
286 2535 308 2564 l.
336 2532 444 2576 quae)
470 2533 599 2567 dicitur
624 2529 839 2578 ἀποστροφή
863 2534 906 2576 9,
929 2536 974 2575 2,
998 2535 1056 2568 38.
1082 2530 1261 2577 εἰρωνεία,
1284 2543 1396 2577 quae
1419 2537 1473 2566 est
1497 2532 1681 2566 schema

206 2576 241 2615 9,
265 2578 298 2614 2,
321 2575 377 2609 44.
403 2589 451 2611 ex
477 2579 670 2622 affectibus,
699 2591 755 2623 qu
769 2590 816 2613 os
840 2578 893 2613 illi
918 2578 1037 2614 vitia
1063 2579 1184 2624 dicunt
1209 2581 1265 2621 11,
1290 2582 1322 2619 1,
1347 2580 1403 2613 33.
1430 2577 1551 2622 qnod
1577 2585 1684 2609 con-

206 2620 465 2655 clusionem
489 2624 637 2658 dicimus
660 2626 701 2667 8,
726 2625 770 2667 5,
799 2627 852 2658 13.
892 2623 938 2665 cs.
966 2626 1000 2667 8,
1022 2626 1056 2665 3,
1081 2626 1122 2659 61
1150 2625 1197 2658 Ν.
1224 2637 1270 2657 cr.
1307 2625 1394 2658 hoc
1427 2621 1683 2667 quod‘vulgo

205 2666 396 2698 sententias
428 2678 597 2702 vocamus
629 2673 694 2712 12,
721 2673 783 2712 10,
807 2669 865 2705 48.
900 2680 1084 2704 sermones
1101 2669 1290 2703 hominum
1315 2668 1534 2702 assimulatus
1563 2667 1718 2709 dicere—,⁸

205 2706 459 2761 διαλόγου-ς
482 2716 636 2756 malunt,
674 2716 796 2758 quod
822 2716 880 2760 (a.
907 2719 932 2752 1.
957 2718 1054 2750 inser.
1081 2714 1211 2760 quam)
1238 2714 1441 2747 Latinorum
1465 2711 1604 2755 quidam
1631 2712 1685 2745 di-

201 2760 332 2788 xerunt
365 2760 828 2794 sermocinationem
854 2763 901 2803 9,
929 2764 970 2804 2,
995 2763 1051 2795 31.
1085 2760 1130 2801 cs.
1157 2763 1191 2804 5,
1217 2762 1272 2802 10,
1299 2761 1332 2794 8.
1369 2759 1492 2801 quod
1524 2755 1706 2801 πόθος,

201 2800 347 2842 dicitur,
373 2805 596 2846 quodque
619 2813 684 2838 nos
709 2805 852 2848 proprie
875 2806 1106 2840 aff-ectum
1128 2815 1297 2842 vocamus
1321 2804 1356 2846 6,
1381 2807 1414 2845 2,
1439 2805 1495 2836 20.
1521 2803 1565 2843 cs}
1592 2804 1615 2837 8
1637 2806 1681 2837 Z.
