<?xml version="1.0" encoding="UTF-8"?>
<!DOCTYPE html PUBLIC "-//W3C//DTD XHTML 1.0 Transitional//EN"
    "http://www.w3.org/TR/xhtml1/DTD/xhtml1-transitional.dtd">
<html xmlns="http://www.w3.org/1999/xhtml" xml:lang="en" lang="en">
 <head>
  <title>
</title>
<meta http-equiv="Content-Type" content="text/html;charset=utf-8" />
  <meta name='ocr-system' content='tesseract 3.04.00' />
  <meta name='ocr-capabilities' content='ocr_page ocr_carea ocr_par ocr_line ocrx_word'/>
</head>
<body>
  <div class='ocr_page' id='page_1' title='image "./lexiconquintilia06bonnuoft_0529.png"; bbox 0 0 1728 3002; ppageno 0'>
   <div class='ocr_carea' id='block_1_1' title="bbox 519 189 1572 236">
    <p class='ocr_par' dir='ltr' id='par_1_1' title="bbox 519 189 1572 236">
     <span class='ocr_line' id='line_1_1' title="bbox 519 189 1572 236; baseline -0.001 0"><span class='ocrx_word' id='word_1_1' title='bbox 519 192 742 236; x_wconf 66' lang='lat' dir='ltr'>Innbenco</span> <span class='ocrx_word' id='word_1_2' title='bbox 766 217 821 228; x_wconf 83' lang='lat'><em>-</em></span> <span class='ocrx_word' id='word_1_3' title='bbox 852 189 1097 234; x_wconf 69' lang='lat' dir='ltr'>Intellectus</span> <span class='ocrx_word' id='word_1_4' title='bbox 1489 197 1572 236; x_wconf 78' lang='lat'>437</span> 
     </span>
    </p>
   </div>
   <div class='ocr_carea' id='block_1_2' title="bbox 4 300 1574 446">
    <p class='ocr_par' dir='ltr' id='par_1_2' title="bbox 4 300 1574 446">
     <span class='ocr_line' id='line_1_2' title="bbox 43 300 1571 360; baseline -0.005 -13"><span class='ocrx_word' id='word_1_5' title='bbox 43 342 47 347; x_wconf 83' lang='grc'><em>,</em></span> <span class='ocrx_word' id='word_1_6' title='bbox 142 352 147 357; x_wconf 63' lang='grc'>,</span> <span class='ocrx_word' id='word_1_7' title='bbox 173 312 240 349; x_wconf 70' lang='lat' dir='ltr'>bus</span> <span class='ocrx_word' id='word_1_8' title='bbox 259 310 450 358; x_wconf 66' lang='lat' dir='ltr'>inungunt</span> <span class='ocrx_word' id='word_1_9' title='bbox 470 307 613 352; x_wconf 69' lang='lat' dir='ltr'>(iambi)</span> <span class='ocrx_word' id='word_1_10' title='bbox 636 309 682 351; x_wconf 88' lang='grc'>9,</span> <span class='ocrx_word' id='word_1_11' title='bbox 706 305 755 351; x_wconf 82' lang='grc'>4,</span> <span class='ocrx_word' id='word_1_12' title='bbox 779 306 859 360; x_wconf 47' lang='grc'>136..</span> <span class='ocrx_word' id='word_1_13' title='bbox 897 305 1024 351; x_wconf 74' lang='lat' dir='ltr'>quibus</span> <span class='ocrx_word' id='word_1_14' title='bbox 1045 300 1148 340; x_wconf 61' lang='lat' dir='ltr'>mens&gt;</span> <span class='ocrx_word' id='word_1_15' title='bbox 1171 304 1306 358; x_wconf 69' lang='lat' dir='ltr'>pariter</span> <span class='ocrx_word' id='word_1_16' title='bbox 1327 312 1436 359; x_wconf 46' lang='grc' dir='ltr'>(ξίφη.</span> <span class='ocrx_word' id='word_1_17' title='bbox 1455 306 1571 360; x_wconf 62' lang='lat' dir='ltr'>oratio</span> 
     </span>
     <span class='ocr_line' id='line_1_3' title="bbox 4 355 1574 405; baseline -0.003 -16"><span class='ocrx_word' id='word_1_18' title='bbox 4 382 10 389; x_wconf 71' lang='grc'><strong><em>,</em></strong></span> <span class='ocrx_word' id='word_1_19' title='bbox 85 363 248 405; x_wconf 58' lang='lat' dir='ltr'>manga</span> <span class='ocrx_word' id='word_1_20' title='bbox 270 358 400 400; x_wconf 74' lang='lat'>12,2,</span> <span class='ocrx_word' id='word_1_21' title='bbox 423 357 482 391; x_wconf 66' lang='lat'>2&amp;</span> <span class='ocrx_word' id='word_1_22' title='bbox 515 355 636 390; x_wconf 68' lang='lat' dir='ltr'>verbis</span> <span class='ocrx_word' id='word_1_23' title='bbox 653 380 663 396; x_wconf 92' lang='lat'>,</span> <span class='ocrx_word' id='word_1_24' title='bbox 695 359 735 387; x_wconf 86' lang='lat' dir='ltr'>ut</span> <span class='ocrx_word' id='word_1_25' title='bbox 758 363 899 396; x_wconf 71' lang='lat' dir='ltr'>saepius</span> <span class='ocrx_word' id='word_1_26' title='bbox 930 362 1093 404; x_wconf 53' lang='lat' dir='ltr'>presan</span> <span class='ocrx_word' id='word_1_27' title='bbox 1126 358 1218 389; x_wconf 79' lang='lat' dir='ltr'>est.</span> <span class='ocrx_word' id='word_1_28' title='bbox 1259 358 1308 385; x_wconf 76' lang='lat' dir='ltr'>ila</span> <span class='ocrx_word' id='word_1_29' title='bbox 1332 358 1472 405; x_wconf 71' lang='lat' dir='ltr'>luterum</span> <span class='ocrx_word' id='word_1_30' title='bbox 1499 362 1574 385; x_wconf 78' lang='lat' dir='ltr'>in-</span> 
     </span>
     <span class='ocr_line' id='line_1_4' title="bbox 89 397 1572 446; baseline -0.005 -6"><span class='ocrx_word' id='word_1_31' title='bbox 89 415 175 440; x_wconf 70' lang='lat' dir='ltr'>tur</span> <span class='ocrx_word' id='word_1_32' title='bbox 217 403 254 437; x_wconf 87' lang='lat' dir='ltr'>it</span> <span class='ocrx_word' id='word_1_33' title='bbox 276 403 455 444; x_wconf 74' lang='lat' dir='ltr'>(nan-mio)</span> <span class='ocrx_word' id='word_1_34' title='bbox 484 403 529 446; x_wconf 83' lang='lat'>9,</span> <span class='ocrx_word' id='word_1_35' title='bbox 559 401 605 445; x_wconf 79' lang='lat'>4,</span> <span class='ocrx_word' id='word_1_36' title='bbox 640 398 730 442; x_wconf 77' lang='lat'>1343</span> <span class='ocrx_word' id='word_1_37' title='bbox 767 410 858 444; x_wconf 81' lang='lat' dir='ltr'><strong>quae</strong></span> <span class='ocrx_word' id='word_1_38' title='bbox 881 409 942 433; x_wconf 80' lang='lat' dir='ltr'>ex</span> <span class='ocrx_word' id='word_1_39' title='bbox 966 397 1135 433; x_wconf 73' lang='lat' dir='ltr'>brevibus</span> <span class='ocrx_word' id='word_1_40' title='bbox 1157 398 1209 431; x_wconf 90' lang='lat' dir='ltr'><strong>ad</strong></span> <span class='ocrx_word' id='word_1_41' title='bbox 1235 399 1361 444; x_wconf 71' lang='lat' dir='ltr'>longas</span> <span class='ocrx_word' id='word_1_42' title='bbox 1384 403 1572 445; x_wconf 75' lang='lat' dir='ltr'>insurgunt</span> 
     </span>
    </p>
   </div>
   <div class='ocr_carea' id='block_1_3' title="bbox 0 446 1378 552">
    <p class='ocr_par' dir='ltr' id='par_1_3' title="bbox 0 446 1378 552">
     <span class='ocr_line' id='line_1_5' title="bbox 89 446 853 493; baseline -0.001 -9"><span class='ocrx_word' id='word_1_43' title='bbox 89 451 189 493; x_wconf 68' lang='lat' dir='ltr'>(sylla</span> <span class='ocrx_word' id='word_1_44' title='bbox 211 446 269 491; x_wconf 78' lang='lat' dir='ltr'>ae)</span> <span class='ocrx_word' id='word_1_45' title='bbox 289 450 333 483; x_wconf 72' lang='lat' dir='ltr'>ib.</span> <span class='ocrx_word' id='word_1_46' title='bbox 355 449 412 484; x_wconf 81' lang='lat'>92.</span> <span class='ocrx_word' id='word_1_47' title='bbox 850 478 853 483; x_wconf 92' lang='lat'>.</span> 
     </span>
     <span class='ocr_line' id='line_1_6' title="bbox 0 493 1378 552; baseline -0.001 -18"><span class='ocrx_word' id='word_1_48' title='bbox 0 530 3 534; x_wconf 93' lang='lat'>.</span> <span class='ocrx_word' id='word_1_49' title='bbox 43 493 283 536; x_wconf 68' lang='lat' dir='ltr'>Inlabesco.</span> <span class='ocrx_word' id='word_1_50' title='bbox 327 503 588 552; x_wconf 65' lang='lat' dir='ltr'><strong>perpendendis</strong></span> <span class='ocrx_word' id='word_1_51' title='bbox 611 502 664 537; x_wconf 81' lang='lat' dir='ltr'>eis</span> <span class='ocrx_word' id='word_1_52' title='bbox 688 500 830 545; x_wconf 78' lang='lat' dir='ltr'>(verbis)</span> <span class='ocrx_word' id='word_1_53' title='bbox 853 501 1128 535; x_wconf 68' lang='lat' dir='ltr'>intabescentem</span> <span class='ocrx_word' id='word_1_54' title='bbox 1155 502 1211 542; x_wconf 81' lang='lat'>12,</span> <span class='ocrx_word' id='word_1_55' title='bbox 1237 501 1293 543; x_wconf 86' lang='lat'>10,</span> <span class='ocrx_word' id='word_1_56' title='bbox 1321 503 1378 535; x_wconf 89' lang='grc'>77.</span> 
     </span>
    </p>
   </div>
   <div class='ocr_carea' id='block_1_4' title="bbox 43 551 1350 605">
    <p class='ocr_par' dir='ltr' id='par_1_4' title="bbox 43 551 1350 605">
     <span class='ocr_line' id='line_1_7' title="bbox 43 551 1350 605; baseline -0.006 -8"><span class='ocrx_word' id='word_1_57' title='bbox 43 551 246 602; x_wconf 60' lang='grc' dir='ltr'>Ῑῖἱίβθῐῦὶο</span> <span class='ocrx_word' id='word_1_58' title='bbox 279 572 327 596; x_wconf 84' lang='lat' dir='ltr'>ne</span> <span class='ocrx_word' id='word_1_59' title='bbox 352 561 412 595; x_wconf 87' lang='lat' dir='ltr'>hic</span> <span class='ocrx_word' id='word_1_60' title='bbox 435 560 575 605; x_wconf 81' lang='lat' dir='ltr'>quidem</span> <span class='ocrx_word' id='word_1_61' title='bbox 598 561 698 594; x_wconf 80' lang='lat' dir='ltr'>locus</span> <span class='ocrx_word' id='word_1_62' title='bbox 723 559 788 593; x_wconf 84' lang='lat' dir='ltr'>int.</span> <span class='ocrx_word' id='word_1_63' title='bbox 813 563 866 592; x_wconf 88' lang='lat' dir='ltr'>est</span> <span class='ocrx_word' id='word_1_64' title='bbox 890 557 1103 591; x_wconf 76' lang='lat' dir='ltr'>omittendus</span> <span class='ocrx_word' id='word_1_65' title='bbox 1131 559 1186 598; x_wconf 83' lang='grc'>12,</span> <span class='ocrx_word' id='word_1_66' title='bbox 1213 559 1268 598; x_wconf 90' lang='grc'>10,</span> <span class='ocrx_word' id='word_1_67' title='bbox 1291 557 1350 591; x_wconf 82' lang='lat'>49.</span> 
     </span>
    </p>
   </div>
   <div class='ocr_carea' id='block_1_5' title="bbox 37 607 1633 1120">
    <p class='ocr_par' dir='ltr' id='par_1_5' title="bbox 44 607 1570 665">
     <span class='ocr_line' id='line_1_8' title="bbox 44 607 1570 665; baseline -0.003 -12"><span class='ocrx_word' id='word_1_68' title='bbox 44 607 228 665; x_wconf 67' lang='lat' dir='ltr'>lffiegel&#39;·</span> <span class='ocrx_word' id='word_1_69' title='bbox 263 617 299 662; x_wconf 91' lang='lat'>1)</span> <span class='ocrx_word' id='word_1_70' title='bbox 321 619 364 652; x_wconf 78' lang='lat' dir='ltr'>de</span> <span class='ocrx_word' id='word_1_71' title='bbox 386 629 541 661; x_wconf 81' lang='lat' dir='ltr'>corpore:</span> <span class='ocrx_word' id='word_1_72' title='bbox 575 615 721 650; x_wconf 76' lang='lat' dir='ltr'>medicis</span> <span class='ocrx_word' id='word_1_73' title='bbox 748 615 853 649; x_wconf 84' lang='lat' dir='ltr'>etiam</span> <span class='ocrx_word' id='word_1_74' title='bbox 879 614 1013 658; x_wconf 79' lang='lat' dir='ltr'>integra</span> <span class='ocrx_word' id='word_1_75' title='bbox 1029 613 1238 665; x_wconf 39' lang='lat' dir='ltr'>‘secantibus</span> <span class='ocrx_word' id='word_1_76' title='bbox 1264 616 1318 654; x_wconf 83' lang='grc'>10,</span> <span class='ocrx_word' id='word_1_77' title='bbox 1344 613 1378 654; x_wconf 81' lang='grc'>4,</span> <span class='ocrx_word' id='word_1_78' title='bbox 1404 616 1436 647; x_wconf 88' lang='grc'>3.</span> <span class='ocrx_word' id='word_1_79' title='bbox 1487 624 1570 648; x_wconf 75' lang='grc' dir='ltr'>σοι·-</span> 
     </span>
    </p>

    <p class='ocr_par' dir='ltr' id='par_1_6' title="bbox 37 661 1633 1120">
     <span class='ocr_line' id='line_1_9' title="bbox 37 661 1633 716; baseline -0.003 -18"><span class='ocrx_word' id='word_1_80' title='bbox 37 671 39 675; x_wconf 92' lang='grc'><strong>“</strong></span> <span class='ocrx_word' id='word_1_81' title='bbox 89 672 190 716; x_wconf 60' lang='grc' dir='ltr'>Ροῃ,</span> <span class='ocrx_word' id='word_1_82' title='bbox 216 674 307 709; x_wconf 78' lang='lat' dir='ltr'><strong>quae</strong></span> <span class='ocrx_word' id='word_1_83' title='bbox 329 669 474 706; x_wconf 77' lang='lat' dir='ltr'>aspectu</span> <span class='ocrx_word' id='word_1_84' title='bbox 500 662 637 708; x_wconf 77' lang='lat' dir='ltr'>integra</span> <span class='ocrx_word' id='word_1_85' title='bbox 660 662 781 696; x_wconf 79' lang='lat' dir='ltr'>nervis</span> <span class='ocrx_word' id='word_1_86' title='bbox 805 671 927 704; x_wconf 82' lang='lat' dir='ltr'><strong>pamm</strong></span> <span class='ocrx_word' id='word_1_87' title='bbox 953 665 1170 693; x_wconf 65' lang='lat' dir='ltr'>sustinentur</span> <span class='ocrx_word' id='word_1_88' title='bbox 1194 662 1231 692; x_wconf 89' lang='grc'>11</span> <span class='ocrx_word' id='word_1_89' title='bbox 1249 685 1259 700; x_wconf 82' lang='lat'>‚</span> <span class='ocrx_word' id='word_1_90' title='bbox 1283 662 1325 700; x_wconf 81' lang='lat'>3,</span> <span class='ocrx_word' id='word_1_91' title='bbox 1356 661 1411 694; x_wconf 74' lang='lat'>55.</span> <span class='ocrx_word' id='word_1_92' title='bbox 1448 661 1569 694; x_wconf 78' lang='lat' dir='ltr'>fauces</span> <span class='ocrx_word' id='word_1_93' title='bbox 1625 662 1633 668; x_wconf 88' lang='grc'><em>“</em></span> 
     </span>
     <span class='ocr_line' id='line_1_10' title="bbox 88 705 1568 756; baseline -0.002 -13"><span class='ocrx_word' id='word_1_94' title='bbox 88 715 323 756; x_wconf 71' lang='lat' dir='ltr'>lntegrae,</span> <span class='ocrx_word' id='word_1_95' title='bbox 348 709 386 742; x_wconf 89' lang='lat' dir='ltr'>id</span> <span class='ocrx_word' id='word_1_96' title='bbox 409 716 463 743; x_wconf 83' lang='lat' dir='ltr'>est</span> <span class='ocrx_word' id='word_1_97' title='bbox 486 710 651 742; x_wconf 81' lang='lat' dir='ltr'>molles</span> <span class='ocrx_word' id='word_1_98' title='bbox 680 719 721 741; x_wconf 86' lang='lat' dir='ltr'>ac</span> <span class='ocrx_word' id='word_1_99' title='bbox 743 709 873 741; x_wconf 79' lang='lat' dir='ltr'>leves</span> <span class='ocrx_word' id='word_1_100' title='bbox 899 710 954 747; x_wconf 88' lang='grc'>11,</span> <span class='ocrx_word' id='word_1_101' title='bbox 979 707 1013 747; x_wconf 91' lang='grc'>3,</span> <span class='ocrx_word' id='word_1_102' title='bbox 1038 707 1092 738; x_wconf 88' lang='grc'>20.</span> <span class='ocrx_word' id='word_1_103' title='bbox 1130 705 1191 738; x_wconf 87' lang='lat' dir='ltr'>int.</span> <span class='ocrx_word' id='word_1_104' title='bbox 1220 717 1363 738; x_wconf 70' lang='lat' dir='ltr'><strong>manum</strong></span> <span class='ocrx_word' id='word_1_105' title='bbox 1387 707 1422 748; x_wconf 83' lang='grc'>8,</span> <span class='ocrx_word' id='word_1_106' title='bbox 1447 707 1481 746; x_wconf 88' lang='grc'>5,</span> <span class='ocrx_word' id='word_1_107' title='bbox 1512 709 1568 740; x_wconf 90' lang='grc'>12.</span> 
     </span>
     <span class='ocr_line' id='line_1_11' title="bbox 88 750 1569 800; baseline -0.003 -10"><span class='ocrx_word' id='word_1_108' title='bbox 88 764 242 799; x_wconf 81' lang='lat' dir='ltr'>corpora</span> <span class='ocrx_word' id='word_1_109' title='bbox 265 766 376 790; x_wconf 74' lang='lat' dir='ltr'><strong>sana</strong></span> <span class='ocrx_word' id='word_1_110' title='bbox 401 761 437 788; x_wconf 80' lang='lat' dir='ltr'>et</span> <span class='ocrx_word' id='word_1_111' title='bbox 459 754 643 800; x_wconf 81' lang='lat' dir='ltr'>integri</span> <span class='ocrx_word' id='word_1_112' title='bbox 672 751 921 799; x_wconf 81' lang='lat' dir='ltr'>sanguinis</span> <span class='ocrx_word' id='word_1_113' title='bbox 951 752 994 792; x_wconf 88' lang='grc'>8,</span> <span class='ocrx_word' id='word_1_114' title='bbox 1022 750 1080 783; x_wconf 86' lang='lat' dir='ltr'>Pr.</span> <span class='ocrx_word' id='word_1_115' title='bbox 1107 751 1163 785; x_wconf 90' lang='grc'>19.</span> <span class='ocrx_word' id='word_1_116' title='bbox 1208 751 1263 792; x_wconf 90' lang='lat'>11)</span> <span class='ocrx_word' id='word_1_117' title='bbox 1288 755 1403 784; x_wconf 75' lang='lat' dir='ltr'>transl.</span> <span class='ocrx_word' id='word_1_118' title='bbox 1439 751 1477 792; x_wconf 77' lang='lat' dir='ltr'><strong>a)</strong></span> <span class='ocrx_word' id='word_1_119' title='bbox 1506 751 1569 785; x_wconf 82' lang='lat' dir='ltr'>int.</span> 
     </span>
     <span class='ocr_line' id='line_1_12' title="bbox 88 796 1568 844; baseline -0.002 -10"><span class='ocrx_word' id='word_1_120' title='bbox 88 811 220 835; x_wconf 82' lang='lat' dir='ltr'>nomen</span> <span class='ocrx_word' id='word_1_121' title='bbox 257 804 301 844; x_wconf 88' lang='lat'>1,</span> <span class='ocrx_word' id='word_1_122' title='bbox 332 801 375 843; x_wconf 86' lang='lat'>5,</span> <span class='ocrx_word' id='word_1_123' title='bbox 402 801 459 836; x_wconf 82' lang='grc'>46.</span> <span class='ocrx_word' id='word_1_124' title='bbox 495 813 528 835; x_wconf 88' lang='grc' dir='ltr'>υ.</span> <span class='ocrx_word' id='word_1_125' title='bbox 550 799 848 834; x_wconf 78' lang='lat' dir='ltr'>Deminutus.</span> <span class='ocrx_word' id='word_1_126' title='bbox 888 797 950 830; x_wconf 81' lang='lat' dir='ltr'>int.</span> <span class='ocrx_word' id='word_1_127' title='bbox 974 796 1087 831; x_wconf 82' lang='lat' dir='ltr'>verba</span> <span class='ocrx_word' id='word_1_128' title='bbox 1119 799 1161 828; x_wconf 81' lang='lat' dir='ltr'>ib.</span> <span class='ocrx_word' id='word_1_129' title='bbox 1185 797 1243 831; x_wconf 83' lang='lat'>68.</span> <span class='ocrx_word' id='word_1_130' title='bbox 1280 797 1348 830; x_wconf 82' lang='lat' dir='ltr'><strong>alia</strong></span> <span class='ocrx_word' id='word_1_131' title='bbox 1377 798 1568 842; x_wconf 66' lang='lat' dir='ltr'>integro</span> 
     </span>
     <span class='ocr_line' id='line_1_13' title="bbox 87 840 1568 894; baseline -0.003 -12"><span class='ocrx_word' id='word_1_132' title='bbox 87 847 203 882; x_wconf 78' lang='lat' dir='ltr'>verbo</span> <span class='ocrx_word' id='word_1_133' title='bbox 230 845 440 894; x_wconf 73' lang='lat' dir='ltr'>significatio</span> <span class='ocrx_word' id='word_1_134' title='bbox 467 852 543 889; x_wconf 83' lang='lat' dir='ltr'>est,</span> <span class='ocrx_word' id='word_1_135' title='bbox 579 845 646 879; x_wconf 80' lang='lat' dir='ltr'><strong>alia</strong></span> <span class='ocrx_word' id='word_1_136' title='bbox 670 845 837 879; x_wconf 79' lang='lat' dir='ltr'>diviso</span> <span class='ocrx_word' id='word_1_137' title='bbox 868 846 909 885; x_wconf 91' lang='lat'>7,</span> <span class='ocrx_word' id='word_1_138' title='bbox 943 843 988 884; x_wconf 87' lang='lat'>9,</span> <span class='ocrx_word' id='word_1_139' title='bbox 1021 841 1065 883; x_wconf 73' lang='lat'>43</span> <span class='ocrx_word' id='word_1_140' title='bbox 1104 840 1169 876; x_wconf 83' lang='lat' dir='ltr'>int.</span> <span class='ocrx_word' id='word_1_141' title='bbox 1195 842 1350 875; x_wconf 79' lang='lat' dir='ltr'><strong>brevitas</strong></span> <span class='ocrx_word' id='word_1_142' title='bbox 1372 845 1417 884; x_wconf 89' lang='grc'>8,</span> <span class='ocrx_word' id='word_1_143' title='bbox 1442 845 1486 884; x_wconf 89' lang='grc'>3,</span> <span class='ocrx_word' id='word_1_144' title='bbox 1510 845 1568 877; x_wconf 81' lang='grc'>82.</span> 
     </span>
     <span class='ocr_line' id='line_1_14' title="bbox 86 886 1569 934; baseline -0.003 -8"><span class='ocrx_word' id='word_1_145' title='bbox 86 891 152 927; x_wconf 71' lang='lat' dir='ltr'>int.</span> <span class='ocrx_word' id='word_1_146' title='bbox 173 887 262 926; x_wconf 78' lang='lat' dir='ltr'>fides</span> <span class='ocrx_word' id='word_1_147' title='bbox 289 894 324 934; x_wconf 87' lang='grc'>5,</span> <span class='ocrx_word' id='word_1_148' title='bbox 347 895 381 930; x_wconf 90' lang='grc'>7,</span> <span class='ocrx_word' id='word_1_149' title='bbox 406 895 439 925; x_wconf 91' lang='grc'>2.</span> <span class='ocrx_word' id='word_1_150' title='bbox 485 893 525 934; x_wconf 84' lang='grc' dir='ltr'>β)</span> <span class='ocrx_word' id='word_1_151' title='bbox 553 894 584 924; x_wconf 82' lang='grc' dir='ltr'>ἰη</span> <span class='ocrx_word' id='word_1_152' title='bbox 609 893 769 924; x_wconf 77' lang='lat' dir='ltr'>dicendo:</span> <span class='ocrx_word' id='word_1_153' title='bbox 811 889 847 922; x_wconf 88' lang='lat' dir='ltr'>hi</span> <span class='ocrx_word' id='word_1_154' title='bbox 871 886 1024 932; x_wconf 84' lang='lat' dir='ltr'>pressi</span> <span class='ocrx_word' id='word_1_155' title='bbox 1048 892 1082 920; x_wconf 82' lang='lat' dir='ltr'>et</span> <span class='ocrx_word' id='word_1_156' title='bbox 1106 886 1308 933; x_wconf 81' lang='lat' dir='ltr'>integri,</span> <span class='ocrx_word' id='word_1_157' title='bbox 1346 895 1471 921; x_wconf 87' lang='lat' dir='ltr'>contra</span> <span class='ocrx_word' id='word_1_158' title='bbox 1493 888 1569 921; x_wconf 89' lang='lat' dir='ltr'>in-</span> 
     </span>
     <span class='ocr_line' id='line_1_15' title="bbox 88 933 1569 980; baseline -0.003 -9"><span class='ocrx_word' id='word_1_159' title='bbox 88 937 202 971; x_wconf 76' lang='lat' dir='ltr'>nati</span> <span class='ocrx_word' id='word_1_160' title='bbox 223 937 276 971; x_wconf 87' lang='lat' dir='ltr'>illi</span> <span class='ocrx_word' id='word_1_161' title='bbox 299 942 336 971; x_wconf 83' lang='lat' dir='ltr'>et</span> <span class='ocrx_word' id='word_1_162' title='bbox 358 936 518 971; x_wconf 80' lang='lat' dir='ltr'>inanes</span> <span class='ocrx_word' id='word_1_163' title='bbox 546 940 599 976; x_wconf 79' lang='grc'>12,</span> <span class='ocrx_word' id='word_1_164' title='bbox 618 939 674 978; x_wconf 90' lang='grc'>10,</span> <span class='ocrx_word' id='word_1_165' title='bbox 694 937 749 970; x_wconf 86' lang='grc'>16.</span> <span class='ocrx_word' id='word_1_166' title='bbox 774 934 952 980; x_wconf 78' lang='lat' dir='ltr'>integri</span> <span class='ocrx_word' id='word_1_167' title='bbox 977 944 1019 967; x_wconf 83' lang='lat' dir='ltr'>ac</span> <span class='ocrx_word' id='word_1_168' title='bbox 1043 933 1220 966; x_wconf 74' lang='lat' dir='ltr'>refecti</span> <span class='ocrx_word' id='word_1_169' title='bbox 1248 935 1303 974; x_wconf 86' lang='lat'>10,</span> <span class='ocrx_word' id='word_1_170' title='bbox 1320 935 1353 971; x_wconf 86' lang='lat'>3.</span> <span class='ocrx_word' id='word_1_171' title='bbox 1368 937 1424 967; x_wconf 86' lang='lat'>27.</span> <span class='ocrx_word' id='word_1_172' title='bbox 1453 935 1491 978; x_wconf 79' lang='lat' dir='ltr'>y)</span> <span class='ocrx_word' id='word_1_173' title='bbox 1507 937 1569 967; x_wconf 76' lang='lat' dir='ltr'>ml-</span> 
     </span>
     <span class='ocr_line' id='line_1_16' title="bbox 89 979 1569 1027; baseline -0.002 -11"><span class='ocrx_word' id='word_1_174' title='bbox 89 985 303 1027; x_wconf 65' lang='lat' dir='ltr'>verbialiper:</span> <span class='ocrx_word' id='word_1_175' title='bbox 344 993 405 1016; x_wconf 85' lang='lat' dir='ltr'>ex</span> <span class='ocrx_word' id='word_1_176' title='bbox 436 982 636 1027; x_wconf 87' lang='lat' dir='ltr'>integro</span> <span class='ocrx_word' id='word_1_177' title='bbox 670 980 862 1025; x_wconf 85' lang='lat' dir='ltr'>injicienda</span> <span class='ocrx_word' id='word_1_178' title='bbox 886 986 966 1025; x_wconf 79' lang='lat' dir='ltr'>toga</span> <span class='ocrx_word' id='word_1_179' title='bbox 994 982 1056 1020; x_wconf 83' lang='grc'>11,</span> <span class='ocrx_word' id='word_1_180' title='bbox 1081 980 1115 1019; x_wconf 82' lang='grc'>3,</span> <span class='ocrx_word' id='word_1_181' title='bbox 1142 979 1219 1012; x_wconf 87' lang='grc'>156.</span> <span class='ocrx_word' id='word_1_182' title='bbox 1262 979 1353 1011; x_wconf 88' lang='lat' dir='ltr'>liber</span> <span class='ocrx_word' id='word_1_183' title='bbox 1376 979 1496 1022; x_wconf 86' lang='lat' dir='ltr'>utique</span> <span class='ocrx_word' id='word_1_184' title='bbox 1521 991 1569 1013; x_wconf 81' lang='lat' dir='ltr'>ex</span> 
     </span>
     <span class='ocr_line' id='line_1_17' title="bbox 88 1024 1568 1072; baseline -0.003 -10"><span class='ocrx_word' id='word_1_185' title='bbox 88 1026 153 1062; x_wconf 78' lang='lat' dir='ltr'>int.</span> <span class='ocrx_word' id='word_1_186' title='bbox 174 1029 407 1062; x_wconf 71' lang='lat' dir='ltr'>resumendus</span> <span class='ocrx_word' id='word_1_187' title='bbox 435 1031 492 1071; x_wconf 86' lang='lat'>10,</span> <span class='ocrx_word' id='word_1_188' title='bbox 520 1031 552 1070; x_wconf 87' lang='lat'>1,</span> <span class='ocrx_word' id='word_1_189' title='bbox 578 1030 634 1060; x_wconf 88' lang='grc'>20.</span> <span class='ocrx_word' id='word_1_190' title='bbox 660 1039 695 1061; x_wconf 86' lang='lat' dir='ltr'>v.</span> <span class='ocrx_word' id='word_1_191' title='bbox 723 1027 815 1069; x_wconf 77' lang='lat' dir='ltr'>Ex3</span> <span class='ocrx_word' id='word_1_192' title='bbox 860 1027 1009 1072; x_wconf 75' lang='lat' dir='ltr'>eandem</span> <span class='ocrx_word' id='word_1_193' title='bbox 1034 1024 1217 1058; x_wconf 70' lang='lat' dir='ltr'>materiam</span> <span class='ocrx_word' id='word_1_194' title='bbox 1240 1024 1397 1059; x_wconf 82' lang='lat' dir='ltr'>scribere</span> <span class='ocrx_word' id='word_1_195' title='bbox 1421 1026 1477 1059; x_wconf 81' lang='lat' dir='ltr'>de</span> <span class='ocrx_word' id='word_1_196' title='bbox 1503 1025 1568 1058; x_wconf 85' lang='lat' dir='ltr'>in-</span> 
     </span>
     <span class='ocr_line' id='line_1_18' title="bbox 87 1071 1091 1120; baseline -0.001 -14"><span class='ocrx_word' id='word_1_197' title='bbox 87 1075 230 1120; x_wconf 80' lang='lat' dir='ltr'>tegro</span> <span class='ocrx_word' id='word_1_198' title='bbox 257 1075 294 1116; x_wconf 76' lang='lat'>2,</span> <span class='ocrx_word' id='word_1_199' title='bbox 315 1071 353 1115; x_wconf 83' lang='lat'>4,</span> <span class='ocrx_word' id='word_1_200' title='bbox 380 1075 435 1107; x_wconf 89' lang='grc'>13.</span> <span class='ocrx_word' id='word_1_201' title='bbox 1083 1077 1091 1083; x_wconf 76' lang='grc'><em>”</em></span> 
     </span>
    </p>
   </div>
   <div class='ocr_carea' id='block_1_6' title="bbox 44 1129 1193 1190">
    <p class='ocr_par' dir='ltr' id='par_1_7' title="bbox 44 1129 1193 1190">
     <span class='ocr_line' id='line_1_19' title="bbox 44 1129 1193 1190; baseline -0.003 -16"><span class='ocrx_word' id='word_1_202' title='bbox 44 1129 229 1187; x_wconf 65' lang='lat' dir='ltr'>Integre·</span> <span class='ocrx_word' id='word_1_203' title='bbox 264 1139 492 1190; x_wconf 76' lang='lat' dir='ltr'>integerrime</span> <span class='ocrx_word' id='word_1_204' title='bbox 519 1139 704 1183; x_wconf 78' lang='lat' dir='ltr'>provincia</span> <span class='ocrx_word' id='word_1_205' title='bbox 729 1138 969 1173; x_wconf 78' lang='lat' dir='ltr'>administrata</span> <span class='ocrx_word' id='word_1_206' title='bbox 995 1139 1051 1180; x_wconf 85' lang='lat'>12,</span> <span class='ocrx_word' id='word_1_207' title='bbox 1076 1140 1110 1180; x_wconf 89' lang='lat'>1,</span> <span class='ocrx_word' id='word_1_208' title='bbox 1138 1137 1193 1172; x_wconf 87' lang='grc'>16.</span> 
     </span>
    </p>
   </div>
   <div class='ocr_carea' id='block_1_7' title="bbox 5 1195 1569 2809">
    <p class='ocr_par' dir='ltr' id='par_1_8' title="bbox 42 1195 1567 1296">
     <span class='ocr_line' id='line_1_20' title="bbox 42 1195 1567 1252; baseline 0 -11"><span class='ocrx_word' id='word_1_209' title='bbox 42 1195 280 1252; x_wconf 60' lang='grc' dir='ltr'>Ῑῦίφξῐὶωδ·</span> <span class='ocrx_word' id='word_1_210' title='bbox 325 1213 510 1242; x_wconf 71' lang='lat' dir='ltr'><strong>anteactae</strong></span> <span class='ocrx_word' id='word_1_211' title='bbox 535 1207 632 1241; x_wconf 82' lang='lat' dir='ltr'>vitae</span> <span class='ocrx_word' id='word_1_212' title='bbox 652 1206 717 1241; x_wconf 85' lang='lat' dir='ltr'>int.</span> <span class='ocrx_word' id='word_1_213' title='bbox 739 1210 782 1250; x_wconf 88' lang='lat'>7,</span> <span class='ocrx_word' id='word_1_214' title='bbox 806 1210 854 1249; x_wconf 85' lang='lat'>2,</span> <span class='ocrx_word' id='word_1_215' title='bbox 878 1207 937 1240; x_wconf 85' lang='grc'>33.</span> <span class='ocrx_word' id='word_1_216' title='bbox 978 1206 1111 1252; x_wconf 85' lang='lat' dir='ltr'>Integr.</span> <span class='ocrx_word' id='word_1_217' title='bbox 1134 1210 1196 1239; x_wconf 86' lang='lat' dir='ltr'>tua</span> <span class='ocrx_word' id='word_1_218' title='bbox 1224 1209 1260 1238; x_wconf 82' lang='lat' dir='ltr'>te</span> <span class='ocrx_word' id='word_1_219' title='bbox 1282 1204 1448 1251; x_wconf 81' lang='lat' dir='ltr'>purgavit</span> <span class='ocrx_word' id='word_1_220' title='bbox 1485 1207 1567 1241; x_wconf 76' lang='lat' dir='ltr'>Cic.</span> 
     </span>
     <span class='ocr_line' id='line_1_21' title="bbox 87 1253 252 1296; baseline -0.006 -8"><span class='ocrx_word' id='word_1_221' title='bbox 87 1254 124 1296; x_wconf 88' lang='grc'>8,</span> <span class='ocrx_word' id='word_1_222' title='bbox 142 1253 179 1295; x_wconf 78' lang='grc'>6,</span> <span class='ocrx_word' id='word_1_223' title='bbox 194 1254 252 1288; x_wconf 85' lang='grc'>56.</span> 
     </span>
    </p>

    <p class='ocr_par' dir='ltr' id='par_1_9' title="bbox 41 1296 1569 1626">
     <span class='ocr_line' id='line_1_22' title="bbox 41 1296 1569 1352; baseline -0.001 -10"><span class='ocrx_word' id='word_1_224' title='bbox 41 1296 302 1342; x_wconf 75' lang='lat' dir='ltr'>Intellectus.</span> <span class='ocrx_word' id='word_1_225' title='bbox 346 1307 378 1349; x_wconf 82' lang='grc' dir='ltr'>Ι)</span> <span class='ocrx_word' id='word_1_226' title='bbox 397 1311 514 1342; x_wconf 72' lang='lat' dir='ltr'>active.</span> <span class='ocrx_word' id='word_1_227' title='bbox 544 1308 584 1348; x_wconf 73' lang='grc' dir='ltr'>α)</span> <span class='ocrx_word' id='word_1_228' title='bbox 606 1304 780 1350; x_wconf 78' lang='grc' dir='ltr'>νόημα,</span> <span class='ocrx_word' id='word_1_229' title='bbox 804 1319 874 1352; x_wconf 80' lang='lat' dir='ltr'>qna</span> <span class='ocrx_word' id='word_1_230' title='bbox 895 1318 990 1343; x_wconf 81' lang='lat' dir='ltr'>voce</span> <span class='ocrx_word' id='word_1_231' title='bbox 1015 1306 1131 1342; x_wconf 79' lang='lat' dir='ltr'>omnis</span> <span class='ocrx_word' id='word_1_232' title='bbox 1153 1306 1426 1341; x_wconf 74' lang='lat' dir='ltr'>intellectus</span> <span class='ocrx_word' id='word_1_233' title='bbox 1454 1307 1569 1351; x_wconf 84' lang='lat' dir='ltr'><strong>accipi</strong></span> 
     </span>
     <span class='ocr_line' id='line_1_23' title="bbox 85 1353 1564 1400; baseline -0.002 -11"><span class='ocrx_word' id='word_1_234' title='bbox 85 1359 204 1400; x_wconf 77' lang='lat' dir='ltr'>potest</span> <span class='ocrx_word' id='word_1_235' title='bbox 225 1356 261 1398; x_wconf 86' lang='lat'>8,</span> <span class='ocrx_word' id='word_1_236' title='bbox 284 1354 320 1397; x_wconf 91' lang='grc'>5,</span> <span class='ocrx_word' id='word_1_237' title='bbox 345 1357 413 1388; x_wconf 91' lang='grc'>12..</span> <span class='ocrx_word' id='word_1_238' title='bbox 434 1353 665 1399; x_wconf 78' lang='lat' dir='ltr'>Asu-elogia,</span> <span class='ocrx_word' id='word_1_239' title='bbox 689 1354 825 1387; x_wconf 90' lang='lat' dir='ltr'>nullum</span> <span class='ocrx_word' id='word_1_240' title='bbox 849 1354 997 1400; x_wconf 81' lang='lat' dir='ltr'>exigens</span> <span class='ocrx_word' id='word_1_241' title='bbox 1022 1359 1187 1395; x_wconf 85' lang='lat' dir='ltr'>actum,</span> <span class='ocrx_word' id='word_1_242' title='bbox 1218 1354 1282 1386; x_wconf 83' lang='lat' dir='ltr'>sed</span> <span class='ocrx_word' id='word_1_243' title='bbox 1306 1354 1385 1397; x_wconf 83' lang='lat' dir='ltr'>ipso</span> <span class='ocrx_word' id='word_1_244' title='bbox 1411 1353 1466 1387; x_wconf 86' lang='lat' dir='ltr'>rei</span> <span class='ocrx_word' id='word_1_245' title='bbox 1492 1354 1564 1386; x_wconf 83' lang='lat' dir='ltr'>iu-</span> 
     </span>
     <span class='ocr_line' id='line_1_24' title="bbox 87 1398 1568 1442; baseline -0.001 -8"><span class='ocrx_word' id='word_1_246' title='bbox 87 1401 300 1442; x_wconf 63' lang='lat' dir='ltr'>telleotu</span> <span class='ocrx_word' id='word_1_247' title='bbox 324 1406 492 1434; x_wconf 79' lang='lat' dir='ltr'>contenta</span> <span class='ocrx_word' id='word_1_248' title='bbox 514 1403 558 1442; x_wconf 89' lang='grc'>2,</span> <span class='ocrx_word' id='word_1_249' title='bbox 584 1401 647 1440; x_wconf 90' lang='grc'>18,</span> <span class='ocrx_word' id='word_1_250' title='bbox 674 1401 705 1433; x_wconf 89' lang='grc'>1.</span> <span class='ocrx_word' id='word_1_251' title='bbox 755 1411 823 1433; x_wconf 85' lang='lat' dir='ltr'>nec</span> <span class='ocrx_word' id='word_1_252' title='bbox 848 1400 941 1434; x_wconf 79' lang='lat' dir='ltr'>sicut</span> <span class='ocrx_word' id='word_1_253' title='bbox 967 1401 1012 1433; x_wconf 86' lang='lat' dir='ltr'>de</span> <span class='ocrx_word' id='word_1_254' title='bbox 1041 1400 1301 1433; x_wconf 85' lang='lat' dir='ltr'>intellectu</span> <span class='ocrx_word' id='word_1_255' title='bbox 1334 1398 1444 1432; x_wconf 84' lang='lat' dir='ltr'>animi</span> <span class='ocrx_word' id='word_1_256' title='bbox 1468 1405 1568 1433; x_wconf 73' lang='lat' dir='ltr'>recto</span> 
     </span>
     <span class='ocr_line' id='line_1_25' title="bbox 85 1443 1567 1491; baseline -0.001 -10"><span class='ocrx_word' id='word_1_257' title='bbox 85 1445 255 1491; x_wconf 75' lang='lat' dir='ltr'>dixerim,</span> <span class='ocrx_word' id='word_1_258' title='bbox 279 1445 443 1488; x_wconf 80' lang='lat' dir='ltr'>video,</span> <span class='ocrx_word' id='word_1_259' title='bbox 465 1446 516 1479; x_wconf 85' lang='lat' dir='ltr'>ita</span> <span class='ocrx_word' id='word_1_260' title='bbox 534 1447 578 1479; x_wconf 88' lang='lat' dir='ltr'>de</span> <span class='ocrx_word' id='word_1_261' title='bbox 601 1445 707 1481; x_wconf 81' lang='lat' dir='ltr'>visu</span> <span class='ocrx_word' id='word_1_262' title='bbox 731 1447 928 1488; x_wconf 87' lang='lat' dir='ltr'>oculorum,</span> <span class='ocrx_word' id='word_1_263' title='bbox 952 1445 1173 1490; x_wconf 81' lang='lat' dir='ltr'>intelligo</span> <span class='ocrx_word' id='word_1_264' title='bbox 1193 1443 1364 1487; x_wconf 79' lang='lat' dir='ltr'>1o,1,14.</span> <span class='ocrx_word' id='word_1_265' title='bbox 1389 1445 1567 1488; x_wconf 72' lang='lat' dir='ltr'>species</span> 
     </span>
     <span class='ocr_line' id='line_1_26' title="bbox 86 1489 1564 1540; baseline -0.001 -14"><span class='ocrx_word' id='word_1_266' title='bbox 86 1502 137 1526; x_wconf 75' lang='lat' dir='ltr'>ex</span> <span class='ocrx_word' id='word_1_267' title='bbox 158 1490 336 1540; x_wconf 52' lang='lat' dir='ltr'>arcessitis</span> <span class='ocrx_word' id='word_1_268' title='bbox 359 1491 480 1527; x_wconf 77' lang='lat' dir='ltr'>verbis</span> <span class='ocrx_word' id='word_1_269' title='bbox 498 1491 611 1534; x_wconf 78' lang='lat' dir='ltr'>venit,</span> <span class='ocrx_word' id='word_1_270' title='bbox 636 1496 671 1524; x_wconf 86' lang='lat' dir='ltr'>et</span> <span class='ocrx_word' id='word_1_271' title='bbox 697 1491 971 1525; x_wconf 80' lang='lat' dir='ltr'>intellectus</span> <span class='ocrx_word' id='word_1_272' title='bbox 998 1502 1045 1525; x_wconf 83' lang='lat' dir='ltr'>ex</span> <span class='ocrx_word' id='word_1_273' title='bbox 1068 1490 1221 1535; x_wconf 81' lang='lat' dir='ltr'>propriis</span> <span class='ocrx_word' id='word_1_274' title='bbox 1246 1492 1281 1532; x_wconf 89' lang='lat'>8,</span> <span class='ocrx_word' id='word_1_275' title='bbox 1303 1491 1338 1533; x_wconf 93' lang='grc'>6,</span> <span class='ocrx_word' id='word_1_276' title='bbox 1355 1489 1424 1532; x_wconf 89' lang='grc'>48;</span> <span class='ocrx_word' id='word_1_277' title='bbox 1451 1490 1564 1524; x_wconf 86' lang='lat' dir='ltr'>intell.</span> 
     </span>
     <span class='ocr_line' id='line_1_27' title="bbox 86 1536 1568 1582; baseline -0.001 -11"><span class='ocrx_word' id='word_1_278' title='bbox 86 1537 148 1571; x_wconf 74' lang='lat' dir='ltr'>hio</span> <span class='ocrx_word' id='word_1_279' title='bbox 172 1536 219 1580; x_wconf 62' lang='lat' dir='ltr'>pit</span> <span class='ocrx_word' id='word_1_280' title='bbox 242 1537 383 1581; x_wconf 73' lang='lat' dir='ltr'>operis,</span> <span class='ocrx_word' id='word_1_281' title='bbox 416 1548 492 1571; x_wconf 87' lang='lat' dir='ltr'>non</span> <span class='ocrx_word' id='word_1_282' title='bbox 514 1543 628 1571; x_wconf 80' lang='lat' dir='ltr'>metus</span> <span class='ocrx_word' id='word_1_283' title='bbox 655 1539 717 1580; x_wconf 88' lang='lat'>12,</span> <span class='ocrx_word' id='word_1_284' title='bbox 742 1538 783 1580; x_wconf 83' lang='lat'>5,</span> <span class='ocrx_word' id='word_1_285' title='bbox 809 1536 842 1570; x_wconf 84' lang='lat'>4.</span> <span class='ocrx_word' id='word_1_286' title='bbox 891 1536 931 1582; x_wconf 79' lang='grc' dir='ltr'>γ)</span> <span class='ocrx_word' id='word_1_287' title='bbox 960 1550 987 1570; x_wconf 79' lang='grc' dir='ltr'>ο.</span> <span class='ocrx_word' id='word_1_288' title='bbox 1005 1538 1089 1579; x_wconf 75' lang='lat' dir='ltr'><em>Adj.</em></span> <span class='ocrx_word' id='word_1_289' title='bbox 1105 1552 1114 1570; x_wconf 90' lang='lat'>:</span> <span class='ocrx_word' id='word_1_290' title='bbox 1140 1537 1336 1570; x_wconf 88' lang='lat' dir='ltr'>secundum</span> <span class='ocrx_word' id='word_1_291' title='bbox 1361 1547 1568 1570; x_wconf 79' lang='lat' dir='ltr'>communes</span> 
     </span>
     <span class='ocr_line' id='line_1_28' title="bbox 86 1581 1567 1626; baseline -0.002 -8"><span class='ocrx_word' id='word_1_292' title='bbox 86 1582 151 1618; x_wconf 71' lang='lat' dir='ltr'>int.</span> <span class='ocrx_word' id='word_1_293' title='bbox 169 1582 216 1624; x_wconf 80' lang='lat'>&#39;3.</span> <span class='ocrx_word' id='word_1_294' title='bbox 236 1584 273 1626; x_wconf 87' lang='grc'>8,</span> <span class='ocrx_word' id='word_1_295' title='bbox 295 1586 329 1617; x_wconf 93' lang='grc'>2.</span> <span class='ocrx_word' id='word_1_296' title='bbox 366 1595 400 1616; x_wconf 83' lang='lat' dir='ltr'>v.</span> <span class='ocrx_word' id='word_1_297' title='bbox 425 1581 702 1618; x_wconf 83' lang='lat' dir='ltr'>Communis.</span> <span class='ocrx_word' id='word_1_298' title='bbox 746 1582 888 1617; x_wconf 84' lang='lat' dir='ltr'>facilior</span> <span class='ocrx_word' id='word_1_299' title='bbox 915 1593 1039 1616; x_wconf 73' lang='lat' dir='ltr'>eortun</span> <span class='ocrx_word' id='word_1_300' title='bbox 1067 1582 1128 1616; x_wconf 82' lang='lat' dir='ltr'>int.</span> <span class='ocrx_word' id='word_1_301' title='bbox 1154 1585 1190 1624; x_wconf 82' lang='lat'>2,</span> <span class='ocrx_word' id='word_1_302' title='bbox 1214 1583 1249 1624; x_wconf 83' lang='lat'>5,</span> <span class='ocrx_word' id='word_1_303' title='bbox 1275 1583 1328 1616; x_wconf 88' lang='grc'>18.</span> <span class='ocrx_word' id='word_1_304' title='bbox 1355 1582 1431 1615; x_wconf 83' lang='lat' dir='ltr'>sine</span> <span class='ocrx_word' id='word_1_305' title='bbox 1452 1582 1567 1615; x_wconf 85' lang='lat' dir='ltr'>mani-</span> 
     </span>
    </p>

    <p class='ocr_par' dir='ltr' id='par_1_10' title="bbox 39 1627 1567 1898">
     <span class='ocr_line' id='line_1_29' title="bbox 39 1627 1566 1672; baseline -0.001 -9"><span class='ocrx_word' id='word_1_306' title='bbox 39 1627 46 1638; x_wconf 85' lang='lat'>’</span> <span class='ocrx_word' id='word_1_307' title='bbox 85 1629 181 1663; x_wconf 72' lang='lat' dir='ltr'>fecto</span> <span class='ocrx_word' id='word_1_308' title='bbox 202 1627 267 1662; x_wconf 79' lang='lat' dir='ltr'>int.</span> <span class='ocrx_word' id='word_1_309' title='bbox 298 1631 356 1662; x_wconf 86' lang='lat'>11.</span> <span class='ocrx_word' id='word_1_310' title='bbox 384 1631 419 1670; x_wconf 85' lang='lat'>2,</span> <span class='ocrx_word' id='word_1_311' title='bbox 443 1631 499 1663; x_wconf 88' lang='grc'>37.</span> <span class='ocrx_word' id='word_1_312' title='bbox 544 1627 588 1671; x_wconf 79' lang='grc' dir='ltr'>β)</span> <span class='ocrx_word' id='word_1_313' title='bbox 610 1632 760 1662; x_wconf 75' lang='lat' dir='ltr'>Accus..·</span> <span class='ocrx_word' id='word_1_314' title='bbox 794 1630 962 1670; x_wconf 84' lang='lat' dir='ltr'>verbnm,</span> <span class='ocrx_word' id='word_1_315' title='bbox 999 1630 1095 1671; x_wconf 80' lang='lat' dir='ltr'>quod</span> <span class='ocrx_word' id='word_1_316' title='bbox 1118 1639 1236 1672; x_wconf 81' lang='lat' dir='ltr'>neque</span> <span class='ocrx_word' id='word_1_317' title='bbox 1264 1627 1566 1661; x_wconf 76' lang='lat' dir='ltr'>intellectum</span> 
     </span>
     <span class='ocr_line' id='line_1_30' title="bbox 88 1673 1567 1719; baseline -0.001 -11"><span class='ocrx_word' id='word_1_318' title='bbox 88 1674 232 1716; x_wconf 71' lang='lat' dir='ltr'><strong>adjuvat</strong></span> <span class='ocrx_word' id='word_1_319' title='bbox 248 1684 365 1719; x_wconf 81' lang='lat' dir='ltr'>neque</span> <span class='ocrx_word' id='word_1_320' title='bbox 392 1679 601 1708; x_wconf 88' lang='lat' dir='ltr'>ornatum</span> <span class='ocrx_word' id='word_1_321' title='bbox 622 1675 657 1716; x_wconf 88' lang='grc'>8,</span> <span class='ocrx_word' id='word_1_322' title='bbox 678 1676 712 1716; x_wconf 90' lang='grc'>3,</span> <span class='ocrx_word' id='word_1_323' title='bbox 738 1674 793 1708; x_wconf 91' lang='grc'>55.</span> <span class='ocrx_word' id='word_1_324' title='bbox 829 1674 943 1709; x_wconf 84' lang='lat' dir='ltr'>averti</span> <span class='ocrx_word' id='word_1_325' title='bbox 968 1674 1208 1717; x_wconf 41' lang='lat' dir='ltr'>intell2solet,</span> <span class='ocrx_word' id='word_1_326' title='bbox 1234 1685 1315 1706; x_wconf 90' lang='lat' dir='ltr'>cum</span> <span class='ocrx_word' id='word_1_327' title='bbox 1340 1674 1383 1706; x_wconf 85' lang='lat' dir='ltr'><strong>ab</strong></span> <span class='ocrx_word' id='word_1_328' title='bbox 1407 1673 1567 1717; x_wconf 81' lang='lat' dir='ltr'>asperio-</span> 
     </span>
     <span class='ocr_line' id='line_1_31' title="bbox 86 1718 1567 1763; baseline 0.001 -11"><span class='ocrx_word' id='word_1_329' title='bbox 86 1718 186 1752; x_wconf 75' lang='lat' dir='ltr'>ribus</span> <span class='ocrx_word' id='word_1_330' title='bbox 207 1719 254 1752; x_wconf 71' lang='lat' dir='ltr'><strong>ad</strong></span> <span class='ocrx_word' id='word_1_331' title='bbox 274 1719 410 1753; x_wconf 85' lang='lat' dir='ltr'>leniora</span> <span class='ocrx_word' id='word_1_332' title='bbox 438 1720 636 1754; x_wconf 74' lang='lat' dir='ltr'>deflectitur</span> <span class='ocrx_word' id='word_1_333' title='bbox 656 1719 698 1761; x_wconf 87' lang='lat'>6,</span> <span class='ocrx_word' id='word_1_334' title='bbox 722 1721 768 1763; x_wconf 90' lang='grc'>3,</span> <span class='ocrx_word' id='word_1_335' title='bbox 794 1721 852 1754; x_wconf 87' lang='grc'>87.</span> <span class='ocrx_word' id='word_1_336' title='bbox 882 1720 1129 1763; x_wconf 86' lang='lat' dir='ltr'>interjectione</span> <span class='ocrx_word' id='word_1_337' title='bbox 1155 1719 1317 1763; x_wconf 86' lang='lat' dir='ltr'>impediri</span> <span class='ocrx_word' id='word_1_338' title='bbox 1341 1720 1433 1753; x_wconf 89' lang='lat' dir='ltr'>solet</span> <span class='ocrx_word' id='word_1_339' title='bbox 1454 1720 1567 1753; x_wconf 72' lang='lat' dir='ltr'>intell⁴</span> 
     </span>
     <span class='ocr_line' id='line_1_32' title="bbox 86 1764 1565 1809; baseline 0.002 -13"><span class='ocrx_word' id='word_1_340' title='bbox 86 1765 125 1804; x_wconf 88' lang='lat'>8,</span> <span class='ocrx_word' id='word_1_341' title='bbox 143 1765 181 1805; x_wconf 88' lang='grc'>2,</span> <span class='ocrx_word' id='word_1_342' title='bbox 202 1764 260 1798; x_wconf 76' lang='grc'>15.</span> <span class='ocrx_word' id='word_1_343' title='bbox 297 1764 448 1798; x_wconf 83' lang='lat' dir='ltr'>intell.</span> <span class='ocrx_word' id='word_1_344' title='bbox 480 1765 743 1808; x_wconf 84' lang='lat' dir='ltr'>disciplinarum</span> <span class='ocrx_word' id='word_1_345' title='bbox 767 1776 917 1809; x_wconf 80' lang='lat' dir='ltr'>capere,</span> <span class='ocrx_word' id='word_1_346' title='bbox 961 1772 996 1799; x_wconf 87' lang='lat' dir='ltr'>et</span> <span class='ocrx_word' id='word_1_347' title='bbox 1025 1766 1244 1799; x_wconf 86' lang='lat' dir='ltr'>laborem</span> <span class='ocrx_word' id='word_1_348' title='bbox 1275 1765 1348 1808; x_wconf 83' lang='lat' dir='ltr'>pati</span> <span class='ocrx_word' id='word_1_349' title='bbox 1380 1768 1413 1806; x_wconf 88' lang='lat'>1,</span> <span class='ocrx_word' id='word_1_350' title='bbox 1438 1768 1473 1806; x_wconf 87' lang='lat'>1,</span> <span class='ocrx_word' id='word_1_351' title='bbox 1500 1768 1565 1804; x_wconf 82' lang='grc'>15;</span> 
     </span>
     <span class='ocr_line' id='line_1_33' title="bbox 87 1807 1565 1854; baseline 0.001 -14"><span class='ocrx_word' id='word_1_352' title='bbox 87 1807 278 1851; x_wconf 78' lang='lat' dir='ltr'>pervenire</span> <span class='ocrx_word' id='word_1_353' title='bbox 311 1810 363 1842; x_wconf 82' lang='lat' dir='ltr'><strong>ad</strong></span> <span class='ocrx_word' id='word_1_354' title='bbox 391 1809 455 1843; x_wconf 88' lang='lat' dir='ltr'>int.</span> <span class='ocrx_word' id='word_1_355' title='bbox 486 1810 709 1854; x_wconf 71' lang='lat' dir='ltr'>sequentium</span> <span class='ocrx_word' id='word_1_356' title='bbox 746 1814 784 1853; x_wconf 91' lang='lat'>1,</span> <span class='ocrx_word' id='word_1_357' title='bbox 818 1810 861 1853; x_wconf 85' lang='lat'>4,</span> <span class='ocrx_word' id='word_1_358' title='bbox 891 1813 949 1845; x_wconf 88' lang='grc'>22.</span> <span class='ocrx_word' id='word_1_359' title='bbox 995 1811 1222 1845; x_wconf 72' lang='lat' dir='ltr'>mediocritas</span> <span class='ocrx_word' id='word_1_360' title='bbox 1248 1810 1487 1853; x_wconf 84' lang='lat' dir='ltr'>praeceptoris</span> <span class='ocrx_word' id='word_1_361' title='bbox 1511 1812 1565 1843; x_wconf 82' lang='lat' dir='ltr'><strong>ad</strong></span> 
     </span>
     <span class='ocr_line' id='line_1_34' title="bbox 90 1851 1565 1898; baseline 0.001 -12"><span class='ocrx_word' id='word_1_362' title='bbox 90 1852 174 1886; x_wconf 81' lang='lat' dir='ltr'>int.</span> <span class='ocrx_word' id='word_1_363' title='bbox 194 1851 334 1886; x_wconf 69' lang='lat' dir='ltr'>facilior</span> <span class='ocrx_word' id='word_1_364' title='bbox 359 1859 431 1897; x_wconf 82' lang='lat' dir='ltr'><strong>atq.</strong></span> <span class='ocrx_word' id='word_1_365' title='bbox 455 1855 764 1888; x_wconf 80' lang='lat' dir='ltr'>imitationem</span> <span class='ocrx_word' id='word_1_366' title='bbox 789 1859 831 1898; x_wconf 88' lang='grc'>2,</span> <span class='ocrx_word' id='word_1_367' title='bbox 855 1859 890 1898; x_wconf 89' lang='grc'>3,</span> <span class='ocrx_word' id='word_1_368' title='bbox 916 1860 950 1889; x_wconf 90' lang='grc'>1.</span> <span class='ocrx_word' id='word_1_369' title='bbox 989 1858 1033 1890; x_wconf 82' lang='lat' dir='ltr'><strong>ad</strong></span> <span class='ocrx_word' id='word_1_370' title='bbox 1057 1857 1119 1889; x_wconf 86' lang='lat' dir='ltr'>int.</span> <span class='ocrx_word' id='word_1_371' title='bbox 1149 1855 1323 1889; x_wconf 85' lang='lat' dir='ltr'>audientis</span> <span class='ocrx_word' id='word_1_372' title='bbox 1346 1857 1565 1889; x_wconf 75' lang='lat' dir='ltr'>descendere</span> 
     </span>
    </p>

    <p class='ocr_par' dir='ltr' id='par_1_11' title="bbox 57 1899 1565 2627">
     <span class='ocr_line' id='line_1_35' title="bbox 57 1899 1562 1945; baseline 0.001 -13"><span class='ocrx_word' id='word_1_373' title='bbox 57 1925 67 1936; x_wconf 59' lang='lat'><em>„</em></span> <span class='ocrx_word' id='word_1_374' title='bbox 91 1901 126 1938; x_wconf 86' lang='lat'>1,</span> <span class='ocrx_word' id='word_1_375' title='bbox 150 1900 186 1939; x_wconf 86' lang='grc'>2,</span> <span class='ocrx_word' id='word_1_376' title='bbox 209 1899 267 1931; x_wconf 90' lang='grc'>27.</span> <span class='ocrx_word' id='word_1_377' title='bbox 306 1901 552 1932; x_wconf 81' lang='lat' dir='ltr'>secundnm</span> <span class='ocrx_word' id='word_1_378' title='bbox 575 1902 749 1943; x_wconf 83' lang='lat' dir='ltr'>quendam</span> <span class='ocrx_word' id='word_1_379' title='bbox 768 1900 831 1934; x_wconf 85' lang='lat' dir='ltr'>int.</span> <span class='ocrx_word' id='word_1_380' title='bbox 859 1902 894 1943; x_wconf 89' lang='grc'>6,</span> <span class='ocrx_word' id='word_1_381' title='bbox 918 1905 954 1943; x_wconf 89' lang='grc'>2,</span> <span class='ocrx_word' id='word_1_382' title='bbox 980 1904 1032 1935; x_wconf 91' lang='grc'>10.</span> <span class='ocrx_word' id='word_1_383' title='bbox 1070 1901 1116 1942; x_wconf 84' lang='lat' dir='ltr'>cs.</span> <span class='ocrx_word' id='word_1_384' title='bbox 1140 1904 1182 1943; x_wconf 89' lang='lat'>3,</span> <span class='ocrx_word' id='word_1_385' title='bbox 1212 1902 1256 1943; x_wconf 86' lang='lat'>8,</span> <span class='ocrx_word' id='word_1_386' title='bbox 1280 1904 1314 1933; x_wconf 90' lang='grc'>2.</span> <span class='ocrx_word' id='word_1_387' title='bbox 1343 1901 1400 1945; x_wconf 26' lang='lat'>(7)</span> <span class='ocrx_word' id='word_1_388' title='bbox 1424 1904 1562 1934; x_wconf 57' lang='lat' dir='ltr'>Aluan:</span> 
     </span>
     <span class='ocr_line' id='line_1_36' title="bbox 90 1941 1563 1986; baseline 0.001 -9"><span class='ocrx_word' id='word_1_389' title='bbox 90 1953 216 1977; x_wconf 79' lang='lat' dir='ltr'>carere</span> <span class='ocrx_word' id='word_1_390' title='bbox 240 1941 423 1976; x_wconf 84' lang='lat' dir='ltr'>intellectu</span> <span class='ocrx_word' id='word_1_391' title='bbox 458 1948 500 1985; x_wconf 91' lang='lat'>1,</span> <span class='ocrx_word' id='word_1_392' title='bbox 535 1947 577 1984; x_wconf 85' lang='lat'>1,</span> <span class='ocrx_word' id='word_1_393' title='bbox 610 1946 668 1978; x_wconf 90' lang='grc'>28.</span> <span class='ocrx_word' id='word_1_394' title='bbox 715 1948 780 1986; x_wconf 89' lang='grc'>11,</span> <span class='ocrx_word' id='word_1_395' title='bbox 814 1949 857 1982; x_wconf 81' lang='grc'>2,</span> <span class='ocrx_word' id='word_1_396' title='bbox 890 1947 926 1983; x_wconf 89' lang='grc'>6.</span> <span class='ocrx_word' id='word_1_397' title='bbox 973 1958 1092 1980; x_wconf 89' lang='lat' dir='ltr'>nonne</span> <span class='ocrx_word' id='word_1_398' title='bbox 1116 1948 1159 1979; x_wconf 86' lang='lat' dir='ltr'><strong>ab</strong></span> <span class='ocrx_word' id='word_1_399' title='bbox 1182 1946 1244 1979; x_wconf 83' lang='lat' dir='ltr'>int.</span> <span class='ocrx_word' id='word_1_400' title='bbox 1274 1946 1358 1979; x_wconf 86' lang='lat' dir='ltr'>artis</span> <span class='ocrx_word' id='word_1_401' title='bbox 1385 1947 1563 1979; x_wconf 68' lang='lat' dir='ltr'>abfuerit?</span> 
     </span>
     <span class='ocr_line' id='line_1_37' title="bbox 90 1988 1561 2034; baseline 0 -11"><span class='ocrx_word' id='word_1_402' title='bbox 90 1992 126 2028; x_wconf 83' lang='lat'>2.</span> <span class='ocrx_word' id='word_1_403' title='bbox 151 1989 208 2030; x_wconf 88' lang='grc'>13,</span> <span class='ocrx_word' id='word_1_404' title='bbox 234 1989 290 2021; x_wconf 89' lang='grc'>10.</span> <span class='ocrx_word' id='word_1_405' title='bbox 314 1999 431 2032; x_wconf 84' lang='lat' dir='ltr'>neque</span> <span class='ocrx_word' id='word_1_406' title='bbox 454 1988 527 2022; x_wconf 84' lang='lat' dir='ltr'>vim</span> <span class='ocrx_word' id='word_1_407' title='bbox 553 1999 676 2022; x_wconf 84' lang='lat' dir='ltr'>eorum</span> <span class='ocrx_word' id='word_1_408' title='bbox 698 1989 880 2023; x_wconf 81' lang='lat' dir='ltr'>intellectu</span> <span class='ocrx_word' id='word_1_409' title='bbox 904 1997 1165 2034; x_wconf 81' lang='lat' dir='ltr'>consequentur</span> <span class='ocrx_word' id='word_1_410' title='bbox 1187 1994 1222 2033; x_wconf 91' lang='grc'>2,</span> <span class='ocrx_word' id='word_1_411' title='bbox 1237 1992 1270 2032; x_wconf 90' lang='grc'>5,</span> <span class='ocrx_word' id='word_1_412' title='bbox 1285 1995 1342 2025; x_wconf 83' lang='grc'>21.</span> <span class='ocrx_word' id='word_1_413' title='bbox 1373 1991 1418 2032; x_wconf 84' lang='lat' dir='ltr'>cs.</span> <span class='ocrx_word' id='word_1_414' title='bbox 1436 1995 1561 2034; x_wconf 78' lang='lat'>2‚3,7.</span> 
     </span>
     <span class='ocr_line' id='line_1_38' title="bbox 89 2033 1564 2079; baseline 0.001 -11"><span class='ocrx_word' id='word_1_415' title='bbox 89 2033 241 2069; x_wconf 72' lang='lat' dir='ltr'>virtutes</span> <span class='ocrx_word' id='word_1_416' title='bbox 264 2043 336 2066; x_wconf 85' lang='lat' dir='ltr'>non</span> <span class='ocrx_word' id='word_1_417' title='bbox 361 2034 678 2067; x_wconf 77' lang='lat' dir='ltr'>aemulatione</span> <span class='ocrx_word' id='word_1_418' title='bbox 703 2035 766 2067; x_wconf 85' lang='lat' dir='ltr'>sed</span> <span class='ocrx_word' id='word_1_419' title='bbox 789 2035 971 2068; x_wconf 79' lang='lat' dir='ltr'>intellectu</span> <span class='ocrx_word' id='word_1_420' title='bbox 999 2037 1099 2079; x_wconf 84' lang='lat' dir='ltr'>sequi</span> <span class='ocrx_word' id='word_1_421' title='bbox 1128 2038 1191 2077; x_wconf 91' lang='lat'>10,</span> <span class='ocrx_word' id='word_1_422' title='bbox 1217 2040 1259 2076; x_wconf 88' lang='lat'>1,</span> <span class='ocrx_word' id='word_1_423' title='bbox 1285 2038 1341 2070; x_wconf 90' lang='grc'>50.</span> <span class='ocrx_word' id='word_1_424' title='bbox 1392 2048 1460 2070; x_wconf 89' lang='lat' dir='ltr'>nec</span> <span class='ocrx_word' id='word_1_425' title='bbox 1484 2049 1564 2070; x_wconf 83' lang='lat' dir='ltr'><strong>au-</strong></span> 
     </span>
     <span class='ocr_line' id='line_1_39' title="bbox 91 2078 1565 2124; baseline 0.002 -11"><span class='ocrx_word' id='word_1_426' title='bbox 91 2079 195 2114; x_wconf 76' lang='lat' dir='ltr'>«litu</span> <span class='ocrx_word' id='word_1_427' title='bbox 217 2079 281 2112; x_wconf 85' lang='lat' dir='ltr'>sed</span> <span class='ocrx_word' id='word_1_428' title='bbox 303 2078 556 2112; x_wconf 79' lang='lat' dir='ltr'>intellectu</span> <span class='ocrx_word' id='word_1_429' title='bbox 577 2080 828 2123; x_wconf 80' lang='lat' dir='ltr'>perpendenda</span> <span class='ocrx_word' id='word_1_430' title='bbox 852 2086 906 2112; x_wconf 80' lang='lat' dir='ltr'>est</span> <span class='ocrx_word' id='word_1_431' title='bbox 926 2080 1143 2123; x_wconf 61' lang='lat' dir='ltr'>(proprietas)</span> <span class='ocrx_word' id='word_1_432' title='bbox 1173 2082 1208 2122; x_wconf 88' lang='grc'>8,</span> <span class='ocrx_word' id='word_1_433' title='bbox 1228 2083 1261 2122; x_wconf 89' lang='grc'>2,</span> <span class='ocrx_word' id='word_1_434' title='bbox 1276 2082 1311 2115; x_wconf 83' lang='grc'>6.</span> <span class='ocrx_word' id='word_1_435' title='bbox 1345 2083 1442 2124; x_wconf 85' lang='lat' dir='ltr'>quod</span> <span class='ocrx_word' id='word_1_436' title='bbox 1465 2094 1565 2116; x_wconf 81' lang='lat' dir='ltr'>com-</span> 
     </span>
     <span class='ocr_line' id='line_1_40' title="bbox 87 2123 1565 2173; baseline 0.003 -15"><span class='ocrx_word' id='word_1_437' title='bbox 87 2135 197 2159; x_wconf 84' lang='lat' dir='ltr'>mune</span> <span class='ocrx_word' id='word_1_438' title='bbox 223 2130 279 2158; x_wconf 81' lang='lat' dir='ltr'>est</span> <span class='ocrx_word' id='word_1_439' title='bbox 301 2129 337 2158; x_wconf 83' lang='lat' dir='ltr'>et</span> <span class='ocrx_word' id='word_1_440' title='bbox 360 2123 437 2157; x_wconf 83' lang='lat' dir='ltr'>aliis</span> <span class='ocrx_word' id='word_1_441' title='bbox 459 2125 566 2158; x_wconf 85' lang='lat' dir='ltr'>rebus</span> <span class='ocrx_word' id='word_1_442' title='bbox 591 2134 739 2166; x_wconf 85' lang='lat' dir='ltr'>nomen,</span> <span class='ocrx_word' id='word_1_443' title='bbox 767 2124 950 2158; x_wconf 82' lang='lat' dir='ltr'>intellectu</span> <span class='ocrx_word' id='word_1_444' title='bbox 971 2126 1077 2160; x_wconf 84' lang='lat' dir='ltr'>alicui</span> <span class='ocrx_word' id='word_1_445' title='bbox 1099 2125 1153 2159; x_wconf 87' lang='lat' dir='ltr'>rei</span> <span class='ocrx_word' id='word_1_446' title='bbox 1175 2125 1340 2159; x_wconf 75' lang='lat' dir='ltr'>tribuitur</span> <span class='ocrx_word' id='word_1_447' title='bbox 1363 2131 1405 2161; x_wconf 85' lang='lat' dir='ltr'>ib.</span> <span class='ocrx_word' id='word_1_448' title='bbox 1424 2129 1459 2162; x_wconf 87' lang='lat'>8.</span> <span class='ocrx_word' id='word_1_449' title='bbox 1492 2128 1565 2173; x_wconf 81' lang='lat' dir='ltr'>spi-</span> 
     </span>
     <span class='ocr_line' id='line_1_41' title="bbox 87 2169 1564 2214; baseline 0.001 -9"><span class='ocrx_word' id='word_1_450' title='bbox 87 2170 195 2205; x_wconf 77' lang='lat' dir='ltr'>ritum</span> <span class='ocrx_word' id='word_1_451' title='bbox 216 2169 377 2213; x_wconf 82' lang='lat' dir='ltr'>recipere</span> <span class='ocrx_word' id='word_1_452' title='bbox 399 2170 476 2203; x_wconf 71' lang='lat' dir='ltr'>sine</span> <span class='ocrx_word' id='word_1_453' title='bbox 499 2170 562 2203; x_wconf 89' lang='lat' dir='ltr'>int.</span> <span class='ocrx_word' id='word_1_454' title='bbox 587 2180 711 2203; x_wconf 80' lang='lat' dir='ltr'>morae</span> <span class='ocrx_word' id='word_1_455' title='bbox 735 2173 792 2212; x_wconf 87' lang='lat'>11,</span> <span class='ocrx_word' id='word_1_456' title='bbox 822 2172 857 2212; x_wconf 88' lang='grc'>3,</span> <span class='ocrx_word' id='word_1_457' title='bbox 881 2171 938 2204; x_wconf 86' lang='grc'>39.</span> <span class='ocrx_word' id='word_1_458' title='bbox 970 2170 1014 2212; x_wconf 86' lang='lat' dir='ltr'>cs.</span> <span class='ocrx_word' id='word_1_459' title='bbox 1039 2174 1096 2213; x_wconf 85' lang='lat'>11,</span> <span class='ocrx_word' id='word_1_460' title='bbox 1120 2174 1155 2212; x_wconf 89' lang='grc'>2,</span> <span class='ocrx_word' id='word_1_461' title='bbox 1180 2173 1248 2213; x_wconf 89' lang='grc'>37;</span> <span class='ocrx_word' id='word_1_462' title='bbox 1282 2174 1462 2214; x_wconf 81' lang='lat' dir='ltr'><strong>maiora</strong></span> <span class='ocrx_word' id='word_1_463' title='bbox 1489 2174 1564 2207; x_wconf 88' lang='lat' dir='ltr'>in-</span> 
     </span>
     <span class='ocr_line' id='line_1_42' title="bbox 87 2216 1564 2263; baseline 0.003 -15"><span class='ocrx_word' id='word_1_464' title='bbox 87 2217 289 2250; x_wconf 77' lang='lat' dir='ltr'>tellecta</span> <span class='ocrx_word' id='word_1_465' title='bbox 315 2218 348 2256; x_wconf 91' lang='lat'>1,</span> <span class='ocrx_word' id='word_1_466' title='bbox 375 2217 409 2257; x_wconf 90' lang='grc'>2,</span> <span class='ocrx_word' id='word_1_467' title='bbox 433 2216 490 2248; x_wconf 86' lang='grc'>28.</span> <span class='ocrx_word' id='word_1_468' title='bbox 537 2216 585 2252; x_wconf 88' lang='lat'>11)</span> <span class='ocrx_word' id='word_1_469' title='bbox 612 2218 763 2259; x_wconf 83' lang='lat' dir='ltr'>passive.-</span> <span class='ocrx_word' id='word_1_470' title='bbox 799 2216 960 2249; x_wconf 77' lang='lat' dir='ltr'>altiorem</span> <span class='ocrx_word' id='word_1_471' title='bbox 986 2217 1158 2260; x_wconf 84' lang='lat' dir='ltr'>praebens</span> <span class='ocrx_word' id='word_1_472' title='bbox 1181 2217 1306 2260; x_wconf 65' lang='lat' dir='ltr'>intell„</span> <span class='ocrx_word' id='word_1_473' title='bbox 1330 2229 1436 2261; x_wconf 88' lang='lat' dir='ltr'><strong>quam</strong></span> <span class='ocrx_word' id='word_1_474' title='bbox 1459 2231 1564 2263; x_wconf 82' lang='lat' dir='ltr'>quem</span> 
     </span>
     <span class='ocr_line' id='line_1_43' title="bbox 88 2260 1565 2306; baseline 0.002 -10"><span class='ocrx_word' id='word_1_475' title='bbox 88 2261 201 2297; x_wconf 80' lang='lat' dir='ltr'>verba</span> <span class='ocrx_word' id='word_1_476' title='bbox 223 2260 300 2304; x_wconf 80' lang='lat' dir='ltr'>ipsa</span> <span class='ocrx_word' id='word_1_477' title='bbox 325 2271 390 2303; x_wconf 86' lang='lat' dir='ltr'>per</span> <span class='ocrx_word' id='word_1_478' title='bbox 411 2271 451 2294; x_wconf 78' lang='lat' dir='ltr'>se</span> <span class='ocrx_word' id='word_1_479' title='bbox 475 2261 654 2294; x_wconf 79' lang='lat' dir='ltr'>declarant</span> <span class='ocrx_word' id='word_1_480' title='bbox 677 2262 712 2302; x_wconf 90' lang='grc'>8,</span> <span class='ocrx_word' id='word_1_481' title='bbox 730 2263 765 2302; x_wconf 87' lang='grc'>3,</span> <span class='ocrx_word' id='word_1_482' title='bbox 781 2262 838 2296; x_wconf 88' lang='grc'>83.</span> <span class='ocrx_word' id='word_1_483' title='bbox 887 2261 1109 2304; x_wconf 80' lang='lat' dir='ltr'>Qualitatem,</span> <span class='ocrx_word' id='word_1_484' title='bbox 1134 2263 1233 2305; x_wconf 84' lang='lat' dir='ltr'>cujus</span> <span class='ocrx_word' id='word_1_485' title='bbox 1256 2269 1396 2306; x_wconf 84' lang='lat' dir='ltr'>apertus</span> <span class='ocrx_word' id='word_1_486' title='bbox 1419 2265 1484 2299; x_wconf 86' lang='lat' dir='ltr'>int.</span> <span class='ocrx_word' id='word_1_487' title='bbox 1511 2272 1565 2299; x_wconf 85' lang='lat' dir='ltr'>est</span> 
     </span>
     <span class='ocr_line' id='line_1_44' title="bbox 88 2306 1563 2354; baseline 0.002 -13"><span class='ocrx_word' id='word_1_488' title='bbox 88 2308 125 2348; x_wconf 80' lang='lat'>3,</span> <span class='ocrx_word' id='word_1_489' title='bbox 146 2306 183 2349; x_wconf 84' lang='lat'>6,</span> <span class='ocrx_word' id='word_1_490' title='bbox 206 2307 263 2339; x_wconf 89' lang='grc'>23.</span> <span class='ocrx_word' id='word_1_491' title='bbox 299 2306 412 2340; x_wconf 77' lang='lat' dir='ltr'>verba</span> <span class='ocrx_word' id='word_1_492' title='bbox 435 2307 605 2350; x_wconf 82' lang='lat' dir='ltr'><strong>quaedam</strong></span> <span class='ocrx_word' id='word_1_493' title='bbox 628 2306 788 2340; x_wconf 85' lang='lat' dir='ltr'>diversos</span> <span class='ocrx_word' id='word_1_494' title='bbox 813 2306 876 2340; x_wconf 86' lang='lat' dir='ltr'>int.</span> <span class='ocrx_word' id='word_1_495' title='bbox 897 2307 1029 2342; x_wconf 82' lang='lat' dir='ltr'>habent</span> <span class='ocrx_word' id='word_1_496' title='bbox 1052 2311 1086 2350; x_wconf 88' lang='grc'>7,</span> <span class='ocrx_word' id='word_1_497' title='bbox 1112 2308 1148 2350; x_wconf 87' lang='grc'>9,</span> <span class='ocrx_word' id='word_1_498' title='bbox 1173 2310 1207 2341; x_wconf 91' lang='grc'>2.</span> <span class='ocrx_word' id='word_1_499' title='bbox 1249 2306 1434 2351; x_wconf 67' lang='grc' dir='ltr'>εἰρωνεία,</span> <span class='ocrx_word' id='word_1_500' title='bbox 1474 2323 1563 2354; x_wconf 74' lang='lat' dir='ltr'><strong>quae</strong></span> 
     </span>
     <span class='ocr_line' id='line_1_45' title="bbox 89 2350 1562 2399; baseline 0.004 -14"><span class='ocrx_word' id='word_1_501' title='bbox 89 2351 271 2385; x_wconf 80' lang='lat' dir='ltr'>diversum</span> <span class='ocrx_word' id='word_1_502' title='bbox 293 2350 339 2393; x_wconf 84' lang='lat' dir='ltr'>ei,</span> <span class='ocrx_word' id='word_1_503' title='bbox 364 2353 460 2395; x_wconf 85' lang='lat' dir='ltr'>quod</span> <span class='ocrx_word' id='word_1_504' title='bbox 483 2351 579 2394; x_wconf 84' lang='lat' dir='ltr'>dicit,</span> <span class='ocrx_word' id='word_1_505' title='bbox 605 2351 669 2386; x_wconf 83' lang='lat' dir='ltr'>int.</span> <span class='ocrx_word' id='word_1_506' title='bbox 693 2352 781 2396; x_wconf 85' lang='lat' dir='ltr'>petit</span> <span class='ocrx_word' id='word_1_507' title='bbox 802 2353 838 2394; x_wconf 84' lang='lat'>6,</span> <span class='ocrx_word' id='word_1_508' title='bbox 858 2355 892 2394; x_wconf 93' lang='grc'>2,</span> <span class='ocrx_word' id='word_1_509' title='bbox 912 2356 964 2387; x_wconf 80' lang='grc'>15.</span> <span class='ocrx_word' id='word_1_510' title='bbox 992 2354 1125 2397; x_wconf 84' lang='lat' dir='ltr'>duplex</span> <span class='ocrx_word' id='word_1_511' title='bbox 1148 2364 1270 2387; x_wconf 85' lang='lat' dir='ltr'>eorum</span> <span class='ocrx_word' id='word_1_512' title='bbox 1293 2354 1355 2388; x_wconf 80' lang='lat' dir='ltr'>int.</span> <span class='ocrx_word' id='word_1_513' title='bbox 1380 2362 1434 2390; x_wconf 82' lang='lat' dir='ltr'>est</span> <span class='ocrx_word' id='word_1_514' title='bbox 1461 2359 1562 2399; x_wconf 83' lang='lat' dir='ltr'>alter,</span> 
     </span>
     <span class='ocr_line' id='line_1_46' title="bbox 89 2395 1562 2446; baseline 0.004 -17"><span class='ocrx_word' id='word_1_515' title='bbox 89 2396 152 2441; x_wconf 80' lang='lat' dir='ltr'>qui</span> <span class='ocrx_word' id='word_1_516' title='bbox 175 2395 292 2430; x_wconf 85' lang='lat' dir='ltr'>omnia</span> <span class='ocrx_word' id='word_1_517' title='bbox 317 2396 510 2446; x_wconf 73' lang='lat' dir='ltr'>significat,</span> <span class='ocrx_word' id='word_1_518' title='bbox 548 2399 636 2431; x_wconf 87' lang='lat' dir='ltr'>alter</span> <span class='ocrx_word' id='word_1_519' title='bbox 663 2405 724 2431; x_wconf 76' lang='lat' dir='ltr'>etc.</span> <span class='ocrx_word' id='word_1_520' title='bbox 755 2402 797 2439; x_wconf 88' lang='lat'>1,</span> <span class='ocrx_word' id='word_1_521' title='bbox 824 2400 859 2439; x_wconf 91' lang='grc'>5,</span> <span class='ocrx_word' id='word_1_522' title='bbox 886 2401 920 2432; x_wconf 90' lang='grc'>2.</span> <span class='ocrx_word' id='word_1_523' title='bbox 952 2398 995 2440; x_wconf 84' lang='lat' dir='ltr'>cf.</span> <span class='ocrx_word' id='word_1_524' title='bbox 1022 2401 1058 2441; x_wconf 89' lang='grc'>3,</span> <span class='ocrx_word' id='word_1_525' title='bbox 1080 2399 1115 2441; x_wconf 88' lang='grc'>6,</span> <span class='ocrx_word' id='word_1_526' title='bbox 1138 2398 1196 2434; x_wconf 92' lang='grc'>43.</span> <span class='ocrx_word' id='word_1_527' title='bbox 1237 2401 1415 2435; x_wconf 85' lang='lat' dir='ltr'>rhetorice</span> <span class='ocrx_word' id='word_1_528' title='bbox 1438 2422 1484 2428; x_wconf 96' lang='lat'>—</span> <span class='ocrx_word' id='word_1_529' title='bbox 1507 2414 1562 2446; x_wconf 84' lang='lat' dir='ltr'><strong>ap.</strong></span> 
     </span>
     <span class='ocr_line' id='line_1_47' title="bbox 89 2442 1563 2487; baseline 0.004 -11"><span class='ocrx_word' id='word_1_530' title='bbox 89 2443 249 2476; x_wconf 76' lang='lat' dir='ltr'>Graecos</span> <span class='ocrx_word' id='word_1_531' title='bbox 276 2452 417 2486; x_wconf 83' lang='lat' dir='ltr'>qnoque</span> <span class='ocrx_word' id='word_1_532' title='bbox 440 2444 536 2487; x_wconf 64' lang='lat' dir='ltr'>dnp&#39;l.</span> <span class='ocrx_word' id='word_1_533' title='bbox 558 2442 620 2476; x_wconf 82' lang='lat' dir='ltr'>int.</span> <span class='ocrx_word' id='word_1_534' title='bbox 643 2444 750 2477; x_wconf 84' lang='lat' dir='ltr'>habet</span> <span class='ocrx_word' id='word_1_535' title='bbox 777 2446 812 2485; x_wconf 84' lang='lat'>2,</span> <span class='ocrx_word' id='word_1_536' title='bbox 837 2442 894 2486; x_wconf 83' lang='lat'>14,</span> <span class='ocrx_word' id='word_1_537' title='bbox 917 2447 951 2479; x_wconf 90' lang='grc'>2.</span> <span class='ocrx_word' id='word_1_538' title='bbox 984 2444 1021 2478; x_wconf 86' lang='lat' dir='ltr'>in</span> <span class='ocrx_word' id='word_1_539' title='bbox 1046 2445 1238 2478; x_wconf 77' lang='lat' dir='ltr'>obscenum</span> <span class='ocrx_word' id='word_1_540' title='bbox 1261 2445 1326 2482; x_wconf 88' lang='lat' dir='ltr'>int.</span> <span class='ocrx_word' id='word_1_541' title='bbox 1352 2458 1469 2481; x_wconf 84' lang='lat' dir='ltr'>sermo</span> <span class='ocrx_word' id='word_1_542' title='bbox 1498 2449 1563 2482; x_wconf 75' lang='lat' dir='ltr'>de-</span> 
     </span>
     <span class='ocr_line' id='line_1_48' title="bbox 89 2487 1562 2536; baseline 0.005 -16"><span class='ocrx_word' id='word_1_543' title='bbox 89 2492 204 2521; x_wconf 70' lang='lat' dir='ltr'>tortus</span> <span class='ocrx_word' id='word_1_544' title='bbox 229 2493 284 2521; x_wconf 80' lang='lat' dir='ltr'>est</span> <span class='ocrx_word' id='word_1_545' title='bbox 307 2489 342 2530; x_wconf 88' lang='lat'>8,</span> <span class='ocrx_word' id='word_1_546' title='bbox 366 2489 406 2529; x_wconf 88' lang='lat'>3,</span> <span class='ocrx_word' id='word_1_547' title='bbox 429 2487 487 2522; x_wconf 84' lang='grc'>44.</span> <span class='ocrx_word' id='word_1_548' title='bbox 518 2489 650 2532; x_wconf 80' lang='lat' dir='ltr'>primus</span> <span class='ocrx_word' id='word_1_549' title='bbox 674 2489 737 2522; x_wconf 89' lang='lat' dir='ltr'>int.</span> <span class='ocrx_word' id='word_1_550' title='bbox 763 2495 818 2523; x_wconf 87' lang='lat' dir='ltr'>est</span> <span class='ocrx_word' id='word_1_551' title='bbox 839 2500 903 2522; x_wconf 83' lang='lat' dir='ltr'><strong>sua</strong></span> <span class='ocrx_word' id='word_1_552' title='bbox 931 2491 1100 2534; x_wconf 75' lang='lat' dir='ltr'>cujusque</span> <span class='ocrx_word' id='word_1_553' title='bbox 1123 2490 1176 2524; x_wconf 85' lang='lat' dir='ltr'>rei</span> <span class='ocrx_word' id='word_1_554' title='bbox 1198 2492 1385 2535; x_wconf 80' lang='lat' dir='ltr'>appellatio</span> <span class='ocrx_word' id='word_1_555' title='bbox 1410 2496 1445 2535; x_wconf 85' lang='lat'>8,</span> <span class='ocrx_word' id='word_1_556' title='bbox 1468 2496 1503 2536; x_wconf 87' lang='grc'>2,</span> <span class='ocrx_word' id='word_1_557' title='bbox 1529 2497 1562 2528; x_wconf 91' lang='grc'>1.</span> 
     </span>
     <span class='ocr_line' id='line_1_49' title="bbox 89 2533 1563 2584; baseline 0.004 -17"><span class='ocrx_word' id='word_1_558' title='bbox 89 2533 317 2576; x_wconf 60' lang='lat' dir='ltr'>enthymema</span> <span class='ocrx_word' id='word_1_559' title='bbox 338 2544 448 2566; x_wconf 89' lang='lat' dir='ltr'>unum</span> <span class='ocrx_word' id='word_1_560' title='bbox 469 2533 532 2567; x_wconf 82' lang='lat' dir='ltr'>int.</span> <span class='ocrx_word' id='word_1_561' title='bbox 547 2535 665 2574; x_wconf 82' lang='lat' dir='ltr'>habet,</span> <span class='ocrx_word' id='word_1_562' title='bbox 691 2545 763 2578; x_wconf 79' lang='lat' dir='ltr'>quo</span> <span class='ocrx_word' id='word_1_563' title='bbox 786 2534 904 2568; x_wconf 87' lang='lat' dir='ltr'>omnia</span> <span class='ocrx_word' id='word_1_564' title='bbox 926 2542 1044 2570; x_wconf 86' lang='lat' dir='ltr'>mente</span> <span class='ocrx_word' id='word_1_565' title='bbox 1069 2542 1239 2581; x_wconf 81' lang='lat' dir='ltr'>concepta</span> <span class='ocrx_word' id='word_1_566' title='bbox 1262 2538 1447 2584; x_wconf 80' lang='lat' dir='ltr'>significat,</span> <span class='ocrx_word' id='word_1_567' title='bbox 1473 2541 1563 2573; x_wconf 81' lang='lat' dir='ltr'>alte-</span> 
     </span>
     <span class='ocr_line' id='line_1_50' title="bbox 89 2577 1565 2627; baseline 0.003 -14"><span class='ocrx_word' id='word_1_568' title='bbox 89 2589 170 2613; x_wconf 82' lang='lat' dir='ltr'>rum</span> <span class='ocrx_word' id='word_1_569' title='bbox 192 2586 254 2612; x_wconf 77' lang='lat' dir='ltr'>etc.</span> <span class='ocrx_word' id='word_1_570' title='bbox 280 2578 320 2620; x_wconf 91' lang='grc'>5,</span> <span class='ocrx_word' id='word_1_571' title='bbox 350 2581 416 2621; x_wconf 92' lang='grc'>10,</span> <span class='ocrx_word' id='word_1_572' title='bbox 442 2582 474 2613; x_wconf 92' lang='grc'>1.</span> <span class='ocrx_word' id='word_1_573' title='bbox 508 2577 551 2620; x_wconf 81' lang='lat' dir='ltr'>cs.</span> <span class='ocrx_word' id='word_1_574' title='bbox 577 2581 619 2622; x_wconf 87' lang='grc'>3,</span> <span class='ocrx_word' id='word_1_575' title='bbox 641 2581 682 2622; x_wconf 86' lang='grc'>6,</span> <span class='ocrx_word' id='word_1_576' title='bbox 709 2580 766 2614; x_wconf 92' lang='grc'>45.</span> <span class='ocrx_word' id='word_1_577' title='bbox 808 2581 852 2613; x_wconf 85' lang='lat' dir='ltr'>de</span> <span class='ocrx_word' id='word_1_578' title='bbox 875 2581 987 2615; x_wconf 79' lang='lat' dir='ltr'>altero</span> <span class='ocrx_word' id='word_1_579' title='bbox 1014 2581 1078 2616; x_wconf 83' lang='lat' dir='ltr'>int.</span> <span class='ocrx_word' id='word_1_580' title='bbox 1105 2581 1222 2626; x_wconf 78' lang='lat' dir='ltr'>(legis)</span> <span class='ocrx_word' id='word_1_581' title='bbox 1248 2590 1383 2616; x_wconf 83' lang='lat' dir='ltr'>certum</span> <span class='ocrx_word' id='word_1_582' title='bbox 1406 2591 1484 2627; x_wconf 88' lang='lat' dir='ltr'>est,</span> <span class='ocrx_word' id='word_1_583' title='bbox 1518 2586 1565 2618; x_wconf 73' lang='lat' dir='ltr'>de</span> 
     </span>
    </p>

    <p class='ocr_par' dir='ltr' id='par_1_12' title="bbox 5 2623 1565 2674">
     <span class='ocr_line' id='line_1_51' title="bbox 5 2623 1565 2674; baseline 0.004 -17"><span class='ocrx_word' id='word_1_584' title='bbox 5 2649 25 2668; x_wconf 12' lang='grc' dir='ltr'>ς,</span> <span class='ocrx_word' id='word_1_585' title='bbox 91 2625 205 2658; x_wconf 80' lang='lat' dir='ltr'>altero</span> <span class='ocrx_word' id='word_1_586' title='bbox 228 2623 373 2658; x_wconf 84' lang='lat' dir='ltr'>dubium</span> <span class='ocrx_word' id='word_1_587' title='bbox 398 2628 432 2665; x_wconf 91' lang='lat'>7,</span> <span class='ocrx_word' id='word_1_588' title='bbox 453 2626 495 2667; x_wconf 89' lang='grc'>6,</span> <span class='ocrx_word' id='word_1_589' title='bbox 525 2627 558 2659; x_wconf 92' lang='grc'>3.</span> <span class='ocrx_word' id='word_1_590' title='bbox 595 2624 813 2672; x_wconf 83' lang='lat' dir='ltr'>intellectum</span> <span class='ocrx_word' id='word_1_591' title='bbox 837 2625 1006 2667; x_wconf 76' lang='lat' dir='ltr'>adjuvant</span> <span class='ocrx_word' id='word_1_592' title='bbox 1029 2627 1162 2669; x_wconf 82' lang='lat' dir='ltr'>(verba)</span> <span class='ocrx_word' id='word_1_593' title='bbox 1185 2630 1227 2670; x_wconf 90' lang='lat'>8,</span> <span class='ocrx_word' id='word_1_594' title='bbox 1255 2631 1300 2671; x_wconf 90' lang='grc'>2,</span> <span class='ocrx_word' id='word_1_595' title='bbox 1326 2633 1381 2664; x_wconf 91' lang='grc'>11.</span> <span class='ocrx_word' id='word_1_596' title='bbox 1415 2640 1565 2674; x_wconf 86' lang='lat' dir='ltr'>compo-</span> 
     </span>
    </p>

    <p class='ocr_par' dir='ltr' id='par_1_13' title="bbox 7 2670 1566 2718">
     <span class='ocr_line' id='line_1_52' title="bbox 7 2670 1566 2718; baseline 0.004 -15"><span class='ocrx_word' id='word_1_597' title='bbox 7 2679 26 2714; x_wconf 44' lang='grc' dir='ltr'>ᾗ</span> <span class='ocrx_word' id='word_1_598' title='bbox 89 2670 228 2709; x_wconf 72' lang='lat' dir='ltr'>nemius</span> <span class='ocrx_word' id='word_1_599' title='bbox 256 2675 311 2704; x_wconf 71' lang='lat' dir='ltr'>eet</span> <span class='ocrx_word' id='word_1_600' title='bbox 332 2681 353 2704; x_wconf 89' lang='lat' dir='ltr'>e</span> <span class='ocrx_word' id='word_1_601' title='bbox 376 2670 512 2704; x_wconf 78' lang='lat' dir='ltr'>duobus</span> <span class='ocrx_word' id='word_1_602' title='bbox 535 2670 598 2704; x_wconf 84' lang='lat' dir='ltr'>int.</span> <span class='ocrx_word' id='word_1_603' title='bbox 621 2671 656 2711; x_wconf 83' lang='lat'>8,</span> <span class='ocrx_word' id='word_1_604' title='bbox 678 2671 714 2714; x_wconf 84' lang='lat'>6,</span> <span class='ocrx_word' id='word_1_605' title='bbox 741 2672 799 2706; x_wconf 84' lang='grc'>66.</span> <span class='ocrx_word' id='word_1_606' title='bbox 838 2673 918 2705; x_wconf 84' lang='lat' dir='ltr'><strong>ead.</strong></span> <span class='ocrx_word' id='word_1_607' title='bbox 940 2673 1043 2706; x_wconf 86' lang='lat' dir='ltr'>litera</span> <span class='ocrx_word' id='word_1_608' title='bbox 1067 2672 1175 2707; x_wconf 85' lang='lat' dir='ltr'>alium</span> <span class='ocrx_word' id='word_1_609' title='bbox 1201 2679 1270 2718; x_wconf 80' lang='lat' dir='ltr'><strong>atq.</strong></span> <span class='ocrx_word' id='word_1_610' title='bbox 1296 2675 1403 2708; x_wconf 83' lang='lat' dir='ltr'>alium</span> <span class='ocrx_word' id='word_1_611' title='bbox 1427 2675 1490 2709; x_wconf 81' lang='lat' dir='ltr'>int.</span> <span class='ocrx_word' id='word_1_612' title='bbox 1511 2676 1566 2709; x_wconf 79' lang='lat' dir='ltr'><strong>fa-</strong></span> 
     </span>
    </p>

    <p class='ocr_par' dir='ltr' id='par_1_14' title="bbox 92 2714 1567 2762">
     <span class='ocr_line' id='line_1_53' title="bbox 92 2714 1567 2762; baseline 0.004 -14"><span class='ocrx_word' id='word_1_613' title='bbox 92 2714 141 2748; x_wconf 75' lang='lat' dir='ltr'>cit</span> <span class='ocrx_word' id='word_1_614' title='bbox 166 2717 208 2757; x_wconf 88' lang='grc'>1,</span> <span class='ocrx_word' id='word_1_615' title='bbox 230 2718 275 2758; x_wconf 86' lang='grc'>7,</span> <span class='ocrx_word' id='word_1_616' title='bbox 298 2718 335 2750; x_wconf 90' lang='grc'>2.</span> <span class='ocrx_word' id='word_1_617' title='bbox 372 2716 539 2750; x_wconf 65' lang='grc' dir='ltr'>ἰηιιεῑοία</span> <span class='ocrx_word' id='word_1_618' title='bbox 566 2715 656 2760; x_wconf 72' lang='lat' dir='ltr'>(sunt</span> <span class='ocrx_word' id='word_1_619' title='bbox 678 2716 820 2759; x_wconf 81' lang='lat' dir='ltr'>verba),</span> <span class='ocrx_word' id='word_1_620' title='bbox 847 2728 929 2752; x_wconf 86' lang='lat' dir='ltr'>cum</span> <span class='ocrx_word' id='word_1_621' title='bbox 950 2718 1056 2752; x_wconf 82' lang='lat' dir='ltr'>alium</span> <span class='ocrx_word' id='word_1_622' title='bbox 1078 2725 1204 2753; x_wconf 82' lang='lat' dir='ltr'>natura</span> <span class='ocrx_word' id='word_1_623' title='bbox 1230 2720 1316 2762; x_wconf 67' lang='lat' dir='ltr'>int,</span> <span class='ocrx_word' id='word_1_624' title='bbox 1351 2722 1458 2754; x_wconf 83' lang='lat' dir='ltr'>alium</span> <span class='ocrx_word' id='word_1_625' title='bbox 1483 2723 1567 2754; x_wconf 85' lang='lat' dir='ltr'>loco</span> 
     </span>
    </p>

    <p class='ocr_par' dir='ltr' id='par_1_15' title="bbox 84 2759 1565 2809">
     <span class='ocr_line' id='line_1_54' title="bbox 84 2759 1565 2809; baseline 0.004 -15"><span class='ocrx_word' id='word_1_626' title='bbox 84 2759 266 2802; x_wconf 68' lang='lat' dir='ltr'>*praebent</span> <span class='ocrx_word' id='word_1_627' title='bbox 290 2763 325 2803; x_wconf 86' lang='lat'>1,</span> <span class='ocrx_word' id='word_1_628' title='bbox 347 2761 382 2806; x_wconf 92' lang='grc'>5,</span> <span class='ocrx_word' id='word_1_629' title='bbox 405 2764 461 2796; x_wconf 87' lang='grc'>71.</span> <span class='ocrx_word' id='word_1_630' title='bbox 498 2772 579 2796; x_wconf 85' lang='lat' dir='ltr'>cum</span> <span class='ocrx_word' id='word_1_631' title='bbox 602 2762 641 2796; x_wconf 86' lang='lat' dir='ltr'>in</span> <span class='ocrx_word' id='word_1_632' title='bbox 658 2763 745 2797; x_wconf 81' lang='lat' dir='ltr'><strong>duas</strong></span> <span class='ocrx_word' id='word_1_633' title='bbox 770 2768 888 2806; x_wconf 77' lang='lat' dir='ltr'>partes</span> <span class='ocrx_word' id='word_1_634' title='bbox 910 2764 975 2799; x_wconf 86' lang='lat' dir='ltr'>int.</span> <span class='ocrx_word' id='word_1_635' title='bbox 1002 2764 1155 2799; x_wconf 75' lang='lat' dir='ltr'>nominis</span> <span class='ocrx_word' id='word_1_636' title='bbox 1180 2765 1364 2800; x_wconf 69' lang='lat' dir='ltr'>diducatur</span> <span class='ocrx_word' id='word_1_637' title='bbox 1388 2770 1422 2809; x_wconf 81' lang='lat'>7,</span> <span class='ocrx_word' id='word_1_638' title='bbox 1452 2770 1506 2809; x_wconf 80' lang='grc'>10,</span> <span class='ocrx_word' id='word_1_639' title='bbox 1533 2770 1565 2800; x_wconf 86' lang='grc'>1.</span> 
     </span>
    </p>
   </div>
  </div>
 </body>
</html>
