<?xml version="1.0" encoding="UTF-8"?>
<!DOCTYPE html PUBLIC "-//W3C//DTD XHTML 1.0 Transitional//EN"
    "http://www.w3.org/TR/xhtml1/DTD/xhtml1-transitional.dtd">
<html xmlns="http://www.w3.org/1999/xhtml" xml:lang="en" lang="en">
 <head>
  <title>
</title>
<meta http-equiv="Content-Type" content="text/html;charset=utf-8" />
  <meta name='ocr-system' content='tesseract 3.04.00' />
  <meta name='ocr-capabilities' content='ocr_page ocr_carea ocr_par ocr_line ocrx_word'/>
</head>
<body>
  <div class='ocr_page' id='page_1' title='image "./lexiconquintilia06bonnuoft_0060.png"; bbox 0 0 1728 3002; ppageno 0'>
   <div class='ocr_carea' id='block_1_1' title="bbox 183 214 1112 273">
    <p class='ocr_par' dir='ltr' id='par_1_1' title="bbox 183 214 1112 273">
     <span class='ocr_line' id='line_1_1' title="bbox 183 214 1112 273; baseline 0.004 -18"><span class='ocrx_word' id='word_1_1' title='bbox 183 215 253 250; x_wconf 85' lang='lat' dir='ltr'>Lll</span> <span class='ocrx_word' id='word_1_2' title='bbox 731 231 738 237; x_wconf 71' lang='lat'><strong><em>¹</em></strong></span> <span class='ocrx_word' id='word_1_3' title='bbox 802 214 1112 273; x_wconf 74' lang='lat' dir='ltr'>prolegomena</span> 
     </span>
    </p>
   </div>
   <div class='ocr_carea' id='block_1_2' title="bbox 183 325 1728 795">
    <p class='ocr_par' dir='ltr' id='par_1_2' title="bbox 183 325 1728 795">
     <span class='ocr_line' id='line_1_2' title="bbox 184 325 1728 394; baseline 0.006 -21"><span class='ocrx_word' id='word_1_4' title='bbox 184 325 409 375; x_wconf 82' lang='lat' dir='ltr'>Codices</span> <span class='ocrx_word' id='word_1_5' title='bbox 441 326 643 392; x_wconf 70' lang='lat' dir='ltr'>aptabit</span> <span class='ocrx_word' id='word_1_6' title='bbox 671 341 725 378; x_wconf 89' lang='lat' dir='ltr'>et</span> <span class='ocrx_word' id='word_1_7' title='bbox 757 338 980 379; x_wconf 76' lang='lat' dir='ltr'>arcesset</span> <span class='ocrx_word' id='word_1_8' title='bbox 1013 344 1254 380; x_wconf 85' lang='lat' dir='ltr'>mutetur</span> <span class='ocrx_word' id='word_1_9' title='bbox 1293 334 1312 394; x_wconf 96' lang='lat'>(</span> <span class='ocrx_word' id='word_1_10' title='bbox 1323 332 1388 381; x_wconf 88' lang='lat' dir='ltr'>cf.</span> <span class='ocrx_word' id='word_1_11' title='bbox 1419 333 1623 383; x_wconf 89' lang='lat' dir='ltr'>Walch</span> <span class='ocrx_word' id='word_1_12' title='bbox 1655 337 1728 383; x_wconf 83' lang='lat' dir='ltr'>ad</span> 
     </span>
     <span class='ocr_line' id='line_1_3' title="bbox 186 406 1728 480; baseline 0.005 -26"><span class='ocrx_word' id='word_1_13' title='bbox 186 406 324 455; x_wconf 85' lang='lat' dir='ltr'>Tac.</span> <span class='ocrx_word' id='word_1_14' title='bbox 343 406 523 475; x_wconf 82' lang='lat' dir='ltr'>Agric.</span> <span class='ocrx_word' id='word_1_15' title='bbox 545 426 598 476; x_wconf 90' lang='lat' dir='ltr'>p.</span> <span class='ocrx_word' id='word_1_16' title='bbox 628 407 759 477; x_wconf 84' lang='lat'>105).</span> <span class='ocrx_word' id='word_1_17' title='bbox 831 410 980 476; x_wconf 84' lang='lat' dir='ltr'>Quin</span> <span class='ocrx_word' id='word_1_18' title='bbox 1007 411 1166 460; x_wconf 89' lang='lat' dir='ltr'>etiam</span> <span class='ocrx_word' id='word_1_19' title='bbox 1195 412 1254 461; x_wconf 89' lang='lat' dir='ltr'>in</span> <span class='ocrx_word' id='word_1_20' title='bbox 1285 413 1369 461; x_wconf 90' lang='lat' dir='ltr'>Co</span> <span class='ocrx_word' id='word_1_21' title='bbox 1383 413 1548 480; x_wconf 89' lang='lat' dir='ltr'>njun</span> <span class='ocrx_word' id='word_1_22' title='bbox 1561 414 1650 463; x_wconf 90' lang='lat' dir='ltr'>cti</span> <span class='ocrx_word' id='word_1_23' title='bbox 1664 414 1728 466; x_wconf 81' lang='lat' dir='ltr'>vi</span> 
     </span>
     <span class='ocr_line' id='line_1_4' title="bbox 185 488 1728 557; baseline 0.005 -23"><span class='ocrx_word' id='word_1_24' title='bbox 185 488 228 534; x_wconf 91' lang='lat' dir='ltr'>P</span> <span class='ocrx_word' id='word_1_25' title='bbox 242 489 344 535; x_wconf 88' lang='lat' dir='ltr'>erf</span> <span class='ocrx_word' id='word_1_26' title='bbox 352 505 379 535; x_wconf 92' lang='lat' dir='ltr'>e</span> <span class='ocrx_word' id='word_1_27' title='bbox 394 505 422 536; x_wconf 91' lang='lat' dir='ltr'>c</span> <span class='ocrx_word' id='word_1_28' title='bbox 435 503 457 536; x_wconf 94' lang='lat' dir='ltr'>t</span> <span class='ocrx_word' id='word_1_29' title='bbox 469 507 502 537; x_wconf 90' lang='grc' dir='ltr'>ο</span> <span class='ocrx_word' id='word_1_30' title='bbox 536 490 755 540; x_wconf 87' lang='lat' dir='ltr'>videtur</span> <span class='ocrx_word' id='word_1_31' title='bbox 784 495 974 539; x_wconf 87' lang='lat' dir='ltr'>eadem</span> <span class='ocrx_word' id='word_1_32' title='bbox 1003 491 1095 542; x_wconf 82' lang='lat' dir='ltr'>illa</span> <span class='ocrx_word' id='word_1_33' title='bbox 1124 494 1202 544; x_wconf 87' lang='lat' dir='ltr'>vis</span> <span class='ocrx_word' id='word_1_34' title='bbox 1221 493 1436 542; x_wconf 88' lang='lat' dir='ltr'>infinita</span> <span class='ocrx_word' id='word_1_35' title='bbox 1457 497 1629 544; x_wconf 86' lang='lat' dir='ltr'>inesse</span> <span class='ocrx_word' id='word_1_36' title='bbox 1651 512 1728 557; x_wconf 81' lang='lat'>12,</span> 
     </span>
     <span class='ocr_line' id='line_1_5' title="bbox 192 569 1728 638; baseline 0.008 -26"><span class='ocrx_word' id='word_1_37' title='bbox 192 584 210 612; x_wconf 93' lang='lat'>1</span> <span class='ocrx_word' id='word_1_38' title='bbox 229 604 243 629; x_wconf 81' lang='grc'>,</span> <span class='ocrx_word' id='word_1_39' title='bbox 283 569 362 621; x_wconf 85' lang='lat'>28.</span> <span class='ocrx_word' id='word_1_40' title='bbox 407 570 543 619; x_wconf 78' lang='lat' dir='ltr'>Nam</span> <span class='ocrx_word' id='word_1_41' title='bbox 580 573 823 638; x_wconf 75' lang='lat' dir='ltr'>quomodo</span> <span class='ocrx_word' id='word_1_42' title='bbox 869 590 1099 637; x_wconf 79' lang='lat' dir='ltr'>pugnam</span> <span class='ocrx_word' id='word_1_43' title='bbox 1135 575 1424 625; x_wconf 71' lang='lat' dir='ltr'>ineuntibus</span> <span class='ocrx_word' id='word_1_44' title='bbox 1463 584 1543 626; x_wconf 77' lang='lat' dir='ltr'>tot</span> <span class='ocrx_word' id='word_1_45' title='bbox 1579 576 1728 626; x_wconf 69' lang='lat' dir='ltr'>simul</span> 
     </span>
     <span class='ocr_line' id='line_1_6' title="bbox 185 651 1728 717; baseline 0.006 -20"><span class='ocrx_word' id='word_1_46' title='bbox 185 658 350 699; x_wconf 74' lang='lat' dir='ltr'>metus</span> <span class='ocrx_word' id='word_1_47' title='bbox 379 651 566 701; x_wconf 68' lang='lat' dir='ltr'>laboris</span> <span class='ocrx_word' id='word_1_48' title='bbox 585 667 686 702; x_wconf 92' lang='lat' dir='ltr'>etc.</span> <span class='ocrx_word' id='word_1_49' title='bbox 720 671 745 702; x_wconf 81' lang='lat' dir='ltr'>e</span> <span class='ocrx_word' id='word_1_50' title='bbox 758 654 913 702; x_wconf 71' lang='lat' dir='ltr'>ccc-id</span> <span class='ocrx_word' id='word_1_51' title='bbox 923 655 1059 717; x_wconf 74' lang='lat' dir='ltr'>erin</span> <span class='ocrx_word' id='word_1_52' title='bbox 1071 663 1115 717; x_wconf 81' lang='lat' dir='ltr'>t,</span> <span class='ocrx_word' id='word_1_53' title='bbox 1156 657 1261 707; x_wconf 72' lang='lat' dir='ltr'>nisi</span> <span class='ocrx_word' id='word_1_54' title='bbox 1281 657 1338 705; x_wconf 76' lang='lat' dir='ltr'>in</span> <span class='ocrx_word' id='word_1_55' title='bbox 1369 673 1545 707; x_wconf 76' lang='lat' dir='ltr'>eorum</span> <span class='ocrx_word' id='word_1_56' title='bbox 1566 659 1728 707; x_wconf 79' lang='lat' dir='ltr'>locum</span> 
     </span>
     <span class='ocr_line' id='line_1_7' title="bbox 183 731 989 795; baseline 0.006 -17"><span class='ocrx_word' id='word_1_57' title='bbox 183 731 352 795; x_wconf 74' lang='lat' dir='ltr'>pietas</span> <span class='ocrx_word' id='word_1_58' title='bbox 385 747 486 782; x_wconf 90' lang='lat' dir='ltr'>etc.</span> <span class='ocrx_word' id='word_1_59' title='bbox 521 736 989 785; x_wconf 74' lang='lat' dir='ltr'><strong><em>successerint?</em></strong></span> 
     </span>
    </p>
   </div>
   <div class='ocr_carea' id='block_1_3' title="bbox 692 851 1226 928">
    <p class='ocr_par' dir='ltr' id='par_1_3' title="bbox 692 851 1226 928">
     <span class='ocr_line' id='line_1_8' title="bbox 692 851 1226 928; baseline 0.002 -2"><span class='ocrx_word' id='word_1_60' title='bbox 692 851 733 926; x_wconf 67' lang='lat'>4}</span> <span class='ocrx_word' id='word_1_61' title='bbox 793 884 882 928; x_wconf 87' lang='lat' dir='ltr'>DE</span> <span class='ocrx_word' id='word_1_62' title='bbox 923 883 1226 928; x_wconf 86' lang='lat' dir='ltr'><strong>FUTURO.</strong></span> 
     </span>
    </p>
   </div>
   <div class='ocr_carea' id='block_1_4' title="bbox 120 976 1728 2818">
    <p class='ocr_par' dir='ltr' id='par_1_4' title="bbox 183 976 1728 1292">
     <span class='ocr_line' id='line_1_9' title="bbox 289 976 1727 1049; baseline 0.003 -23"><span class='ocrx_word' id='word_1_63' title='bbox 289 976 579 1045; x_wconf 81' lang='lat' dir='ltr'>Singularis</span> <span class='ocrx_word' id='word_1_64' title='bbox 602 979 826 1044; x_wconf 83' lang='lat' dir='ltr'>quidam</span> <span class='ocrx_word' id='word_1_65' title='bbox 846 982 893 1031; x_wconf 90' lang='lat' dir='ltr'>F</span> <span class='ocrx_word' id='word_1_66' title='bbox 896 982 1068 1044; x_wconf 81' lang='lat' dir='ltr'>nturi,</span> <span class='ocrx_word' id='word_1_67' title='bbox 1104 985 1255 1049; x_wconf 88' lang='lat' dir='ltr'>apud</span> <span class='ocrx_word' id='word_1_68' title='bbox 1284 982 1597 1049; x_wconf 79' lang='lat' dir='ltr'>scriptorem</span> <span class='ocrx_word' id='word_1_69' title='bbox 1625 1000 1727 1031; x_wconf 90' lang='lat' dir='ltr'>no-</span> 
     </span>
     <span class='ocr_line' id='line_1_10' title="bbox 185 1057 1728 1128; baseline 0.005 -24"><span class='ocrx_word' id='word_1_70' title='bbox 185 1070 351 1105; x_wconf 86' lang='lat' dir='ltr'>strum</span> <span class='ocrx_word' id='word_1_71' title='bbox 375 1057 626 1124; x_wconf 82' lang='lat' dir='ltr'>imprimis</span> <span class='ocrx_word' id='word_1_72' title='bbox 650 1061 920 1126; x_wconf 82' lang='lat' dir='ltr'>frequens,</span> <span class='ocrx_word' id='word_1_73' title='bbox 944 1080 1089 1124; x_wconf 79' lang='lat' dir='ltr'>usus,</span> <span class='ocrx_word' id='word_1_74' title='bbox 1112 1080 1282 1128; x_wconf 87' lang='lat' dir='ltr'>quum</span> <span class='ocrx_word' id='word_1_75' title='bbox 1294 1063 1351 1111; x_wconf 90' lang='lat' dir='ltr'>in</span> <span class='ocrx_word' id='word_1_76' title='bbox 1363 1063 1728 1113; x_wconf 83' lang='lat' dir='ltr'>Grammaticis</span> 
     </span>
     <span class='ocr_line' id='line_1_11' title="bbox 183 1138 1728 1209; baseline 0.006 -25"><span class='ocrx_word' id='word_1_77' title='bbox 183 1138 380 1186; x_wconf 86' lang='lat' dir='ltr'>nostris</span> <span class='ocrx_word' id='word_1_78' title='bbox 400 1138 663 1188; x_wconf 88' lang='lat' dir='ltr'>immerito</span> <span class='ocrx_word' id='word_1_79' title='bbox 687 1144 967 1208; x_wconf 79' lang='lat' dir='ltr'>neglectus</span> <span class='ocrx_word' id='word_1_80' title='bbox 999 1142 1089 1203; x_wconf 87' lang='lat' dir='ltr'>sit,</span> <span class='ocrx_word' id='word_1_81' title='bbox 1121 1144 1364 1209; x_wconf 88' lang='lat' dir='ltr'>pluribus</span> <span class='ocrx_word' id='word_1_82' title='bbox 1392 1149 1459 1193; x_wconf 92' lang='lat' dir='ltr'>de</span> <span class='ocrx_word' id='word_1_83' title='bbox 1486 1163 1539 1194; x_wconf 90' lang='lat' dir='ltr'>se</span> <span class='ocrx_word' id='word_1_84' title='bbox 1563 1145 1728 1193; x_wconf 88' lang='lat' dir='ltr'>disse-</span> 
     </span>
     <span class='ocr_line' id='line_1_12' title="bbox 183 1220 1728 1292; baseline 0.007 -27"><span class='ocrx_word' id='word_1_85' title='bbox 183 1235 301 1266; x_wconf 84' lang='lat' dir='ltr'>rere</span> <span class='ocrx_word' id='word_1_86' title='bbox 331 1237 416 1268; x_wconf 90' lang='lat' dir='ltr'>me</span> <span class='ocrx_word' id='word_1_87' title='bbox 443 1220 627 1288; x_wconf 87' lang='lat' dir='ltr'>jubet:</span> <span class='ocrx_word' id='word_1_88' title='bbox 665 1222 876 1271; x_wconf 88' lang='lat' dir='ltr'>accedit</span> <span class='ocrx_word' id='word_1_89' title='bbox 908 1222 1048 1270; x_wconf 90' lang='lat' dir='ltr'>enim</span> <span class='ocrx_word' id='word_1_90' title='bbox 1072 1224 1342 1273; x_wconf 89' lang='lat' dir='ltr'>Futurum</span> <span class='ocrx_word' id='word_1_91' title='bbox 1374 1224 1597 1292; x_wconf 83' lang='lat' dir='ltr'>simplex</span> <span class='ocrx_word' id='word_1_92' title='bbox 1628 1245 1728 1292; x_wconf 86' lang='lat' dir='ltr'>pro</span> 
     </span>
    </p>

    <p class='ocr_par' dir='ltr' id='par_1_5' title="bbox 120 1303 1728 2313">
     <span class='ocr_line' id='line_1_13' title="bbox 182 1303 1728 1372; baseline 0.007 -27"><span class='ocrx_word' id='word_1_93' title='bbox 182 1313 384 1348; x_wconf 84' lang='lat' dir='ltr'>:natura</span> <span class='ocrx_word' id='word_1_94' title='bbox 405 1318 500 1349; x_wconf 87' lang='lat' dir='ltr'>sua</span> <span class='ocrx_word' id='word_1_95' title='bbox 518 1303 764 1367; x_wconf 80' lang='lat' dir='ltr'>proxime</span> <span class='ocrx_word' id='word_1_96' title='bbox 792 1307 861 1351; x_wconf 91' lang='lat' dir='ltr'>ad</span> <span class='ocrx_word' id='word_1_97' title='bbox 884 1305 1138 1352; x_wconf 83' lang='lat' dir='ltr'>Praesens</span> <span class='ocrx_word' id='word_1_98' title='bbox 1162 1305 1541 1372; x_wconf 83' lang='lat' dir='ltr'>Conjunctivi‚</span> <span class='ocrx_word' id='word_1_99' title='bbox 1576 1321 1728 1364; x_wconf 56' lang='lat' dir='ltr'>utro-7</span> 
     </span>
     <span class='ocr_line' id='line_1_14' title="bbox 120 1369 1728 1455; baseline 0.006 -29"><span class='ocrx_word' id='word_1_100' title='bbox 120 1369 123 1378; x_wconf 58' lang='lat'>¹</span> <span class='ocrx_word' id='word_1_101' title='bbox 186 1396 310 1443; x_wconf 84' lang='lat' dir='ltr'>que,</span> <span class='ocrx_word' id='word_1_102' title='bbox 345 1398 463 1429; x_wconf 91' lang='lat' dir='ltr'>non</span> <span class='ocrx_word' id='word_1_103' title='bbox 487 1383 620 1448; x_wconf 87' lang='lat' dir='ltr'>quid</span> <span class='ocrx_word' id='word_1_104' title='bbox 642 1384 722 1446; x_wconf 77' lang='lat' dir='ltr'>sit,</span> <span class='ocrx_word' id='word_1_105' title='bbox 757 1388 850 1432; x_wconf 89' lang='lat' dir='ltr'>sed</span> <span class='ocrx_word' id='word_1_106' title='bbox 871 1384 1004 1450; x_wconf 83' lang='lat' dir='ltr'>quid</span> <span class='ocrx_word' id='word_1_107' title='bbox 1027 1385 1140 1432; x_wconf 88' lang='lat' dir='ltr'>fieri</span> <span class='ocrx_word' id='word_1_108' title='bbox 1159 1385 1342 1451; x_wconf 84' lang='lat' dir='ltr'>possit,</span> <span class='ocrx_word' id='word_1_109' title='bbox 1376 1386 1728 1455; x_wconf 83' lang='lat' dir='ltr'>significante,</span> 
     </span>
     <span class='ocr_line' id='line_1_15' title="bbox 183 1459 1727 1534; baseline 0.007 -29"><span class='ocrx_word' id='word_1_110' title='bbox 183 1459 284 1507; x_wconf 87' lang='lat' dir='ltr'>nisi</span> <span class='ocrx_word' id='word_1_111' title='bbox 309 1466 461 1526; x_wconf 84' lang='lat' dir='ltr'>quod</span> <span class='ocrx_word' id='word_1_112' title='bbox 481 1480 580 1528; x_wconf 87' lang='lat' dir='ltr'>per</span> <span class='ocrx_word' id='word_1_113' title='bbox 598 1466 870 1513; x_wconf 88' lang='lat' dir='ltr'>Futurum</span> <span class='ocrx_word' id='word_1_114' title='bbox 898 1467 1184 1531; x_wconf 88' lang='lat' dir='ltr'>loquentes</span> <span class='ocrx_word' id='word_1_115' title='bbox 1212 1466 1446 1534; x_wconf 86' lang='lat' dir='ltr'>singulas</span> <span class='ocrx_word' id='word_1_116' title='bbox 1475 1468 1727 1528; x_wconf 87' lang='lat' dir='ltr'>actiones,</span> 
     </span>
     <span class='ocr_line' id='line_1_16' title="bbox 184 1542 1728 1614; baseline 0.006 -27"><span class='ocrx_word' id='word_1_117' title='bbox 184 1555 329 1604; x_wconf 85' lang='lat' dir='ltr'>quae</span> <span class='ocrx_word' id='word_1_118' title='bbox 367 1542 667 1609; x_wconf 85' lang='lat' dir='ltr'>aliquando</span> <span class='ocrx_word' id='word_1_119' title='bbox 705 1542 1011 1608; x_wconf 84' lang='lat' dir='ltr'>dabuntur,</span> <span class='ocrx_word' id='word_1_120' title='bbox 1048 1560 1326 1612; x_wconf 85' lang='lat' dir='ltr'>spectant,</span> <span class='ocrx_word' id='word_1_121' title='bbox 1363 1547 1419 1595; x_wconf 92' lang='lat' dir='ltr'>id</span> <span class='ocrx_word' id='word_1_122' title='bbox 1450 1553 1602 1614; x_wconf 89' lang='lat' dir='ltr'>quod</span> <span class='ocrx_word' id='word_1_123' title='bbox 1632 1549 1728 1597; x_wconf 89' lang='lat' dir='ltr'>im-</span> 
     </span>
     <span class='ocr_line' id='line_1_17' title="bbox 181 1621 1728 1713; baseline 0.005 -44"><span class='ocrx_word' id='word_1_124' title='bbox 181 1621 360 1686; x_wconf 86' lang='lat' dir='ltr'>primis</span> <span class='ocrx_word' id='word_1_125' title='bbox 402 1623 459 1672; x_wconf 92' lang='lat' dir='ltr'>in</span> <span class='ocrx_word' id='word_1_126' title='bbox 506 1626 895 1713; x_wconf 85' lang='lat' dir='ltr'>praecipiendo</span> <span class='ocrx_word' id='word_1_127' title='bbox 936 1643 1002 1675; x_wconf 87' lang='lat' dir='ltr'>ac</span> <span class='ocrx_word' id='word_1_128' title='bbox 1044 1631 1294 1676; x_wconf 90' lang='lat' dir='ltr'>docendo</span> <span class='ocrx_word' id='word_1_129' title='bbox 1328 1630 1510 1677; x_wconf 90' lang='lat' dir='ltr'>locum</span> <span class='ocrx_word' id='word_1_130' title='bbox 1538 1630 1728 1693; x_wconf 85' lang='lat' dir='ltr'>habet3</span> 
     </span>
     <span class='ocr_line' id='line_1_18' title="bbox 182 1704 1728 1777; baseline 0.006 -28"><span class='ocrx_word' id='word_1_131' title='bbox 182 1718 375 1766; x_wconf 85' lang='lat' dir='ltr'>quum,</span> <span class='ocrx_word' id='word_1_132' title='bbox 423 1704 521 1770; x_wconf 86' lang='lat' dir='ltr'>qui</span> <span class='ocrx_word' id='word_1_133' title='bbox 552 1707 828 1755; x_wconf 84' lang='lat' dir='ltr'>Praesenti</span> <span class='ocrx_word' id='word_1_134' title='bbox 860 1706 1211 1770; x_wconf 77' lang='lat' dir='ltr'>Coniunctivi</span> <span class='ocrx_word' id='word_1_135' title='bbox 1255 1723 1517 1772; x_wconf 88' lang='lat' dir='ltr'>utuntur,</span> <span class='ocrx_word' id='word_1_136' title='bbox 1563 1727 1728 1777; x_wconf 88' lang='lat' dir='ltr'>gene-</span> 
     </span>
     <span class='ocr_line' id='line_1_19' title="bbox 179 1780 1728 1853; baseline 0.006 -24"><span class='ocrx_word' id='word_1_137' title='bbox 179 1782 365 1832; x_wconf 86' lang='lat' dir='ltr'>raliter</span> <span class='ocrx_word' id='word_1_138' title='bbox 402 1799 571 1851; x_wconf 87' lang='lat' dir='ltr'>atque</span> <span class='ocrx_word' id='word_1_139' title='bbox 597 1786 656 1834; x_wconf 90' lang='lat' dir='ltr'>in</span> <span class='ocrx_word' id='word_1_140' title='bbox 696 1789 1011 1838; x_wconf 89' lang='lat' dir='ltr'>universum</span> <span class='ocrx_word' id='word_1_141' title='bbox 1047 1790 1354 1853; x_wconf 79' lang='lat' dir='ltr'>loquendo,</span> <span class='ocrx_word' id='word_1_142' title='bbox 1401 1780 1728 1838; x_wconf 88' lang='lat' dir='ltr'>dubitationi</span> 
     </span>
     <span class='ocr_line' id='line_1_20' title="bbox 179 1863 1728 1935; baseline 0.006 -26"><span class='ocrx_word' id='word_1_143' title='bbox 179 1863 340 1913; x_wconf 90' lang='lat' dir='ltr'>etiam</span> <span class='ocrx_word' id='word_1_144' title='bbox 385 1865 658 1914; x_wconf 88' lang='lat' dir='ltr'>interdum</span> <span class='ocrx_word' id='word_1_145' title='bbox 710 1870 894 1923; x_wconf 83' lang='lat' dir='ltr'>locum</span> <span class='ocrx_word' id='word_1_146' title='bbox 939 1867 1267 1935; x_wconf 85' lang='lat' dir='ltr'>relinquant.</span> <span class='ocrx_word' id='word_1_147' title='bbox 1362 1868 1728 1934; x_wconf 85' lang='lat' dir='ltr'>Quintilianus</span> 
     </span>
     <span class='ocr_line' id='line_1_21' title="bbox 183 1947 1725 2015; baseline 0.006 -25"><span class='ocrx_word' id='word_1_148' title='bbox 183 1959 337 2010; x_wconf 78' lang='lat' dir='ltr'>ergo,</span> <span class='ocrx_word' id='word_1_149' title='bbox 385 1950 488 1999; x_wconf 84' lang='lat' dir='ltr'>hac</span> <span class='ocrx_word' id='word_1_150' title='bbox 519 1947 735 1996; x_wconf 90' lang='lat' dir='ltr'>illorum</span> <span class='ocrx_word' id='word_1_151' title='bbox 769 1950 1107 2014; x_wconf 89' lang='lat' dir='ltr'>Temporum</span> <span class='ocrx_word' id='word_1_152' title='bbox 1143 1948 1408 1998; x_wconf 83' lang='lat' dir='ltr'>affinitate</span> <span class='ocrx_word' id='word_1_153' title='bbox 1440 1963 1608 2015; x_wconf 89' lang='lat' dir='ltr'>atque</span> <span class='ocrx_word' id='word_1_154' title='bbox 1637 1969 1725 2000; x_wconf 88' lang='lat' dir='ltr'>ra-</span> 
     </span>
     <span class='ocr_line' id='line_1_22' title="bbox 179 2023 1726 2094; baseline 0.006 -24"><span class='ocrx_word' id='word_1_155' title='bbox 179 2023 331 2073; x_wconf 85' lang='lat' dir='ltr'>tione</span> <span class='ocrx_word' id='word_1_156' title='bbox 368 2029 590 2089; x_wconf 82' lang='lat' dir='ltr'>ductuS‚</span> <span class='ocrx_word' id='word_1_157' title='bbox 632 2029 910 2094; x_wconf 89' lang='lat' dir='ltr'>permultis</span> <span class='ocrx_word' id='word_1_158' title='bbox 939 2028 1067 2078; x_wconf 87' lang='lat' dir='ltr'>locis</span> <span class='ocrx_word' id='word_1_159' title='bbox 1099 2031 1372 2078; x_wconf 91' lang='lat' dir='ltr'>Futurum</span> <span class='ocrx_word' id='word_1_160' title='bbox 1399 2032 1440 2079; x_wconf 93' lang='grc' dir='ltr'>Ι.</span> <span class='ocrx_word' id='word_1_161' title='bbox 1470 2029 1726 2080; x_wconf 88' lang='lat' dir='ltr'>adhibere</span> 
     </span>
     <span class='ocr_line' id='line_1_23' title="bbox 177 2107 1723 2178; baseline 0.006 -28"><span class='ocrx_word' id='word_1_162' title='bbox 177 2120 296 2152; x_wconf 91' lang='lat' dir='ltr'>non</span> <span class='ocrx_word' id='word_1_163' title='bbox 315 2107 602 2171; x_wconf 79' lang='lat' dir='ltr'>dubitavit⁷</span> <span class='ocrx_word' id='word_1_164' title='bbox 627 2110 822 2175; x_wconf 88' lang='lat' dir='ltr'>quibus</span> <span class='ocrx_word' id='word_1_165' title='bbox 843 2109 973 2158; x_wconf 89' lang='lat' dir='ltr'>locis</span> <span class='ocrx_word' id='word_1_166' title='bbox 990 2128 1056 2158; x_wconf 83' lang='lat' dir='ltr'>ex</span> <span class='ocrx_word' id='word_1_167' title='bbox 1074 2111 1286 2178; x_wconf 82' lang='lat' dir='ltr'>vulgari</span> <span class='ocrx_word' id='word_1_168' title='bbox 1305 2110 1517 2160; x_wconf 90' lang='lat' dir='ltr'>ratione</span> <span class='ocrx_word' id='word_1_169' title='bbox 1533 2112 1723 2159; x_wconf 87' lang='lat' dir='ltr'>Gram-</span> 
     </span>
     <span class='ocr_line' id='line_1_24' title="bbox 178 2185 1722 2257; baseline 0.006 -27"><span class='ocrx_word' id='word_1_170' title='bbox 178 2185 409 2236; x_wconf 84' lang='lat' dir='ltr'>maticae</span> <span class='ocrx_word' id='word_1_171' title='bbox 437 2189 619 2254; x_wconf 87' lang='lat' dir='ltr'>potius</span> <span class='ocrx_word' id='word_1_172' title='bbox 653 2189 1080 2257; x_wconf 86' lang='lat' dir='ltr'>Conjunctivum</span> <span class='ocrx_word' id='word_1_173' title='bbox 1106 2190 1408 2240; x_wconf 87' lang='lat' dir='ltr'>Praesentis</span> <span class='ocrx_word' id='word_1_174' title='bbox 1439 2205 1722 2256; x_wconf 86' lang='lat' dir='ltr'>exspecta-</span> 
     </span>
     <span class='ocr_line' id='line_1_25' title="bbox 176 2265 328 2313; baseline 0.007 -1"><span class='ocrx_word' id='word_1_175' title='bbox 176 2265 328 2313; x_wconf 87' lang='lat' dir='ltr'>veris</span> 
     </span>
    </p>

    <p class='ocr_par' dir='ltr' id='par_1_6' title="bbox 172 2347 1720 2818">
     <span class='ocr_line' id='line_1_26' title="bbox 278 2347 1717 2418; baseline 0.004 -24"><span class='ocrx_word' id='word_1_176' title='bbox 278 2347 514 2397; x_wconf 88' lang='lat' dir='ltr'>Primum</span> <span class='ocrx_word' id='word_1_177' title='bbox 541 2351 705 2418; x_wconf 82' lang='lat' dir='ltr'>igitur</span> <span class='ocrx_word' id='word_1_178' title='bbox 733 2365 879 2400; x_wconf 88' lang='lat' dir='ltr'>amat</span> <span class='ocrx_word' id='word_1_179' title='bbox 909 2353 1179 2400; x_wconf 89' lang='lat' dir='ltr'>Futurum</span> <span class='ocrx_word' id='word_1_180' title='bbox 1211 2352 1252 2401; x_wconf 89' lang='grc' dir='ltr'>Ι.</span> <span class='ocrx_word' id='word_1_181' title='bbox 1281 2350 1339 2398; x_wconf 91' lang='lat' dir='ltr'>in</span> <span class='ocrx_word' id='word_1_182' title='bbox 1372 2353 1717 2400; x_wconf 81' lang='lat' dir='ltr'>adhortando</span> 
     </span>
     <span class='ocr_line' id='line_1_27' title="bbox 177 2431 1720 2497; baseline 0.005 -25"><span class='ocrx_word' id='word_1_183' title='bbox 177 2439 273 2473; x_wconf 86' lang='lat' dir='ltr'>aut</span> <span class='ocrx_word' id='word_1_184' title='bbox 303 2431 607 2495; x_wconf 81' lang='lat' dir='ltr'>praeceptis</span> <span class='ocrx_word' id='word_1_185' title='bbox 639 2431 1036 2497; x_wconf 86' lang='lat' dir='ltr'>proponendis,</span> <span class='ocrx_word' id='word_1_186' title='bbox 1078 2431 1173 2479; x_wconf 89' lang='lat' dir='ltr'>ubi</span> <span class='ocrx_word' id='word_1_187' title='bbox 1212 2431 1340 2481; x_wconf 86' lang='lat' dir='ltr'>alias</span> <span class='ocrx_word' id='word_1_188' title='bbox 1386 2431 1601 2479; x_wconf 89' lang='lat' dir='ltr'>solitum</span> <span class='ocrx_word' id='word_1_189' title='bbox 1641 2445 1720 2480; x_wconf 89' lang='lat' dir='ltr'>est</span> 
     </span>
     <span class='ocr_line' id='line_1_28' title="bbox 176 2507 1717 2580; baseline 0.005 -28"><span class='ocrx_word' id='word_1_190' title='bbox 176 2519 274 2553; x_wconf 88' lang='lat' dir='ltr'>aut</span> <span class='ocrx_word' id='word_1_191' title='bbox 308 2507 675 2575; x_wconf 86' lang='lat' dir='ltr'>Conjunctivo</span> <span class='ocrx_word' id='word_1_192' title='bbox 697 2511 994 2561; x_wconf 86' lang='lat' dir='ltr'>Praesentis</span> <span class='ocrx_word' id='word_1_193' title='bbox 1027 2525 1125 2559; x_wconf 85' lang='lat' dir='ltr'>aut</span> <span class='ocrx_word' id='word_1_194' title='bbox 1155 2511 1556 2580; x_wconf 83' lang='lat' dir='ltr'>Conjugatione</span> <span class='ocrx_word' id='word_1_195' title='bbox 1593 2527 1717 2560; x_wconf 87' lang='lat' dir='ltr'>cum</span> 
     </span>
     <span class='ocr_line' id='line_1_29' title="bbox 172 2586 1718 2659; baseline 0.005 -28"><span class='ocrx_word' id='word_1_196' title='bbox 172 2586 464 2653; x_wconf 87' lang='lat' dir='ltr'>Participio</span> <span class='ocrx_word' id='word_1_197' title='bbox 494 2591 621 2638; x_wconf 83' lang='lat' dir='ltr'>Fut.</span> <span class='ocrx_word' id='word_1_198' title='bbox 655 2594 792 2640; x_wconf 88' lang='lat' dir='ltr'>Pass.</span> <span class='ocrx_word' id='word_1_199' title='bbox 825 2593 922 2653; x_wconf 84' lang='lat' dir='ltr'>uti,</span> <span class='ocrx_word' id='word_1_200' title='bbox 959 2591 1110 2654; x_wconf 79' lang='lat' dir='ltr'>eujus</span> <span class='ocrx_word' id='word_1_201' title='bbox 1141 2592 1347 2659; x_wconf 83' lang='lat' dir='ltr'>generis</span> <span class='ocrx_word' id='word_1_202' title='bbox 1374 2589 1718 2658; x_wconf 83' lang='lat' dir='ltr'>largissimam</span> 
     </span>
     <span class='ocr_line' id='line_1_30' title="bbox 175 2666 1719 2735; baseline 0.004 -22"><span class='ocrx_word' id='word_1_203' title='bbox 175 2666 390 2730; x_wconf 80' lang='lat' dir='ltr'>copiam</span> <span class='ocrx_word' id='word_1_204' title='bbox 433 2672 804 2735; x_wconf 81' lang='lat' dir='ltr'>exemplorum</span> <span class='ocrx_word' id='word_1_205' title='bbox 840 2673 1026 2720; x_wconf 88' lang='lat' dir='ltr'>Cicero</span> <span class='ocrx_word' id='word_1_206' title='bbox 1071 2674 1137 2719; x_wconf 89' lang='lat' dir='ltr'>de</span> <span class='ocrx_word' id='word_1_207' title='bbox 1185 2672 1272 2721; x_wconf 89' lang='lat' dir='ltr'>Or.</span> <span class='ocrx_word' id='word_1_208' title='bbox 1317 2675 1366 2733; x_wconf 88' lang='grc' dir='ltr'>Ι,</span> <span class='ocrx_word' id='word_1_209' title='bbox 1410 2669 1490 2725; x_wconf 72' lang='grc'>54.</span> <span class='ocrx_word' id='word_1_210' title='bbox 1537 2670 1719 2720; x_wconf 82' lang='lat' dir='ltr'>offert..</span> 
     </span>
     <span class='ocr_line' id='line_1_31' title="bbox 172 2744 1711 2818; baseline 0.004 -26"><span class='ocrx_word' id='word_1_211' title='bbox 172 2744 319 2813; x_wconf 84' lang='lat' dir='ltr'>Ergo</span> <span class='ocrx_word' id='word_1_212' title='bbox 367 2748 546 2813; x_wconf 86' lang='lat' dir='ltr'>priore</span> <span class='ocrx_word' id='word_1_213' title='bbox 584 2750 687 2817; x_wconf 20' lang='lat' dir='ltr'>*illa</span> <span class='ocrx_word' id='word_1_214' title='bbox 727 2751 939 2800; x_wconf 87' lang='lat' dir='ltr'>ratione</span> <span class='ocrx_word' id='word_1_215' title='bbox 987 2769 1089 2818; x_wconf 88' lang='lat' dir='ltr'>pro</span> <span class='ocrx_word' id='word_1_216' title='bbox 1133 2751 1500 2817; x_wconf 82' lang='lat' dir='ltr'>Conjunctivo</span> <span class='ocrx_word' id='word_1_217' title='bbox 1549 2751 1711 2799; x_wconf 88' lang='lat' dir='ltr'>Prae-</span> 
     </span>
    </p>
   </div>
  </div>
 </body>
</html>
