1728 3002
168 247 248 285 162
655 238 892 282 consensio
920 263 976 272 -
1005 238 1250 296 Consequor

211 357 249 391 in
271 365 343 392 una
369 355 445 398 eius
467 353 591 399 specie
614 353 943 390 consenescendum
969 354 1026 396 12,
1049 355 1109 398 11,
1129 354 1174 390 16
1201 355 1248 388 Ν.
1277 365 1350 396 er.,·
1373 358 1414 387 111
1433 352 1548 388 oratio
1558 371 1580 396 ,-
1599 363 1691 399 qnae

213 402 332 437 ferri
356 401 482 435 debeat
507 411 548 434 ac
572 401 746 443 fluere,
776 405 1095 436 consenescat
1117 401 1155 444 9,
1177 399 1213 443 4,
1237 402 1317 435 112.

169 447 417 490 Consensio.
457 456 559 503 (fig.)
588 458 624 500 9,
646 459 682 501 2,
707 458 764 491 51.

166 515 426 557 Consensus.
471 543 517 552 —
539 526 716 559 bonorum
741 527 773 567 1,
797 523 832 567 6,
855 522 914 559 45.
941 544 988 552 -
1011 523 1165 559 civitatis
1190 525 1225 567 5,
1249 525 1284 559 3.
1320 534 1550 560 consensu
1571 524 1690 570 potius

211 573 430 607 eruditorum
456 583 560 616 quam
583 582 773 615 puerorum
799 581 951 605 amore
976 572 1269 615 comprobaretur
1295 573 1361 614 10,
1393 574 1433 615 1,
1465 573 1543 606 130.
1581 570 1627 612 cf.
1654 573 1688 612 1,

210 620 246 661 6,
271 618 330 653 45.
360 629 554 652 consensus
575 616 891 651 Grammaticorum
916 616 951 651 ei
973 618 1147 651 secundas
1162 618 1278 652 defert
1298 619 1352 658 10,
1376 620 1407 661 1,
1428 619 1484 653 53.
1513 627 1692 652 consensu

210 664 369 698 omnium
386 663 483 698 credi
502 664 678 698 secundus
703 665 743 696 ib.
769 665 825 697 72.
862 663 953 697 haec
975 674 1056 707 pars
1078 673 1258 698 consensu
1280 663 1482 697 defenditur
1506 666 1539 706 1,
1564 665 1598 699 5.
1623 663 1689 704 133

209 710 352 744 tertium
375 709 504 753 conjici
521 715 638 754 potest
656 710 757 744 velut
781 720 802 743 e
813 719 840 741 x
864 719 1043 743 consensu
1058 710 1209 743 duorum
1228 709 1512 743 antecedentium
1529 709 1563 751 5,
1583 707 1638 748 14,
1653 708 1699 752 6.-

161 753 502 797 Consentaneus·
543 765 617 809 1111,
643 765 704 813 qui
727 766 798 800 hoc
825 771 1079 811 proposuerat,
1108 771 1347 801 consentanea
1372 767 1526 801 fuerat
1545 765 1609 800 illa
1633 763 1690 798 di-

207 812 302 847 visio
327 813 362 854 6,
388 814 422 853 3,
447 812 527 847 106.

165 856 410 900 Consentlo.
460 870 501 911 α)
528 866 635 903 facile
657 867 821 902 homines
845 868 890 902 ad
916 867 1211 903 consentiendum
1236 868 1413 902 ‹luminun-
1437 865 1692 912 experimentis

209 916 244 954 3,
265 916 300 956 8,
323 915 379 949 36.
413 914 667 958 judicationem
692 919 727 948 et
750 919 878 948 statum
904 925 1044 958 semper
1067 914 1270 949 consentire
1297 916 1337 956 3,
1363 917 1427 959 11,
1448 916 1506 948 20.
1534 913 1602 960 111ἕί
1626 922 1692 956 per

208 965 319 994 totam
342 959 519 995 actionem
545 960 770 995 consentiunt
794 959 949 1004 (colores)
975 960 1012 1003 4,
1036 963 1072 1004 2,
1095 959 1154 997 94.
1188 959 1257 995 nisi
1280 961 1324 995 ab
1347 960 1421 994 imo
1449 960 1494 994 ad
1516 968 1692 994 svnnmum

205 1005 373 1040 omnibus
401 1006 538 1040 intenta
567 1006 689 1040 nervis
720 1006 918 1040 consentiat
947 1005 1119 1050 (cithara)
1151 1009 1197 1050 2,
1226 1007 1271 1042 8».
1304 1007 1359 1041 15.
1403 1003 1691 1050 perceptionibus

209 1051 514 1086 consentientibus
537 1055 580 1095 2,
614 1055 677 1095 17,
711 1051 770 1084 41.
836 1051 881 1097 β)
911 1065 940 1085 c.
969 1056 1072 1086 Dat„-
1107 1051 1331 1087 consensisse
1355 1051 1426 1086 inis
1450 1049 1691 1096 superioribus

209 1097 325 1133 videri
349 1103 468 1142 potest
490 1097 616 1132 Celsus
639 1100 680 1139 2,
708 1097 769 1134 15.
794 1099 850 1131 32.
897 1097 941 1138 cs.
967 1100 1005 1140 5,
1038 1098 1101 1141 14,
1133 1101 1198 1142 33;
1248 1098 1306 1132 cui
1328 1097 1418 1142 parti
1445 1096 1630 1132 consentio
1653 1095 1689 1139 5,

211 1144 268 1187 14,
291 1145 326 1179 9.
364 1143 490 1188 quibus
513 1143 551 1177 in
575 1142 854 1177 demonstrativa
878 1143 1064 1178 consentio
1089 1146 1129 1186 3,
1154 1145 1195 1185 8,
1220 1142 1278 1179 64.
1305 1143 1414 1178 facile
1434 1143 1480 1177 iis
1507 1143 1547 1186 (ἴ.
1574 1155 1603 1176 e.
1626 1154 1690 1175 re-

207 1189 328 1232 bus),
357 1189 484 1234 quibus
507 1190 746 1231 delectantur,
775 1189 1003 1222 consentiunt
1027 1191 1072 1231 5,
1100 1192 1166 1232 11,
1192 1191 1236 1225 19
1286 1202 1320 1223 v.
1347 1189 1408 1224 Co
1421 1194 1607 1223 nnecto.
1644 1187 1689 1220 de

209 1241 331 1289 gestu,
367 1235 428 1279 qui
459 1241 495 1269 et
515 1235 591 1279 ipse
617 1234 701 1269 voci
727 1234 906 1268 consentit
938 1237 1001 1274 11,
1033 1236 1076 1275 3,
1113 1236 1170 1269 65.
1210 1234 1255 1276 cs.
1282 1237 1322 1268 ib.
1350 1234 1429 1270 164.
1469 1246 1515 1268 an
1538 1237 1599 1267 lex
1621 1232 1689 1266 sibi

208 1293 285 1325 ipsa
308 1281 504 1315 consentiat
527 1284 563 1324 2,
587 1280 623 1322 4,
645 1283 702 1314 37.
751 1280 789 1323 y)
813 1291 915 1313 cum
936 1279 993 1313 his
1020 1278 1205 1323 (oratorib.)
1234 1279 1437 1324 philosophi
1463 1278 1689 1313 consentiunt

206 1330 242 1370 2,
269 1330 326 1370 17,
348 1330 390 1370 2;
418 1328 528 1361 latera
551 1338 583 1361 0.
608 1331 709 1372 gestu
733 1325 955 1360 consentiant
979 1328 1034 1364 11,
1056 1328 1091 1367 3,
1117 1328 1194 1359 122.
1225 1331 1266 1359 ut
1288 1337 1319 1360 c.
1347 1325 1463 1370 capite
1490 1323 1690 1360 consentiat

207 1373 393 1417 (humerus)
416 1375 459 1407 ib.
474 1375 551 1407 113.
578 1372 647 1406 nisi
665 1383 695 1406 c.
714 1371 771 1414 iis,
796 1371 833 1405 in
853 1383 944 1415 quae
969 1371 1123 1415 jndicem
1147 1371 1228 1405 duci
1255 1373 1436 1414 volumus,
1465 1371 1689 1406 consentiant

210 1417 338 1463 (verba)
368 1421 424 1462 11,
451 1421 484 1462 1,
508 1421 544 1452 2.
590 1415 628 1461 ὃ)
651 1417 697 1450 111
725 1419 794 1451 1100
820 1427 894 1451 11011
918 1417 1174 1451 contumaciter
1191 1417 1394 1460 consentio,
1418 1417 1549 1461 primas
1569 1422 1690 1462 partes

207 1476 286 1499 esse
309 1471 455 1499 naturae
483 1467 543 1507 11,
566 1465 611 1506 3,
637 1466 691 1497 11.
734 1463 779 1497 111
807 1462 933 1508 quibus
957 1462 1057 1497 initia
1082 1462 1333 1497 sententiarum
1359 1469 1396 1498 et
1420 1463 1509 1497 fines
1535 1473 1692 1497 consen-

207 1510 298 1544 tiunt
324 1512 368 1553 9,
403 1512 445 1554 3,
475 1511 542 1552 793
580 1509 628 1543 in
658 1520 869 1542 summam
902 1519 976 1542 non
1003 1508 1231 1543 consentiunt
1250 1507 1293 1551 4,
1324 1512 1370 1552 2,
1401 1509 1460 1547 90.
1502 1508 1548 1542 111
1573 1519 1687 1554 quae

206 1556 385 1590 communi
412 1555 580 1600 opinione
604 1565 882 1589 consensum
906 1560 973 1588 est
998 1557 1038 1597 5,
1064 1557 1126 1598 10,
1151 1557 1215 1598 12;
1254 1555 1380 1589 inter
1402 1554 1574 1598 plurimos
1597 1563 1688 1588 con-

206 1613 349 1636 sensum
373 1608 450 1646 est,
477 1603 563 1635 duas
587 1612 666 1636 esse
689 1607 806 1644 partes
829 1602 871 1643 9,
898 1604 932 1644 1,
954 1604 1009 1635 17.
1045 1602 1141 1645 quod
1167 1601 1295 1635 inter
1318 1612 1358 1635 se
1373 1611 1507 1641 ,narum
1532 1610 1688 1634 consen-
1726 1607 1728 1618 ¹

206 1648 268 1681 tiat
290 1650 323 1690 5,
346 1651 382 1691 7,
405 1649 463 1683 29.
511 1646 545 1691 ε)
569 1650 592 1680 ἰ.
618 1661 649 1693 q·
677 1649 890 1690 concedo,
915 1660 983 1691 seq.
1009 1650 1094 1681 Acc-
1121 1646 1265 1688 c.,Ins-.·
1294 1646 1535 1683 imminuenda
1558 1646 1687 1690 quaed·

205 1694 390 1728 consentio
413 1693 455 1736 4,
481 1696 520 1736 1,
544 1694 601 1728 38.
638 1704 742 1726 usum
767 1693 1014 1736 exemplorum
1039 1692 1127 1726 nulli
1155 1692 1325 1727 materiae
1350 1692 1464 1740 magis
1490 1691 1688 1727 convenire
1723 1712 1728 1728 J

203 1741 282 1774 fere
309 1750 432 1774 omnes
457 1739 685 1773 consentiunt
713 1741 758 1781 3,
789 1741 831 1779 8,
860 1739 915 1773 66.
960 1745 1001 1773 ut
1027 1749 1101 1772 non
1127 1737 1351 1773 consensi
1376 1739 1446 1772 1100
1469 1737 1687 1772 laudativum

203 1796 315 1832 genus
339 1785 434 1820 circa
458 1786 570 1819 solam
593 1785 731 1820 versari
755 1784 898 1819 honesti
921 1785 1182 1829 quaestionem.
1211 1784 1264 1818 sic
1285 1801 1330 1807 —
1354 1789 1464 1827 puto
1486 1785 1528 1826 3,
1555 1786 1598 1826 7,
1624 1783 1683 1818 28.

203 1831 369 1865 Albutius
399 1830 619 1875 (rhetoricen)
650 1831 835 1865 scientiam
859 1831 950 1865 bene
976 1830 1118 1865 dicendi
1143 1841 1222 1865 esse
1245 1829 1423 1864 consentit
1445 1831 1490 1873 2,
1525 1831 1588 1872 15,
1623 1829 1684 1864 36.

204 1877 249 1919 cf.
279 1881 312 1920 1,
338 1879 395 1921 10,
415 1878 472 1912 33.
500 1878 537 1920 9,
562 1880 597 1921 1,
620 1880 674 1912 17.
706 1874 759 1916 ’11.
786 1879 820 1920 3,
846 1879 903 1911 11.

158 1932 429 1989 Conseptum·
476 1945 507 1979 si
534 1944 717 1991 ingenium
751 1957 854 1979 suum
887 1949 1113 1988 consepto
1146 1942 1242 1987 fori,
1290 1952 1366 1977 non
1396 1941 1508 1987 ipsius
1538 1946 1686 1976 naturae

203 1991 388 2025 finibus
415 1992 639 2026 terminasset
665 1995 721 2035 12,
749 1995 784 2035 2,
807 1993 865 2027 23.

157 2035 422 2091 Consequor.
466 2049 497 2090 Ι)
520 2052 543 2081 ι’,
569 2062 599 2094 q.
626 2061 795 2094 sequor.
842 2046 880 2088 α)
905 2052 1033 2092 quanta
1057 2046 1244 2080 difficultas
1268 2050 1508 2090 consequatur
1528 2047 1565 2088 2,
1587 2045 1622 2085 3,
1642 2045 1680 2078 2.

201 2093 324 2127 similis
352 2094 389 2127 in
412 2094 570 2129 historiis
595 2094 801 2139 exponendi
825 2093 937 2141 gratia
960 2091 1132 2136 consequi
1158 2093 1250 2126 solet
1271 2091 1307 2135 6,
1332 2093 1368 2134 3,
1390 2091 1458 2135 445
1487 2096 1555 2125 nec
1579 2094 1689 2124 καίοι

201 2140 386 2174 cedentem
414 2141 586 2185 consequi
612 2152 797 2185 possumus
825 2146 861 2174 et
887 2140 1026 2187 tongins
1051 2139 1207 2172 eundum
1228 2140 1290 2180 12,
1314 2138 1372 2171 Pr.
1395 2135 1432 2171 4.
1465 2138 1510 2171 de
1532 2134 1682 2170 mirmil-

199 2185 301 2227 lone,
341 2185 401 2230 qui
427 2187 608 2220 retiarium
635 2187 941 2231 consequebatur,
978 2196 1045 2219 nec
1075 2183 1226 2218 feriebat
1253 2183 1300 2224 6,
1326 2185 1368 2224 3,,
1397 2183 1456 2218 61.
1493 2183 1570 2216 laus
1592 2192 1679 2221 ,eum

200 2230 438 2265 misericordis
462 2233 598 2276 potius,
626 2244 729 2277 quam
747 2230 979 2276 reprehensio
1003 2229 1165 2264 dissoluti
1181 2234 1415 2263 consecutura
1438 2233 1492 2262 est
1508 2230 1543 2270 7,
1566 2225 1601 2269 4,
1620 2227 1679 2262 19.

198 2275 227 2307 si
252 2277 318 2308 alia
342 2288 407 2311 nos
430 2278 656 2312 incommoda
679 2283 942 2322 consequentur
968 2287 1021 2311 ex
1043 2275 1114 2309 iltis
1137 2274 1293 2309 materiis
1314 2277 1350 2316 2,
1380 2275 1437 2315 10,
1461 2270 1513 2306 14.
1543 2272 1682 2316 species

199 2323 368 2365 consequi
392 2334 515 2358 omnes
542 2325 752 2365 (causarum)
775 2334 849 2357 non
872 2333 1058 2366 possumus
1083 2320 1124 2364 4,
1155 2323 1194 2363 1,
1217 2318 1275 2354 43.
1340 2317 1384 2363 β)
1414 2321 1561 2352 Panic„-
1589 2328 1682 2352 con-
1726 2324 1728 2327 '

198 2377 349 2409 sequens
378 2367 460 2410 (fig.
487 2371 682 2413 Rutilii)
709 2371 745 2412 9,
770 2373 806 2412 2,
836 2371 912 2402 103.
947 2367 991 2409 cf.
1015 2367 1050 2409 6,
1073 2368 1109 2408 3,
1135 2365 1192 2400 76.
1225 2364 1451 2408 enthymma
1478 2375 1527 2398 ex
1550 2374 1680 2398 conse-
1707 2358 1728 2415 ‚t

199 2412 354 2454 quentib.
381 2415 413 2455 5,
441 2413 495 2457 14,
522 2418 576 2449 17.
604 2418 658 2450 25.
694 2416 755 2450 vel
779 2426 826 2448 ex
850 2423 990 2447 conse
1003 2410 1252 2455 quentibus
1278 2411 1340 2445 vel
1365 2421 1412 2444 ex
1438 2420 1678 2464 repugnan-
1714 2419 1728 2464 ξ

197 2456 332 2490 tibus
361 2460 399 2499 5,
426 2462 485 2499 10,
510 2463 543 2493 2.
580 2461 625 2501 cs.
653 2461 693 2503 5,
717 2462 760 2503 8,
786 2461 808 2495 5
832 2460 879 2493 Ν.
926 2470 958 2491 υ.
993 2457 1212 2501 Adiungo.
1250 2455 1675 2500 consequentibns,
1711 2465 1728 2499 q

198 2504 605 2548 antecedentibus,
634 2503 1011 2552 repugnantibus
1038 2503 1185 2537 materia
1212 2504 1312 2544 (risus
1338 2499 1500 2542 movendi)
1526 2501 1677 2544 praebe-
1711 2501 1728 2541 ἓ

178 2553 255 2592 4111·
278 2548 312 2590 6,
337 2550 370 2587 3,
394 2550 449 2582 (²56-
477 2550 521 2590 cs·
545 2554 580 2593 7,
605 2554 638 2593 3,
663 2556 719 2587 29.
746 2547 900 2585 in'vicem
925 2558 1147 2592 consequens
1170 2548 1203 2589 5,
1230 2549 1286 2590 10,
1309 2548 1373 2589 79,
1403 2547 1493 2580 haec
1517 2557 1676 2581 conse-
1707 2551 1724 2595 ᾗ

197 2594 393 2637 quentia
428 2595 526 2637 dico,
567 2593 833 2640 οἷκᾶλουθα;
881 2601 936 2629 est
968 2594 1063 2628 enim
1092 2603 1379 2636 consequens
1413 2591 1672 2635 sapientiae
1701 2631 1707 2634 ,

197 2639 353 2673 bonitas:
389 2639 451 2673 illa
476 2643 747 2685 sequentia,
781 2636 1117 2687 προεσθιόμενα
1142 2641 1183 2672 ib.
1208 2639 1264 2673 75.
1301 2637 1390 2671 nihil
1411 2643 1484 2670 tam
1507 2643 1560 2672 est
1583 2647 1673 2671 con-

195 2695 368 2729 sequens,
404 2696 507 2728 quam
537 2688 796 2721 narrationi
828 2685 990 2730 probatio
1016 2683 1059 2727 4,
1091 2686 1131 2727 3,
1163 2686 1204 2726 5;
1248 2693 1471 2728 consequens
1497 2688 1571 2719 est.
1607 2693 1670 2718 eos
1715 2687 1723 2702 ‘-

193 2729 327 2765 invitos
356 2741 431 2764 non
459 2731 616 2775 potuisse
648 2733 792 2766 retineri
818 2734 858 2775 5,
888 2734 958 2773 10,
979 2733 1036 2764 77.
1079 2742 1112 2763 υ.
1138 2729 1317 2774 Sequor
1342 2730 1379 2771 Ι,
1407 2725 1440 2761 δ.
1513 2729 1564 2771 11)
1591 2731 1614 2763 ἰ.
1640 2741 1673 2773 q.

195 2791 412 2823 assequor.
460 2779 498 2819 a)
524 2790 596 2812 non
621 2789 949 2822 consequemur
971 2775 1078 2817 idem,
1109 2775 1140 2809 si
1164 2780 1199 2808 et
1221 2773 1534 2810 voluerimus?
1559 2775 1616 2814 10,
1633 2775 1670 2816 3,

193 2829 251 2863 29.
280 2827 375 2871 quod
397 2825 435 2861 in
458 2835 602 2870 quoque
627 2825 798 2869 optimum
822 2824 909 2867 fuit,
931 2826 1143 2856 consecutus
1167 2825 1222 2855 est
1243 2821 1301 2863 10,
1326 2823 1359 2863 1,
1385 2820 1463 2856 109.
1498 2817 1669 2864 consequi
