1728 3002
503 179 687 235 Jamjam
719 203 768 211 -
801 176 932 220 locus
1406 175 1489 215 463

0 300 50 355 ῥ’.
70 298 196 335 nihil
217 297 309 331 ultra
332 294 600 341 expectantibus
622 294 659 337 9,
684 291 718 328 4.
748 294 805 327 30.
831 297 871 326 ut
897 301 958 325 me
983 291 1011 334 j.
1041 290 1170 324 nulls
1199 288 1343 323 fortuna
1376 291 1497 331 posset

0 346 165 406 [fffficere
186 343 368 378 infelicem
389 343 426 384 6,
451 342 516 386 Pr„
561 340 666 385 Quod
698 338 727 372 si
753 336 943 372 necessitas
967 335 1104 383 exigit,
1134 344 1224 369 non
1247 335 1314 368 erit
1339 334 1424 376 iam
1448 346 1498 369 ex

0 392 94 437 eju-te
116 389 274 425 oratoria
296 388 333 431 4,
357 390 391 431 1,
412 389 471 421 22.
493 385 539 428 cs.
564 388 621 429 12,
644 388 680 427 2,
704 386 740 420 8.
787 395 879 428 quae
899 393 990 418 non
1011 383 1120 416 modo
1141 382 1186 425 ja
1200 391 1237 429 m
1260 386 1313 414 est
1336 380 1375 414 in
1397 392 1500 424 par-

8 431 103 480 niis,
133 436 199 474 sed
220 442 284 471 etc.
313 436 348 477 1,
373 435 408 476 1,
435 434 491 468 19.
536 432 635 466 Non
656 430 764 477 igitur
786 430 868 474 jam
897 439 1011 474 usque
1033 429 1079 462 ad
1099 427 1257 462 Coccum
1279 431 1316 460 et
1339 426 1499 460 Andoci-

10 479 104 518 ‘dem
130 479 351 516 remittentur
373 482 431 522 12,
458 480 515 520 10,
537 480 595 511 21.
641 487 723 511 nec
744 476 832 519 jam
854 475 1012 510 membra
1036 474 1099 508 sed
1114 474 1228 506 fratta
1251 471 1288 514 4,
1315 472 1349 514 5,
1371 474 1427 506 25.
1455 472 1500 513 ej.

24 533 58 572 1,
79 529 113 571 5,
137 528 194 561 63.
219 529 234 559 1
277 526 312 568 6,
333 523 391 559 42.
437 523 678 558 innullum
701 523 789 566 jam
820 521 1003 565 proprium
1030 531 1132 554 usum
1162 529 1433 562 perseveramus
1464 520 1499 560 6,

18 577 79 609 Pr.
104 574 160 607 16.
203 553 253 614 115
277 573 457 606 mastonem
479 572 625 603 excitat.-
664 565 710 612 α)
734 568 899 602 doctores
929 566 1014 601 artis
1049 576 1128 599 ser
1142 573 1165 598 ο
1196 565 1280 607 jam
1304 583 1349 589 -
1373 575 1500 607 reper-

22 626 80 654 tos
101 621 138 661 2,
162 620 220 659 17,
243 620 266 652 7
290 617 339 650 Ν.
365 629 413 650 cr.
437 616 526 658 jam
552 620 650 648 tum
673 616 714 654 2,
744 612 779 655 4,
803 615 860 647 20.
905 611 929 655 i.
955 623 988 645 a.
1010 617 1133 646 tenero
1164 613 1197 652 1,
1234 612 1278 652 2,
1308 611 1361 643 18.
1409 611 1500 652 iam

24 673 171 710 paene
191 663 235 696 ab
257 661 361 696 initio
384 659 596 694 narrationis
621 663 677 699 11,
701 661 736 701 3,
760 657 838 694 144.
884 657 1060 692 desiderio
1083 657 1110 700 j.-
1132 667 1276 701 paene
1298 654 1442 698 publico
1465 658 1500 698 8,

23 711 60 754 4,
86 710 145 746 29.
170 707 216 749 cf.
238 710 275 752 2,
299 710 333 750 1,
358 709 392 742 5.
419 709 475 749 11,
501 708 535 748 3,
564 706 620 740 50.
665 715 807 749 paene
834 703 859 747 j.
882 704 1053 748 quidquid
1074 702 1252 747 loquimur
1282 701 1342 747 fig.
1384 707 1439 735 est
1466 704 1502 744 9,

12 750 61 798 Γ3,
84 757 118 790 1.
149 752 195 796 cs.
221 751 257 792 4,
303 752 348 796 β)
373 751 523 787 imitatio
546 751 567 794 j.
591 751 684 784 inter
705 749 860 784 leniores
883 750 1029 783 affectus
1057 747 1236 782 numerari
1261 753 1378 791 potest
1401 748 1437 790 9,
1466 751 1502 791 2,

1 796 83 841 ⁴58,
127 797 278 844 Reliqua
302 798 328 842 j.
352 796 535 841 aequitatis
560 803 641 831 sunt
654 791 700 838 ⁸7,
729 798 762 838 1,
785 797 841 831 62.
884 797 995 829 multa
1017 795 1043 837 j.
1077 793 1186 829 video
1213 793 1360 827 evenire
1394 804 1504 837 posse

26 848 82 889 12,
106 847 140 888 1,
163 845 221 880 39.
244 843 318 878 sid.
339 843 365 888 j.
391 844 562 877 demum
587 842 766 887 eleganter
790 841 921 875 dictum
944 842 979 884 8,
1002 843 1037 883 2,
1061 842 1120 874 21.
1165 849 1291 873 verum
1310 839 1357 872 'id
1389 840 1413 882 j.
1446 839 1504 872 in-

5 878 215 935 iaicis-est,
246 899 323 924 non
349 886 478 923 actoris
502 890 559 931 11,
585 891 619 930 1,
642 889 700 922 81.
749 885 794 920 At
815 887 902 920 illud
925 887 952 931 j.
983 897 1059 920 non
1091 884 1318 919 mediocriter
1347 885 1505 928 proban-

25 936 172 980 dum'fl,
197 938 234 978 2,
256 936 292 970 9.
317 933 362 976 cf.
385 937 420 977 3,
443 935 477 977 5,
500 933 534 967 4.
579 934 651 977 jam
674 944 713 967 se
740 932 802 966 illa
838 934 900 967 vel
928 934 1023 966 ultro
1053 932 1205 966 offerent
1236 936 1443 976 argumenta
1467 934 1504 973 7,

29 985 64 1026 1,
85 983 142 1019 ξιοὲ
166 986 345 1015 >ceterum
370 980 446 1015 scio
468 980 506 1023 j„
531 980 700 1023 quosdam
723 977 882 1012 eruditos
904 994 950 1002 —
971 977 1024 1011 sic
1050 978 1180 1011 docere
1210 987 1252 1009 ac
1279 976 1378 1020 loqui
1410 980 1442 1018 1,
1469 979 1503 1019 5,

7 1027 89 1064 ‚25.
126 1038 156 1072 ,γ
198 1029 221 1060 ι’.
247 1039 278 1071 ᾳ,
303 1028 448 1059 etiam.-
480 1036 591 1058 unum
612 1025 636 1068 j.
659 1024 714 1058 his
738 1023 972 1068 adjiciendum
995 1029 1050 1057 est
1069 1026 1125 1065 11,
1150 1025 1184 1064 3,
1210 1025 1286 1056 177.
1322 1022 1347 1064 j.
1371 1023 1507 1065 majore

29 1082 143 1108 σπη’
171 1077 275 1106 coeat
306 1076 429 1115 tropos
452 1080 576 1104 omnes
610 1073 644 1112 1,
670 1073 705 1112 8,
734 1070 789 1104 16.
836 1071 915 1103 Jam
938 1068 1122 1102 sublimius
1154 1068 1242 1101 illud
1276 1078 1342 1110 pro
1370 1067 1506 1101 Archia

29 1120 64 1161 8,
87 1119 123 1160 3,
143 1119 191 1153 75
212 1118 260 1151 N.
306 1121 343 1150 et
363 1117 388 1160 j.
415 1115 503 1149 nihil
531 1115 678 1159 amplius
701 1114 828 1148 dicturi
852 1125 972 1149 sumus
995 1115 1031 1157 6,
1072 1117 1106 1157 1,
1132 1116 1196 1155 10;
1221 1115 1247 1156 j.
1275 1112 1421 1147 ultimae
1450 1110 1510 1147 sess

28 1163 323 1205 nectutisv11,-1,
352 1163 406 1196 10.
449 1162 632 1195 robustum
654 1171 795 1205 quoque
818 1167 855 1195 et
886 1162 910 1204 j.
940 1158 1135 1194 {infimum
1166 1170 1289 1205 regem
1321 1162 1366 1200 1,
1398 1162 1441 1202 1,
1471 1160 1508 1196 9,

29 1207 71 1253 δ)
91 1212 126 1242 in
147 1209 306 1252 apodosi:
332 1206 433 1253 Quae
458 1206 501 1240 si
524 1207 642 1240 omnia
665 1206 789 1239 studiis
811 1206 1120 1250 impenderentur,
1159 1205 1171 1248 j
1184 1216 1251 1238 am
1275 1203 1378 1237 nobis
1401 1205 1510 1251 longa

0 1261 212 1297 ,aetss'etm
238 1252 445 1288 viderentur
469 1255 524 1291 12.
551 1255 607 1295 11,
633 1253 689 1289 19.
735 1251 824 1294 Sed,
858 1263 955 1285 cum
978 1252 1074 1285 idem
1096 1250 1385 1295 frequentissime
1405 1251 1509 1293 plura

23 1299 301 1348 ‘sig‘nificentrjl
325 1304 407 1332 sunt
431 1297 498 1331 alia
524 1298 601 1331 aliis
623 1297 829 1331 honestiora
855 1305 916 1331 etc.
939 1299 975 1340 8,
1001 1299 1035 1339 3,
1069 1298 1124 1332 16.
1172 1296 1240 1339 111)
1276 1299 1310 1328 in
1345 1299 1507 1330 transitu.-

16 1348 107 1385 =Jam
123 1341 218 1379 ”haec
238 1343 351 1390 magis
375 1354 472 1378 nova
494 1343 747 1378 sententiarum
770 1354 902 1385 genera
923 1344 958 1385 8,
982 1343 1016 1385 5,
1044 1345 1100 1377 15.
1148 1343 1227 1375 Jam
1250 1341 1509 1384 similitudines,

0 1389 318 1437 amplificationes
341 1397 403 1424 etc.
427 1392 483 1431 10,
507 1392 540 1431 1,
565 1388 624 1425 49.
671 1390 751 1423 Jam
771 1390 862 1431 hoc,
898 1388 976 1434 quis
999 1399 1074 1422 non
1091 1387 1191 1423 videt
1214 1396 1275 1424 etc.
1303 1389 1365 1428 12,
1399 1392 1442 1431 1,
1470 1389 1506 1422 8.

0 1436 77 1480 33³1:
98 1440 133 1479 1,
156 1437 194 1478 6,
217 1437 275 1470 32.
300 1437 359 1470 33.
380 1438 416 1478 2,
440 1438 498 1478 12,
526 1437 581 1468 10.
619 1435 654 1477 5,
676 1438 712 1478 2,
739 1437 770 1468 1.
796 1436 830 1476 5,
855 1438 912 1481 11,
946 1433 1003 1469 39.
1050 1435 1086 1476 8,
1124 1435 1159 1476 6,
1192 1437 1228 1471 7.
1276 1435 1340 1476 10,
1374 1435 1413 1475 1,
1449 1433 1509 1468 98.

1 1483 91 1526 131,
111 1485 147 1525 1,
169 1482 227 1518 59.
275 1483 331 1524 11,
354 1483 389 1524 3,
412 1479 470 1516 49-
514 1481 569 1515 56.
600 1481 677 1515 167.
722 1481 800 1513 Jam
827 1480 936 1525 (isq.
967 1477 1238 1523 praeterea)
1269 1478 1509 1513 innumerabi-

6 1527 78 1609 Ψ
97 1533 181 1562 sunt
209 1526 312 1561 bonis
345 1526 461 1561 causis
499 1526 671 1570 malisque
705 1526 905 1559 communia
939 1528 1003 1567 12,
1041 1529 1083 1568 1,
1112 1524 1159 1561 45
1186 1527 1231 1558 Ν.
1279 1526 1301 1557 J
1313 1536 1381 1558 am
1401 1526 1458 1568 (a.
1484 1529 1509 1558 1.

3 1586 34 1613 ‚q
57 1572 134 1618 am),
151 1572 345 1619 primum
372 1573 462 1606 ordo
488 1578 542 1605 est
564 1571 779 1618 geometriae
812 1571 1035 1605 necessarius
1080 1574 1098 1604 1
1116 1597 1125 1611 ,
1162 1573 1223 1612 10,
1256 1572 1300 1604 37
1335 1571 1382 1603 Ν.
1413 1571 1510 1604 Jam

2 1615 144 1663 ivero
169 1618 314 1661 attacum
336 1618 426 1651 nihil
450 1618 560 1663 magis
584 1617 679 1651 ducit
702 1619 737 1659 9,
764 1621 796 1660 1,
820 1620 876 1651 21.
901 1617 946 1658 cs.
975 1619 1032 1662 11,
1056 1619 1092 1660 2,
1115 1619 1174 1650 32.
1202 1614 1258 1660 12',
1285 1618 1321 1659 2,
1341 1617 1395 1651 19.
1420 1616 1510 1650 illud

0 1664 118 1714 *fiam
137 1675 305 1698 rursus
326 1662 510 1707 proprium
532 1664 700 1697 materiae
724 1663 764 1705 5,
803 1666 866 1707 10,
899 1664 977 1697 118.

0 1720 197 1774 1111113212..
225 1732 306 1769 cte,
331 1732 447 1773 (verbi
463 1731 603 1773 figura)
626 1731 667 1773 9,
699 1733 715 1764 1
732 1756 742 1773 ,
779 1731 836 1764 16.

0 1775 141 1827 ianua·
182 1785 216 1820 si
238 1785 264 1829 j.
286 1781 463 1820 tenebitur
485 1787 652 1821 incendio
675 1790 718 1829 2,
752 1789 816 1830 13,
846 1787 902 1821 16.

18 1843 185 1886 ejunus·
229 1845 344 1875 transl.
370 1845 403 1874 in
426 1844 573 1876 dicendo.
599 1842 641 1885 α)
666 1845 707 1876 «le
730 1846 959 1886 scriptoribus:
994 1843 1080 1877 fient
1102 1841 1292 1876 horridi
1316 1847 1420 1885 atque
1447 1841 1511 1882 ie-

19 1885 135 1933 juni
161 1889 196 1928 2,
220 1885 255 1937 5,
277 1888 334 1919 21.
379 1887 567 1929 jejunus
591 1894 695 1931 atque
721 1889 884 1922 aridus
906 1890 1102 1923 habebatur
1128 1892 1184 1930 12,
1210 1891 1264 1929 10,
1289 1891 1321 1921 3.
1349 1900 1382 1922 υ.
1410 1886 1512 1920 Ari-

12 1935 130 1979 stius.
176 1935 346 1971 tristes
368 1942 409 1964 ac
434 1931 587 1974 jejuni
614 1933 810 1968 Pollionem
833 1936 1053 1968 aemulantur
1084 1937 1140 1976 10,
1163 1937 1198 1975 2,
1226 1935 1280 1967 17.
1320 1931 1360 1976 β)
1389 1934 1430 1965 tle
1458 1945 1512 1977 rq-

37 1983 116 2014 bus:
141 1977 219 2016 sine
242 1986 314 2020 quo
338 1981 456 2010 cetera
479 1978 620 2019 nuda,
653 1979 827 2022 jejuna,
858 1979 1070 2021 infirma,
1094 1980 1284 2025 ingrata
1313 1982 1393 2011 sunt
1415 1977 1452 2020 6,
1475 1980 1512 2020 2,

11 2029 72 2066 ff.
93 2036 126 2058 v.
151 2022 386 2068 Ingratus.
433 2020 638 2065 [neptus.
682 2023 740 2066 jej.
765 2035 822 2057 ars
847 2028 879 2066 1,
903 2024 939 2066 4,
964 2027 997 2058 5.
1039 2035 1157 2068 neque
1194 2025 1283 2056 adeo
1313 2023 1513 2066 jejunam

37 2081 82 2108 ac
109 2077 357 2112 pauperem
379 2072 508 2100 natura
536 2068 774 2112 eloquentiam
797 2069 884 2103 fecit
906 2071 962 2112 10,
991 2069 1026 2112 5,
1050 2071 1082 2104 5.
1102 2087 1146 2094 -
1171 2068 1367 2112 copioso
1391 2068 1514 2104 diver-

34 2126 114 2149 smn
135 2116 177 2157 8,
208 2115 252 2155 3,
286 2111 346 2147 49.
1402 2137 1408 2140 -

0 2159 132 2205 locor.
187 2170 233 2203 de
255 2179 323 2201 usu
345 2166 427 2211 ipso
452 2173 487 2202 et
508 2169 616 2202 modo
640 2169 784 2211 iocandi
807 2169 841 2211 6,
869 2171 904 2211 3,
930 2172 1007 2204 102.
1031 2171 1108 2204 Nec
1133 2175 1374 2205 accusatorem
1400 2172 1514 2207 atroci

15 2215 75 2255 'in
101 2226 226 2257 cama,
263 2224 331 2247 nec
356 2219 543 2256 patronum
566 2213 604 2247 in
633 2214 823 2248 miserabili
860 2216 1038 2257 iocantem
1069 2216 1163 2250 feret
1190 2215 1374 2261 qnisquam
1404 2219 1447 2260 6,
1477 2220 1513 2261 3,

13 2265 93 2298 ‹31.
120 2262 216 2295 inter
237 2269 354 2293 moras
382 2259 622 2292 laudationum
647 2271 728 2293 cum
755 2261 935 2294 sodalibus
959 2264 1124 2302 jocantur
1146 2264 1202 2305 11,
1228 2264 1261 2304 3,
1287 2265 1365 2297 131.
1393 2275 1514 2307 quae

19 2308 88 2352 (a.
114 2311 137 2340 1.
163 2304 472 2350 quemadmodum)
495 2306 564 2348 jam
587 2311 729 2340 veteres
750 2305 803 2339 illi
829 2307 1037 2350 jocabantur
1058 2306 1094 2352 6,
1117 2309 1152 2352 3,
1179 2306 1234 2344 57.
1256 2319 1295 2342 se
1310 2319 1399 2343 vero
1424 2309 1514 2343 nihil

35 2353 252 2387 aixissffetc.
277 2351 440 2394 jocantur
462 2350 504 2393 5,
538 2353 600 2393 13,
633 2350 690 2385 46.

0 2392 187 2440 'ficosus—
235 2406 410 2440 dictorum
430 2408 645 2440 urbanorum
670 2407 739 2441 alia
764 2407 913 2451 seria,
948 2408 1015 2442 alia
1038 2409 1225 2453 jocosa,
1271 2411 1340 2444 alia
1363 2410 1530 2454 media,

38 2474 95 2488 ...,
117 2454 253 2488 Verum
274 2452 361 2485 mihi
383 2452 488 2486 etiam
512 2453 669 2496 jocosa
695 2454 869 2498 quaedam
890 2453 1058 2490 videntur
1078 2466 1185 2500 posse
1217 2466 1293 2490 non
1322 2457 1408 2491 satis
1440 2468 1514 2490 ur-

21 2501 156 2539 ,bane
182 2497 309 2532 referri
330 2497 366 2537 6,
391 2499 426 2540 3,
451 2498 531 2532 106.

0 2542 216 2613 iocularis.
255 2553 474 2597 in·qn0‹1am
496 2554 644 2597 joculari
666 2555 788 2590 libeuo
821 2557 857 2600 8,
878 2556 995 2600 &⁷73-

0 2595 136 2695 {9¹0⁸-
194 2615 232 2664 q)
260 2613 374 2664 Sir-ign
409 2612 566 2663 [ocum
589 2612 798 2664 accipimus,
829 2613 923 2657 quod
947 2619 1001 2647 est
1024 2612 1239 2666 contrarium
1264 2612 1396 2665 serio·
1416 2613 1452 2655 6,
1476 2614 1512 2656 3,

87 2680 99 2690 .
145 2655 264 2702 Quid?
300 2667 478 2700 ironia,
502 2666 623 2691 nonne
646 2665 751 2691 etnam
776 2669 865 2702 quae
887 2669 1192 2694 severlsstme
1215 2658 1272 2702 fit,
1305 2668 1400 2702 1001
1427 2669 1514 2702 pro-

22 2706 36 2722 ‘
57 2744 60 2747 Ὗ
133 2713 221 2736 enus
245 2708 298 2736 est
324 2704 367 2735 ib.
392 2702 449 2736 68.
496 2707 615 2748 gratus
636 2703 683 2749 j.,
719 2704 779 2747 qui
812 2704 926 2738 minus
957 2705 1162 2749 exprobrat,
1190 2715 1294 2748 quam
1316 2702 1432 2749 potest
1467 2707 1513 2738 ib.

0 2677 100 2802 ἑῇ.
147 2748 230 2783 abet
251 2747 380 2793 aliffltid
403 2749 486 2798 joco
512 2746 625 2783 simile
640 2751 692 2793 th.
718 2749 807 2792 1123
839 2750 923 2794 ioco
944 2749 1130 2786 intendere
1154 2749 1288 2785 crimen
1310 2751 1347 2793 9.
1370 2752 1407 2794 2,
1432 2750 1511 2784 104.
