1728 3002
86 252 169 293 126
474 242 825 304 pircumduotum
855 265 913 275 ·--
944 238 1244 291 circumvenio

127 367 166 408 3,
193 363 250 399 39.
294 358 372 396 cur
392 359 436 393 in
460 357 792 407 circumductionib.
806 383 818 400 ‚
845 355 955 392 etiam
975 365 1061 392 cum
1085 368 1214 394 sensus
1239 357 1361 395 finitus
1387 361 1469 404 esi,
1498 358 1633 406 aliquid

132 418 254 446 tamen
276 406 349 441 loci
370 417 504 442 vacare
526 405 715 442 videatur?
742 407 778 447 9,
799 405 834 447 4,
861 403 940 438 118.

86 465 451 510 circumductum.
491 476 515 508 i.
542 488 573 519 q.
600 470 760 519 περίοδος
783 472 819 515 9,
842 469 878 515 4,
902 473 962 505 22.

89 523 426 567 circumductus.
468 534 511 565 de
536 533 660 564 ambitu
678 531 818 571 figurae
841 531 875 571 1,
900 531 958 572 10,
985 526 1044 563 43.

91 579 332 624 Circumeo·
376 588 409 632 1)
436 601 570 632 propr
585 591 645 621 ie.-
670 585 842 630 impluvia
860 585 1082 619 circumeunt
1101 586 1159 628 11,
1182 587 1218 629 2,
1242 588 1298 621 20.
1329 584 1359 620 si
1382 591 1520 621 rectum
1543 585 1636 620 limi-

137 646 209 674 tem
235 634 330 679 rupti
358 635 576 669 torrentibus
601 638 728 677 pontes
751 631 968 674 inciderint,
999 631 1187 667 circumire
1216 643 1388 679 cogemur
1413 635 1456 676 2,
1482 635 1545 676 13,
1578 634 1634 668 16.

139 684 180 729 β)
208 686 240 716 ἰη
266 683 426 715 dicendo:
464 692 524 715 res
549 679 722 724 plurimae
751 684 874 712 carent
902 677 1218 722 appellationibus,
1253 684 1295 712 ut
1324 690 1386 712 eas
1415 689 1564 713 necesse
1589 678 1637 712 sit

135 729 412 765 transferre
441 733 500 760 aut
529 724 784 760 circumire
813 727 869 767 12,
896 727 952 767 10,
977 722 1035 758 34.
1068 726 1166 768 quod
1191 731 1292 769 recte
1319 724 1390 759 dici
1419 731 1537 769 potest
1563 725 1638 759 cir·

136 776 310 812 cumimus
339 784 460 806 amore
483 774 677 807 verborum
701 772 745 813 8,
773 771 831 804 Pr.
856 770 904 804 24
927 771 975 804 N.
1015 769 1238 806 circumeunt
1263 771 1383 807 omnia
1410 771 1559 815 copiosa
1581 772 1641 806 lo·

143 822 343 868 quacitate,
373 831 464 863 quae
492 819 613 853 dicere
636 818 763 851 nolunt
789 817 824 860 8,
853 819 888 861 2,
916 819 972 852 17.
1243 824 1246 828 '

93 878 371 925 circumfero.
429 885 462 930 l)
489 885 600 919 filium
633 884 706 918 suis
730 884 808 930 ipse
831 884 993 919 manibus
1018 883 1282 919 circumtulerat
1302 887 1346 928 2,
1372 884 1437 928 15,
1464 884 1497 919 8.
1535 890 1576 918 ut
1597 883 1638 919 in

137 935 316 973 conviviis
346 933 636 968 circumferretur
662 933 742 976 lyra
768 935 807 974 1,
830 934 893 974 10,
920 933 975 967 19.
1017 930 1077 976 qui
1106 931 1316 976 plerumque
1341 930 1454 965 libelli
1481 930 1637 964 circum-

135 987 300 1020 feruntur
323 983 358 1023 2,
385 982 441 1021 13,
468 980 521 1013 15.
553 978 598 1020 cf.
623 981 666 1021 2,
693 978 760 1021 15,
784 977 820 1012 4.
883 976 935 1022 11)
959 980 1086 1011 Panic.
1112 981 1254 1011 iransL:
1286 988 1404 1021 neque
1430 977 1636 1011 deducta

137 1040 276 1074 semper
301 1033 369 1071 atq.
400 1026 682 1059 circumlata
712 1027 768 1068 (a.
796 1029 818 1057 l.
846 1022 1090 1067 circumlita),
1115 1024 1181 1057 sed
1202 1034 1311 1068 saepe
1334 1022 1552 1068 simplici
1578 1027 1635 1057 at-

139 1088 207 1122 que
235 1074 525 1109 illaboratae
554 1070 678 1104 similis
704 1070 847 1114 (oratio)
875 1069 910 1114 4,
938 1073 969 1113 1,
995 1070 1041 1104 60
1065 1069 1113 1104 Ν.

94 1130 369 1176 Circiunfluo.
408 1138 734 1173 circumfluentibus
758 1138 917 1183 undique
943 1136 1172 1182 eloquentiae
1199 1135 1312 1181 copiis
1337 1138 1394 1181 12,
1421 1139 1478 1182 10,
1501 1135 1593 1184 78ffi

93 1186 411 1234 CircumfundO·
448 1198 596 1229 Partim.-
625 1195 841 1229 circumfusa
859 1195 1011 1228 militum
1033 1206 1130 1228 arma
1149 1197 1185 1236 2,
1209 1196 1268 1236 20,
1292 1195 1326 1229 8.
1354 1191 1450 1229 forte'
1470 1195 1635 1230 cix-cums.

138 1247 327 1283 multitudo
355 1243 390 1286 4,
414 1245 450 1285 2,
473 1245 517 1276 37
544 1242 590 1275 N.
621 1242 785 1276 circumf.
813 1241 931 1275 nitore
954 1240 989 1284 4,
1017 1243 1050 1283 1,
1077 1242 1133 1275 59.
1169 1239 1331 1274 circumf.
1358 1241 1464 1274 nobis
1491 1241 1637 1286 spiritus

141 1298 198 1338 12,
224 1295 280 1335 11,
307 1293 369 1333 13;
396 1295 436 1322 ut
459 1288 666 1322 circumfusi
691 1288 796 1322 bonis
821 1287 1018 1323 deteriores
1046 1285 1183 1331 (pedes)
1209 1287 1343 1320 lateant
1369 1287 1404 1330 9,
1428 1287 1464 1330 4,
1486 1289 1544 1323 91.

94 1350 404 1403 Circllmjaceo·
433 1356 687 1400 circumjacere
712 1355 845 1400 passim
872 1357 960 1390 Coel.
989 1353 1032 1399 4,
1057 1357 1099 1398 2,
1128 1343 1207 1389 123.
1244 1354 1483 1389 intentionem
1505 1356 1639 1390 obscu-

138 1408 211 1444 rari
235 1403 567 1448 circumjacentibus
593 1405 628 1446 9,
651 1401 687 1446 4,
710 1404 767 1438 29.

94 1453 419 1505 Circuinjectus·
460 1459 711 1503 circumiectae
739 1458 915 1494 orationis
938 1457 1044 1503 copia
1067 1457 1103 1507 4,
1126 1460 1162 1502 2,
1188 1459 1255 1493 117
1282 1458 1318 1492 S.

97 1508 389 1554 Circumlinio.
439 1516 638 1562 simplicem
671 1516 776 1552 vocis
808 1521 971 1550 naturam
1001 1515 1164 1560 pleniore
1188 1516 1342 1560 quodam
1367 1524 1459 1549 sono
1485 1513 1642 1549 circuni-

140 1568 245 1603 linire
271 1570 287 1600 1
302 1593 311 1608 ,
337 1568 405 1607 11,
430 1565 462 1598 6.
495 1564 639 1608 quidam
664 1562 803 1598 etiamsi
828 1564 924 1598 forte
948 1568 1184 1606 susceperunt
1209 1561 1354 1608 negotia
1378 1563 1486 1606 paulo
1514 1562 1562 1596 ad
1584 1561 1643 1596 di-

141 1615 294 1649 cendum
327 1610 512 1653 tenuiora,
548 1610 774 1644 extrinsecus
810 1620 854 1643 ea
883 1609 992 1644 rebus
1027 1608 1188 1642 adductis
1221 1607 1486 1642 circumliniunt
1523 1606 1583 1652 (a.
1606 1611 1640 1643 '1-

140 1658 298 1702 -linunt)
324 1661 379 1700 12,
403 1658 438 1700 9,
462 1657 508 1700 8,
538 1656 701 1701 pictura,
729 1656 769 1690 in
793 1667 863 1701 qua
889 1655 980 1690 nihil
1003 1654 1332 1689 circumlitum
1356 1660 1410 1689 est
1435 1656 1470 1698 8,
1495 1655 1530 1698 5,
1553 1654 1612 1690 26.

97 1714 444 1760 Circumlocutio.
485 1727 508 1758 i.
536 1737 567 1770 q.
596 1726 810 1769 περίφρασις
834 1725 869 1768 8,
893 1725 928 1768 6,
954 1725 1011 1759 61.

97 1771 425 1816 CircumSCl'ibO·
476 1781 639 1826 pictura,
680 1793 772 1825 quae
802 1782 915 1815 lineas
949 1782 1057 1815 modo
1092 1785 1271 1814 extremas
1305 1779 1453 1813 umbrae
1486 1777 1642 1813 circnm-

142 1831 315 1866 scriberet
339 1832 402 1871 10,
432 1831 474 1870 2,
501 1831 534 1862 7.
578 1838 746 1862 novum
773 1827 971 1869 crimen,
1005 1826 1135 1861 deinde
1160 1831 1207 1859 et
1236 1830 1344 1859 ante
1371 1825 1488 1858 hanc
1517 1825 1642 1859 diem

141 1888 230 1912 non
254 1875 465 1916 auditum,
493 1874 578 1908 satis
597 1874 903 1917 circumscriptum
927 1879 980 1907 est
1005 1876 1062 1916 11,
1088 1874 1123 1914 3,
1150 1874 1239 1913 110;
1266 1870 1404 1904 Zeuxis
1430 1872 1510 1915 plus
1531 1882 1644 1905 mem-

142 1925 216 1957 bris
241 1920 400 1965 corporis
424 1919 521 1953 dedit
543 1941 591 1946 —-
613 1921 676 1954 ille
702 1918 952 1964 (Parrhasius)
979 1919 1028 1952 ita
1051 1916 1330 1960 circumscripsit
1351 1917 1472 1950 omnia
1497 1920 1559 1958 12,
1585 1919 1644 1961 10,

143 1971 182 2011 5-,
211 1979 256 2001 ne
278 1973 394 2011 pati-es
420 1966 704 2011 conscripti
731 1965 924 2001 videantur
953 1963 1305 2007 circumscripti
1326 1964 1394 2005 fig.
1418 1964 1453 2006 9,
1478 1965 1513 2006 3,
1537 1965 1594 1998 72.
1662 2003 1665 2005 .

100 2012 456 2066 Circumscriptio.
495 2025 562 2064 fig,
591 2037 648 2066 ap.
681 2025 765 2057 Cic.
800 2020 860 2065 (a.
885 2026 908 2055 1.
938 2020 1021 2066 om.)
1049 2022 1089 2064 9,
1113 2023 1130 2054 1
1147 2046 1156 2063 ,
1181 2020 1238 2054 35.
1274 2022 1400 2052 omnino
1426 2033 1490 2053 non
1510 2021 1577 2063 fig·
1607 2020 1643 2064 9,

144 2074 178 2114 3,
202 2073 257 2106 91.
291 2069 657 2113 circumscriptionem
681 2069 798 2111 (Cic.
828 2070 1023 2112 periodi:
1038 2081 1068 2100 m
1095 2066 1212 2110 vocat)
1239 2066 1275 2109 9,
1298 2064 1335 2109 4,
1362 2064 1439 2100 124.

100 2115 427 2170 Circumspecte·
467 2126 658 2169 parcius
683 2133 719 2161 et
745 2124 1133 2170 circumspectius
1159 2123 1367 2171 faciendum
1390 2129 1444 2157 est
1466 2124 1502 2166 9,
1525 2126 1562 2167 2,
1585 2123 1644 2158 69.

101 2171 431 2227 Circuiiispecto.
478 2182 563 2225 quid
590 2194 733 2228 quoque
767 2186 852 2218 loco
884 2188 1080 2228 quaerant,
1119 2181 1304 2224 scient,
1343 2191 1412 2215 nec
1439 2181 1650 2214 circum-

147 2230 420 2273 spectabunt
448 2230 503 2270 10,
532 2232 567 2270 7,
593 2231 626 2264 6.
659 2231 784 2273 (omnes
813 2236 1081 2272 argumentorum
1107 2227 1214 2272 locos)
1242 2227 1648 2269 circumspectare

143 2275 181 2307 in
205 2276 342 2319 agendo
369 2279 404 2306 et
427 2273 587 2319 singulos
613 2281 850 2311 attentare
879 2279 936 2319 12,
960 2276 995 2318 8,
1022 2273 1076 2308 14.

103 2318 458 2373 ClrcumSpectUS·
505 2329 587 2364 illos
625 2337 639 2364 t
653 2343 800 2367 enues
835 2339 871 2367 et
909 2331 1276 2374 circumspectos
1311 2327 1350 2363 vi
1365 2354 1376 2372 ,
1419 2325 1648 2371 sublimitate,
1707 2352 1709 2355 .

148 2377 306 2419 impetu,
335 2376 450 2416 cultu,
477 2377 739 2419 compositione
766 2378 949 2423 superavit
977 2375 1190 2420 (Demosth.)
1221 2377 1283 2416 12,
1313 2376 1378 2417 10,
1402 2376 1459 2408 23.
1500 2373 1649 2408 mode-

151 2428 223 2455 sto
250 2426 284 2454 et
310 2420 663 2471 circumspecto
691 2424 879 2467 judicio
907 2421 1209 2468 pronuntiandum
1237 2422 1294 2463 10,
1320 2423 1354 2464 1,
1377 2420 1435 2455 26.
1462 2419 1502 2454 in
1523 2417 1673 2464 primis

147 2468 381 2519 interrogatio
410 2465 514 2498 debet
539 2477 616 2501 esse
643 2469 902 2515 circumspecta
925 2470 960 2512 5,
986 2471 1022 2510 7,
1050 2470 1107 2501 31.

104 2511 425 2565 Circumspicit).
465 2521 536 2555 late
562 2523 872 2569 circumspiciendi
895 2526 1039 2559 libertas
1064 2525 1121 2565 10,
1147 2524 1183 2566 3,
1210 2521 1270 2557 24.

105 2567 449 2610 Οἱῐῦωῐὶδῐῆῐὶῐίὃ·
496 2589 543 2612 ex
568 2578 832 2617 circumstantia
860 2582 1145 2627 (argumentorum
1170 2578 1290 2622 genus)
1319 2581 1353 2622 5,
1379 2581 1436 2622 10,
1462 2575 1540 2612 104.

107 2624 362 2667 Circumsto.
400 2633 668 2670 circumstantes
691 2637 726 2680 4,
749 2642 784 2682 2,
808 2642 865 2673 22.
893 2642 970 2673 127.
1008 2637 1070 2670 illa
1093 2647 1178 2680 per
1205 2647 1252 2670 se
1275 2636 1383 2670 fortia
1407 2645 1481 2668 non
1505 2638 1647 2677 oportet

149 2679 562 2730 circumstantibus
587 2682 777 2718 obscurare
796 2687 831 2728 5,
858 2688 914 2728 12,
937 2683 971 2718 4.
999 2689 1052 2717 tot
1071 2681 1314 2717 circumstanti
1327 2681 1483 2726 judiciis,
1509 2678 1649 2727 jurgiis,

150 2728 255 2762 etiam
279 2727 435 2759 fortuitis
460 2726 671 2761 clamoribus
697 2731 763 2772 10,
788 2733 832 2774 3,
857 2733 916 2765 30,

87 2771 421 2866 ,Cigcgmavlessiffl
461 2791 533 2826 quo
559 2782 794 2828 Oppianicum
822 2783 1118 2824 circumvenisset
1143 2786 1177 2830 5,
1203 2787 1267 2828 13,
1291 2785 1350 2820 32.
1383 2782 1650 2819 circumventus

173 2857 186 2877 2
234 2854 246 2875 Ι
317 2853 327 2863 ”
