1728 3002
151 225 233 264 728
670 221 841 271 Quaeso
878 245 927 251 -
962 220 1167 272 Quaestio

199 338 358 381 pulosius
382 342 663 371 scrutantur
687 336 804 370 omnia
834 338 867 380 5,
895 336 948 380 14,
973 339 1028 372 28.
1075 342 1153 372 uter
1183 337 1230 371 sit
1253 340 1357 382 poeta
1386 337 1530 381 melior,
1555 338 1686 372 inter

199 384 369 427 plurimos
396 382 576 427 quaeritur
603 386 663 426 10,
691 386 735 426 1,
762 385 819 417 67.
864 383 994 417 inter
1023 383 1112 418 duos
1141 382 1362 418 diversarum
1387 389 1562 418 sectarum
1585 385 1686 440 vehkt

199 430 307 463 duces
332 439 402 463 non
427 428 598 463 mediocri
621 429 850 463 contentione
874 428 1071 474 quaesitum
1085 435 1152 472 est,
1177 429 1333 476 Singulis
1343 440 1395 463 ne
1419 430 1684 474 quaestionibus

197 475 409 519 subjiciendi
444 481 563 509 essent
597 475 694 509 loci?
738 475 779 518 5‘,
815 477 882 518 13,
916 476 973 511 59.
1018 475 1048 509 si
1077 475 1204 509 inter
1232 475 1452 520 propinquos
1477 477 1531 510 de
1554 476 1685 511 idoneo

142 532 152 553 ι
199 520 352 563 (marito)
378 526 567 565 quaeratur
588 525 626 563 7,
648 520 692 562 4,
717 522 781 563 39;
815 521 875 566 qui
899 522 949 556 ita
971 520 1110 564 dicunt,
1138 527 1304 566 tanquam
1330 521 1454 556 inter
1478 523 1564 556 duas
1588 523 1686 569 leges

198 573 387 612 quaeratur
420 570 463 601 ib.
497 566 555 601 42.
597 566 641 606 cf.
674 570 718 611 7',
752 571 793 611 2,
828 570 883 602 12.
930 568 1044 612 Saepe
1066 567 1160 602 inter
1182 579 1222 603 se
1246 567 1416 602 collidi
1439 569 1573 610 solent,
1603 568 1687 603 inde
1722 608 1728 613 ,

199 613 340 648 testatio
355 639 364 657 ,
387 613 471 648 hinc
494 612 603 647 testes
626 633 683 647 -.
732 614 848 658 Saepe
873 613 1000 648 inter
1022 620 1130 648 testes
1155 620 1190 648 et
1209 619 1417 662 argumenta
1441 614 1638 659 quaesitum
1653 617 1688 658 5,

200 661 243 702 7,
278 662 333 694 33.

155 715 345 765 Quaeso.
393 727 478 773 quid
502 738 650 763 necesse
674 733 748 772 est,
777 740 932 774 quaeso,
959 729 1079 764 dicere
1109 729 1240 774 oppido
1261 730 1302 775 8,
1331 731 1372 773 3,
1401 730 1459 764 25.

155 782 375 833 Quaestio·
424 797 521 840 quod
548 806 614 830 nos
639 801 824 840 statum,
865 797 901 832 id
934 797 1076 842 quidam
1106 797 1513 832 constitutionem
1542 802 1689 841 vocant,

198 841 258 875 alii
282 841 636 886 quaestionem,
661 842 720 876 alii
745 845 869 887 quod
894 855 953 878 ex
979 845 1258 889 quaestione
1286 848 1512 888 appareat
1531 844 1565 885 3,
1589 843 1624 886 6,
1648 846 1686 880 2.

201 900 279 921 cum
302 900 383 932 pars
399 889 512 922 altera
535 888 779 932 quaestionem
804 889 843 933 (i.
866 903 895 923 e.
914 890 1149 933 tormenta)
1171 889 1261 925 vera
1282 889 1419 924 fatendi
1442 888 1688 924 necessitatem

200 939 319 976 vocet,
346 937 456 968 altera
482 944 588 979 saepe
605 935 711 969 etiam
737 947 878 970 causam
901 937 992 970 falsa
1016 936 1157 970 dicendi
1182 939 1216 980 5,
1242 934 1278 979 4,
1305 939 1338 970 1.
1388 934 1482 979 Quid
1507 933 1551 968 sit
1577 946 1688 979 quae-

200 981 268 1014 stio
297 983 336 1019 3.
363 980 449 1024 Cap.
479 984 535 1017 11.
582 981 622 1025 α)
651 995 679 1014 c.
703 982 810 1025 Aclj..·
840 983 939 1026 cujus
967 994 1000 1026 q.
1026 983 1197 1027 frequens
1221 987 1275 1017 est
1298 985 1341 1024 2,
1367 980 1408 1024 4,
1433 981 1489 1019 26.
1511 981 1687 1025 praesenti

200 1039 233 1070 q.
260 1030 294 1065 7,
325 1030 367 1070 2,
393 1028 449 1062 29.
484 1029 548 1068 11,
582 1029 623 1068 1,
652 1028 708 1062 63.
757 1040 790 1072 (Ι.
817 1028 1023 1072 propositae
1052 1032 1091 1071 1,
1129 1031 1193 1072 10,
1219 1030 1275 1064 37.
1299 1029 1347 1071 9,
1374 1030 1419 1071 2,
1443 1028 1506 1070 39;
1543 1039 1578 1071 (Ι.
1604 1026 1690 1061 sim-

198 1072 327 1116 plicem
350 1093 396 1098 —-
413 1073 588 1115 duplicem
613 1077 647 1118 7,
673 1077 705 1113 21
737 1075 771 1109 8.
803 1074 846 1116 cs.
870 1078 904 1115 2,
931 1077 986 1115 15,
1016 1077 1048 1109 1.
1080 1077 1137 1117 10,
1161 1077 1203 1118 3,
1225 1073 1259 1108 4.
1307 1073 1347 1107 ut
1369 1074 1408 1107 in
1431 1072 1590 1107 consiliis
1610 1073 1689 1116 ple-

196 1131 345 1162 rumque
368 1119 564 1163 simplicior
588 1131 622 1164 q.
650 1125 723 1162 est,
749 1120 797 1155 ita
820 1121 857 1155 in
885 1121 1000 1156 causis
1027 1120 1144 1155 minor
1168 1123 1202 1164 3,
1228 1122 1263 1164 8,
1285 1120 1344 1155 67.
1384 1132 1417 1164 (Ι.
1443 1118 1690 1163 potentissima

199 1167 243 1207 3,
270 1166 315 1207 8,
341 1166 396 1201 16.
443 1165 555 1210 prima
581 1178 613 1210 q.
641 1168 680 1210 3,
707 1167 750 1210 6,
773 1170 808 1203 7.
836 1170 891 1205 12.
937 1167 1097 1213 quaestio
1121 1166 1235 1202 veluti
1259 1164 1463 1211 principalis
1487 1167 1531 1210 3,
1557 1167 1624 1208 11,
1651 1163 1687 1199 4.

199 1223 277 1254 opp.
301 1210 438 1256 singula
463 1218 670 1259 argumenta
703 1211 748 1256 4,
778 1212 824 1257 4,
858 1217 889 1249 1.
937 1226 972 1259 q.
999 1215 1062 1250 vel
1083 1212 1262 1249 universis
1286 1213 1350 1248 vel
1370 1210 1514 1246 interim
1541 1210 1690 1258 singulis
1718 1243 1720 1245 ,

198 1255 245 1297 4,
273 1258 316 1299 3,
345 1258 379 1291 4.
413 1270 446 1301 (Ι.
473 1269 609 1292 summa
631 1259 694 1292 illa
709 1284 719 1300 ,
743 1260 782 1293 in
807 1272 877 1304 qua
901 1272 1005 1295 causa
1029 1260 1183 1296 vertitur
1207 1271 1286 1303 opp.
1309 1257 1468 1292 minores
1495 1259 1536 1299 3,
1562 1259 1630 1301 11,
1654 1260 1691 1291 2.

199 1301 243 1343 cs.
270 1304 313 1335 ib.
338 1305 395 1337 27.
426 1306 460 1344 7,
488 1306 529 1345 1,
554 1307 619 1346 27;
649 1305 753 1339 altior
777 1317 810 1349 q.
837 1308 881 1350 3,
909 1308 955 1350 8,
981 1306 1038 1340 42.
1077 1317 1151 1340 non
1174 1306 1224 1340 ita
1248 1303 1403 1338 difficilis
1428 1316 1463 1348 q.
1491 1305 1539 1347 2',
1564 1303 1607 1347 5,
1633 1304 1689 1338 18.

198 1348 285 1381 dura
308 1348 419 1392 prima
445 1350 563 1382 fronte
588 1362 622 1393 q.
651 1353 694 1392 7,
728 1354 745 1383 1
760 1376 770 1392 ,
802 1351 859 1386 55.
908 1363 941 1395 q.
969 1351 1150 1386 levissima
1177 1361 1338 1395 quaeque
1362 1350 1477 1394 primo
1500 1350 1583 1384 loco
1605 1349 1690 1382 fun-

197 1393 293 1440 gitur
315 1396 361 1436 3,
386 1395 431 1436 6,
460 1396 494 1429 8.
531 1395 608 1428 illas
633 1395 848 1430 occultiores
873 1409 907 1441 q.
932 1400 967 1439 7,
992 1400 1026 1440 1,
1052 1396 1108 1431 40.
1141 1407 1272 1440 parvae
1297 1407 1332 1439 q.
1359 1397 1398 1438 1,
1422 1396 1458 1438 7,
1481 1395 1539 1430 29.
1574 1395 1691 1429 vehe-

196 1451 298 1474 mens
328 1452 362 1484 q.
390 1445 426 1474 et
449 1452 574 1484 aspera
601 1442 644 1484 5,
669 1444 737 1485 10,
767 1444 844 1477 113.
888 1442 926 1476 in
951 1454 1039 1478 vera
1067 1453 1185 1476 rerum
1211 1454 1245 1486 q.
1270 1445 1305 1483 7,
1329 1439 1371 1483 4,
1397 1443 1464 1483 11;
1502 1439 1627 1476 civiles
1653 1453 1689 1485 q.

196 1489 243 1528 2,
270 1486 332 1528 15,
359 1487 415 1521 36.
442 1487 496 1522 19.
530 1490 572 1530 2,
597 1490 665 1530 21,
691 1490 723 1521 2.
770 1488 1021 1523 ratiocinativa
1051 1494 1156 1532 atque
1193 1486 1383 1521 collectiva
1408 1497 1443 1530 q.
1475 1489 1520 1530 7,
1556 1489 1597 1528 1,
1629 1487 1686 1521 60.

196 1543 231 1575 q.
258 1533 447 1575 conjuncta
477 1551 517 1556 —
543 1541 703 1577 separata
730 1537 774 1577 7,
805 1536 848 1576 2,
873 1538 907 1569 7.
946 1534 990 1576 cs.
1018 1537 1059 1567 ib.
1086 1537 1142 1569 51.
1191 1532 1417 1578 quaestiones
1442 1543 1522 1567 esse
1545 1537 1606 1580 aut
1633 1531 1688 1566 in-

193 1577 311 1611 finitas
338 1584 397 1612 aut
419 1578 549 1616 finitas.
597 1580 760 1614 Infinitae
785 1586 884 1623 sunt,
917 1592 1006 1624 quae
1038 1578 1184 1614 remotis
1207 1577 1370 1623 personis
1395 1585 1456 1612 etc.
1481 1577 1520 1611 in
1550 1584 1690 1612 utram-

196 1635 266 1668 que
291 1630 424 1668 partem
451 1630 666 1669 tractantur,
702 1627 799 1670 quod
826 1626 954 1660 Graeci
977 1627 1117 1660 θέσιν
1141 1625 1281 1668 dicunt,
1317 1623 1446 1659 Cicero
1469 1623 1690 1668 proposi-

195 1676 306 1713 tum,
339 1670 398 1704 alii
423 1677 596 1715 quaest.
621 1672 930 1707 universales
955 1671 1155 1714 civiles,
1182 1671 1240 1705 alii
1267 1675 1444 1715 quaest.
1468 1670 1688 1715 philoso-

194 1717 285 1760 pho
314 1717 676 1751 convenientes
699 1720 740 1761 3,
769 1718 808 1760 5,
836 1719 869 1753 5.
899 1717 945 1759 cs.
973 1721 1035 1762 10,
1061 1718 1103 1760 5,
1130 1720 1184 1751 11.
1233 1729 1268 1761 q.
1295 1715 1471 1763 generalis
1494 1717 1536 1758 3,
1559 1716 1604 1759 6,
1627 1718 1688 1751 21.

196 1765 232 1805 7,
261 1765 302 1804 1,
327 1762 383 1798 49.
410 1764 465 1798 58.
490 1766 525 1804 7,
550 1764 591 1806 6,
619 1767 673 1798 12.
701 1768 734 1806 7,
761 1767 827 1807 10,
854 1767 885 1799 3.
916 1766 980 1807 10,
1003 1765 1046 1806 5,
1077 1765 1134 1798 13.
1163 1775 1195 1797 v.
1223 1761 1486 1797 Generalis.
1517 1762 1563 1796 de
1586 1771 1628 1796 re
1651 1767 1688 1796 et

196 1810 382 1854 generales
407 1809 631 1853 quaestiones
656 1816 738 1844 sunt
761 1816 796 1845 et
825 1810 1000 1853 definitae,
1026 1810 1062 1843 id
1088 1815 1155 1851 est,
1177 1814 1213 1843 et
1237 1820 1328 1853 quae
1351 1818 1426 1842 non
1448 1807 1689 1852 continentur,

197 1861 234 1888 et
257 1867 347 1899 quae
372 1855 601 1890 continentur
632 1859 676 1900 7,
709 1860 754 1899 2,
788 1859 820 1890 1.
869 1868 951 1891 cum
979 1856 1024 1890 sit
1047 1855 1162 1890 omnis
1186 1854 1362 1901 generalis
1386 1866 1419 1898 q.
1446 1853 1591 1898 speciali
1619 1864 1688 1898 po-
1710 1856 1711 1859 ’

195 1901 330 1934 tentior
357 1905 420 1944 12,
450 1905 469 1934 2
485 1928 494 1944 ,
525 1904 580 1937 18.
629 1914 663 1946 q.
689 1903 820 1948 legales
844 1905 889 1946 3,
913 1903 956 1945 6,
979 1901 1038 1937 46.
1064 1903 1119 1936 50.
1145 1903 1199 1936 55.
1225 1902 1280 1937 59.
1329 1913 1362 1945 (Ι.
1386 1899 1564 1947 legitimae
1588 1901 1624 1943 3,
1651 1901 1687 1942 6,

194 1950 240 1981 72
270 1948 313 1980 Ν.
341 1951 376 1990 7,
403 1950 444 1990 3,
473 1950 526 1982 13.
575 1960 609 1992 q.
635 1949 845 1982 naturalium
870 1952 912 1991 1,
935 1947 977 1991 4,
1004 1948 1037 1982 4.
1062 1948 1097 1991 7,
1122 1950 1156 1989 2,
1181 1950 1215 1982 7.
1263 1951 1444 1991 separatae
1471 1957 1507 1992 q.
1533 1949 1568 1989 7,
1591 1946 1626 1988 6,
1650 1946 1687 1981 7.

194 2005 229 2037 (Ι.
255 1993 482 2028 translativae
507 1996 541 2036 3,
567 1995 601 2036 6,
627 1997 682 2029 52.
720 1995 943 2029 universales
971 2007 1005 2039 q.
1030 1993 1173 2027 inutiles
1198 1993 1339 2037 quidam
1360 1997 1485 2036 putant
1509 1993 1543 2034 3,
1567 1992 1601 2035 5,
1631 1994 1688 2030 12.

193 2038 236 2082 β)
262 2052 291 2072 c.
319 2042 450 2074 Genit.:
487 2040 713 2084 quaestiones
738 2040 815 2076 sive
840 2041 988 2075 actionis
1012 2040 1090 2074 sive
1113 2038 1353 2073 translationis
1386 2040 1427 2081 3,
1467 2038 1510 2080 6,
1543 2035 1602 2072 84.
1639 2035 1686 2079 cs.

194 2087 230 2126 7,
256 2086 295 2127 5,
323 2089 357 2122 1.
405 2086 643 2129 amphiboliae
669 2099 702 2130 (Ι.
728 2090 770 2130 7,
795 2089 834 2130 9,
861 2088 913 2122 15Δ
962 2086 1086 2121 crediti
1110 2091 1146 2119 et
1172 2084 1324 2129 depositi
1349 2084 1439 2118 duae
1463 2089 1597 2128 quaest.
1623 2084 1688 2118 sed

194 2141 376 2175 nunquam
399 2133 541 2176 junctae
566 2136 600 2174 7,
624 2136 658 2174 2,
686 2133 742 2167 51.
782 2145 816 2177 q.
836 2132 936 2175 facti,
963 2130 1129 2173 nominis,
1155 2130 1308 2177 generis,
1334 2129 1485 2165 actionis
1512 2131 1546 2173 3,
1570 2129 1606 2172 6,
1630 2131 1688 2164 50.

195 2175 240 2217 cs.
266 2180 302 2219 7,
327 2180 366 2219 1,
397 2179 452 2213 18.
499 2178 669 2212 finitionis
691 2175 732 2222 (Ι.
760 2181 802 2221 5,
827 2181 871 2222 3,
899 2179 943 2213 36
969 2180 1015 2212 Ν.
1064 2190 1096 2222 (Ι.
1124 2178 1368 2215 honestorum.
1395 2175 1546 2219 utilium,
1571 2175 1690 2219 justo-

191 2233 272 2255 rum
300 2225 342 2266 3,
366 2222 410 2266 4,
437 2223 479 2258 16
519 2223 563 2265 cf.
593 2227 659 2267 12,
686 2227 728 2269 2,
757 2226 810 2258 16.
860 2224 947 2269 juris
971 2237 1005 2269 q.
1033 2222 1078 2267 4,
1104 2226 1147 2264 2,
1172 2224 1206 2257 8.
1234 2223 1277 2265 5,
1306 2224 1370 2265 10,
1395 2220 1453 2256 44.
1477 2224 1532 2264 -7,
1558 2223 1603 2264 1,
1628 2222 1686 2255 18.

192 2270 227 2310 7,
253 2268 296 2311 4,
320 2270 377 2304 25.
405 2273 469 2307 12.
495 2272 540 2312 2,
567 2271 618 2305 19.
670 2283 703 2314 q.
731 2272 847 2317 legum
873 2274 908 2313 7,
936 2274 980 2313 1,
1003 2273 1036 2310 2,
1081 2268 1195 2302 litium
1221 2281 1255 2312 q.
1285 2270 1349 2310 10,
1383 2270 1423 2308 1,
1457 2269 1514 2301 23.
1561 2277 1689 2302 omnes

193 2323 314 2347 earum
342 2315 583 2360 (materiarum)
609 2317 835 2360 quaestiones
859 2320 893 2359 7,
921 2315 956 2359 4,
979 2315 1036 2350 40.
1085 2314 1212 2348 mentis
1238 2326 1272 2358 q.
1298 2325 1376 2357 opp.
1401 2312 1452 2347 rei
1485 2314 1528 2355 3,
1555 2313 1599 2356 6,
1627 2312 1685 2347 38.

193 2360 240 2392 Ν.
267 2363 310 2393 ib.
339 2359 395 2395 40.
446 2373 480 2406 (Ι.
506 2361 682 2405 qualitatis
718 2365 759 2405 3,
795 2365 860 2406 11,
893 2363 951 2398 15.
1000 2373 1034 2406 q.
1062 2361 1160 2394 illam
1182 2360 1330 2404 primam
1354 2357 1476 2403 scripti
1500 2364 1536 2392 et
1555 2359 1688 2393 volun-

191 2404 272 2438 tatis
297 2409 331 2448 7,
357 2409 396 2449 1,
423 2406 478 2442 45.
506 2407 550 2448 cf.
573 2411 612 2450 7,
640 2409 684 2449 6,
713 2410 744 2445 1.
792 2407 961 2452 temporis
987 2420 1021 2452 q.
1043 2410 1077 2450 7,
1104 2410 1138 2448 7,
1166 2407 1199 2440 3.
1247 2405 1408 2439 utilitatis
1433 2416 1467 2449 q.
1493 2406 1535 2447 3,
1559 2405 1599 2447 8,
1626 2403 1728 2442 35·

188 2450 292 2484 vocis
329 2463 361 2495 q.
396 2456 439 2492 7,
474 2455 539 2496 10,
576 2457 597 2487 2
623 2455 669 2488 N.
693 2467 739 2488 cr.
788 2455 826 2498 y)
866 2455 1055 2487 Nomina1.:
1091 2452 1175 2496 quid
1206 2453 1252 2486 sit
1284 2450 1445 2495 quaestio
1480 2452 1522 2492 3,
1557 2452 1625 2493 11,
1650 2451 1699 2491 13²

193 2495 274 2529 Non
299 2497 479 2532 occidisti:
520 2500 743 2543 quaestio
772 2505 808 2532 et
833 2505 982 2533 status
1016 2501 1059 2541 3,
1092 2499 1136 2540 6,
1175 2496 1221 2532 74
1245 2498 1290 2531 Ν.
1339 2497 1368 2531 si
1395 2497 1684 2539 confessum,

192 2550 267 2573 non
290 2549 430 2585 poterat
453 2544 502 2577 ibi
530 2556 608 2579 esse
633 2544 861 2589 quaestio
889 2549 933 2588 7,
960 2548 999 2587 1,
1027 2547 1059 2578 5.
1089 2543 1134 2585 cs.
1163 2547 1206 2586 7,
1233 2546 1275 2586 1,
1301 2542 1358 2578 49.
1393 2545 1438 2583 7,
1462 2540 1504 2584 4,
1528 2543 1601 2575 2Ο.’
1654 2562 1683 2592 .⁸’

193 2597 284 2629 quae
318 2587 355 2620 in
379 2589 541 2623 omnibus
568 2592 646 2625 fere
676 2591 747 2625 sint
772 2591 903 2631 causis,
934 2590 971 2624 in
997 2590 1123 2636 quibus
1149 2588 1321 2624 cecidisse
1347 2587 1425 2632 quis
1449 2585 1603 2638 formula
1652 2595 1686 2618 1-

194 2631 286 2664 citur
317 2634 360 2674 3,
395 2635 440 2676 6,
470 2635 535 2675 69;
576 2637 613 2670 in
638 2637 842 2680 conjectura
868 2642 921 2671 est
946 2649 979 2681 q.
1009 2648 1063 2670 ex
1086 2635 1169 2670 illo:
1195 2637 1236 2677 3,
1266 2637 1331 2676 11,
1361 2636 1416 2666 11.
1452 2633 1538 2676 juns
1561 2641 1596 2675 q.
1621 2640 1685 2664 so-

193 2678 267 2710 lent
292 2688 371 2711 esse
395 2690 648 2724 nonnunquam
674 2694 722 2717 ex
747 2682 825 2716 aliis
852 2688 957 2726 atque
982 2681 1060 2716 aliis
1085 2680 1370 2716 conflictionibns
1395 2680 1440 2719 7,
1468 2679 1512 2719 1,
1542 2677 1596 2711 18.
1646 2688 1683 2721 (Ι.

193 2728 253 2756 aut
278 2733 336 2756 ex
361 2724 459 2758 sacto
483 2731 542 2758 aut
567 2739 622 2761 ex
649 2728 783 2772 scripto
811 2739 890 2762 esse
916 2730 959 2771 8,
983 2729 1041 2761 Pr.
1068 2729 1122 2761 10.
1169 2737 1236 2760 nec
1260 2733 1400 2767 semper
1428 2732 1484 2756 ex
1508 2733 1578 2755 una
1600 2722 1682 2769 lege

191 2779 226 2812 q.
253 2773 307 2802 est
329 2771 370 2812 7,
411 2771 450 2812 1,
487 2772 543 2804 15.
592 2784 639 2806 ex
671 2775 861 2817 conjuncta
893 2772 1136 2817 propositione
1162 2773 1289 2814 plures
1321 2778 1400 2802 esse
1438 2767 1683 2811 quaestio-
1723 2775 1728 2814 j

191 2825 276 2848 nes
312 2825 353 2848 ao
386 2820 533 2850 status
572 2820 616 2852 ib.
651 2821 685 2853 9.
732 2830 780 2852 ex
815 2828 888 2852 uno
922 2824 1012 2852 statu
1046 2818 1130 2850 duas
1163 2815 1346 2861 generales
1377 2813 1454 2847 fieri
1487 2826 1522 2858 q.
1546 2816 1588 2847 ib.
1614 2813 1681 2857 583
