1728 3002
149 206 230 247 722
678 201 857 257 Pugnax
886 225 940 234 -
972 180 1152 242 Pulcher

154 317 348 374 Pugnax.
396 325 514 374 gladio
542 325 799 373 pugnacissima
823 336 911 373 gens
930 326 1080 360 Romani
1103 319 1138 370 9,
1165 328 1200 369 3,
1225 327 1270 370 83
1298 331 1336 361 ut
1357 325 1481 368 (Iulius
1498 327 1683 367 Secundus)

200 380 293 410 esset
320 375 430 408 multo
454 373 563 418 magis
587 382 734 419 pugnax
758 373 863 416 (opit.
893 375 999 407 Codd.
1023 376 1234 420 pugnans),
1267 378 1302 407 et
1332 372 1470 417 saepius
1495 374 1539 407 ad
1564 384 1684 407 miram
1704 401 1708 406 .

198 422 318 456 rerum
342 421 386 454 ab
411 419 614 453 elocutione
637 418 832 462 respiceret
862 420 926 462 10,
954 421 971 452 1
987 445 998 462 ‚
1023 422 1090 454 120
1114 419 1160 453 N.

153 479 314 533 Pugno·
362 487 394 528 1)
417 489 571 531 proprie:
605 492 641 520 et
663 487 755 520 latro
786 485 913 520 acriter
936 487 1104 533 pugnabit
1135 489 1178 529 2,
1210 488 1275 528 20,
1306 488 1364 520 10.
1409 497 1505 520 nunc
1528 485 1604 521 acie
1629 487 1684 519 di-

198 540 320 576 recta,
353 544 448 566 nunc
472 531 615 575 cuneis,
649 544 744 566 nunc
769 532 931 576 auxiliis,
965 544 1059 567 nunc
1083 533 1225 579 legione
1248 531 1462 578 pugnabitur
1484 535 1529 576 2,
1558 534 1622 575 13,
1650 531 1684 566 4.

199 579 337 616 vario
360 580 516 613 Marte
539 585 814 625 pugnatum,
840 578 996 613 eruditus
1022 585 1075 614 est
1102 589 1219 614 sermo
1243 580 1285 622 8,
1309 580 1354 622 6,
1380 577 1437 612 24.
1469 579 1514 612 ad
1538 577 1728 624 digitum-1¹

199 625 356 672 pugnavi
379 626 439 666 (de
465 624 668 668 gladiatore)
693 627 735 667 8,
762 626 801 668 5,
826 628 872 660 20
894 626 941 659 N.
988 637 1054 669 pro
1079 624 1231 660 Caesare
1254 630 1468 679 pugnantem
1491 624 1533 666 6,
1558 626 1602 667 3,
1625 626 1683 659 75.
1726 634 1728 645 ¹

201 678 254 706 tot
276 670 456 718 pugnandi
478 671 637 716 pericula
660 670 863 706 ineuntibus
885 674 920 714 2,
951 671 1007 714 16,
1032 673 1066 706 8.
1092 672 1282 718 pugnando
1304 670 1460 706 invictus
1483 670 1542 711 (de
1556 669 1685 714 pugile)

202 721 246 762 2,
278 719 324 761 8,
360 717 416 756 14.
463 717 572 752 scitus
605 718 784 764 pugnandi
816 719 861 759 9,
893 719 935 761 3,
975 720 1019 751 10
1048 730 1080 752 v.
1125 718 1291 765 Pugna.
1339 716 1392 761 11)
1422 720 1539 750 transl.
1573 715 1615 759 α)
1638 720 1714 757 tie⁴

200 774 397 811 pugnemus
419 763 552 811 igitur,
583 775 663 798 cum
693 763 902 808 praesertim
930 763 1089 808 plurimis
1111 763 1244 808 alioqui
1271 762 1418 798 Graecis
1447 762 1492 796 sit
1514 763 1684 796 utendum

200 813 244 853 2,
271 809 337 853 14,
359 809 395 844 4.
441 815 551 844 nocet
578 809 638 844 diu
662 820 817 857 pugnare
845 809 945 854 (opit.
965 812 1067 845 Codd.
1097 811 1230 856 pugna)
1256 808 1305 844 in
1326 808 1384 849 iis,
1407 819 1499 852 quae
1522 807 1684 842 obtinere

200 866 275 890 non
305 856 420 900 possis
452 857 496 899 6,
532 855 578 897 4,
611 858 668 891 15.
715 862 751 890 et
775 856 950 900 aequitate
974 862 1010 890 et
1034 857 1218 891 voluntate
1241 855 1469 902 pugnandum
1495 857 1539 896 7,
1572 855 1616 898 6,
1651 857 1685 888 7.

201 907 275 936 arte
298 903 524 949 pugnandum
549 907 602 936 est
637 905 682 945 2,
716 905 781 946 17,
805 904 863 937 29.
910 907 1043 949 pugnat
1068 902 1130 936 ille
1153 901 1313 936 acumine
1341 911 1501 944 semper,
1529 898 1589 933 hic
1611 901 1687 933 sre-
1707 939 1714 944 ς

201 954 352 992 quenter
375 954 411 982 et
431 949 591 992 pondere
624 950 688 990 10,
725 951 765 991 1,
806 949 883 983 106.
931 948 992 982 ubi
1017 947 1225 991 atrocitate,
1262 946 1420 989 invidia,
1459 945 1687 980 miseratione

199 995 427 1041 pugnandum
450 999 504 1029 est
536 996 579 1037 9,
604 996 646 1035 3,
682 996 759 1028 102.
809 994 942 1028 directa
966 996 1086 1028 fronte
1113 994 1338 1041 pugnandum!
1365 999 1426 1027 est*
1450 989 1494 1034 5,
1531 993 1598 1036 13,
1631 994 1686 1026 11.

198 1040 319 1075 rerum
341 1040 551 1076 inventione
576 1041 802 1087 pugnandum
826 1046 878 1074 est
904 1043 961 1082 12,
986 1043 1042 1083 10,
1067 1041 1124 1075 36.
1165 1041 1247 1084 {ure
1271 1039 1368 1084 prius
1441 1038 1620 1086 gnandum
1643 1047 1689 1071 an

198 1097 313 1131 aequo
339 1087 383 1129 6,
408 1087 450 1130 5,
476 1086 510 1121 5.
557 1098 625 1121 nec
654 1085 738 1120 alibi
765 1086 876 1133 magis
899 1097 1069 1121 mucrone
1095 1085 1244 1132 pugnari
1264 1086 1301 1129 6,
1323 1083 1358 1126 4,
1409 1110 1418 1119 .
1454 1083 1689 1119 universitate

198 1134 428 1178 pugnandum
453 1138 507 1166 est
533 1135 575 1175 7,
604 1135 651 1175 2,
680 1134 748 1175 223
783 1144 900 1177 neque
930 1138 997 1179 ego
1023 1139 1148 1173 contra
1173 1137 1334 1166 naturam
1361 1140 1481 1178 pugno
1509 1133 1544 1173 2,
1572 1131 1618 1175 8,.
1633 1132 1688 1165 10.

200 1179 261 1222 qui
288 1177 418 1221 (testes)
442 1179 524 1216 adv.
548 1179 781 1213 insectantem
803 1184 1115 1226 pugnassent,
1149 1176 1324 1213 modestia
1354 1176 1630 1224 mitigantur
1653 1175 1705 1218 5„

199 1227 235 1267 7,
258 1226 317 1258 27.
364 1223 407 1267 β)
436 1226 459 1258 ἰ.
485 1238 516 1269 q.
542 1226 773 1267 discrepo.-
818 1224 855 1268 a)
887 1225 1050 1268 quotiens
1088 1225 1367 1271 pugnabunt
1401 1223 1503 1268 (quod
1533 1222 1626 1256 ἀει-εἲ
1651 1220 1688 1254 'et

201 1271 290 1314 quod
313 1269 487 1313 prodest),
515 1269 629 1312 ipsam
653 1270 839 1304 utilitatem
863 1271 1058 1313 vincet,
1087 1272 1183 1314 quod
1207 1271 1310 1304 decet
1334 1271 1400 1312 11,
1423 1271 1464 1312 1,
1487 1269 1523 1304 9.
1568 1274 1631 1310 ut,
1654 1266 1687 1300 si

202 1326 310 1349 sensu
332 1324 408 1348 non
431 1319 666 1361 pugnant,
693 1316 1011 1359 comprehensione
1035 1316 1336 1351 dissentiant
1359 1318 1394 1358 7,
1419 1317 1464 1358 3,
1490 1317 1546 1352 12,
1594 1315 1684 1348 haec

198 1371 356 1407 pugnare
391 1360 596 1394 invicem
628 1360 670 1403 5,
703 1363 766 1403 13,
800 1364 863 1403 333
906 1374 996 1405 quae
1033 1367 1156 1396 contra
1189 1362 1284 1404 (jSp.
1321 1360 1438 1402 inter)
1473 1365 1586 1394 semet
1609 1359 1687 1403 ipsa

199 1411 359 1453 pugnent
385 1410 444 1439 aut
477 1417 635 1452 pugnare
666 1405 855 1440 videantur
890 1408 932 1449 5,
974 1409 1039 1450 13,
1070 1409 1116 1441 30
1138 1412 1180 1443 Ζ.
1228 1412 1446 1454 pugnaturos
1470 1415 1532 1439 eos
1554 1405 1687 1439 inter

201 1463 248 1486 fle
272 1450 510 1495 (philosophos)
535 1456 569 1494 2,
598 1454 654 1493 17,
682 1453 738 1486 32.
763 1454 820 1486 33.
845 1463 935 1496 quae
951 1458 1086 1486 tantum
1108 1452 1236 1487 inter
1259 1463 1304 1486 se
1327 1456 1485 1498 pugnant
1508 1453 1542 1493 3,
1570 1452 1604 1494 8,
1629 1453 1687 1485 32.

201 1497 246 1539 cs.
271 1497 317 1539 4,
337 1500 383 1540 2,
408 1499 463 1532 90.
498 1500 561 1540 11,
588 1499 627 1539 1,
649 1498 705 1532 93.
742 1510 774 1532 v.
815 1498 976 1532 Obsto.
1012 1510 1058 1532 ne
1081 1488 1161 1542 «ᾖξε
1185 1498 1308 1531 inter
1331 1508 1388 1531 se>
1407 1507 1563 1543 pugnare
1588 1502 1687 1540 putet

199 1543 445 1588 aequalitatem
460 1548 495 1576 et
515 1542 724 1578 varietatem
743 1547 798 1587 11,
818 1546 852 1587 3,
870 1543 927 1578 44.
972 1542 1013 1587 b)
1031 1547 1156 1578 Panic.
1169 1558 1179 1577 .·
1202 1544 1316 1579 verba
1333 1553 1406 1576 non
1422 1543 1685 1588 pugnantia

200 1591 263 1623 sed
287 1600 378 1634 quae
401 1588 612 1624 invicem
636 1591 1025 1634 complectantur
1050 1594 1091 1633 7,
1118 1593 1187 1632 10,
1217 1592 1275 1624 17.
1323 1595 1377 1623 est
1399 1594 1686 1635 argumentorum

196 1636 297 1669 locus
320 1654 366 1660 —
390 1635 444 1669 Ex
469 1635 799 1682 pugnantibus
824 1637 875 1679 (a.
894 1640 916 1669 1.
936 1635 1107 1683 repugn.)
1134 1654 1181 1661 -—-
1205 1635 1262 1669 Ex
1282 1634 1687 1679 consequentibus

198 1681 276 1716 sive
308 1681 554 1725 adjunctis
587 1682 631 1724 5,
671 1684 738 1725 10,
775 1680 821 1716 74
844 1683 892 1719 N.
939 1682 996 1715 Ex
1022 1680 1282 1728 pugnantibus,
1316 1681 1411 1725 quod
1438 1680 1544 1715 etiam
1571 1681 1686 1714 solum

200 1728 429 1772 enthymema
452 1727 594 1771 quidam
618 1732 771 1770 vocant,
798 1729 910 1762 multo
938 1728 1067 1762 fortior
1089 1728 1251 1772 probatio
1278 1727 1320 1770 5,
1346 1725 1411 1770 14,
1435 1729 1470 1760 2.
1501 1725 1545 1767 cfi
1571 1726 1635 1762 25..

153 1794 341 1851 Pugnus.
393 1816 596 1850 compressa
615 1805 653 1840 in
676 1817 834 1853 pugnum
857 1818 983 1841 manus
1006 1810 1052 1851 2,
1067 1796 1142 1852 20,
1166 1811 1199 1842 7.
1234 1817 1354 1854 pugno
1377 1803 1486 1840 ferire
1509 1802 1545 1848 2,
1570 1805 1607 1850 8,
1631 1807 1688 1841 13.

198 1863 317 1899 pugno
343 1853 434 1886 bene
457 1852 567 1895 uteris
590 1853 631 1896 6,
654 1854 694 1896 3,
718 1854 775 1889 90.

154 1907 351 1950 Pulcher·
399 1918 441 1964 α)
468 1922 594 1954 Posit.:
636 1920 698 1953 Est
727 1921 797 1955 hoc
836 1930 999 1965 quoque,
1034 1920 1200 1964 quotiens
1222 1920 1260 1954 in
1284 1919 1476 1954 sententias
1506 1929 1606 1953 acres
1628 1918 1686 1953 in-

200 1966 298 2008 cidit,
327 1967 514 2010 pulchrum
536 1967 571 2006 9,
596 1968 631 2008 3,
653 1966 711 2000 76.
757 1978 877 2001 nonne
901 1968 1088 2011 pulchrum
1106 1968 1166 2002 vel
1186 1967 1256 2001 hoc
1278 1966 1392 2010 ipsum
1417 1971 1483 2008 est,
1511 1975 1562 2002 em
1586 1974 1685 1999 com-

198 2011 295 2045 muni
321 2012 507 2046 intellectu
533 2012 748 2056 verbisque,
785 2013 912 2057 quibus
939 2018 1084 2046 utuntur
1108 2023 1253 2055 omnes,
1285 2018 1422 2046 tantmn
1444 2009 1585 2056 assequi
1606 2011 1685 2044 lan-

199 2057 253 2091 dis
278 2062 314 2092 et
336 2057 470 2104 gloriae
494 2060 530 2100 2,
554 2059 611 2099 16,
630 2060 697 2093 19.
735 2064 788 2092 est
812 2059 1008 2103 pulchrum,
1031 2058 1069 2092 in
1093 2058 1258 2092 secundis
1279 2058 1464 2102 tertiisque
1487 2055 1697 2092 consistere-

200 2105 266 2146 12,
302 2106 366 2147 11,
395 2105 451 2138 26.
498 2103 727 2148 respondisse
749 2104 943 2145 nobilitati,
972 2105 1159 2149 pulchrum
1182 2105 1251 2138 erit
1278 2107 1322 2148 3,
1358 2107 1403 2146 7,
1445 2105 1500 2138 10.
1546 2108 1684 2146 turpe

199 2150 326 2192 ducet,
354 2151 483 2184 cedere
505 2150 604 2194 pari,
637 2152 904 2194 pulchrum,
929 2161 1112 2194 superasse
1139 2151 1290 2194 majores
1316 2153 1334 2184 1
1349 2173 1360 2192 ,
1384 2153 1430 2191 2,
1454 2150 1520 2191 22;
1559 2158 1683 2192 qnam-
1720 2159 1721 2162 ¹

198 2195 286 2228 libet
311 2207 346 2239 p.
370 2195 581 2238 locutio-2,
598 2194 642 2238 4,
668 2198 724 2229 32.
771 2198 919 2240 pulchra
943 2196 1104 2230 oratione
1129 2202 1206 2230 acta
1242 2197 1287 2238 9,
1319 2195 1367 2239 4,
1405 2195 1462 2230 36.
1507 2194 1683 2230 sententia

196 2251 231 2284 p.
265 2241 308 2283 5,
343 2243 407 2284 10,
431 2243 488 2277 79.
535 2243 575 2286 β)
602 2244 814 2285 comparat..·
851 2242 912 2276 illa
936 2253 1005 2286 qua
1026 2242 1115 2276 nihil
1140 2243 1322 2286 pulchrius
1347 2247 1401 2275 est
1423 2239 1544 2274 auditu
1568 2239 1683 2277 oratio

200 2287 264 2328 10,
302 2289 343 2329 1,
372 2290 452 2323 111.
493 2286 538 2328 cs.
570 2288 612 2329 8,
648 2289 688 2330 3,
718 2289 774 2322 16.
819 2298 891 2332 quo
917 2288 1201 2331 pulchriora
1230 2293 1265 2322 et
1290 2297 1397 2322 sensu
1421 2292 1456 2320 et
1479 2283 1689 2326 elocutione*

199 2331 424 2373 dissolveris,
459 2333 529 2366 hoc
552 2332 750 2367 orationem
775 2334 885 2380 magis
909 2332 1175 2367 deformem
1200 2334 1281 2367 sore
1312 2333 1358 2375 9,
1380 2330 1427 2375 4,
1454 2331 1510 2367 15.
1548 2336 1682 2376 quanto

199 2378 401 2420 majores
431 2389 472 2412 ac
499 2379 806 2422 pulchriores
834 2380 1042 2415 viderentur
1073 2378 1152 2423 (res
1182 2381 1316 2413 divinae
1338 2377 1593 2423 humanaeque)
1622 2379 1678 2420 12,

199 2425 244 2463 2,
282 2424 316 2457 9.
363 2426 402 2467 γ)
428 2426 614 2468 Superlat.:
648 2425 758 2471 gratia
791 2425 950 2468 decoris,
990 2424 1052 2469 qui
1089 2431 1143 2459 est
1168 2425 1206 2458 in
1238 2424 1399 2459 oratione
1422 2422 1680 2467 pulcherrimus

199 2467 291 2511 (Sp.
320 2471 413 2512 quod
439 2489 485 2496 —
506 2470 800 2514 pulcherrimum)
823 2473 864 2514 8,
890 2473 947 2506 Pr.
974 2473 1017 2506 18
1040 2475 1082 2505 Z.
1109 2472 1155 2504 N.
1178 2470 1217 2504 in
1240 2469 1459 2504 maximis
1482 2467 1680 2514 quibusque

202 2524 244 2545 ac
267 2519 391 2547 natura
416 2516 747 2559 pulcherrimis
776 2520 840 2559 12,
864 2520 906 2559 2,
929 2520 987 2551 27.
1012 2517 1146 2551 liberos
1168 2527 1297 2551 necare
1321 2524 1576 2559 nonnunquam
1597 2515 1678 2557 pul-

201 2558 414 2608 cherrimum
438 2567 491 2594 est
516 2564 582 2605 12,
608 2565 648 2604 1,
674 2564 739 2605 37;
764 2574 800 2606 p.
827 2574 882 2596 ars
910 2568 943 2605 1,
969 2565 1023 2605 10,
1051 2566 1106 2597 17.
1133 2565 1189 2605 12,
1214 2565 1248 2605 1,
1274 2563 1330 2596 25.
1361 2561 1518 2596 brevitas
1539 2558 1679 2612 integra

199 2613 313 2636 minus
340 2612 552 2647 praestat
582 2626 629 2633 —
662 2613 715 2642 est
747 2619 837 2642 vero
868 2608 1190 2652 pulcherrima
1222 2610 1263 2651 8,
1299 2608 1340 2650 3,
1373 2609 1430 2641 82.
1467 2616 1502 2650 p.
1527 2604 1677 2638 consilia

201 2651 264 2689 12,
291 2651 328 2690 1,
354 2651 406 2683 15.
433 2663 466 2693 p.
492 2663 610 2685 rerum
639 2659 693 2686 est
716 2654 918 2697 eloquentia
943 2657 959 2687 1
978 2681 988 2696 ‚
1015 2657 1078 2696 12,
1108 2655 1161 2688 16.
1197 2666 1231 2698 p.
1258 2652 1435 2687 exercitus
1459 2652 1502 2694 1,
1526 2651 1592 2692 10,
1616 2650 1675 2685 48.
1717 2649 1721 2655 ”

197 2704 232 2736 p.
256 2693 387 2726 factum
414 2697 455 2736 9,
483 2699 525 2739 3,
548 2696 605 2731 40.
633 2709 669 2741 p.
697 2699 887 2745 geminatio
910 2701 944 2742 8,
973 2702 1006 2741 5,
1035 2700 1088 2734 19.
1121 2701 1198 2733 laus
1221 2711 1254 2742 p.
1285 2700 1339 2739 10,
1365 2700 1398 2740 2,
1421 2694 1477 2730 27.
1502 2704 1538 2738 p.
1562 2695 1675 2730 libros

198 2740 241 2780 3,
262 2738 307 2780 6,
334 2739 390 2772 60.
417 2742 660 2775 maximum
688 2755 729 2777 ac
752 2746 902 2787 pulch.
929 2756 1018 2788 opus
1041 2748 1087 2787 2,
1115 2747 1178 2786 17,
1200 2746 1234 2778 3.
1261 2742 1305 2783 cs·
1331 2743 1373 2783 82
1398 2742 1441 2784 6,
1465 2740 1521 2774 64·
1549 2743 1614 2783 10,
1638 2743 1673 2784 3,
1718 2746 1724 2754 '

196 2782 230 2817 4.
256 2785 321 2826 12,
346 2786 388 2826 1,
412 2785 446 2818 4.
475 2789 537 2828 12,
562 2790 624 2829 11,
655 2792 685 2822 1.
707 2791 764 2824 29.
804 2802 840 2833 p.
863 2790 986 2833 opinio
1010 2792 1055 2832 3,
1078 2791 1119 2831 8,
1144 2792 1176 2822 1.
1209 2800 1243 2831 p.
1268 2788 1381 2821 oratio
1406 2786 1450 2830 4,
1474 2788 1518 2828 2,
1542 2787 1601 2822 25.
1636 2799 1673 2831 p.
