1728 3002
172 218 256 258 766
730 215 886 261 Rector
914 243 969 251 —
999 217 1154 263 Rectus

218 329 303 376 qnid
335 330 420 366 satis
454 342 484 368 r.
511 336 660 368 cavetur
686 331 730 377 9,
758 331 800 378 4,
822 334 860 370 8.
890 344 921 370 r.
952 344 1173 381 componere
1197 335 1244 372 ὣ.
1269 335 1330 373 19.
1354 334 1454 373 ulnus
1484 336 1530 374 ab
1555 338 1707 376 humero

216 390 247 413 r.
271 380 373 413 volnt
398 384 528 423 sponte
551 379 728 414 delabitur
754 383 811 424 11,
835 383 871 424 3,
894 379 974 416 144.
987 388 1038 416 *ut
1061 393 1242 427 purpurae
1263 395 1295 418 r.
1318 384 1537 420 descendant
1560 387 1605 422 ib.
1623 387 1708 422 139.

217 430 344 458 recte
374 435 417 458 ac
444 426 636 471 proprie
661 425 827 460 affectum
857 426 1007 462 dicimus
1030 429 1065 472 6,
1093 431 1128 471 2,
1152 430 1188 464 8.
1221 441 1255 464 v.
1281 430 1489 475 Proprie.
1516 441 1549 466 r.
1574 431 1708 467 sentire

215 477 252 505 et
275 470 396 505 dicere
419 474 454 514 2,
479 473 535 514 15,
559 474 617 507 37.
656 484 690 505 υ.
714 472 854 507 Dico.
883 485 914 508 r.
942 474 1082 508 discant
1106 481 1276 520 recteque
1299 477 1452 518 doceant
1476 479 1531 520 12,
1557 477 1593 520 8,
1615 476 1652 512 4.
1673 489 1707 513 r.

217 517 409 560 disponere
435 519 499 560 10,
523 521 565 560 7,
590 517 623 553 5.
657 524 826 563 recteque
850 520 923 554 hoc
950 519 1092 555 disserit
1114 524 1176 562 2:
1188 524 1260 565 20,’
1278 523 1312 557 9.
1347 533 1387 557 se
1413 529 1540 558 recte
1564 523 1709 567 fecisse,

217 563 255 596 id
280 568 335 597 est
360 564 564 598 honesta
589 575 727 598 causa
753 566 788 606 5,
812 569 869 608 10,
891 567 949 601 35.
976 567 1175 602 v.Facio.
1198 568 1371 612 optime
1393 569 1562 613 incipitur
1583 580 1606 603 a
1626 569 1712 604 lon-

215 609 291 656 gis,
324 615 457 644 recte
482 610 672 655 aliquando
699 622 719 645 a
743 611 914 647 brevibus
937 614 979 655 9,
1006 612 1054 656 4,
1081 615 1137 648 92.
1162 612 1260 658 vita,
1282 615 1404 649 vultus
1428 623 1491 650 etc.
1518 614 1711 660 aliquando

213 667 244 689 r.
271 655 425 689 incusari
452 658 546 690 solet
568 659 612 700 5,
640 659 705 700 13,
733 658 791 693 39.
813 669 845 692 r.
868 658 1019 693 instituti
1043 662 1083 702 2,
1109 663 1152 703 2,
1175 661 1210 694 8.
1232 671 1271 696 r.-
1285 661 1492 705 judicabunt
1514 663 1558 696 ih.
1583 663 1640 696 13.
1673 661 1710 704 5,

216 704 273 745 10,
300 702 356 736 74.
380 702 416 745 6,
443 704 476 745 3,
503 705 539 736 3.
561 714 591 737 ι·.
619 705 810 749 loquantur
835 707 868 748 1,
894 708 927 748 1,
949 704 983 739 4.
1009 717 1038 739 r.
1066 711 1121 739 est
1147 705 1288 740 occisus
1305 709 1340 750 3,
1361 710 1417 751 11,
1434 710 1490 742 17.
1515 708 1550 751 5,
1572 705 1628 750 14,
1649 709 1709 743 22.

214 759 246 782 r.
275 748 617 783 contradictionibus
641 761 870 784 occurremus
893 751 938 794 5,
969 753 1035 795 13,
1059 753 1116 786 50.
1147 754 1327 796 spondeus
1353 753 1470 788 iambo
1493 764 1524 787 r.
1553 762 1710 797 praepo-

213 794 311 828 nitur
333 795 379 838 9,
402 793 449 837 4,
476 796 535 830 99.
558 807 587 830 r.
612 796 864 840 pronuntiandi
888 800 943 839 11,
968 799 1004 841 3,
1026 796 1083 833 43.
1109 798 1248 842 aliquae
1276 798 1483 845 (orationes)
1503 800 1547 832 ad
1570 808 1711 846 cogno-

213 841 383 875 scendam
406 840 520 874 litium
546 842 792 886 quaestionem
816 854 846 877 r.
871 843 1102 888 requiruntur
1129 847 1193 886 10,
1220 847 1254 888 1,
1279 847 1338 880 23.
1378 846 1560 890 Rectaque
1586 844 1710 878 scribit

213 888 259 920 ad
283 888 432 920 Brutum
457 889 563 931 quad.
592 889 630 922 in
654 889 804 933 epistola
826 891 870 930 8,
895 891 940 932 3,
964 891 998 924 6.
1023 902 1053 924 r.
1078 890 1301 937 subiungitur
1323 890 1496 935 (affectus)
1519 891 1562 934 6,
1588 893 1623 934 1,
1637 891 1710 926 -53.

212 944 242 967 r.
268 938 439 967 tractatur
461 934 506 977 4,
532 937 573 977 1,
597 935 654 969 25.
681 936 740 979 qui
764 947 795 969 r.
814 937 936 970 valeat
958 937 1000 978 5,
1028 938 1092 979 10,
1118 937 1172 971 16.
1195 937 1267 971 hoc
1291 937 1350 970 alii
1374 935 1711 981 συνωνυμίονμειὶὶὶ

212 979 490 1061 gisjnncti50nem
519 987 676 1025 vocant,
710 987 900 1027 utrumque
923 993 954 1017 r.
978 983 1022 1027 9,
1049 984 1094 1027 3,
1128 981 1194 1027 45;
1230 982 1431 1018 rectissime
1455 982 1624 1018 traditum
1652 987 1722 1018 ests

246 1050 256 1066 ,
282 1028 325 1069 3,
350 1028 368 1059 1
398 1051 407 1061 .

167 1080 338 1135 ReCssOI'·
375 1095 498 1140 wiltus
526 1093 692 1140 (judicis)
717 1107 822 1142 saepe
846 1095 924 1142 ipse
947 1107 978 1131 r.
1005 1101 1059 1131 est
1083 1095 1234 1132 dicentis
1258 1099 1326 1142 12,
1348 1097 1412 1142 10,
1438 1085 1496 1134 56.
1517 1095 1620 1132 labor
1645 1093 1709 1131 ille

214 1151 340 1175 carens
364 1147 508 1176 rectore
531 1142 609 1177 fluit
633 1145 688 1187 10,
717 1146 750 1187 1,
773 1146 809 1178 2.
840 1156 874 1182 υ.
896 1144 1150 1178 Formator.
1181 1145 1294 1180 Rex.

166 1194 339 1239 Rectus.
371 1207 410 1252 1)
440 1212 576 1254 proprie
595 1211 638 1243 «le
651 1211 856 1245 directione=
879 1216 920 1245 ut
942 1223 974 1246 r.
999 1211 1070 1246 sint
1093 1211 1239 1246 brachia
1253 1214 1288 1255 1,
1311 1213 1368 1256 10,
1386 1210 1444 1246 16.
1469 1204 1648 1245 rectum
1672 1213 1710 1244 et

214 1257 467 1289 secundum
491 1261 699 1289 naturam
723 1262 829 1299 caput
856 1261 919 1300 11,
944 1260 985 1300 3,
1009 1259 1067 1293 69.
1092 1259 1234 1292 clavum
1256 1269 1288 1292 r.
1315 1261 1359 1300 2,
1385 1259 1440 1300 17,
1464 1257 1512 1291 24
1534 1257 1581 1290 Ν.
1605 1267 1636 1290 r.
1659 1255 1709 1290 li-

210 1306 368 1334 terarum
392 1306 583 1334 contextus
609 1305 643 1344 1,
665 1305 698 1343 1,
721 1304 779 1336 25.
805 1313 834 1335 r.
857 1302 1018 1346 corporis
1043 1305 1078 1346 2,
1102 1305 1158 1345 13,
1181 1305 1217 1338 8.
1241 1314 1270 1336 r.
1296 1303 1396 1336 exitu
1419 1306 1452 1346 1,
1470 1305 1527 1345 11,
1544 1305 1579 1336 7.
1600 1313 1630 1336 r.
1649 1301 1708 1335 fa-

212 1346 285 1380 cies
310 1349 354 1380 ib.
378 1347 414 1382 9.
440 1348 476 1389 9,
500 1349 535 1389 3,
563 1349 618 1379 10.
645 1357 761 1391 genua
783 1358 812 1380 r·
841 1350 897 1390 11,
921 1351 957 1390 3,
983 1348 1062 1383 159.
1093 1359 1132 1386 r,
1148 1348 1277 1382 itinere
1305 1351 1340 1390 2,
1363 1350 1399 1390 3,
1424 1350 1458 1382 9.
1486 1358 1518 1381 r.
1542 1347 1645 1381 limes
1670 1349 1707 1390 2,

212 1395 270 1436 13,
296 1393 352 1428 16.
380 1404 412 1426 r.
437 1392 563 1436 quaed.
588 1393 721 1425 locatio
745 1395 780 1435 7,
806 1394 840 1435 1,
866 1396 899 1427 1.
922 1398 1084 1427 rectae
1111 1403 1153 1427 ac
1176 1394 1425 1437 simplices
1455 1402 1583 1426 manus
1608 1392 1645 1434 9,
1671 1395 1706 1436 1,

210 1441 270 1473 20.
297 1451 332 1474 v.
357 1437 582 1482 Simplex.
611 1438 676 1471 illo
707 1438 928 1482 quincunce,
967 1439 1050 1483 qui,
1074 1438 1111 1472 in
1136 1449 1383 1483 quamcunque
1404 1443 1542 1483 partem
1564 1443 1708 1482 specta-

207 1484 319 1528 veris,
342 1490 463 1518 rectus
491 1489 544 1518 est
572 1485 606 1526 8,
632 1486 668 1526 3,
693 1486 725 1518 9.
749 1490 861 1518 status
882 1496 914 1518 r.
942 1487 998 1528 11,
1025 1487 1059 1528 3,
1087 1486 1166 1520 159.
1195 1497 1226 1520 r.
1250 1485 1313 1520 via
1337 1487 1372 1527 1,
1393 1485 1431 1527 6,
1453 1486 1511 1518 22.
1535 1494 1582 1518 re
1593 1483 1707 1518 ctis-

174 1547 176 1549 v
210 1533 321 1565 sima
345 1530 407 1566 via
430 1533 465 1573 3,
489 1531 524 1573 6,
550 1530 607 1564 83.
637 1532 693 1573 12,
719 1533 756 1572 2,
782 1533 850 1573 27;
878 1530 948 1564 nisi
969 1533 1104 1565 recti
1128 1541 1194 1565 nos
1218 1531 1264 1566 ad
1286 1541 1332 1565 ea
1356 1531 1477 1564 ferant
1491 1529 1526 1572 5,
1546 1531 1605 1572 10,
1623 1532 1707 1564 123.

210 1577 263 1621 11)
292 1581 408 1610 transl.
434 1579 476 1610 tle
500 1579 674 1621 qualitate.
709 1575 752 1619 α)
776 1579 980 1620 simpliciter.
1021 1578 1059 1620 a)
1087 1578 1240 1619 Singu1.=
1265 1576 1366 1621 quasi
1393 1574 1485 1609 nihil
1505 1573 1552 1609 sit
1570 1575 1625 1609 fan
1645 1585 1709 1610 re-

212 1629 309 1657 ctum
335 1634 435 1665 esse,
459 1623 556 1667 quod
585 1621 737 1666 primum
763 1628 818 1657 est
842 1625 904 1665 10,
928 1621 973 1665 4,
997 1624 1030 1656 3.
1057 1623 1154 1666 quod
1177 1621 1265 1656 alias
1286 1621 1534 1664 vitiosum,
1564 1619 1709 1656 interim

173 1696 176 1697 γ
209 1670 298 1704 alias
318 1675 498 1704 rectum
525 1674 579 1702 est
604 1671 636 1705 1.
660 1669 694 1711 5,
718 1670 776 1703 29.
803 1668 1005 1716 ignorantia
1026 1667 1116 1702 recti
1143 1671 1200 1712 12,
1222 1671 1257 1712 1,
1285 1670 1342 1702 12.
1365 1673 1406 1702 ut
1425 1677 1551 1715 pamm
1567 1672 1708 1701 rectum

209 1716 412 1760 improbare
436 1718 478 1758 2,
505 1716 570 1757 13,
596 1716 651 1748 10.
684 1720 824 1749 mutant
847 1714 979 1760 aliquid
1008 1726 1030 1748 a
1053 1720 1155 1749 recto
1183 1717 1227 1750 ib.
1254 1717 1310 1748 11.
1333 1719 1375 1748 ut
1397 1713 1500 1748 aliter
1521 1723 1628 1756 quam
1650 1717 1708 1746 est

210 1769 394 1796 rectum
425 1771 667 1805 verumque
698 1760 837 1795 dicatur
858 1762 901 1804 6,
925 1763 967 1805 3,
992 1761 1048 1797 89.
1085 1761 1156 1794 alio
1180 1766 1320 1795 rectum
1340 1765 1399 1795 est
1421 1760 1503 1794 loco
1527 1761 1561 1800 1,
1583 1758 1617 1800 5,
1645 1760 1706 1793 10.

210 1817 362 1854 qnorum
389 1807 481 1842 nihil
504 1817 579 1840 non
602 1812 737 1841 rectum
764 1813 841 1851 est,
874 1807 943 1841 nisi
967 1819 1048 1842 cum
1072 1806 1225 1851 aliquam
1250 1817 1301 1840 ex
1323 1805 1400 1850 his,
1429 1806 1475 1839 de
1497 1803 1625 1850 quibus
1646 1803 1707 1839 10.-

210 1855 283 1889 cuti
307 1865 449 1894 sumus,
474 1853 621 1899 figuram
647 1852 775 1897 accipit
797 1855 840 1896 9,
865 1856 909 1896 2,
933 1855 1013 1888 103.
1049 1854 1140 1886 Nam
1164 1856 1250 1887 cum'
1268 1851 1315 1886 sit
1337 1849 1706 1902 rectum,³‘Noceru

208 1901 317 1935 facile
342 1906 407 1943 est,
434 1902 603 1943 prodesse
629 1899 792 1933 difficile:
821 1899 1156 1935 vehementius
1179 1910 1236 1943 ap.
1261 1898 1431 1934 Ovidium
1453 1897 1582 1931 Medon
1604 1896 1703 1940 dicit,

210 1947 365 1982 Servare
391 1953 451 1980 etc.
476 1946 512 1989 8,
540 1946 573 1983 5.
602 1945 636 1979 6.
671 1948 716 1978 in
740 1947 847 1979 duas
875 1953 1034 1990 partes
1061 1947 1252 1978 divisam
1276 1948 1591 1987 esse-,rectum
1614 1947 1704 1985 erat,

209 1995 275 2027 sed
299 1994 466 2026 durum
495 1997 531 2026 et
554 1991 815 2025 incomtum
840 1991 901 2036 (de
925 1989 1163 2032 collocatione)
1178 1991 1225 2034 8,
1248 1991 1292 2034 6,
1315 1990 1380 2034 653
1413 1987 1578 2035 pretinm·
1598 1987 1704 2021 adhi-

206 2040 295 2074 bere
319 2050 460 2081 curam,
483 2037 617 2072 rectius
645 2037 712 2071 erit
738 2040 801 2081 10,
828 2039 873 2082 3,
898 2038 954 2073 18.
1000 2036 1043 2080 b)
1069 2040 1188 2071 Plus-..-
1213 2037 1356 2079 facere,
1382 2043 1474 2080 quae
1497 2035 1592 2081 W
1620 2037 1704 2067 sunt

209 2088 244 2127 1,
269 2087 304 2128 3,
333 2085 389 2119 15.
428 2083 474 2126 cs.
500 2087 535 2127 3,
565 2084 601 2125 8,
629 2081 688 2119 42.
719 2086 782 2126 10,
805 2086 852 2127 2,
880 2086 939 2118 21.
975 2094 1018 2118 ea
1041 2084 1250 2128 plerumque
1275 2087 1410 2117 recta
1433 2083 1630 2124 zuntfmec
1653 2089 1703 2113 se

207 2132 394 2176 fingunt
423 2131 460 2164 et
482 2128 795 2164 confitentur
817 2131 858 2172 9,
881 2132 917 2174 2,
942 2129 964 2164 5
985 2130 1032 2164 N.
1047 2128 1103 2172 scs.
1129 2128 1186 2163 45.
1210 2130 1301 2163 haec
1325 2133 1427 2163 recta
1447 2130 1582 2162 tonum
1605 2124 1704 2158 etin

207 2179 329 2211 nullos
357 2177 477 2210 flexus
511 2175 717 2210 recedentia
751 2189 830 2220 opp.
857 2176 896 2210 in
930 2175 1001 2209 illis
1027 2176 1148 2219 plures
1175 2185 1348 2209 excursus
1370 2167 1620 2218 recipientibus
1644 2171 1702 2212 10.

206 2225 245 2266 5,
273 2226 327 2257 12.
354 2222 461 2257 etiam
483 2227 583 2256 recta
599 2221 816 2256 mutantibus
841 2224 876 2265 3,
899 2223 933 2264 1,
953 2225 989 2256 7.
1015 2232 1069 2265 ap.
1085 2226 1206 2265 turpes
1230 2226 1329 2256 recta
1350 2219 1515 2254 obtinere
1539 2218 1576 2261 3,,
1586 2217 1623 2259 8,
1642 2217 1702 2250 38.

205 2267 462 2313 praecipiendo
487 2274 625 2302 recta
647 2283 694 2293 —b
716 2268 1014 2312 reprehendendo
1036 2277 1192 2311 prava
1215 2264 1258 2311 4,
1281 2269 1327 2309 2,
1354 2266 1412 2303 39.
1447 2261 1702 2316 v.T1:8vu⁸·

207 2316 258 2360 ,8)
290 2328 317 2349 c.
342 2316 535 2348 Nominib..·
570 2318 703 2349 recta
734 2319 862 2358 atque,
901 2319 941 2348 ut
972 2312 1024 2347 sic
1049 2311 1221 2356 dixerim,
1258 2313 1466 2346 clamosa
1493 2313 1587 2344 acuo
1620 2319 1702 2351 opp.

207 2360 307 2394 mille
331 2361 487 2395 flexus
512 2365 548 2394 et
573 2364 693 2393 artes
722 2362 761 2401 5,
787 2362 851 2403 13,
875 2362 911 2394 2.
935 2370 966 2393 r.
995 2368 1096 2393 casus
1126 2362 1158 2401 1,
1183 2357 1225 2401 4,
1254 2359 1310 2392 13.
1335 2362 1370 2401 1,
1394 2358 1429 2400 5,
1452 2356 1511 2392 61.
1547 2353 1702 2389 clausula

207 2415 238 2439 r.
262 2407 305 2449 8,
330 2406 374 2449 5,
400 2407 456 2440 13.
493 2404 714 2448 simplici
737 2411 960 2449 rectoque
984 2404 1155 2449 loquendi
1178 2414 1310 2451 genere
1332 2405 1446 2447 9‚'3,
1468 2403 1503 2439 3.
1537 2411 1567 2435 r.
1588 2409 1702 2452 genus

207 2463 286 2494 opp.
313 2451 446 2498 figurae
468 2452 504 2495 9,
529 2455 564 2494 2,
588 2452 644 2486 78.
671 2450 717 2492 cs.
744 2453 800 2494 10,
827 2454 860 2494 1,
888 2450 944 2485 44.
967 2452 1025 2486 89.
1052 2462 1083 2485 r.
1108 2451 1220 2495 judex
1244 2449 1279 2494 4,
1305 2451 1339 2493 1,
1364 2447 1420 2484 14.
1454 2458 1486 2482 r.
1508 2447 1644 2481 locutio
1664 2443 1701 2486 4,

207 2498 250 2538 1,
273 2495 330 2530 42.
362 2503 501 2532 recta
536 2509 582 2531 an
611 2496 788 2531 ordine
819 2502 1083 2542 permutato
1118 2495 1276 2530 narratio
1302 2497 1350 2536 2,
1375 2496 1439 2534 13,
1460 2495 1494 2528 5.
1530 2495 1703 2525 rectae

209 2546 280 2584 atq.
307 2544 578 2577 emendatae
602 2543 757 2577 orationi
780 2546 821 2586 2,
844 2542 887 2584 4,
913 2544 968 2578 15.
995 2555 1032 2576 v.
1048 2542 1246 2577 Oratio.
1281 2550 1311 2574 r.
1334 2541 1424 2574 ordo
1444 2538 1492 2590 9,
1519 2535 1563 2580 4,
1586 2538 1644 2570 27.
1668 2546 1700 2570 r.

205 2587 349 2630 partitio
372 2589 415 2631 4,
441 2589 486 2631 5,
509 2590 543 2623 3.
579 2595 678 2623 recta
703 2589 977 2624 benevolentiae
1001 2594 1036 2622 et
1061 2587 1265 2622 attentionis
1289 2586 1479 2630 postulatio
1501 2580 1545 2625 4,
1570 2583 1614 2624 1,
1638 2579 1700 2614 42.

207 2638 334 2666 recta
358 2639 395 2667 et
420 2632 632 2677 simplici
657 2634 799 2669 ratione
821 2636 857 2678 9,
883 2639 916 2675 1,
941 2637 975 2670 3.
998 2646 1029 2668 r.
1054 2634 1115 2668 illa
1139 2631 1353 2678 repetitione
1375 2631 1411 2673 6,
1433 2630 1466 2670 1,
1490 2630 1525 2661 2·
1547 2637 1586 2679 ¹12·
1611 2625 1701 2669 (sen-

208 2676 345 2718 tentiae)
369 2680 412 2720 8,
437 2679 481 2722 5,
508 2681 543 2714 5.
572 2691 690 2714 sermo
714 2692 744 2714 r.
768 2684 802 2723 2,
828 2683 862 2723 5,
892 2682 948 2714 11.
978 2691 1009 2714 r.
1037 2690 1128 2714 sono
1156 2682 1219 2722 11,
1243 2678 1283 2718 3,
1312 2675 1380 2727 168
1397 2674 1444 2708 Ν.
1478 2681 1594 2707 omms
1617 2681 1702 2715 spe-

208 2722 302 2765 cies,
328 2734 419 2767 quae
443 2725 552 2758 modo
576 2731 675 2760 recta
701 2730 755 2760 est
779 2725 973 2770 (orationis)
998 2729 1062 2768 12,
1095 2727 1151 2768 10,
1174 2724 1231 2759 69.
1255 2732 1287 2755 r.
1314 2726 1391 2755 vita
1411 2720 1470 2753 Pr.
1494 2719 1550 2752 10.
1575 2728 1607 2751 r.
1630 2728 1702 2769 vp-

180 2784 183 2786 ·
206 2767 334 2802 luntati
360 2771 416 2811 12,
441 2771 474 2809 1,
501 2771 560 2803 31.
585 2781 616 2804 r.
641 2781 719 2807 vox
743 2774 808 2815 11,
836 2773 877 2816 3,
906 2771 972 2815 643
1005 2770 1140 2806 rectior
1161 2766 1292 2804 divisio
1314 2769 1352 2810 7,
1376 2767 1412 2808 2,
1439 2764 1486 2800 39
1500 2765 1550 2800 Ν.
1573 2768 1702 2798 recus-

208 2813 297 2848 sima
319 2814 413 2848 ratio
437 2816 474 2858 2,
501 2817 557 2859 13,
582 2817 616 2850 3.
835 2827 837 2831 ’
1273 2825 1277 2828 ·
