1728 3002
140 131 223 172 30⁶
683 104 804 169 Exeo
844 152 900 160 --
934 128 1135 186 Exequor

184 244 426 291 permittamus
451 242 626 285 ejusmodi
649 243 817 286 exempla
842 244 877 286 8,
902 244 938 286 3,
960 245 1168 285 73.Nrer1un
1192 254 1253 278 ex.
1280 244 1324 279 ab
1347 245 1527 282 historicis
1547 236 1678 293 petun-

182 298 242 327 tur
266 294 323 332 12,
349 292 405 333 11,
428 291 484 324 17.
510 289 548 322 id
572 301 620 323 ex
642 288 787 323 diverso
811 288 915 333 ponit
938 287 1142 333 exemplum
1166 292 1201 333 1,
1226 292 1260 333 5,
1283 290 1342 326 43.
1363 294 1553 330 honorifici
1576 289 1684 339 ponit*

184 338 388 381 exemplum
418 334 604 370 Ciceronis
642 336 736 378 (Sp.
760 338 862 370 'insen
895 337 991 379 quod
1015 335 1088 378 est)
1122 346 1188 380 pro
1211 336 1356 384 Ligario
1383 339 1425 382 6,
1449 342 1489 383 3,
1521 342 1599 376 108.
1628 341 1674 383 cs:

182 388 218 428 7,
242 387 276 426 2,
304 383 359 417 18.
381 383 416 424 9,
440 381 475 425 4,
504 384 580 416 103.
607 384 664 423 11,
689 383 723 424 3,
749 381 806 417 34.
831 381 969 430 singula
991 382 1119 416 horum
1148 393 1392 429 generum-ex
1411 384 1487 420 Cic.
1512 389 1678 432 exempla

185 440 358 477 ponamus
391 430 436 471 5,
463 431 502 461 11
519 454 529 470 ,
562 429 618 461 11.
654 428 754 470 cujus
777 427 830 461 rei
856 434 895 462 ut
923 433 1042 462 cetera
1068 439 1128 463 ex.
1147 435 1375 474 ,praeteream
1411 434 1453 474 7,
1479 426 1519 475 1'‚
1541 435 1576 466 2.
1606 435 1678 468 hoc

186 474 410 523 propositum
433 474 537 508 nobis
562 473 607 506 sit
638 476 694 515 10,
721 476 753 516 1,
780 476 860 508 112.
893 485 1046 518 quorum
1077 476 1243 519 exempla
1262 475 1326 510 illo
1362 477 1444 511 loco
1476 481 1678 521 quaerenda

187 525 280 566 (Sp.
308 522 492 563 reddam),
526 531 597 563 quo
621 519 773 554 virtutes
798 526 901 554 erunt
924 522 969 563 8,
991 523 1031 561 3,
1061 523 1102 555 51
1131 525 1173 555 Ζ.
1201 520 1231 555 si
1261 522 1339 566 quis
1367 523 1438 557 hoc
1460 524 1594 558 referat
1617 536 1678 565 ex.
1710 528 1722 535 “’

188 569 223 612 5,
250 571 309 614 11,
331 569 365 602 8.
399 567 441 599 ab
468 565 669 600 oratoribus
694 566 754 599 illa
780 565 877 611 (ex.)
906 573 1073 610 repetunt
1097 568 1137 610 5,
1163 570 1220 611 10,
1246 570 1324 602 120.
1353 580 1410 602 ex.
1437 574 1598 604 nostrum
1621 582 1680 605 se-

186 616 384 661 quebantur
413 616 448 655 2,
475 615 508 653 5,
532 615 565 646 2·
597 613 766 656 pleraque
796 611 915 656 (ex.)
948 624 996 647 ex
1019 619 1198 649 vetustate
1233 614 1424 661 diligenter
1445 615 1513 649 sibi
1537 618 1681 664 cognita

185 666 301 696 sumat
327 662 381 702 10,
407 661 441 702 1,
473 657 528 693 34.
558 657 642 692 licet
664 658 748 692 satis
776 660 1022 703 exemplorum
1047 661 1091 693 ad
1118 660 1325 694 imitandum
1346 672 1394 695 ex
1417 661 1573 696 lectione
1595 674 1683 707 sup-

184 708 320 754 peditet
343 709 376 748 2,
397 708 432 748 2,
449 705 481 739 8.
512 715 571 739 ex.
596 716 717 738 rerum
740 705 841 739 varie
864 707 1051 740 tractanda
1073 711 1156 739 sunt
1178 708 1221 748 5,
1239 709 1295 749 13,
1307 706 1370 750 243
1397 716 1471 752 post
1493 711 1655 752 Praepos.
1669 723 1679 743 :

185 766 244 790 res
264 771 308 777 —
327 751 510 796 pertinens
529 752 578 784 ad
595 752 798 795 exemplum
816 750 852 794 4,
867 755 900 794 1,
914 754 970 786 33.
997 753 1051 786 ad
1067 752 1256 786 Phoenicis
1273 753 1458 788 Homerici
1477 756 1683 798 exemplum

187 801 306 835 dicere
325 809 367 832 ac
386 799 508 831 facere
526 800 560 840 2,
581 799 616 840 3,
639 800 694 830 12.
724 797 808 831 satis
824 798 1069 842 composuisse
1089 810 1169 833 sese
1184 799 1228 832 ad
1244 801 1447 843 exemplum
1463 803 1499 843 2,
1517 801 1553 843 6,
1574 799 1610 836 4.
1637 802 1681 835 ad

187 858 248 882 ex.
263 846 436 881 virtutum
456 843 615 878 omnium
627 855 727 878 mens
748 843 933 890 dirigenda
953 847 1008 887 10,
1022 847 1055 888 2,
1072 847 1105 878 1.
1129 845 1319 879 referenda
1333 857 1414 889 pars
1433 847 1522 880 haec
1539 857 1682 891 quoque

185 894 230 927 ad
243 903 303 927 ex.
319 892 355 934 6,
376 893 409 933 1,
428 893 487 924 22.
513 890 557 923 ad
578 889 737 924 omnium
754 891 903 924 ornandi
923 890 1094 924 virtutum
1113 892 1318 935 exemplum
1334 894 1392 934 (a.
1408 896 1440 927 l..
1453 891 1595 937 —pla)
1621 893 1684 927 vel

185 949 278 973 unus
294 937 425 971 sufficit
445 938 479 980 8,
493 937 527 972 3.
540 937 585 971 66
599 949 607 978 ;
633 948 654 970 c
665 936 728 969 itr
739 948 759 970 a
778 936 943 970 lectionis
960 948 1021 971 ex.
1044 939 1100 979 10,
1115 940 1148 979 1,
1159 940 1199 979 2;
1225 949 1316 982 quae
1331 938 1376 971 in
1393 949 1454 973 ex.
1471 938 1682 973 assumimus

187 989 243 1029 10,
256 989 290 1027 2,
308 987 363 1018 11.
391 984 487 1027 quod
505 982 551 1016 in
570 994 629 1016 ex.
650 982 766 1017 editur
780 985 835 1025 12,
852 985 907 1026 10,
922 985 976 1017 50.
1005 994 1134 1019 vocem
1147 983 1351 1017 docentium
1369 984 1407 1018 in
1419 995 1481 1019 ex.
1501 984 1684 1023 intuentur

185 1031 238 1076 (a.
257 1035 279 1064 l.
296 1030 458 1070 tuentur)
481 1031 537 1071 10,
554 1031 588 1072 2,
603 1031 637 1062 2.
673 1040 782 1062 unam
807 1030 852 1063 de
875 1029 1008 1063 scholis
1033 1029 1597 1074 controversiamrptoponamin
1621 1042 1682 1065 exc.

186 1082 221 1121 7,
247 1080 282 1120 1,
314 1075 370 1110 41.
410 1074 461 1109 in
499 1086 567 1109 ex.
606 1074 750 1109 dicendi
782 1075 1075 1109 facundissimum
1112 1087 1288 1120 quemque
1320 1082 1498 1120 proponet
1527 1076 1596 1112 sibi
1629 1077 1683 1111 ad

185 1123 463 1159 imitandum
499 1123 564 1163 12,
589 1123 632 1163 2,
659 1124 717 1159 27,
750 1127 790 1155 ut
816 1122 976 1168 Bagoam
1009 1123 1164 1166 aliquem
1190 1121 1229 1155 in
1253 1133 1314 1156 ex.
1349 1122 1468 1166 operis
1502 1127 1684 1157 sumerent

179 1169 255 1205 sibi
280 1169 314 1210 5,
343 1170 401 1210 12,
423 1170 481 1200 21.
534 1166 571 1209 e)
594 1169 712 1200 Ablat.
727 1181 737 1200 .·
764 1167 904 1201 rideant
928 1167 1036 1201 etiam
1059 1168 1275 1214 diligentiam
1299 1174 1477 1211 nostram,
1513 1169 1681 1213 exemplo

185 1213 308 1261 magni
340 1223 484 1257 quoque
514 1212 670 1246 nominis
702 1214 949 1255 professorum
973 1217 1020 1255 2,
1053 1217 1115 1255 11,
1143 1216 1174 1247 1.
1211 1214 1431 1257 temporibus
1464 1214 1556 1257 illis,
1589 1225 1681 1259 quae

186 1261 265 1297 sine
289 1260 458 1302 exemplo
482 1258 627 1291 fuerunt
652 1260 708 1299 10,
732 1261 768 1300 2,
793 1262 833 1300 4,
866 1269 940 1291 uno
965 1270 1028 1292 ero
1055 1260 1222 1301 exemplo
1261 1265 1451 1294 contentus
1485 1261 1562 1303 ejus
1594 1260 1681 1303 loci,

188 1317 260 1353 quo
287 1305 417 1340 Cicero
440 1323 487 1330 ——
511 1303 597 1337 dicit
633 1304 676 1345 8,
699 1302 745 1346 4,
769 1305 835 1346 28;
877 1304 1053 1347 exemplis
1091 1304 1371 1338 confirmandum
1395 1304 1442 1347 4,
1474 1308 1515 1347 1.,
1543 1307 1600 1340 75.
1631 1305 1682 1339 sid

187 1350 433 1395 exemplis
467 1349 579 1396 magis
609 1360 715 1393 quam
748 1350 1034 1392 praeceptis
1065 1349 1148 1382 ullis
1182 1349 1386 1384 continetur
1407 1349 1442 1393 4,
1467 1352 1605 1394 2,116.
1641 1357 1682 1386 ut

187 1399 353 1441 exemplo
378 1396 423 1430 sit
447 1396 764 1430 demonstrandum
786 1397 832 1438 3,
860 1395 908 1438 6,
925 1398 983 1430 27.
1002 1397 1063 1430 vel
1079 1396 1263 1430 veteribus
1293 1397 1354 1431 vel
1377 1395 1483 1431 novis
1506 1397 1681 1440 exemplis

187 1447 304 1491 palam
330 1444 448 1477 facere
478 1444 534 1484 12,
560 1444 616 1483 11,
641 1442 697 1475 29.
723 1446 778 1475 tot
800 1451 866 1475 nos
889 1442 1329 1485 praeceptoribus,
1369 1448 1422 1476 tot
1448 1443 1681 1488 exemplis

187 1489 358 1526 instruxit
381 1487 572 1532 antiquitas
595 1490 639 1521 ib.
663 1490 718 1520 22.
752 1489 920 1531 exemplo
949 1488 1037 1522 moti
1070 1491 1106 1530 7,
1132 1490 1167 1530 2,
1196 1490 1229 1522 3.
1265 1486 1478 1533 (analogia)
1509 1499 1583 1523 non
1615 1501 1683 1523 ra-

187 1538 319 1572 tione
343 1534 467 1569 nititur
493 1535 556 1568 sed
586 1535 807 1577 exemplo
843 1537 876 1576 1,
901 1534 936 1576 6,
963 1534 1019 1568 16.
1043 1534 1203 1568 onerabo
1230 1533 1361 1568 librum
1388 1534 1563 1578 exemplis
1587 1535 1623 1577 6,
1646 1537 1683 1579 3,

185 1584 242 1619 65.
267 1587 306 1616 ut
328 1583 391 1615 vel
413 1580 582 1624 proximo
600 1581 768 1623 exemplo
790 1584 886 1623 patet
909 1578 946 1622 4,
969 1583 1005 1622 2,
1029 1580 1086 1615 61.
1113 1580 1185 1613 hoc
1208 1579 1381 1625 praecipit
1403 1581 1584 1614 Homerus
1604 1581 1685 1614 Uli-

186 1630 245 1665 xis
269 1628 436 1672 exemplo
462 1630 518 1668 11,
546 1628 580 1667 3,
609 1627 688 1661 158.
724 1631 763 1658 ut
791 1637 810 1659 a
833 1624 1020 1660 notissimo
1044 1627 1213 1669 exemplo
1241 1636 1318 1660 non
1347 1627 1563 1662 recedamus.
1586 1629 1622 1671 7,
1646 1629 1683 1670 3,

188 1679 247 1710 21.
274 1673 450 1718 exemplis
473 1673 584 1706 utitur
605 1671 641 1714 4,
669 1674 702 1714 1,
737 1672 784 1707 69
815 1673 862 1705 Ν.
888 1671 933 1713 cs.
974 1675 1008 1715 5,
1034 1674 1090 1714 10,
1116 1670 1196 1706 120.
1230 1675 1266 1714 7,
1293 1674 1328 1715 3,
1352 1674 1410 1707 30.
1442 1673 1478 1714 9,
1501 1674 1537 1714 3,
1555 1674 1612 1708 73.
1647 1674 1684 1715 9,

189 1721 226 1765 4,
249 1721 306 1757 44.
341 1725 511 1765 quantum
537 1717 666 1752 Graeci
694 1718 971 1762 praeceptis
995 1719 1140 1762 valent,
1173 1723 1312 1752 tantum
1340 1718 1489 1752 Romani
1518 1729 1684 1753 exem-

188 1767 280 1813 plis
306 1770 362 1810 12,
386 1769 421 1810 2,
446 1768 503 1800 3οι

143 1816 281 1858 Exeo.
336 1822 370 1866 1)
399 1826 422 1855 i.
447 1835 479 1868 q.
508 1835 583 1864 egr
598 1823 749 1856 edior:
774 1826 884 1856 noctu
908 1820 1014 1856 existi
1039 1820 1073 1864 5,
1101 1823 1156 1864 10,
1182 1819 1242 1855 45.
1271 1820 1355 1853 dum
1382 1818 1529 1857 Clodius
1553 1830 1574 1854 a
1595 1812 1685 1855 villa

189 1883 253 1906 sua
277 1870 395 1905 exiret
417 1869 453 1911 6,
480 1871 516 1911 3,
541 1867 597 1904 49.
638 1874 831 1902 exeuntem
862 1868 907 1901 de
932 1868 1133 1908 theatrofi,
1162 1869 1196 1908 3,
1221 1868 1277 1900 71.
1310 1877 1391 1910 per
1420 1866 1593 1911 parietem
1615 1877 1685 1900 ex-

190 1918 318 1952 ibimus
344 1920 378 1958 2,
402 1917 458 1957 13,
485 1915 545 1956 163
582 1919 711 1948 transl.-
747 1925 812 1958 per
836 1924 941 1957 quam
967 1911 1204 1954 (industriam)
1240 1911 1398 1946 exierint
1426 1913 1479 1947 de
1510 1910 1684 1954 servitute

195 1968 251 2007 11,
270 1967 301 2006 1,
314 1964 371 1998 88.
428 1962 521 2003 11)1·.
538 1974 569 2005 q.
588 1962 799 2002 dignatio
813 1973 850 2001 r,
869 1961 1102 1992 extendor.-
1129 1959 1236 2002 paulo
1252 1958 1392 2005 longius
1406 1958 1510 1992 exire
1522 1957 1559 2002 4,
1575 1959 1612 2001 3,
1627 1961 1684 1994 17.

195 2010 445 2057 digressus
469 2007 513 2040 in
543 2007 666 2040 laudes
692 2005 851 2040 Castoris
876 2015 916 2038 ac
941 2004 1098 2038 Pollucis
1125 2005 1317 2039 exierat
1355 2007 1413 2047 11,
1436 2007 1471 2047 2,
1497 2007 1562 2047 11;
1594 2014 1684 2038 con-

193 2057 312 2090 tinuus
332 2053 592 2099 '‘(1ranslationis
625 2050 727 2095 usus)
760 2051 810 2086 in
843 2051 1031 2097 allegorias
1056 2057 1090 2085 et
1113 2050 1311 2097 aenigmata
1339 2050 1417 2084 exit
1447 2051 1482 2092 8,
1505 2050 1542 2092 6,
1567 2049 1624 2084 14.
1652 2049 1684 2084 si

192 2103 239 2136 in
277 2104 421 2148 longum
446 2098 576 2133 exierit
600 2099 690 2132 ordo
714 2109 833 2132 rerum
872 2097 907 2139 4,
931 2100 967 2139 2,
992 2099 1049 2132 51.
1112 2098 1191 2138 ΙΙΙ)
1214 2099 1238 2131 ί;
1264 2109 1294 2142 q.
1327 2108 1437 2141 prov
1450 2098 1566 2130 enio:
1601 2106 1683 2130 cum

192 2147 279 2193 ipsis
307 2147 460 2182 vocibus
485 2144 691 2178 naturaliter
728 2148 865 2178 exeunt
896 2149 1016 2189 gestus
1045 2145 1099 2186 11,
1124 2146 1158 2186 3,
1183 2144 1241 2177 88.
1278 2141 1309 2175 si
1342 2142 1427 2186 quid
1458 2140 1589 2185 exierit
1613 2152 1683 2175 nu-
1708 2166 1711 2168 —

192 2195 301 2228 meris
333 2192 466 2236 apti¹1s3
497 2192 650 2225 fortasse
676 2201 750 2224 non
772 2189 910 2243 possin
941 2190 1005 2223 sed
1029 2195 1149 2223 tamen
1171 2188 1202 2221 si
1226 2188 1313 2232 quid
1332 2186 1481 2230 exierit,
1515 2198 1591 2222 non
1614 2186 1682 2222 erit

193 2239 378 2274 Atticum?
417 2241 482 2281 12,
507 2241 572 2280 10,
597 2238 643 2271 26
670 2237 717 2270 N.
746 2235 899 2269 dilucida
923 2234 989 2268 erit
1013 2234 1283 2278 pronunfiafios
1310 2233 1341 2267 si
1363 2234 1475 2268 verba
1496 2238 1573 2267 tota
1591 2251 1594 2254 ·
1609 2244 1682 2268 ex-

193 2286 344 2319 ierint
377 2284 438 2328 (a.
468 2281 735 2329 l.,exegerit)‚
769 2292 921 2325 quorum
950 2292 1033 2325 pars
1077 2277 1322 2322 devorari,
1362 2289 1444 2324 pars
1475 2279 1680 2314 destitui

193 2333 284 2365 solet
317 2333 381 2373 11,
415 2332 460 2373 3,
492 2331 536 2364 33
574 2330 621 2363 Ν.
663 2341 709 2362 cr.
763 2327 836 2370 1V)
870 2330 892 2360 ι’.
927 2340 958 2372 q.
993 2329 1162 2360 desino:
1205 2336 1251 2359 ue
1281 2325 1320 2358 in
1344 2337 1367 2358 α
1397 2325 1540 2370 quidem
1573 2331 1681 2370 atque

193 2390 209 2410 s
250 2377 370 2410 literas
411 2376 513 2410 exire
553 2380 688 2410 temere
724 2373 920 2408 masculina
956 2373 1093 2408 Graeca
1130 2371 1274 2406 nomina
1313 2376 1415 2406 recto
1452 2382 1537 2405 casu
1570 2373 1609 2416 1,
1642 2371 1679 2415 5,

187 2422 245 2456 61.
275 2434 305 2455 u.
334 2423 403 2455 Eo.

146 2466 383 2522 Exequiae·
430 2489 476 2512 ne
505 2477 677 2523 exequias
701 2476 846 2522 quidem
868 2475 1030 2510 viderem
1053 2485 1149 2508 meas
1180 2477 1321 2508 Maec.
1343 2474 1379 2517 9,
1403 2471 1439 2517 4,
1462 2473 1519 2508 28.

143 2535 359 2588 Exequor·
421 2548 442 2578 i.
469 2559 500 2590 q.
527 2558 718 2589 expono:
778 2542 820 2587 α)
845 2554 919 2577 non
942 2543 1050 2576 modo
1075 2541 1114 2575 in
1149 2542 1439 2586 exequendo
1473 2548 1554 2572 snas
1581 2535 1677 2582 qnis-

189 2601 259 2636 que
283 2590 380 2624 vires
405 2591 510 2624 debet
534 2592 716 2633 adhibere,
740 2591 804 2624 sed
828 2590 933 2624 etiam
959 2587 1254 2623 inveniendo
1279 2585 1406 2620 similia
1432 2585 1465 2627 5,
1492 2585 1525 2625 1,
1543 2585 1577 2617 3.
1604 2583 1677 2619 hoo

189 2636 322 2681 exequi
350 2635 451 2669 mitto
477 2637 509 2678 5,
536 2639 591 2677 10,
620 2639 674 2671 18.
705 2635 837 2680 exequi
865 2634 916 2678 (a.
935 2639 956 2669 t.
983 2633 1166 2678 persequi)
1194 2633 1332 2679 singula
1354 2632 1388 2672 8,
1406 2631 1441 2673 6,
1458 2630 1513 2664 28.
1544 2629 1676 2672 omnia,

185 2693 276 2728 quae
309 2686 391 2716 ante
421 2682 458 2715 id
494 2682 685 2725 exequeris
719 2681 762 2724 4,
799 2684 842 2724 5,
877 2682 923 2722 9;
966 2681 1057 2714 haec
1091 2679 1211 2714 omnia
1244 2676 1422 2721 copiosius
1463 2679 1546 2709 sunt
1583 2685 1677 2710 exe-

187 2728 258 2763 cuti
283 2729 330 2772 9,
358 2730 397 2772 3,
425 2729 483 2763 89.
514 2738 606 2772 quae
635 2728 779 2772 quidem
808 2733 848 2761 ut
872 2725 1074 2773 diligentius
1099 2733 1319 2770 exequamur
1344 2724 1410 2767 10,
1435 2719 1479 2766 4,
1508 2721 1545 2756 6.
1581 2731 1674 2766 quae

184 2836 198 2856 N
