1728 3002
127 135 134 154 ,
1335 140 1341 142 ⁷

636 158 838 214 Proprius
1414 154 1497 196 713

0 282 62 323 ξ-δ,
75 281 112 318 7.
135 278 231 324 quod
252 281 308 312 ent
327 285 385 328 pr.
404 271 602 320 partitionis
624 275 661 315 3,
684 273 721 316 9,
745 273 780 307 3.
801 269 956 306 maxime
976 269 1159 314 propr-im
1174 270 1237 304 *est
1262 266 1500 314 professionis

0 325 100 370 :ojus
123 329 196 369 atq.
221 319 388 368 promissi
413 323 451 364 2,
471 320 507 363 5,
529 320 572 362 5;
596 322 716 353 Phar..-
739 328 820 352 cum
844 313 1035 362 propria
1055 325 1185 350 causae
1208 319 1291 350 sunt
1315 327 1393 358 opp.
1411 315 1500 348 'cum

0 370 219 405 'aliunde
241 371 467 402 arcessunt-n·
486 366 530 408 5,
554 367 621 409 11,
641 363 701 398 42.
724 373 838 409 pauca
858 361 1003 408 propria
1027 362 1132 405 huius
1155 360 1228 395 loci
1249 359 1416 407 attingam
1442 362 1500 402 12,

0 417 61 459 1259,
87 419 122 450 1.
155 420 238 449 sunt
259 413 372 458 ejusd.
398 412 452 446 rei
478 413 580 456 plura
603 422 658 456 pr.
686 410 731 453 5,
756 411 822 453 10,
844 409 901 444 58.
935 418 1028 453 quae
1055 409 1156 443 vetut
1175 418 1227 452 pr.
1252 405 1500 452 philosophiae

26 462 221 496 afferuntur
241 461 299 494 1³1.
326 459 382 494 16.
406 457 452 499 «εἱ.
473 458 509 501 6,
534 460 571 499 2,
592 458 638 492 15
659 457 707 492 Ν.
731 456 793 490 illa
809 453 954 500 propria
973 453 1032 497 (sc.
1060 453 1220 498 urbium),
1244 463 1336 497 quae
1358 464 1407 487 ex
1429 451 1500 486 loci

19 507 204 552 positione
225 517 268 540 ac
289 503 484 538 munitione
504 503 590 537 fiant
609 505 653 546 3,
677 505 721 544 7,
745 502 803 536 26.
826 499 971 546 propria
993 499 1120 542 liberi,
1147 510 1239 543 quae
1259 509 1365 533 nemo
1384 498 1503 540 habet,

5 552 99 588 .nisi
118 552 232 594 liber,
255 560 490 596 praenomen,
512 559 662 592 nomen,
680 557 903 595 cognomen,
923 545 1055 580 tribum
1075 549 1121 589 7,
1146 547 1190 588 3,
1214 548 1270 579 27.
1298 549 1428 579 cuncta
1446 555 1502 588 pr.

29 609 112 633 esse
137 599 288 632 oratoris
312 599 379 637 12,
402 598 446 638 2,
468 595 502 629 5.
526 595 652 639 quaed.
684 605 739 638 pr.
764 598 844 627 sunt
867 590 1156 637 mpondentim
1177 591 1223 629 6.
1249 593 1293 633 3,
1317 589 1376 625 46.
1412 601 1504 634 quae

0 662 2 667 ·
28 649 112 679 sunt
133 654 187 688 pr.
201 644 385 677 rhetorum
407 643 443 683 2,
465 643 501 684 1,
526 643 580 675 10.
625 638 670 684 β)
693 642 726 672 in
748 641 906 673 dicendo:
933 637 1062 672 dicitur
1081 636 1264 682 proprium
1283 635 1377 671 inter
1390 637 1504 680 plura,

21 700 134 734 quae.
153 694 235 723 sunt
259 688 373 733 ejusd.
390 685 568 729 nominis,
601 685 638 720 id
661 686 756 719 unde
779 691 899 720 cetera
920 689 1002 718 sunt
1026 685 1070 726 8,
1096 685 1140 724 2,
1167 686 1203 718 7.
1236 681 1328 716 nihil
1356 683 1427 727 jam
1451 692 1504 726 pr.

0 735 167 781 -=·placet,
189 735 275 768 dum
297 744 423 778 parum
446 732 607 766 creditur.
623 730 808 773 disertum,
834 730 931 775 quod
953 735 990 764 et
1012 729 1103 763 alius
1126 728 1276 763 dixisset
1297 729 1339 771 8,
1363 729 1421 763 Pr.
1445 726 1503 761 24.

0 791 13 817 ι
27 780 119 815 nihil
140 782 268 814 horum
290 779 367 813 suis
388 777 510 813 verbis
534 788 638 821 quam
657 777 714 811 his
736 776 912 811 arcessitis
935 775 1048 822 magis
1065 774 1247 819 proprium
1270 780 1347 808 erat
1368 775 1404 816 8,
1417 773 1453 816 6,
1468 777 1502 808 7.

12 824 171 873 Virgilii
193 825 361 859 miramur
385 823 496 866 illud,
541 825 682 867 Saepe
707 826 893 865 exiguus
914 834 1017 855 mus.
1063 822 1154 854 Nam
1182 819 1366 864 epitheton
1398 819 1504 854 exi—

0 876 2 878 ’
27 877 295 960 Ξι“ε“ἱ““λ“ἰ,ῗ
306 869 496 950 ἕξῖῗῗῗ
510 867 744 948 ἓξὲἕιὶἑέῑοῖἒ
762 869 1155 956 ἒὲἱιῗῗὲίῗῗξῗῖῗίἳ
1164 867 1194 945 1?
1193 889 1216 945 ὁ
1225 867 1299 954 ,ῗὴ
1308 867 1428 946 2⁰11?ss
1457 878 1503 945 ⁰3·

26 962 63 998 6-
89 960 138 1004 ‹J-
166 964 235 1004 12,
260 963 328 1004 10,
354 959 411 995 42.
448 959 516 994 alia
541 958 796 993 translatis
818 957 1050 999 virtus„alia
1076 956 1287 1001 propriis
1314 959 1381 999 10,
1407 935 1448 999 5:
1471 937 1507 991 ss

27 1012 71 1042 ut
90 1016 168 1041 non
195 1017 336 1054 semper
360 1006 413 1039 uti
436 1005 650 1050 propriis
681 1004 794 1048 possit
822 1002 992 1047 (poesis),
1028 1004 1093 1038 sed
1115 1001 1320 1037 necessario
1344 1003 1390 1036 ad
1413 1003 1507 1036 elo-

28 1049 208 1099 quendi
236 1052 403 1097 quaed.
438 1050 744 1086 deverticula
773 1049 954 1095 confugiat
989 1051 1054 1092 10,
1079 1052 1123 1091 1,
1145 1049 1204 1084 29.

71 1097 127 1143 11)
149 1110 179 1132 c.
193 1099 302 1132 subse.
326 1096 369 1142 α)
384 1095 640 1132 communia
659 1101 865 1143 argumenta
882 1106 930 1129 ex
947 1094 1146 1139 praeceptis
1166 1093 1380 1138 accepimus,
1404 1104 1506 1139 pro-

26 1144 134 1189 pria
153 1142 370 1178 invenienda
394 1149 474 1178 sunt
495 1143 531 1184 5,
546 1143 603 1185 10,
621 1143 700 1176 103.
728 1140 772 1182 cs.
793 1143 872 1178 105.
891 1141 925 1183 5,
949 1143 1003 1186 13,
1023 1139 1080 1175 34.
1106 1152 1169 1185 pr.
1193 1140 1509 1184 brevibusque

28 1188 403 1235 comprehensionibus
414 1191 470 1231 12,
481 1191 517 1230 2,
531 1189 587 1223 19.
605 1188 791 1222 brevem
805 1198 886 1220 cum
899 1185 1116 1229 jucunditate
1131 1192 1168 1220 et
1186 1197 1245 1230 pr.
1266 1186 1507 1230 eloquentiam

32 1237 91 1278 12,
115 1237 172 1278 10,
194 1233 517 1285 ‚fist-interpretatio
538 1244 585 1266 ne
606 1244 662 1276 pr.
690 1231 832 1276 quidem
855 1235 889 1275 2,
910 1231 967 1274 14,
990 1235 1025 1265 2.
1062 1231 1105 1272 cfl
1134 1234 1169 1274 5,
1194 1234 1251 1274 10,
1276 1232 1312 1266 8.
1337 1243 1392 1276 pr.
1416 1242 1510 1276 quo—

29 1281 112 1315 m
134 1270 328 1327 ιερᾱιεῗ,
349 1281 394 1322 3,
422 1281 500 1314 102.
531 1289 586 1322 pr.
613 1279 676 1312 lex
707 1281 753 1320 7,
775 1279 817 1319 8,
840 1281 874 1312 7.
901 1276 1014 1321 (1001)
1034 1277 1192 1321 proprii,
1226 1277 1354 1321 quibus
1375 1278 1508 1312 factum

83 1326 202 1371 odque
221 1324 404 1360 laudamus
418 1330 478 1358 aot
492 1329 615 1358 contra
637 1325 673 1366 5,
702 1325 758 1366 13,
787 1324 843 1358 57.
867 1334 919 1367 pr.
942 1321 1076 1357 lumine
1099 1324 1134 1366 8,
1158 1324 1194 1364 6,
1216 1322 1251 1357 4.
1277 1323 1510 1368 propriam

0 1412 3 1419 .
104 1381 166 1406 ere
187 1370 389 1413 materiam,
412 1369 495 1415 quia
516 1368 824 1413 multiplicem
846 1369 994 1412 habeat,
1018 1375 1149 1415 negant
1170 1372 1205 1412 2,
1228 1372 1287 1411 21,
1312 1370 1347 1404 8.
1371 1376 1513 1413 praeter

0 1412 247 1467 [homquod
274 1422 330 1451 est
355 1426 611 1458 commune,
646 1415 773 1460 quaed.
809 1426 936 1449 causae
957 1415 1203 1458 propriam
1228 1415 1511 1450 moderationem

17 1460 233 1509 ,Muci-ant
254 1464 320 1506 11,
350 1465 389 1500 1.
417 1462 474 1496 58.
508 1472 559 1494 su
572 1472 639 1494 am
668 1460 822 1505 quidque
846 1461 999 1494 formam
1022 1466 1058 1494 et
1079 1472 1133 1505 pr.
1158 1462 1335 1504 quendam
1365 1463 1510 1496 modum

0 1504 258 1554 {isloqnentiae
283 1507 402 1552 poscit„
424 1509 469 1540 ib.
493 1506 552 1541 47.
585 1517 649 1540 cur
670 1507 742 1540 hoc
764 1516 895 1540 nomen
923 1506 1272 1551 (παρέκβασιν)
1296 1508 1345 1541 ita
1367 1508 1510 1542 demum

0 1563 30 1589 *J
98 1553 215 1597 prium
234 1558 381 1598 putent,
420 1552 452 1587 si
474 1551 607 1596 aliquid
631 1552 671 1585 in
700 1552 861 1598 digressu
885 1551 930 1585 sit
956 1553 1208 1595 exponendum
1234 1552 1277 1595 4,
1301 1554 1348 1596 3,
1372 1552 1428 1587 14.
1437 1572 1450 1579 ι·
1464 1553 1509 1594 cs.

12 1563 151 1644 '31⁰6’
173 1598 211 1633 6.
241 1588 492 1634 οδεεποῶιιθ
519 1609 572 1641 pr.
603 1600 670 1639 11,
702 1601 743 1640 1,
767 1596 824 1632 46.
862 1597 1103 1640 proprium
1130 1608 1171 1631 ac
1199 1598 1509 1643 praecipuum

34 1653 127 1689 ,olum
148 1645 185 1687 5,
202 1643 265 1677 Pr.
287 1645 323 1677 2.
347 1643 394 1684 cs.
418 1645 476 1685 10,
499 1645 533 1685 1,
555 1642 610 1677 96.
637 1653 712 1675 nec
727 1654 776 1676 ex
798 1647 899 1686 parte
930 1642 1128 1686 propria
1151 1644 1215 1676 sed
1240 1644 1286 1677 ad
1306 1644 1400 1678 hanc
1424 1656 1513 1678 con-

4 1691 12 1699 *
33 1686 258 1724 suetudinem
279 1689 611 1722 accommodata
630 1689 709 1730 (Sp.
731 1686 992 1731 commendata)
1009 1688 1051 1731 6,
1069 1690 1115 1731 3,
1138 1687 1184 1722 14
1203 1693 1247 1723 Ζ.
1269 1700 1324 1733 pr.
1350 1691 1512 1734 personis

38 1739 110 1778 atq.
136 1733 356 1778 temporibus
382 1735 417 1774 3,
441 1734 476 1776 5,
500 1734 554 1766 15.
599 1731 644 1773 cs.
670 1735 713 1765 ib.
736 1734 769 1767 8.
800 1735 834 1775 1,
862 1736 895 1775 1,
918 1734 975 1767 35.
1007 1732 1043 1775 4,
1067 1736 1102 1775 1,
1125 1731 1182 1778 47.
1218 1745 1271 1778 pr.
1296 1735 1514 1778 quaestionis

36 1782 73 1822 2,
94 1778 131 1821 4,
154 1780 210 1813 30.
233 1780 268 1821 3,
296 1779 331 1820 6,
360 1781 439 1812 102.
466 1778 632 1822 propriae
655 1777 787 1820 cuinsd.
814 1777 961 1812 rationis
985 1784 1039 1812 est
1063 1782 1096 1820 1,
1118 1778 1155 1821 4,
1184 1781 1241 1814 28.
1268 1790 1434 1815 sermone
1456 1793 1510 1826 pr.

39 1823 280 1859 commendari
306 1825 370 1866 10,
398 1827 440 1863 1,
463 1822 522 1858 64.
547 1834 568 1856 a
592 1834 651 1866 pr.
676 1823 935 1870 significatione
960 1824 999 1857 in
1022 1823 1164 1857 aliam
1190 1826 1336 1860 mutatio
1358 1828 1395 1869 8,
1418 1827 1453 1870 6,
1479 1831 1511 1861 1.

36 1881 92 1915 pr.
111 1869 225 1904 verba
243 1871 278 1912 1,
297 1869 333 1910 5,
356 1871 390 1903 3.
413 1871 470 1903 71.
488 1868 738 1912 verbisquam
760 1868 962 1903 maxime
988 1880 1049 1913 pr.
1078 1875 1115 1904 et
1138 1881 1194 1903 ex
1218 1881 1300 1904 usu
1323 1872 1345 1906 5
1381 1871 1425 1906 14
1457 1874 1515 1907 33.

35 1925 104 1961 pr.
127 1920 164 1949 et
186 1913 514 1993 ⁸?§.nifi‘2‘ffl‘ia
539 1913 650 1948 verba
671 1914 716 1957 4,
739 1917 776 1957 2,
800 1915 856 1948 36.
894 1927 930 1950 v.
947 1914 1170 1949 ornatus.
1202 1927 1267 1959 pr.
1290 1898 1412 1951 verbis
1426 1898 1514 1963 ὀρμ

39 1971 227 1995 arcessi
257 1970 296 1993 is
317 1961 362 2002 8,
385 1959 433 2001 6,
455 1957 513 1994 48.
536 1959 686 1993 verbum
716 1971 780 2002 pr.
806 1972 883 2002 opp.
907 1959 1213 2004 improprium
1236 1965 1278 2005 2,
1307 1963 1350 2006 5,
1371 1965 1407 1998 9.
1441 1964 1516 1998 gin-

4 1363 9 1370 ,
16 1363 18 1366 ,

40 2007 124 2086 {ula
145 2004 284 2049 (verba)
307 2010 391 2038 sunt
411 2009 470 2038 aut
492 2015 552 2048 pr.
576 2009 636 2038 aut
658 2005 888 2038 translata
906 2006 986 2048 1,5,
1010 2007 1044 2038 3.
1069 2005 1114 2047 qs.
1139 2007 1220 2050 8,6,
1235 2010 1269 2042 2.
1295 2021 1330 2042 v.
1347 2010 1514 2044 Trans-

4 2089 5 2094 *
37 2087 43 2091 ,
65 2061 161 2086 ero.
188 2061 243 2094 pr.
265 2050 363 2085 viam
390 2047 434 2091 3¹,
462 2053 479 2082 1
494 2075 505 2093 ‚
531 2049 585 2082 16.
610 2049 743 2094 aliquid
765 2061 818 2093 pr.
842 2050 1036 2094 voluptatis
1062 2052 1107 2093 6,
1131 2053 1174 2094 3,
1203 2053 1258 2088 19.
1280 2065 1334 2098 pr.
1356 2054 1432 2090 vim
1457 2058 1514 2099 11,

42 2099 77 2139 3,
99 2097 145 2138 9;
170 2109 196 2129 c.
221 2099 322 2129 Pton.
350 2108 487 2139 possess.
503 2109 513 2127 ε
538 2105 629 2128 mea
655 2106 717 2137 pr.
740 2095 912 2129 sententia
935 2099 992 2139 12,
1012 2098 1046 2138 1,
1069 2097 1126 2131 36.
1151 2108 1273 2132 suam
1297 2101 1428 2144 quand.
1453 2113 1515 2146 pr.

41 2142 117 2177 vim
142 2142 178 2183 6,
204 2142 239 2183 3,
266 2144 337 2175 17.·
363 2140 401 2184 β)
426 2141 497 2183 adj.
526 2142 632 2174 Genu.
649 2153 661 2173 .-
686 2151 750 2184 pr.
775 2141 972 2184 quodam
994 2140 1217 2188 intelligendi
1231 2145 1363 2179 ambitu
1384 2149 1440 2189 12,
1458 2150 1504 2181 10

15 2190 24 2195 ’
42 2190 78 2222 3.
102 2197 157 2231 pr.
187 2187 263 2230 ejus
286 2198 306 2219 a
332 2185 475 2230 pellatio
497 2185 541 2227 5,
566 2187 633 2227 10,
657 2187 690 2219 5.
727 2197 778 2229 pr.
806 2191 952 2219 naturae
975 2186 1069 2220 bona
1090 2190 1125 2230 2,
1148 2189 1183 2231 8,
1210 2191 1246 2225 3.
1268 2201 1438 2226 versuum
1460 2174 1516 2237 pr:

42 2231 208 2268 condicio
232 2233 276 2274 9,
328 2255 340 2272 ,
363 2230 422 2266 84.
457 2232 571 2264 cultus
599 2241 673 2264 non
696 2237 751 2264 est
773 2242 828 2275 pr.
856 2231 1009 2265 oratoris
1033 2232 1159 2277 aliquis
1184 2237 1224 2268 11
1239 2261 1251 2278 ,
1275 2238 1319 2279 3,
1344 2239 1421 2272 137.
1459 2238 1515 2272 in.

44 2277 205 2313 inventio
229 2282 265 2310 et
288 2276 471 2320 dispositio
493 2275 690 2310 rhetorices
711 2276 853 2320 propria
874 2276 990 2311 videri
1014 2284 1132 2322 potest
1157 2281 1193 2323 3,
1217 2282 1252 2324 3,
1276 2284 1331 2316 12.
1356 2283 1410 2317 rei
1433 2295 1518 2328 pro-

45 2322 183 2367 positae
207 2321 408 2365 propria
434 2327 471 2356 et
494 2321 701 2355 dilucida
722 2327 784 2356 etc.
809 2322 1005 2356 enuntiatio
1027 2327 1062 2366 7,
1086 2326 1120 2367 3,
1143 2327 1178 2360 2.
1207 2331 1247 2359 nt
1277 2326 1419 2362 interim
1442 2341 1516 2364 non

46 2367 339 2419 sit-proprius
362 2367 422 2401 hic
447 2367 526 2400 finis
553 2367 629 2410 ejus
651 2365 881 2410 (rhetorices)
903 2368 1045 2402 interim
1069 2373 1330 2407 communis
1353 2385 1434 2408 cum
1457 2375 1502 2410 iis

46 2423 109 2458 qui
132 2420 195 2465 τις.
218 2415 265 2464 2,
294 2412 361 2456 15,
389 2415 445 2446 12.
478 2423 541 2456 pr.
567 2413 725 2456 quend.
754 2418 893 2459 gustum
918 2414 1024 2448 Urbis
1045 2415 1091 2458 6,
1114 2418 1155 2459 3,
1178 2418 1237 2451 17.
1279 2419 1381 2454 locus
1410 2403 1516 2466 hujus

47 2463 263 2503 quaesumus
285 2469 340 2502 pr.
363 2460 399 2500 2,
423 2459 479 2500 15,
506 2459 560 2492 15.
587 2458 784 2492 rhetorices
807 2460 939 2493 nullam
962 2471 1041 2494 esse
1063 2473 1116 2506 pr.
1137 2463 1319 2498 mata-iam
1338 2469 1373 2508 2,
1390 2469 1433 2502 17
1462 2471 1517 2502 17.

48 2503 93 2545 ιςίζ
119 2506 155 2546 2,
179 2506 237 2545 21,
263 2506 298 2537 7.
329 2514 383 2555 pr.
407 2514 524 2537 rerum
548 2502 740 2556 aliquarum
771 2504 914 2538 nomina
946 2507 1001 2548 10,
1027 2509 1060 2548 1,
1086 2509 1142 2541 11.
1173 2519 1227 2552 pr.
1256 2511 1405 2546 oratoris
1428 2493 1518 2558 opus

46 2550 84 2592 6,
106 2551 142 2591 2,
166 2549 200 2584 5.
224 2549 420 2583 rhetorices
442 2558 586 2592 propria
611 2550 724 2593 (pars)
747 2551 783 2592 2,
807 2553 864 2592 21,
892 2553 946 2585 13.
974 2557 1027 2589 est
1050 2564 1113 2596 pr.
1138 2553 1321 2598 quidam
1343 2552 1415 2592 fori
1433 2570 1518 2604 pro-

46 2594 164 2629 fectus
188 2597 251 2637 12,
274 2594 319 2637 6,
340 2593 376 2628 4.
402 2594 628 2638 probationes
650 2606 702 2638 pr.
725 2593 896 2641 finitionis
920 2599 962 2642 7,
986 2599 1030 2640 3,
1056 2599 1111 2634 28.
1144 2610 1207 2644 pr.
1232 2613 1415 2637 causarum
1438 2618 1516 2650 opp.

50 2639 364 2674 extrinsecus
393 2640 621 2674 adductae
644 2640 886 2685 (quaestiones)
908 2643 951 2685 3,
977 2643 1013 2684 6,
1036 2647 1071 2678 7.
1101 2643 1147 2685 qs.
1171 2645 1208 2690 4,
1231 2650 1266 2690 2,
1290 2651 1349 2684 27,
1371 2660 1435 2694 pr,
1459 2662 1519 2685 re-

53 2695 131 2719 rum
153 2695 229 2720 non
254 2685 478 2720 communi
501 2685 665 2729 qualitate
692 2688 735 2728 2,
760 2685 805 2729 4,
831 2690 884 2721 10.
920 2699 979 2723 res
1006 2700 1067 2733 pr.
1100 2691 1268 2737 cujusque
1301 2705 1427 2730 caune
1458 2702 1518 2730 aut
