1728 3002
673 169 791 214 Sana
820 192 876 202 -
902 167 1041 225 Sapor
1456 168 1463 181 ³
1534 165 1618 208 799

85 280 218 325 Sauo·
269 298 351 323 mun
378 290 481 332 pater
505 271 584 329 eius
605 288 916 332 aegrotaret,
948 288 1234 317 sanaturum
1261 279 1421 333 seflinit
1441 282 1480 323 7,
1500 282 1537 323 2,
1562 282 1620 315 17.

131 337 297 373 faeere
323 344 429 379 quam
455 341 624 368 sanare
644 329 960 365 vntum-atacinus
983 331 1019 372 5,
1046 330 1102 372 13,
1126 330 1161 363 3.
1185 337 1293 372 saepe
1315 338 1402 372 ipsis
1426 337 1468 362 ea
1492 326 1620 372 (viiia),

133 382 196 429 qui
221 379 371 416 sanandi
392 383 495 422 nm,
520 376 765 413 occulentibus
789 378 845 419 12,
866 377 903 419 8,
927 377 984 410 10.

88 439 245 483 Samu-
288 447 333 492 1)
365 449 409 481 de
430 457 590 488 corpore.-
624 455 768 478 sanus
791 454 835 479 ac
857 443 1080 478 robustus
1103 444 1147 484 2,
1176 443 1240 494 lq,
1263 441 1298 476 6.
1329 450 1481 485 corpora
1507 449 1623 474 sana

133 502 172 531 et
199 492 383 541 integri
406 489 664 536 sanguinis
688 491 731 533 8,
758 491 816 524 Pr.
842 491 899 525 19.
945 487 1002 531 11)
1026 492 1166 522 traam..-
1192 498 1223 522 si
1248 487 1356 522 modo
1378 492 1433 521 est
1454 496 1562 520 sanus
1586 487 1622 528 3,

131 543 179 586 8,
205 542 276 584 593
316 538 347 574 si
368 548 448 575 vox
470 537 622 582 primum
650 536 780 580 fuerit,
803 541 842 569 ut
868 535 921 570 sic
943 535 1080 577 dicam,
1105 544 1191 568 sana
1218 537 1283 576 11,
1301 535 1353 575 .3‚
1377 535 1433 568 32.
1460 543 1622 584 pressa

133 580 313 622 demum
337 590 374 620 et
395 582 556 620 tenuia
581 603 627 608 —
649 593 760 616 sana
782 587 818 616 et
842 591 964 616 vere
985 580 1150 615 Attica
1181 581 1386 625 putant-10,
1412 583 1447 622 1,
1466 577 1536 622 44;
1561 576 1623 622 [m

102 634 271 668 ‘mdaoo
293 642 420 667 sanum
441 631 484 675 8,
506 631 544 673 2,
568 630 612 663 13
638 630 683 663 Ν.
719 641 752 662 v.
778 625 1033 672 Malacam]

13 710 18 711 ⁷
87 689 288 746 Sapiens·
325 697 455 744 quaed.
479 695 663 741 participia
677 721 688 739 ,
711 697 823 731 verba
846 707 892 730 an
918 693 1174 740 appellationes
1196 693 1289 736 sint,
1318 692 1471 727 dubitari
1492 696 1623 738 potoet,

133 746 219 796 quia
242 745 340 781 aliud
360 745 434 778 alio
457 744 542 777 loco
566 744 707 784 valent,
730 749 770 775 ut
793 742 987 786 sapiens
1010 743 1044 784 1,
1067 740 1103 783 4,
1127 744 1185 776 27.
1233 740 1450 782 1)Ad1'ec1..·
1484 738 1546 782 qui
1570 744 1625 772 est

134 803 251 839 sap,
282 791 469 826 stultus
492 800 566 823 non
588 794 642 823 est
666 788 708 830 5,
733 790 799 830 10,
822 788 881 823 74.
920 799 1000 822 curn
1024 793 1060 821 te
1083 797 1151 831 pro
1174 791 1334 820 astuto
1359 784 1624 829 sapientem

131 839 290 883 appellen
309 837 354 880 9,
378 838 420 879 3,
441 835 501 870 65.
547 835 767 887 Pythagoras
790 844 866 868 non
890 834 1151 879 sapientem
1181 844 1243 876 se,
1279 833 1343 866 sed
1367 830 1625 866 studiosum

133 882 407 928 sapientiae
427 880 553 916 vocari
575 881 691 915 volult
718 884 783 923 12,
811 883 856 924 1,
880 882 936 916 19.
970 879 1145 913 amicos
1180 884 1216 913 et
1249 878 1404 912 bonos
1436 876 1567 911 viros
1589 882 1627 911 et

133 927 542 974 prudentissimos
573 926 725 960 dicimus
749 927 885 971 vulgo,
914 936 1067 970 quorum
1091 925 1182 958 nihil
1203 922 1274 959 nisi
1305 924 1534 968 perfecte
1558 933 1627 956 sn·

134 973 291 1021 pienti
322 974 427 1006 datur
450 975 518 1014 12,
541 974 587 1013 2,
616 972 670 1006 19.
704 971 893 1005 consilinm
921 971 1082 1013 iudicum
1109 970 1399 1015 sapientium
1431 970 1505 1010 (a‘c
1540 975 1624 1012 opu.

136 1023 263 1063 ΰοᾶἀ,
287 1020 377 1053 Edd.
397 1016 611 1062 sapientum)
638 1019 693 1059 12,
713 1019 770 1058 10,
789 1018 846 1051 52.
868 1029 898 1050 s.
915 1018 1072 1050 nutrices
1098 1019 1132 1059 1,
1158 1019 1192 1058 1,
1217 1018 1250 1050 3.
1276 1027 1307 1050 s.
1330 1015 1402 1050 viri
1426 1015 1462 1057 5,
1484 1017 1540 1057 11,
1564 1014 1624 1058 36.

133 1067 194 1103 vir
221 1064 395 1101 civilis
419 1073 620 1106 vereque
643 1073 732 1106 sap.
762 1066 825 1105 11,
851 1062 974 1105 1,'35.
1011 1061 1056 1103 cs.
1081 1061 1143 1096 Pr.
1171 1062 1226 1095 18.
1259 1061 1319 1096 vir
1345 1059 1627 1105 sapientissimus

134 1110 184 1157 (ι’.
206 1125 237 1148 e.
262 1108 438 1152 Socrates)
462 1111 527 1151 11,
553 1112 592 1150 1,
620 1110 675 1142 10.
728 1109 789 1147 ΙΙ)
812 1110 922 1142 Subst.
957 1106 1004 1151 ει)
1027 1106 1176 1151 Sapiens
1198 1117 1332 1141 nomen
1353 1117 1403 1141 ex
1430 1116 1539 1141 eausa
1562 1108 1629 1141 da-

134 1164 213 1193 tum
238 1158 283 1201 5,
306 1158 364 1199 10,
386 1157 443 1190 30.
479 1153 525 1197 cf.
553 1157 611 1197 12,
637 1157 672 1196 7,
698 1152 733 1188 4·
755 1154 811 1188 M.
834 1153 924 1188 Cato
948 1162 1106 1188 summus
1128 1155 1341 1197 imperator,
1364 1153 1463 1187 idem
1484 1152 1629 1198 sapiens

138 1205 182 1250 (S
188 1217 227 1248 p.
249 1203 334 1246 om.)
360 1208 423 1236 etc.
447 1203 507 1244 12,
536 1202 593 1243 11,
614 1201 661 1234 23
684 1203 727 1233 Ζ.
775 1199 895 1245 Atque
918 1210 990 1247 ego
1010 1200 1134 1242 illum,
1168 1210 1274 1244 quem
1299 1199 1469 1241 instituo,
1494 1201 1630 1234 Roma-

133 1261 251 1331 “......ι“““·
244 1249 378 1337 ’Ῑῖῗᾱῐ
398 1245 1631 1336 &mmmmJ-ffiffliiossffinffiaffieffipiaffluqufi'fflssffim‘ss

378 1318 391 1335 ‚
461 1316 472 1326 .

137 1347 199 1377 est
213 1343 251 1384 2,
277 1343 335 1384 17,
354 1342 414 1374 27.
445 1338 608 1383 plerique
630 1343 806 1380 veterum,
833 1338 906 1382 qui,
931 1337 999 1374 etsi
1020 1339 1179 1372 nondum
1204 1349 1408 1382 quenquam
1432 1337 1630 1382 sapientem

327 1385 534 1430 putabant,
564 1390 753 1429 praecepta
786 1389 904 1419 tamen
940 1383 1136 1428 sapientiae
1162 1382 1384 1419 tradiderunt
1414 1385 1472 1418 Pr.
1499 1386 1557 1420 19.
1590 1390 1631 1418 ut

135 1435 219 1474 hnc,
241 1433 339 1478 quod
357 1430 444 1465 alias
461 1431 500 1464 in
525 1430 684 1466 servis
710 1440 854 1475 quoque
877 1431 1211 1475 reprehendendum
1232 1436 1299 1473 est,
1325 1431 1373 1465 sit
1388 1430 1477 1464 alias
1494 1430 1533 1464 in
1547 1429 1628 1474 ipso

114 1478 363 1524 ,sapiente
388 1477 672 1511 laudandum
697 1479 762 1519 12,
786 1479 831 1520 1,
857 1478 915 1511 39.
970 1474 1013 1519 β)
1037 1479 1131 1510 Plur.
1157 1475 1350 1510 admirator
1374 1475 1526 1510 aliorum
1549 1483 1631 1510 tan-

137 1533 244 1572 quam
266 1523 564 1568 sapientium
585 1524 628 1563 9,
651 1525 694 1564 2,
717 1521 776 1556 46.
809 1523 1004 1561 secundum
1028 1522 1186 1556 omnium
1208 1521 1507 1565 sapientium
1530 1523 1631 1569 leges

139 1573 206 1612 12,
230 1573 276 1612 7,
298 1571 335 1606 9.
370 1567 658 1611 sapientium
683 1569 776 1610 (Sp.
798 1587 846 1593 —
870 1568 969 1608 tum)
993 1566 1131 1611 aliquos
1163 1569 1372 1601 nonnullam
1399 1577 1545 1612 operam
1573 1569 1630 1602 his

139 1614 267 1648 “odiis
288 1612 336 1656 (ἰ.
359 1625 389 1646 e.
421 1611 643 1658 pusione)
666 1613 996 1646 accommodaturos
1020 1615 1066 1655 1,
1091 1615 1155 1655 10,
1183 1614 1228 1647 15
1256 1617 1301 1647 Z.
1336 1613 1629 1656 sapienti'um

138 1660 231 1704 (sp.
254 1676 302 1686 -—-
323 1655 423 1700 tum)
445 1656 632 1691 contiones
655 1660 699 1698 2,
725 1660 782 1700 17,
804 1659 852 1692 28
872 1662 917 1692 Ζ.
949 1657 981 1692 si
1009 1658 1197 1692 consilium
1229 1658 1413 1705 contingat
1436 1671 1631 1704 semper
1667 1699 1672 1701 ‚

137 1707 366 1740 bonorum
388 1708 460 1747 atq.
489 1702 780 1746 sapientium
803 1703 890 1748 (Sp.
907 1703 1060 1744 —tmn)
1083 1705 1119 1746 3,
1144 1705 1181 1747 8,
1198 1707 1223 1738 2
1245 1705 1292 1738 Ζ.
1318 1710 1498 1749 septem
1524 1717 1630 1749 prae-

139 1757 245 1795 cepta
275 1747 567 1793 sapientium
599 1748 667 1791 (sic
691 1756 838 1782 notatum
872 1762 915 1783 ex
935 1753 1075 1789 Flam,
1101 1753 1218 1784 Amb.
1244 1753 1299 1792 2.,
1334 1751 1508 1793 Guelfi3
1539 1753 1629 1786 Edd.

139 1795 357 1841 sapientum)
379 1795 427 1837 5,
454 1796 521 1834 11,
551 1794 611 1828 39.
645 1804 720 1827 non
740 1796 852 1828 modo
875 1794 1178 1839 sapientibus
1209 1795 1354 1839 dicitur,
1391 1798 1456 1831 sed
1478 1799 1631 1844 vulgo

139 1851 283 1887 quoque
306 1851 446 1883 semper
471 1845 527 1873 est
548 1838 721 1873 creditum
751 1843 814 1883 12,
839 1843 882 1882 1,
904 1840 939 1874 4.
970 1842 1061 1874 duos
1091 1852 1165 1885 sap.
1191 1842 1380 1887 aliquando
1406 1843 1521 1886 justae
1545 1855 1633 1877 cau-

139 1899 202 1923 sae
235 1887 275 1920 in
307 1886 489 1919 diversum
518 1885 663 1918 trahunt
685 1888 732 1928 2,
756 1888 820 1929 17,
845 1889 905 1922 32.
935 1897 1011 1921 non
1044 1888 1229 1922 trahentur
1250 1889 1307 1922 his
1331 1890 1557 1932 (prooemiis)
1579 1889 1633 1923 ini

140 1933 320 1978 sapientes
344 1934 402 1974 12,
427 1933 484 1973 10,
508 1930 566 1966 52.
589 1930 628 1964 ἰιι
650 1930 709 1974 iis,
732 1943 824 1976 quae
847 1944 870 1967 a
890 1932 1109 1982 sapientibus
1135 1933 1264 1969 tradita
1284 1941 1381 1978 sunt,
1403 1946 1519 1979 paene
1545 1935 1632 1980 ipsis

137 1990 204 2025 par
226 1975 435 2022 (Euripides)
460 1978 517 2020 10,
539 1979 575 2020 1,
599 1977 659 2012 68.

96 2036 335 2092 Sapienter·
372 2055 442 2090 qua
463 2046 595 2079 ducum
618 2045 770 2091 quisque
790 2045 931 2081 ratione
958 2045 1005 2081 sit
1025 2055 1113 2080 usus
1136 2058 1210 2092 sap.
1236 2053 1297 2081 aut
1319 2053 1444 2082 contra
1464 2051 1502 2092 2,
1519 2048 1554 2093 5,
1574 2049 1632 2085 15.

95 2103 330 2159 Sapientia·
368 2112 400 2147 si
426 2113 599 2157 sapientia
620 2115 752 2148 bonum
779 2114 898 2150 virum
918 2114 1016 2156 facit,
1039 2116 1156 2149 bonus
1177 2115 1238 2150 vir
1264 2121 1320 2150 est
1342 2115 1466 2160 utique
1492 2115 1635 2160 sapiens

71 2169 74 2171 ·
143 2163 188 2204 5,
212 2160 371 2212 19,.82;
407 2160 542 2194 Geraia.-
574 2166 629 2212 ρει
651 2171 877 2205 consequens
899 2160 1175 2204 sapientiae
1198 2162 1394 2214 bonit-as·
1413 2164 1458 2205 5,
1483 2165 1548 2202 10.
1573 2165 1632 2198 75.

144 2215 376 2294 ξὲῗγῗῗιῗὲῗ
398 2215 475 2294 :gg-
495 2209 729 2296 pnmfessore:
732 2209 814 2286 213r1
815 2208 899 2287 ’15⁹3'
901 2231 911 2239 ⁸
918 2206 1124 2286 faigultssgtgm
1145 2207 1635 2299 {apognztpssxomifflinssssmoss

145 2296 305 2332 fontibus
328 2296 441 2330 fluere
463 2299 529 2340 12,
554 2301 598 2340 2,
621 2298 657 2332 6.
691 2309 743 2332 ex
764 2297 851 2342 ipsis
877 2309 952 2341 sap.
977 2298 1217 2340 penetralibus
1246 2302 1311 2341 12,
1335 2300 1393 2333 Pr.
1418 2301 1453 2334 3.
1483 2311 1533 2334 ex
1556 2311 1635 2335 me·-
1687 2322 1691 2323 ν

143 2342 212 2376 diis
231 2341 427 2385 sapientiae
451 2343 647 2387 praeceptis
669 2343 869 2378 orationem
891 2343 999 2377 trahit
1028 2346 1086 2386 12,
1111 2347 1144 2386 1,
1173 2346 1229 2378 28.
1255 2357 1288 2379 υ.
1304 2345 1421 2379 Prae
1433 2351 1633 2390 ceptum.

143 2387 447 2477 pesen32ab2'hig,
469 2388 532 2433 qui
554 2399 594 2424 se
613 2390 658 2423 ad
681 2388 1015 2435 eloquentiam
1038 2390 1278 2431 contulerunt,
1301 2391 1418 2424 studia
1439 2391 1635 2437 sapien-

168 2444 246 2468 tae
315 2458 327 2476 ‚
439 2458 451 2468 .

23 2500 35 2547 ι’,
99 2489 247 2546 Sapie.
295 2500 391 2535 aliud
414 2484 530 2536 oratio
551 2500 655 2546 sapit,
682 2511 752 2536 nee
775 2502 856 2537 vult
877 2501 1026 2537 nimium
1049 2514 1130 2538 esse
1154 2503 1299 2538 condita
1323 2505 1383 2547 11,
1403 2505 1440 2548 3,
1465 2505 1543 2540 182.
1568 2517 1634 2541 sa-

147 2547 247 2592 piat
270 2552 412 2591 oportet
435 2553 536 2582 actor
560 2552 597 2582 et
619 2546 803 2594 vigilet
826 2555 889 2584 etc.
919 2552 955 2592 7,
982 2550 1040 2583 Pr.
1063 2548 1100 2584 4.

24 2602 38 2618 ’χ
103 2601 254 2659 Sapor·
303 2609 520 2658 ἀκκισμὸς
555 2614 619 2650 ille
654 2615 809 2650 reddens
849 2615 947 2660 (Sp
976 2618 1019 2651 de
1048 2619 1163 2659 Regi
1169 2619 1182 2649 ι·
1218 2617 1410 2660 coniectura
1440 2617 1634 2661 redolens)

145 2661 371 2696 Athenarum
391 2659 574 2704 proprium
596 2671 762 2706 saporem
782 2662 819 2705 6,
842 2664 879 2705 3,
906 2665 973 2697 107
987 2667 1031 2697 Ζ.
1051 2664 1100 2696 Ν.
1122 2670 1201 2708 sapt
1220 2663 1323 2697 illum
1345 2662 1503 2698 Atticum
1529 2676 1637 2708 pere-

147 2706 254 2753 grino
277 2707 498 2741 miscuerunt
523 2710 591 2751 12,
615 2710 684 2751 w,
708 2708 765 2743 19.
799 2719 865 2742 cur
883 2708 925 2743 in
947 2708 992 2742 iis
1015 2710 1181 2754 demum,
1208 2709 1270 2755 qui
1295 2709 1395 2746 tenui
1414 2711 1548 2745 venula
1570 2721 1636 2755 per

149 2753 309 2788 calculos
326 2753 465 2798 flmnt,
498 2752 657 2789 Atticum
678 2764 754 2799 sap.
776 2759 902 2798 putent
922 2756 968 2790 ὥ.
990 2755 1050 2791 25.
