1728 3002
210 223 298 258 LVI
753 203 757 212 x
771 284 778 287 Δ
822 223 1130 282 Prolegomenzi

135 405 137 407 Ι
201 353 312 401 ges
326 343 391 385 ta
449 344 644 386 erunt
662 373 677 397 ,
736 355 800 386 eo
859 337 1038 404 potius
1093 341 1447 391 memorabilis
1501 343 1728 394 videtui·

203 421 358 483 quod
392 417 755 483 Quintilianus
783 419 1020 487 neglexit
1051 426 1467 487 praecedentem
1498 440 1728 474 constru-

203 498 441 546 ctionem
459 499 690 548 Perfecti
712 498 956 563 ἀορίστως
975 501 1134 567 positi
1164 521 1376 569 namque
1395 505 1526 554 alias
1547 507 1728 571 specio-

203 580 311 627 sius
330 580 512 661 fuit,
549 597 691 645 quae
723 597 803 629 res
839 581 1007 631 movit
1038 584 1360 647 Gesner-um,
1404 601 1468 635 ut
1493 591 1728 652 fuerunt

204 660 604 728 Spaldingium,
642 675 707 710 ut
739 670 889 711 erant
917 666 1112 714 mallet.

281 835 340 899 Β)
410 835 516 883 DE
561 830 1174 889 CONSECUTIONE
1220 839 1661 890 TEMPORUM.

691 976 731 1013 1.
796 971 1256 1016 FUTURORUM.
1555 934 1559 939 ‘

302 1066 628 1119 Consecutio
649 1067 696 1115 F
698 1082 1009 1131 ntur-orum,
1045 1070 1371 1119 sicutomnis
1401 1088 1728 1143 consequen-

132 1196 137 1201 „
198 1150 276 1199 tia
317 1150 654 1215 Temporum
694 1148 983 1217 Indicativi
1005 1187 1019 1212 ,
1078 1151 1136 1198 in
1184 1152 1455 1200 sententiis
1469 1174 1476 1185 ¹
1489 1153 1728 1214 relativis:

160 1238 162 1240 ’
198 1229 526 1292 causalibus,
568 1228 1032 1279 condicionalibus
1069 1231 1130 1298 (v.
1161 1230 1299 1279 Nisi
1331 1245 1384 1278 et
1412 1232 1474 1280 Si
1503 1232 1560 1280 in
1587 1227 1728 1293 Lex]

195 1310 453 1360 cernitur.
522 1312 859 1359 Referuntur
879 1329 1010 1361 vero
1042 1311 1275 1361 invicem
1304 1311 1362 1362 in
1393 1313 1590 1360 talibus
1618 1330 1728 1362 sen-

196 1391 378 1441 tentiis
410 1405 506 1439 aut
535 1391 666 1439 bina
705 1392 966 1442 Futura
1005 1392 1368 1457 simplicia,
1403 1408 1466 1441 ut
1493 1392 1549 1455 6,
1582 1392 1640 1455 5,
1671 1389 1728 1442 55

196 1491 324 1539 quae
357 1473 393 1520 d
402 1474 495 1520 ice
509 1480 533 1520 t
557 1473 639 1520 vir
670 1470 827 1520 bonus
836 1510 851 1534 ‚
898 1474 1067 1522 omnia
1096 1474 1236 1521 salva
1270 1475 1520 1538 dignitate
1548 1474 1728 1524 dicet.

198 1572 218 1602 1
231 1570 284 1613 o,
321 1572 338 1600 1
357 1591 371 1616 ‚
400 1558 434 1608 4
462 1554 630 1601 minus
663 1570 700 1618 p
714 1554 976 1617 eccabit,
1021 1556 1113 1620 qui
1137 1554 1301 1619 longis
1339 1555 1508 1603 breves
1546 1555 1728 1620 subji-

180 1636 289 1683 'cie
301 1643 326 1684 t
342 1671 357 1695 ,
420 1643 473 1683 et
509 1635 677 1683 adhuc
696 1671 710 1695 ‚
767 1634 859 1700 qui
895 1651 1015 1698 pra
1030 1624 1100 1699 ep
1113 1653 1220 1684 one
1233 1646 1258 1685 t
1305 1636 1485 1700 longae
1525 1635 1728 1695 brevem.

191 1721 242 1777 4,
262 1715 309 1778 5,
332 1714 362 1762 6
387 1716 522 1780 quod
542 1724 709 1764 tamen
730 1716 807 1765 ita
821 1715 960 1776 fieri
982 1733 1054 1782 op
1068 1715 1329 1776 ortebit‚
1368 1717 1419 1765 si
1433 1713 1515 1766 res
1535 1716 1728 1765 dubita-

193 1798 382 1846 tionem
407 1814 506 1844 nou
533 1796 804 1845 habebit.
842 1797 908 1846 cf.
938 1796 1006 1846 ib.
1029 1811 1076 1861 9.
1112 1799 1159 1857 4,
1181 1794 1227 1857 5,
1256 1801 1329 1851 1-4.
1367 1794 1422 1859 5,
1440 1795 1510 1857 ,6,
1528 1791 1610 1857 Ιὃς·
1637 1808 1728 1843 aut

190 1878 521 1926 Futurum
549 1879 586 1924 Ι.
621 1891 674 1924 et
703 1879 1020 1925 Praesens
1053 1876 1519 1942 Conjunctivi,
1558 1889 1675 1926 ut‚1
1691 1893 1728 1937 1,

189 1957 239 2020 5,
273 1956 379 2007 138.
414 1958 503 2005 cui
518 1957 619 2006 lati
634 1958 771 2006 clavi
785 1959 878 2022 jus
896 1975 994 2006 non
1016 1957 1163 2017 erit,
1200 1957 1278 2005 ita
1298 1957 1607 2020 cingatur
1629 1965 1728 2004 etc:

195 2056 215 2086 1
235 2076 250 2101 ,
288 2055 306 2083 1
325 2075 338 2098 ,
374 2055 391 2083 1
408 2055 448 2085 1.
495 2039 545 2085 si
577 2046 744 2086 tamen
775 2055 875 2086 mm
909 2039 1267 2101 continget,
1312 2037 1482 2103 quales
1511 2037 1728 2091 maxime

187 2120 338 2167 ‘velim
359 2119 584 2167 nutrices
606 2134 706 2168 etc.
728 2118 911 2166 habere
923 2135 946 2178 ,·
980 2127 1041 2167 at
1057 2137 1190 2167 venus
1208 2127 1346 2167 certe
1380 2110 1438 2166 si
1444 2125 1470 2167 t
1489 2117 1728 2166 ‘assiduus'

190 2201 398 2247 dicendi
413 2218 512 2248 mm
532 2201 814 2265 imperitus.
858 2218 899 2262 1,
937 2217 955 2246 1
972 2218 988 2246 1
999 2238 1011 2258 ‚
1049 2213 1110 2258 14
1141 2217 1256 2249 cum
1283 2199 1448 2262 legere
1474 2198 1728 2246 orationes

189 2298 219 2328 υ
227 2298 264 2344 p
278 2298 305 2327 ο
317 2298 346 2327 r
358 2290 412 2328 te
426 2281 451 2327 b
465 2282 517 2329 it
528 2318 540 2341 ‚
577 2299 692 2329 cum
711 2282 928 2330 virtutes
947 2298 1126 2329 earum
1134 2283 1250 2345 jam
1272 2297 1296 2327 s
1308 2296 1375 2325 en
1386 2278 1476 2326 tie
1488 2285 1513 2327 t
1531 2271 1726 2342 (puer),

186 2371 299 2410 tum
319 2361 448 2407 milei
469 2362 683 2423 diligens
702 2363 885 2428 aliquis
906 2379 967 2410 ac
984 2362 1184 2425 peritus
1202 2376 1268 2407 as
1281 2358 1487 2406 sistat.
1526 2374 1568 2418 1,
1595 2373 1671 2420 12,
1694 2356 1727 2404 6

188 2459 303 2491 cum
319 2442 523 2490 Latinis
542 2442 706 2490 literis
732 2461 755 2491 s
767 2452 834 2491 tu
846 2443 882 2490 d
890 2460 915 2490 e
930 2443 956 2489 b
969 2443 994 2490 i
996 2460 1046 2490 m
1057 2460 1093 2489 u
1105 2458 1142 2500 s,
1175 2457 1275 2487 non
1300 2456 1364 2486 re
1376 2457 1398 2486 s
1407 2455 1443 2502 p
1455 2439 1511 2485 ic
1520 2438 1584 2487 ia
1593 2455 1645 2486 m
1656 2457 1691 2486 u
1701 2455 1726 2487 s

187 2509 259 2572 dd
304 2523 589 2571 Graecas&
643 2538 739 2570 aut
787 2525 1118 2571 Futurum
1161 2520 1442 2585 simplex
1480 2532 1535 2566 et
1576 2536 1724 2567 exa-

187 2618 251 2652 ct
265 2622 299 2650 u
312 2621 388 2664 m,
425 2617 488 2650 ut
520 2618 547 2647 2
562 2638 576 2662 ‚
609 2619 639 2665 7
653 2639 665 2663 ,
698 2602 728 2648 3
761 2604 867 2652 sine
903 2602 1156 2662 molestia,
1200 2617 1326 2665 quae
1358 2600 1466 2664 ipsi
1486 2615 1659 2664 comp
1672 2617 1723 2647 o·-

186 2703 210 2733 s
221 2701 256 2732 u
268 2701 293 2732 e
305 2685 407 2731 rin
420 2693 441 2733 t
451 2721 465 2741 ,
500 2686 617 2748 jam
623 2684 956 2748 familiarius
977 2684 1146 2731 animo
1169 2699 1261 2730 suo
1299 2699 1334 2730 a
1332 2684 1381 2745 f
1374 2684 1422 2745 f
1427 2680 1452 2726 i
1454 2698 1494 2743 g·
1505 2697 1530 2727 e
1541 2697 1574 2727 n
1586 2687 1631 2739 t,
1667 2693 1724 2726 et

183 2767 357 2817 multa
388 2763 598 2829 similia,
646 2782 712 2814 ex
744 2766 938 2833 quibus
971 2762 1263 2831 praecipue
1293 2762 1560 2823 intuenda
1590 2762 1724 2808 haec
