1728 3002
627 212 795 258 Trabes
823 237 878 246 —
907 212 1134 258 Tractatus
1569 218 1648 258 901

111 357 114 359 .
162 330 293 372 potest,
309 331 364 371 ut,
379 338 460 363 cum
478 331 630 363 totum
648 339 697 364 ex
714 329 919 373 partibus
943 335 1095 374 constet,
1119 330 1277 365 nonsint
1291 335 1453 376 partes
1474 329 1650 373 totius,

161 383 213 409 ex
239 373 367 418 quibus
391 379 530 409 constat
553 376 599 417 3,
623 376 668 418 3,
695 378 750 409 14.
777 374 821 416 cs.
848 377 892 418 5,
918 378 982 419 10,
1006 377 1064 411 63.
1094 387 1166 421 quo
1190 379 1299 411 modo
1323 377 1478 411 efficitur
1500 382 1649 411 totum

128 418 311 463 ,2falsum,
328 421 442 455 modo
464 420 525 464 id,
549 422 665 465 quod
690 421 1004 465 relinquitur.
1028 434 1156 458 verum
1181 424 1221 467 5,
1251 426 1315 466 10,
1338 424 1396 459 66.
1420 429 1533 457 totum
1559 423 1650 457 alle-

151 465 283 512 goriae
305 460 420 500 simile
442 472 509 510 est,
530 466 626 500 aliud
650 467 784 511 dicere,
807 468 901 501 aliud
930 468 1129 515 intelligere
1154 471 1191 513 9,
1216 473 1250 513 2,
1274 471 1331 505 92.
1355 480 1398 503 ac
1422 475 1534 503 totum
1556 471 1646 513 (Sp.

99 515 102 518 ’
157 510 332 554 actutum)
354 512 581 557 παρέκρουσε
606 519 661 547 est
683 512 725 555 4,
748 516 792 556 3,
818 513 862 547 14
877 518 918 548 Ζ.
944 515 1028 548 mihi
1058 521 1171 549 totum
1195 516 1239 549 de
1264 514 1480 560 Tyndaridis
1504 515 1648 549 fabulo-

156 567 236 590 sum
257 557 402 597 videtur
424 561 479 602 11,
498 561 534 601 2,
556 560 610 596 16.
637 558 682 601 cs.
708 562 743 601 9,
767 563 803 601 2,
826 562 895 602 203
924 566 963 594 ut
986 567 1021 595 et
1046 559 1227 597 nimium
1253 562 1413 596 dicerent
1438 573 1505 596 nec
1529 567 1647 595 tamen

155 607 305 636 totum
330 605 374 646 5,
398 605 464 646 10,
488 606 562 639 im.
599 617 679 639 cum
710 615 835 639 omnes
863 611 974 640 totum
1008 606 1052 651 (ἰ.
1079 620 1107 641 e.
1131 615 1233 641 totam
1260 608 1444 649 summam)
1478 607 1646 653 exigendi

93 687 101 693 ι
154 645 212 692 jus
243 649 417 683 haberent
447 652 490 684 ib.
517 651 592 686 105.
620 657 646 685 t.
672 652 763 686 hoc
789 657 952 686 constare
970 653 1126 687 numeris
1149 655 1195 698 9,
1223 652 1267 697 4,
1293 655 1349 689 53.
1383 653 1427 695 cs.
1456 657 1521 695 11,
1547 658 1588 696 1,
1612 657 1646 688 7.

105 692 108 695 ’
156 696 285 739 quod
308 701 335 729 t.
358 696 490 740 pendet
512 707 561 731 ex
582 697 743 732 finitione
772 699 814 740 9,
838 700 884 741 3,
907 699 964 734 65.
988 698 1035 741 cs.
1062 700 1099 742 6,
1123 702 1169 743 3,
1197 701 1255 736 89.
1283 700 1399 734 minus
1425 706 1478 734 est
1503 705 1644 734 totum

94 736 98 751 “
153 740 274 775 dicere
297 752 404 787 quam
427 741 575 777 omnia
595 744 637 786 8,
662 746 706 787 3,
735 745 801 786 59;
833 744 976 779 dicendi
1029 756 1118 780 enus
1153 746 1199 780 in
1230 746 1306 781 his
1335 746 1540 789 diversum,
1574 751 1645 790 atq.

151 785 201 820 in
224 792 374 821 totum
404 787 457 821 illi
480 788 636 831 judiciali
662 789 878 824 contrarium
901 802 981 825 esse
1003 756 1048 835 ξ,
1073 794 1117 834 8,
1141 793 1187 827 58
1210 793 1258 826 Ν.
1285 805 1332 827 cr.
1366 804 1485 837 neque
1507 792 1552 827 in
1574 797 1646 826 to-

152 837 244 866 tum
268 833 343 867 filio
367 833 482 877 parcit
503 835 545 878 9,
568 839 609 876 2,
631 837 689 870 88.
724 836 770 870 in
794 842 940 871 totum
963 838 1172 882 metaphora
1198 838 1347 874 brevior
1370 844 1424 873 est
1450 838 1645 872 similitudo

141 879 195 920 ⁴8,
219 879 264 922 6,
291 880 326 914 8.
353 878 398 922 cs.
422 879 472 923 4,·
495 883 538 923 1,
562 882 618 916 63.
639 885 695 916 72.
728 885 762 925 7,
789 886 821 923 1,
849 884 905 917 31.
930 887 966 926 9,
992 887 1028 927 2,
1052 885 1116 926 983
1159 890 1240 918 eta
1262 891 1368 919 toto
1397 891 1432 919 et
1458 897 1478 919 a
1502 884 1645 929 parti-

152 924 236 958 bus
259 926 305 968 8,
328 925 371 967 6,
400 927 457 960 13.
483 928 578 971 quod
599 927 649 962 in
673 933 796 970 toto,
822 928 917 963 idem
941 929 988 964 in
1012 936 1150 975 parte
1173 929 1267 973 (jus)
1291 935 1335 974 7,
1362 932 1406 973 8,
1430 931 1478 973 43
1527 934 1643 964 Plan:

154 972 281 1014 quaed.
308 976 406 1004 tota
428 978 608 1007 mutantur
638 977 670 1016 1,
694 975 730 1016 6,
753 975 811 1008 25.
838 974 884 1016 cs.
913 975 947 1017 5,
974 979 1030 1018 11,
1056 977 1111 1011 15.
1137 977 1289 1022 augendi
1312 977 1425 1022 gratia
1450 987 1523 1010 non
1546 981 1645 1010 tota

150 1017 259 1051 modo
283 1017 423 1059 totis,
446 1020 509 1052 sed
534 1020 639 1053 etiam
660 1026 822 1064 partes
845 1021 1062 1064 partibus
1088 1023 1287 1066 comparari
1311 1025 1347 1065 8,
1374 1023 1408 1065 4,
1440 1025 1494 1057 13.
1542 1023 1587 1066 β)
1613 1035 1642 1056 c.

150 1063 284 1096 Suam..-
314 1063 424 1097 habet
453 1076 557 1098 usum
580 1066 659 1099 talis
685 1067 732 1100 all
779 1066 878 1100 oriae
901 1067 1041 1111 oratio,
1073 1069 1136 1102 sed
1159 1079 1242 1102 raro
1267 1068 1418 1103 totius
1445 1070 1489 1111 8,
1515 1068 1559 1111 6,
1583 1067 1642 1102 47.

149 1112 179 1142 t.
202 1109 340 1145 simul
364 1120 504 1143 causam
526 1112 635 1153 6,’1,
665 1114 698 1145 1.
730 1125 749 1145 c
767 1138 776 1146 .
802 1115 870 1156 10,
895 1116 939 1155 7,
971 1117 1026 1149 11.
1053 1125 1136 1147 cnm
1161 1116 1259 1149 nulla
1285 1121 1427 1159 reperta
1449 1115 1497 1148 sit
1522 1125 1642 1157 causa,

151 1164 244 1198 quae
272 1161 368 1189 esset
396 1161 502 1190 tota
535 1157 636 1191 alteri
667 1157 792 1192 similis
816 1162 853 1201 7,
876 1159 935 1192 Pr.
964 1158 999 1193 4.
1033 1161 1128 1204 quod
1160 1159 1190 1194 si
1215 1172 1287 1195 non
1310 1166 1447 1195 totus
1471 1159 1645 1206 orationis

150 1201 255 1234 color
283 1206 462 1244 meretur,
493 1204 559 1236 sed
589 1203 696 1237 etiam
722 1204 946 1247 singulis
976 1205 1080 1240 dictis
1104 1206 1329 1241 tribuendum
1353 1213 1407 1241 est
1430 1207 1536 1249 6‚·3‚
1563 1209 1643 1240 ¹10.

148 1251 233 1280 sunt
257 1248 424 1291 exempla
446 1248 588 1282 interim
612 1255 686 1283 tota
712 1249 840 1284 similia
863 1253 904 1293 5,
932 1254 996 1295 11,,
1025 1253 1060 1287 9.
1092 1264 1219 1296 parum
1245 1253 1400 1287 totius
1422 1254 1529 1297 hujus
1551 1253 1644 1298 figu-

95 1295 99 1305 '
147 1302 212 1326 rae
234 1291 332 1328 vires
355 1293 495 1328 ostendi
518 1296 554 1338 9,
571 1298 613 1338 ·2‚
636 1294 693 1329 44.
718 1301 815 1330 totos
840 1296 1067 1340 eloquentiae
1092 1299 1232 1342 aperire
1258 1300 1378 1334 fontes
1402 1299 1438 1342 6,
1465 1302 1498 1342 1,
1523 1300 1580 1333 51.
1608 1304 1644 1333 et

146 1342 246 1373 totus
268 1337 353 1383 (Sp.
379 1341 462 1382 om.)
484 1340 544 1374 hic
566 1342 669 1375 loeus
694 1341 775 1375 talis
800 1347 853 1376 est
877 1344 959 1386 (Sp.
988 1345 1069 1385 om.)
1093 1345 1128 1387 9,
1154 1346 1187 1387 3,
1214 1346 1260 1380 50
1277 1349 1319 1379 Z.
1344 1344 1465 1388 (mens)
1492 1345 1643 1379 libera

104 1393 118 1408 ³
147 1394 191 1417 ac
212 1389 312 1418 tota
335 1385 509 1428 spectabit
530 1386 568 1420 id
590 1388 706 1421 solum
736 1391 796 1430 12,
823 1391 856 1430 1,
880 1390 914 1423 5.
939 1401 971 1423 v.
990 1390 1134 1424 Mens.
1168 1388 1443 1436 ὅμοιολογία-
1462 1397 1517 1425 est
1540 1396 1643 1425 tota

148 1429 281 1464 coloris
305 1430 439 1464 unius
462 1433 497 1475 8,
522 1434 557 1475 3,
581 1435 637 1468 52.
664 1445 755 1478 quae
779 1432 942 1477 (nomina)
970 1440 1064 1469 tota
1082 1436 1270 1480 positionis
1294 1438 1438 1479 ejusd.
1466 1440 1500 1480 1,
1524 1438 1559 1479 6,
1583 1439 1640 1471 15.

147 1476 258 1519 ordo,
281 1477 489 1520 praesertim
515 1484 640 1514 totus
665 1486 790 1514 nostro
815 1480 963 1515 arbitrio
988 1483 1202 1517 constitutus
1225 1486 1282 1526 11,
1307 1486 1342 1525 2,
1367 1485 1422 1518 38.
1447 1483 1493 1525 cf.
1523 1486 1579 1525 12,
1605 1486 1643 1526 2,

149 1522 207 1556 15.
240 1521 309 1555 11ὶεί
339 1523 455 1557 totis
488 1535 616 1559 causae
646 1526 804 1568 partibus
829 1526 1019 1572 diligenter
1042 1528 1211 1572 inspectis
1229 1531 1273 1572 3,
1297 1530 1340 1571 9,
1367 1532 1389 1563 7
1409 1530 1456 1562 Ν.
1491 1536 1522 1562 et
1548 1530 1584 1562 S.
1614 1533 1642 1563 t.

146 1566 368 1609 praecordiis
391 1574 598 1604 stertentem
630 1573 738 1604 Coel.
767 1571 812 1613 4,
836 1575 871 1614 2,
898 1575 975 1606 123.
999 1574 1054 1606 rei
1076 1575 1186 1617 totius
1207 1570 1267 1608 hic
1291 1585 1427 1607 summa
1452 1574 1644 1614 constituta

98 1644 103 1652 ,
142 1610 234 1655 (Sp.
260 1623 344 1646 reus
367 1613 477 1647 totius
501 1615 561 1648 hic
585 1626 758 1649 summam
782 1617 988 1658 constituit)
1014 1622 1049 1662 7,
1073 1618 1115 1660 4,
1144 1623 1189 1654 20
1205 1624 1256 1654 ’Ζ.
1281 1621 1378 1663 quod
1408 1631 1487 1655 esse
1510 1622 1571 1654 vel
1594 1631 1643 1654 ex

148 1667 191 1691 re
210 1662 309 1690 tota
339 1664 457 1702 potest
479 1677 521 1683 ——
546 1662 607 1694 vel
639 1672 686 1694 ex
717 1662 831 1695 verbo
855 1663 1026 1707 aliquo
1055 1667 1119 1707 11,
1138 1668 1186 1708 ’2,
1214 1667 1270 1701 19.
1303 1671 1412 1699 tota
1444 1667 1580 1700 theatra
1606 1672 1645 1701 et

149 1712 331 1736 omnem
354 1703 442 1738 circi
467 1706 606 1739 turbam
632 1709 674 1747 1,
697 1708 743 1750 6,
770 1706 833 1741 45..
859 1719 987 1743 versus
1019 1712 1119 1743 toti
1155 1723 1232 1754 opp.
1266 1711 1387 1745 verbis
1419 1723 1477 1746 ex
1505 1718 1643 1756 parte

148 1748 292 1782 mutatis
315 1749 351 1791 6,
376 1751 410 1792 3,
435 1750 492 1788 96.
517 1763 609 1796 quae
633 1752 717 1786 totis
739 1753 877 1787 viribus
903 1754 980 1788 fluit
1004 1756 1119 1789 oratio
1142 1757 1183 1798 9,
1206 1756 1250 1799 4,
1277 1761 1311 1792 7.
1341 1756 1387 1798 cf.
1419 1761 1483 1801 11,
1508 1761 1551 1801 3,
1574 1759 1641 1802 63;

148 1796 185 1836 2,
207 1793 324 1841 4,,25.
347 1795 383 1837 6,
408 1797 442 1838 1,
470 1798 527 1831 11.
553 1799 654 1842 8,73‚
679 1801 735 1833 57.
763 1802 818 1842 10,
842 1803 874 1842 1,
903 1801 960 1835 93.
989 1804 1053 1844 10,
1077 1802 1121 1844 6,
1146 1804 1179 1839 5.
1210 1805 1265 1842 11,
1289 1806 1324 1843 1.
1349 1804 1404 1837 58.
1430 1804 1488 1838 86.
1522 1806 1578 1847 11,
1605 1807 1642 1848 2,

150 1842 185 1873 1.
210 1842 276 1882 11,
299 1842 343 1880 3,
366 1842 421 1874 33.
446 1844 511 1885 12,
534 1843 579 1886 9,
603 1846 635 1877 2.
699 1845 806 1889 y)-ia
831 1848 967 1880 Ablan:
992 1847 1043 1880 in
1070 1853 1094 1880 t.
1127 1848 1269 1882 actione
1297 1852 1363 1890 11,
1390 1852 1432 1892 1,
1456 1852 1524 1892 723
1567 1855 1643 1884 tota

148 1885 290 1922 actione
312 1884 348 1927 4,
372 1889 407 1929 2,
429 1888 486 1922 91.
513 1891 569 1932 12,
594 1891 631 1932 9,
656 1893 711 1927 17.
740 1902 857 1935 neque
881 1894 1004 1926 oculos
1028 1903 1108 1926 esse
1130 1899 1208 1927 toto
1235 1905 1387 1939 corpore
1413 1895 1523 1930 velim
1548 1896 1584 1938 8,
1606 1896 1642 1936 5,

150 1930 206 1966 34.
230 1930 290 1964 hic
318 1931 387 1964 erit
410 1932 501 1967 liber
524 1935 681 1970 maxime
706 1937 950 1981 necessarius,
983 1939 1066 1982 quia
1092 1940 1102 1976 ί
1115 1941 1181 1983 Sp.
1207 1942 1300 1983 quo)
1332 1946 1409 1974 toto
1438 1941 1530 1976 haec
1565 1943 1642 1975 sola

149 1982 347 2010 tractantur
369 1980 412 2020 5,
435 1979 493 2013 Pr.
518 1981 540 2014 3
562 1985 605 2014 Z.
638 1987 664 2015 t.
695 1983 772 2016 fere
797 1994 907 2026 opere
937 1987 1004 2027 12,
1028 1986 1073 2027 9,
1100 1988 1132 2017 1.
1167 1991 1193 2018 t.
1220 1986 1403 2030 proposito
1429 1990 1492 2030 11,
1515 1990 1558 2028 3,
1581 1987 1640 2022 48.

147 2022 343 2056 beatissimi
367 2035 488 2058 amnes
514 2026 598 2061 totis
626 2029 780 2062 vallibus
803 2029 918 2063 fluunt
942 2032 974 2068 5.
1001 2030 1056 2071 14,
1085 2032 1142 2065 31.
1163 2031 1290 2066 totis
1315 2031 1454 2067 viribus
1480 2039 1516 2068 et
1540 2034 1642 2070 velut
1691 2045 1694 2048 ⁴

149 2068 363 2102 omnibus
387 2070 509 2108 nervis
534 2071 730 2107 intenditur
751 2074 851 2118 (vox)
876 2078 932 2119 11,
957 2077 992 2120 5,
1015 2076 1073 2111 63.

102 2121 283 2165 Trabes.
329 2137 479 2184 abiegna
504 2145 549 2174 tr.
575 2140 608 2183 5,
637 2143 694 2185 10,
717 2133 799 2178 84(
826 2126 836 2130 -
969 2131 972 2132 ⁷

103 2190 375 2235 Tractabilis-
416 2207 516 2241 velut
539 2213 583 2241 tr.
607 2209 702 2252 (vox)
729 2213 785 2254 11,
808 2212 843 2254 3,
864 2209 921 2245 4ο.

104 2257 337 2302 Τῐὲἱθῐὸῐίθο
382 2273 419 2307 al
442 2285 526 2309 reus
548 2277 662 2310 malae
687 2278 906 2313 tractationis
931 2279 974 2320 9,
1004 2283 1040 2323 2,
1061 2282 1122 2318 579.
1149 2280 1309 2317 actiones
1335 2284 1449 2318 malae
1474 2287 1519 2316 tr.
1544 2286 1580 2327 7,
1604 2285 1640 2326 3,

151 2319 186 2350 2.
214 2316 308 2370 0127,
325 2317 361 2361 4,
384 2321 442 2355 29.
467 2332 593 2356 causae
612 2323 726 2356 malae
750 2329 792 2358 tr.
807 2328 841 2366 7,
866 2324 901 2368 4,
924 2325 983 2359 24.
1011 2338 1102 2370 quae
1128 2328 1200 2373 illic
1226 2331 1371 2363 malae
1395 2335 1463 2372 tn,
1484 2329 1543 2363 hic
1566 2329 1640 2363 rei

152 2369 361 2397 uxoriae
389 2364 510 2407 (ratio)
538 2370 581 2402 ib.
615 2371 671 2402 11.
697 2369 843 2404 maritus
867 2369 896 2404 si
925 2373 1037 2405 malae
1055 2378 1104 2415 tr.
1131 2375 1356 2408 accusabitur
1381 2378 1424 2408 ib.
1445 2377 1502 2409 10.
1529 2374 1580 2416 ‘cf-
1603 2373 1640 2418 4,

151 2410 187 2450 2,
215 2410 272 2460 39.
314 2409 361 2453 β)
379 2423 419 2451 p.
445 2413 575 2446 Genii„-
602 2413 750 2458 alicujus
772 2417 826 2449 rei
850 2422 951 2450 extra
980 2417 1140 2452 ordinem
1167 2431 1363 2454 excurrens
1388 2427 1432 2455 tr.
1456 2419 1493 2464 4,
1517 2422 1553 2463 3,
1582 2420 1639 2454 14.

150 2465 255 2497 aequi
279 2459 323 2488 tr.
351 2457 396 2495 5,
422 2459 484 2500 10,
510 2459 588 2493 118.
618 2461 718 2494 salva
741 2462 952 2496 tractatione
977 2473 1107 2498 causae
1132 2468 1196 2508 12,
1223 2469 1286 2510 10,
1308 2466 1365 2502 46.
1390 2466 1642 2511 ιη’ᾲῐιθθεῐίο-

149 2509 235 2532 mun
259 2498 294 2542 4,
319 2500 354 2544 5,
376 2502 421 2544 63
448 2504 534 2546 (fig.
561 2505 747 2548 ap.‚Cic.)
772 2509 814 2548 9,
839 2511 874 2550 1,
898 2509 955 2542 33.

20 2567 36 2585 Ὺ
106 2553 345 2597 TractfflUS·
387 2567 429 2612 α)
456 2575 501 2604 tr.
527 2581 652 2605 omnes
678 2574 853 2617 qualitatis
879 2581 939 2609 aut
968 2577 1196 2619 conjecturae
1224 2577 1294 2621 (sc.
1318 2577 1442 2622 sunt)
1470 2574 1505 2616 7.
1532 2580 1568 2623 6,
1596 2582 1638 2613 12

151 2613 201 2645 N.
233 2623 323 2655 quae
354 2615 474 2648 omnia
506 2615 664 2651 infinitos
699 2624 742 2653 tr.
772 2619 861 2664 (Sp.
889 2622 1088 2664 anfractus)
1116 2624 1248 2658 habent
1271 2626 1314 2668 6,
1339 2629 1382 2669 1,
1407 2628 1452 2661 15
1473 2627 1519 2660 Ν.
1543 2633 1575 2659 et
1599 2628 1636 2659 S.

150 2662 195 2692 tr.
222 2657 413 2703 murales-3,
436 2662 472 2704 8,
500 2661 534 2696 4.
564 2665 736 2698 moralem
762 2671 807 2699 tr.
835 2669 890 2707 12,
914 2670 949 2710 2,
978 2668 1033 2702 19.
1058 2668 1185 2704 latiore
1208 2671 1390 2716 varioque,
1409 2677 1454 2705 tr.
1480 2674 1550 2711 (res
1577 2673 1639 2705 de·-

101 2743 105 2745 Ᾰ
149 2704 271 2745 finitur
314 2707 349 2756 7,
376 2707 420 2748 3,
447 2707 502 2742 16.
554 2711 602 2752 β)
630 2722 659 2742 c.
688 2712 849 2746 Genii..·
874 2712 910 2746 in
939 2719 1016 2748 toto
1041 2714 1124 2748 artis
1147 2716 1296 2755 huiusce
1318 2724 1364 2751 tr.
1390 2719 1424 2760 8,
1449 2719 1507 2751 Pr.
1533 2718 1565 2752 5.
1591 2729 1639 2751 ex

151 2759 330 2783 commum
361 2757 406 2785 tr.
441 2753 604 2789 locorum
635 2758 696 2798 12,
720 2757 765 2799 8,
791 2760 823 2790 2.
857 2760 1026 2803 temporis
1054 2766 1096 2794 tr.
1128 2763 1168 2802 5,
1195 2765 1258 2804 10,
1287 2761 1344 2796 42.
1381 2769 1566 2807 troporum
1593 2769 1638 2799 tr.

153 2797 188 2838 1,
212 2795 247 2838 8,
276 2796 328 2831 16.
355 2798 540 2843 aequitatis
567 2806 612 2834 tr.
640 2801 685 2844 5,
711 2805 850 2845 10,Ἴ2.
876 2810 919 2839 tr.
949 2806 1054 2851 aequi
1080 2806 1237 2853 bonique
1262 2809 1318 2852 12,
1344 2812 1377 2852 1,
1400 2811 1436 2845 8.
1466 2812 1521 2851 12,
1545 2811 1580 2852 2,
1605 2809 1636 2842 3.

43 2887 57 2907 Ι

544 2971 566 2978 s
