1728 3002
803 223 857 271 Et
966 228 969 231 ‘
1517 236 1594 275 291

103 326 241 381 partem
268 336 314 372 ab
341 336 387 372 iis
411 339 562 384 'petere‚
595 348 748 385 quorum
769 339 867 374 facta
890 339 1125 394 celebrasset,
1157 339 1355 385 jubebatur.
1379 343 1423 379 Et
1453 348 1593 390 persol-

103 388 257 427 verunt,
288 389 330 419 ut
356 384 527 420 traditum
546 390 611 420 est.
658 388 714 429 11,
739 388 775 430 2,
802 389 857 420 12.
884 392 922 420 tu
948 386 987 421 in
1008 397 1067 420 me
1090 387 1168 430 dm,
1202 393 1239 421 et
1266 395 1369 432 potes
1392 391 1440 434 9,
1462 394 1503 435 2,
1530 394 1586 428 97.

103 434 141 464 et
168 440 295 464 verum
318 435 374 465 est
394 431 431 473 9,
450 433 488 474 2,
510 433 567 466 77.
601 429 647 474 «J.
681 435 719 476 7,
742 435 776 475 1,
801 433 855 468 52.
888 432 1142 481 interroganti,
1176 443 1223 468 au
1244 432 1282 468 in
1311 436 1440 471 tabulis
1469 438 1588 474 chiro-

187 476 256 509 hus
279 481 397 518 esset,
426 476 472 512 Et
493 487 622 520 verus,
654 477 790 523 inquit,
824 478 967 514 domine
989 479 1013 525 6
1056 480 1100 521 3,
1126 480 1205 514 100.
1245 479 1289 521 ‘fi
1322 483 1367 524 9,
1389 485 1437 527 2,
1461 487 1517 518 12.
1542 486 1588 520 Et

98 483 230 555 gebat
256 541 304 548 —
323 521 454 557 fortius
474 521 521 559 idr
534 522 751 571 liberiusque
778 525 974 560 defendere
1080 527 1112 568 1,
1136 527 1203 567 21;
1227 532 1267 560 ut
1282 526 1426 562 Livium
1450 541 1470 564 a
1495 542 1585 575 pue-

98 565 150 600 ris
173 566 299 614 magis,
321 568 418 612 (legi
440 567 565 614 velim)
587 581 695 615 quam
720 571 936 615 Sallustium,
962 576 1010 606 et
1047 569 1092 615 (ἰ.
1118 584 1150 616 q.
1181 578 1224 605 et
1258 573 1419 619 tamen)
1443 575 1503 611 hic
1524 577 1584 612 hi-

73 622 77 625 ’
98 612 231 648 ctoriae
254 613 370 659 major
395 619 452 650 est
471 620 596 659 auctor
619 619 655 660 2,
679 617 714 660 5,
738 619 784 653 19
807 618 857 652 Ν.
881 625 912 651 et
936 619 972 652 S.
1000 616 1045 659 qr.
1073 618 1130 659 10,
1155 619 1188 660 1,
1212 619 1259 653 28
1282 620 1328 654 Ν.
1350 632 1403 673 pr.
1440 621 1490 667 y)
1521 626 1584 658 ite-

95 665 209 692 ratim·
230 666 291 692 aut
315 662 471 695 sbvu’tx‘bus
494 669 685 706 exceptum.-
715 664 811 709 quod
836 673 960 698 omnes
987 669 1033 698 et
1062 673 1204 707 semper
1232 669 1276 698 et
1298 666 1431 712 ubique
1455 669 1582 705 deceat

97 705 162 747 11,
185 705 227 748 1,
253 702 310 740 14.
344 704 390 747 es.
418 709 464 750 3,
490 710 535 750 7,
567 711 610 743 17
638 711 682 743 Ζ.
714 721 796 744 cum
826 709 897 744 sint
928 710 1046 744 adhuc
1075 710 1248 753 quaedam
1278 722 1392 760 vagae
1424 719 1471 748 et
1501 715 1582 751 sine

94 749 241 790 urbibus
267 746 318 786 ac
339 751 418 787 sine
443 752 745 801 legibusgenteS,
770 760 814 790 et
837 760 988 790 tamen
1012 754 1072 800 qui
1096 760 1178 789 sunt
1199 754 1239 790 in
1264 756 1320 791 his
1344 759 1418 793 nati
1453 767 1495 793 et
1526 763 1581 796 le-

94 787 294 843 gationibus
319 797 531 844 fungantur,
568 807 610 833 et
633 807 802 837 accusent
830 801 949 846 aliqua
972 806 1112 846 atque
1145 801 1240 845 (Sp.
1269 802 1336 846 ac)
1369 806 1577 852 defendant,

92 847 134 874 et
166 841 321 887 denique
356 845 465 879 alium
500 844 571 880 alio
600 846 727 880 melius
763 847 863 892 loqui
899 848 1048 893 credaut
1081 849 1124 890 3,
1147 849 1191 889 2,
1217 847 1251 882 4.
1294 849 1450 886 Plurima
1485 864 1577 888 vero

89 888 287 923 nutatione
307 889 526 936 figuramus:
559 891 668 935 Scio,
697 894 780 927 Non
811 893 961 939 ignoro,
1001 898 1046 928 et
1069 894 1151 926 Non
1183 903 1242 928 me
1271 894 1380 941 fugit,
1410 902 1455 931 et
1494 899 1577 934 Non

91 942 152 967 mc
173 934 367 979 praeterit,
398 942 442 971 et
464 936 552 982 Quis
577 938 708 981 nescit,
741 945 786 973 et
809 939 952 973 Nemini
971 939 1116 984 dubium
1140 943 1196 972 est
1218 941 1275 982 10,
1305 943 1337 984 1,
1363 945 1419 976 12.
1461 943 1510 986 cs.
1539 948 1575 989 2,

38 985 47 988 ”
92 979 151 1020 12,
173 980 217 1013 11
240 983 283 1014 Z.
308 979 355 1022 ‹J-
383 983 453 1026 Sp.
479 982 596 1024 quf.
625 986 703 1017 Vol.
733 985 762 1018 l.
785 997 820 1029 p.
845 985 1055 1020 Lxxxlll.
1099 984 1194 1032 Quid
1207 984 1258 1020 ita
1277 987 1483 1023 crederetur
1502 989 1576 1025 Cu-

130 1024 178 1071 dp
198 1035 289 1068 puer
313 1031 453 1072 atque
475 1027 562 1071 (Sp.
583 1030 642 1071 ac)
665 1031 818 1071 volucer
840 1037 887 1065 et
909 1031 1044 1112 sagiae's
1068 1041 1118 1065 ac
1140 1031 1230 1084 ¹3:¹⁰⁶.
1248 1039 1402 1068 armatus
1426 1037 1461 1078 2,
1470 1034 1574 1088 4,26.

88 1033 348 1115 Ξῐὶνῑορίιωια
365 1078 410 1107 et
427 1073 574 1117 Eupolis
591 1073 845 1120 Cratinusque
863 1079 920 1120 10,
930 1079 963 1120 1,
1022 1101 1032 1111 .
1051 1087 1107 1120 ap.
1115 1087 1313 1122 prinoipem
1331 1085 1375 1113 et
1390 1087 1575 1127 maguztra-

87 1119 146 1149 tus
158 1125 208 1150 ac
219 1115 410 1152 tribunalia
429 1122 486 1162 11,
497 1121 531 1162 3,
543 1120 851 1165 156.σ]ἶ12,2,10.
864 1125 918 1158 11.
931 1134 966 1156 v.
978 1122 1051 1157 Ac.
1069 1128 1112 1157 et
1128 1124 1418 1160 altercationibus
1432 1133 1573 1173 atque

84 1159 113 1167 '⁴
263 1161 420 1198 tionibus
444 1171 623 1205 oratorem
644 1167 804 1201 futurum
839 1168 972 1221 optime
994 1168 1168 1203 Socratici
1201 1177 1425 1214 praeparant.
1450 1175 1506 1217 10,
1536 1178 1570 1219 1,

0 1235 1 1245 ,
82 1206 148 1241 3⁵:
174 1211 217 1240 'ut
237 1208 492 1244 Demosthenis
515 1217 665 1256 *atque
698 1213 890 1248 Aeschims
924 1214 1021 1248 inter
1051 1225 1092 1248 se
1126 1215 1322 1250 contrarias
1346 1216 1565 1264 (actiones).-

0 1252 1 1295 ζ
32 1263 34 1265 ·
84 1251 264 1297 get-Servii
281 1253 430 1301 Sulpicii
446 1261 582 1301 atque
594 1258 774 1294 Messalae
788 1272 852 1294 -ε
883 1265 926 1294 et
946 1259 1120 1295 Pollionis
1136 1266 1179 1294 et
1202 1260 1315 1296 Cassii
1331 1283 1375 1289 —
1395 1264 1568 1310 aliasque

36 1303 38 1307 ’
81 1296 250 1350 plurimas
267 1301 324 1343 10,
342 1303 376 1344 1,
390 1303 436 1335 22
454 1304 501 1336 Ν.
521 1315 568 1337 cr.
598 1301 639 1345 δ)
661 1307 768 1339 omiss.
781 1320 798 1339 ,a
809 1305 913 1340 editis
929 1306 967 1340 in
984 1305 1249 1350 competitores,
1267 1307 1306 1342 in
1324 1309 1364 1342 L.
1386 1310 1566 1357 Pisonem,

16 1353 26 1362 κ
79 1353 121 1377 m
141 1342 307 1379 Clodium
331 1351 377 1380 et
399 1346 592 1383 Curionem
615 1349 716 1384 libris
739 1353 775 1395 3,
790 1355 826 1393 7,
842 1355 878 1386 2.
904 1357 1026 1397 aptare
1045 1352 1244 1387 orationem
1268 1355 1372 1397 locis,
1397 1359 1566 1402 tempori-

79 1388 159 1432 bus,
173 1388 338 1435 personis
349 1393 384 1435 6,
398 1394 432 1436 5,
445 1396 501 1428 11.
521 1394 567 1436 cf.
609 1398 666 1439 ,2,
678 1398 758 1439 33.;
788 1408 919 1442 corpus
940 1404 1039 1432 tumn
1061 1398 1242 1446 trigidum,
1267 1411 1433 1448 exangue
1450 1404 1486 1446 6,
1505 1406 1564 1440 Pr.

20 1470 23 1475 ,
81 1436 137 1469 12.
161 1441 282 1470 extra:
305 1438 493 1484 nobilitas,
530 1440 702 1487 dignitas;
735 1442 947 1489 propinqui,
984 1444 1090 1480 amici
1113 1449 1149 1488 7,
1171 1444 1208 1488 4,
1234 1447 1289 1480 18.
1324 1448 1566 1492 Inspiciuntur

12 1532 17 1535 1
78 1479 481 1564 ῃᾱςιιθῖἑὶἒᾘᾙωεε,
516 1487 725 1541 occasiones
741 1488 829 1569 ἐπ..
862 1495 885 1524 1.
926 1490 1132 1570 ἷιειηέῃεὲῐῃ),ς
1147 1493 1305 1571 711,ἲῶ
1309 1493 1367 1527 45.
1385 1506 1484 1574 ἔξω
1517 1498 1563 1578 εξ

41 1567 113 1615 ·-1;'
138 1573 166 1617 9
184 1568 243 1608 Ν.
266 1584 349 1609 cum
371 1541 1066 1626 illinmetiemilggniileffgioosstiidvi‘ingilbbe
1089 1588 1228 1626 peteret
1236 1609 1256 1635 ,¹
1271 1551 1414 1619 venii-let
1435 1553 1563 1624 cglntra'

74 1617 279 1655 Mucianus
302 1621 338 1664 6,
363 1623 398 1664 3,
424 1623 472 1659 95
491 1625 539 1659 Ν.
572 1638 619 1660 cr.
657 1637 727 1671 qua
748 1628 888 1663 ratione
910 1630 1031 1663 facere
1057 1639 1163 1673 quam
1184 1634 1335 1672 optune,
1367 1643 1473 1676 quam
1502 1635 1560 1669 fa-

15 1663 18 1666 ’
74 1660 207 1704 entim
226 1666 344 1711 possit
364 1670 424 1710 10,
445 1671 478 1712 1,
501 1669 538 1704 4.
564 1670 625 1705 hic
651 1677 820 1707 tractatur
841 1675 965 1717 locus,
987 1680 1151 1718 tempus,
1185 1680 1226 1708 ut
1248 1676 1382 1710 furtum
1408 1678 1447 1712 in
1474 1680 1559 1716 loco

74 1710 222 1754 clauso,
256 1712 438 1765 ‚frowenfi
474 1719 510 1758 7,
538 1719 575 1758 2,
598 1715 657 1751 44
692 1719 856 1763 personis
887 1720 1109 1765 applicantur
1136 1730 1213 1754 non
1246 1721 1398 1775 pignora
1419 1727 1557 1778 ‘nio-do,

47 1755 672 1852 ’ἐξ-’.ιέξῖῗιῗῗῖἓῖῧξᾏιᾛῗῗ
699 1763 1558 1862 ῗῇἒόαδῇῧῖῒήῗεῧὲηζῖζῖ“ἓέἴώηὲωὲ“ἒ

73 1845 155 1879 125.
179 1847 260 1889 plus
282 1848 470 1894 patientia,
501 1852 673 1888 fortitudo
697 1857 733 1898 3,
759 1860 794 1898 7,
818 1857 875 1891 24.
903 1857 967 1902 (Ζ.
997 1860 1169 1902 utrobique
1195 1861 1293 1892 inser.
1320 1859 1406 1905 ac)]
1449 1863 1493 1904 ‘tf-
1518 1866 1555 1907 9²

72 1891 108 1930 3,
131 1892 177 1934 23
202 1893 252 1925 Ν.
275 1905 325 1929 σν.
347 1897 383 1936 2,
405 1898 464 1938 20,
487 1899 523 1931 2.
558 1897 595 1941 4,
618 1902 653 1941 2,
677 1901 734 1935 84.
770 1905 824 1943 10,
846 1906 883 1946 7,
905 1905 976 1945 26,·
1005 1902 1255 1950 [Protagoras,
1281 1905 1442 1953 Gorgiae,
1464 1910 1555 1943 Pro-

26 1969 29 1971 Α
71 1935 173 1970 dicus
204 1942 248 1970 et
278 1938 565 1983 Thrasymachus
604 1943 671 1987 (Ζ.
703 1951 807 1979 multa
834 1961 877 1981 ex
910 1957 990 1993 opii.
1021 1951 1126 1983 Codd.
1154 1951 1317 1992 mutavit)
1348 1955 1395 1994 3,
1420 1956 1464 1996 1,
1495 1957 1553 1992 12.

23 1980 25 1986 ¹
70 1981 264 2024 scribenti,
300 1983 471 2019 ediscenti
493 1992 530 2020 et
558 1989 667 2031 (opu.
698 1993 801 2024 Codd.
825 1992 915 2036 om.)
944 1994 1113 2041 cogitanti
1137 1997 1178 2037 1,
1212 1998 1256 2037 2,
1294 1995 1404 2040 12.];
1439 2001 1555 2034 trahat

68 2026 156 2062 inde
167 2028 438 2075 peregrinatio,
465 2033 586 2074 rura,'
600 2035 818 2069 calculorum
846 2038 976 2073 anxiae
1008 2040 1275 2083 solicitudines,
1310 2044 1443 2076 multae
1468 2055 1554 2079 cau-

70 2083 133 2107 sae
160 2073 448 2156 libidinum,8et
473 2077 620 2122 vinum,
660 2085 702 2114 et
732 2081 929 2129 flagitiosus
952 2084 1052 2119 omni
1073 2095 1207 2132 genere
1228 2087 1453 2132 voluptatum
1475 2091 1554 2125 ani-

67 2129 148 2152 mus
179 2122 223 2153 12
269 2123 287 2153 1
357 2123 375 2154 1
402 2145 412 2155 .
770 2143 778 2150 1
951 2154 953 2156 .

41 2206 45 2209 ἱ
113 2163 207 2208 11)>1‘.
232 2145 265 2211 ’q-
292 2147 435 2201 eiiam.
478 2167 520 2211 α)
542 2169 644 2204 Licet
667 2177 704 2205 et
727 2172 887 2208 dubitare
906 2174 941 2215 6,
967 2177 1000 2217 1,
1024 2177 1057 2209 3.
1080 2180 1204 2218 putant
1228 2181 1265 2210 et
1287 2182 1387 2212 ortos
1410 2180 1550 2223 pleros-

151 2211 226 2244 ‘ab'
243 2210 315 2246 alio
340 2212 457 2257 Scopa
480 2217 537 2257 11,
561 2218 596 2259 2,
622 2218 676 2254 15,
705 2217 749 2259 qli
781 2222 824 2263 2,
850 2222 867 2253 1
883 2245 894 2262 ,
924 2223 967 2254 12
992 2224 1037 2253 Ζ.
1059 2221 1095 2262 9,
1117 2223 1154 2263 2,
1182 2223 1261 2255 107.
1291 2233 1550 2271 nonuunquam

138 2257 186 2290 eu
207 2259 380 2301 quaedam
404 2260 494 2294 bene
513 2265 548 2294 et
572 2262 627 2306 (α.
652 2266 673 2296 1.
704 2263 794 2308 om.)
827 2270 1101 2300 contemnuntur
1123 2267 1157 2309 5,
1183 2268 1238 2310 13,
1262 2269 1321 2302 22.
1355 2269 1399 2310 ej:
1430 2274 1467 2316 2,
1492 2275 1548 2318 16,

15 2298 93 2346 ⁴22.ss
114 2304 157 2334 Ζ.
180 2308 240 2336 aut
269 2313 343 2336 non
374 2304 495 2340 divina
528 2307 579 2341 Μ.
608 2308 718 2343 Tullii
744 2311 948 2356 eloquentia
977 2317 1013 2346 et
1037 2317 1160 2346 contra
1181 2313 1218 2347 le
1243 2324 1282 2348 es
1308 2316 1462 2362 agrarias
1484 2331 1549 2364 pa·
1584 2324 1593 2331 “

42 2338 323 2425 “fulturis-fuit?
355 2351 390 2392 2,
416 2352 470 2394 16,
495 2355 529 2387 7.
562 2353 602 2387 iu*
625 2353 754 2389 iisdem
777 2374 823 2382 —
854 2368 934 2392 esse
962 2363 1000 2391 et
1025 2364 1189 2392 ornatum
1210 2323 1246 2402 ἕ,
1269 2359 1313 2402 6,
1336 2363 1370 2396 3.
1404 2363 1548 2401 interim

89 2391 258 2434 implicia,
279 2392 420 2430 iuterim
443 2403 488 2431 et
509 2397 642 2443 mixta,
674 2401 854 2446 propriam
876 2409 1027 2438 tamen
1053 2403 1182 2447 faciem
1204 2407 1426 2450 ostendentia
1449 2412 1484 2454 3,
1510 2413 1546 2455 6,

25 2471 34 2478 Ι
67 2433 126 2469 88.
148 2435 259 2470 'affert
291 2439 442 2484 aliquam
470 2443 576 2478 fidem
606 2447 780 2485 veritatis.
794 2454 831 2483 et
853 2449 1025 2483 dubitatio
1056 2450 1092 2492 9,
1115 2452 1152 2492 2,
1177 2451 1232 2486 19.
1265 2452 1325 2496 qm·
1362 2462 1548 2500 argentum

67 2487 174 2524 omne
194 2483 349 2531 legavit,
372 2492 409 2520 et
429 2489 615 2531 pecuniam
639 2491 702 2535 (sc.
731 2495 924 2537 legavit)
958 2496 991 2538 5,
1020 2494 1078 2537 14,
1101 2496 1159 2530 26.
1189 2495 1234 2537 cf.
1258 2499 1300 2540 2,
1332 2501 1401 2542 21,
1433 2501 1480 2536 24
1502 2507 1547 2537 Ζ.

69 2521 130 2568 [,3,
150 2525 188 2571 3,
207 2527 269 2573 2.]
301 2533 398 2575 quod
420 2535 464 2568 de
489 2536 597 2571 domo
623 2538 719 2582 dixi,
751 2546 787 2574 et
808 2540 846 2574 in
874 2540 1042 2584 operibus
1067 2541 1219 2585 publicis
1239 2542 1318 2577 fieri
1347 2551 1464 2588 potest
1489 2551 1547 2593 11,

64 2572 102 2612 2,
123 2573 183 2606 21·
207 2574 252 2616 «ό.
286 2578 320 2619 1,
341 2580 377 2621 2,
400 2580 458 2615 29.
490 2583 525 2624 3,
548 2580 584 2625 4,
608 2583 642 2618 6.
674 2584 825 2630 Quidam
850 2584 1060 2630 συνεκδοχῆν
1081 2593 1214 2622 vocant
1246 2594 1294 2632 et,
1327 2601 1408 2625 cum
1442 2592 1495 2636 (a.
1521 2599 1546 2628 1.

66 2626 148 2650 cum
170 2618 221 2662 et)
245 2620 284 2655 id
306 2623 344 2656 iu
368 2632 539 2660 contextu
561 2631 753 2673 sermonis,
778 2633 874 2676 quod
897 2637 1059 2675 tacetur,
1089 2633 1280 2678 accipimus
1303 2636 1337 2678 8,
1362 2638 1397 2680 6,
1421 2641 1464 2672 21
1498 2640 1545 2682 Ν.

63 2658 130 2704 [ff-
152 2661 187 2706 4,
211 2665 245 2709 5,
267 2667 343 2712 20.]
362 2670 577 2715 {requenter
597 2685 710 2710 vero
744 2683 788 2711 et
811 2689 831 2710 a
853 2689 895 2712 re
916 2677 952 2719 4,
978 2681 1012 2720 2,
1038 2681 1117 2714 130.
1141 2686 1274 2726 pugnat
1295 2681 1356 2716 ille
1381 2684 1545 2720 acumine

21 2752 27 2757 ,
62 2716 222 2753 mper,
255 2712 315 2747 hic
348 2715 557 2760 frequenter
583 2725 618 2753 et
639 2723 800 2764 pondere
833 2725 888 2766 10,
914 2727 947 2766 1,
979 2724 1067 2767 1Ο6;
1100 2731 1154 2760 est
1186 2737 1271 2759 suus
1302 2732 1338 2760 et
1372 2728 1410 2762 in
1442 2737 1546 2776 gestu

20 2764 39 2772 ·’
61 2754 188 2796 modus
210 2755 246 2808 4,
270 2758 309 2801 5,
326 2759 384 2794 24.
409 2762 471 2797 Est
494 2770 530 2797 et
558 2776 714 2801 amarum
737 2768 904 2812 quiddam
929 2771 970 2812 8,
994 2772 1034 2813 3,
1057 2772 1115 2807 89.
1142 2771 1188 2813 cs.
1225 2774 1243 2805 1
1259 2797 1270 2815 ,
1295 2775 1339 2816 7,
1362 2775 1386 2809 9
1409 2779 1452 2811 Ζ.
1485 2779 1542 2820 10,

46 2798 97 2839 Ἴ1,
121 2797 178 2833 34.
201 2811 232 2835 sl
245 2809 299 2837 est
319 2804 459 2852 signum
482 2811 663 2846 adulterae
685 2831 728 2837 —
741 2840 752 2857 ,
778 2814 845 2850 erit
869 2821 905 2851 et
927 2816 1124 2858 convivere
1147 2829 1229 2851 cum
1255 2819 1544 2856 adolescentibus

1087 2883 1175 2921 19‘
