1728 3002
497 239 668 298 Dejicio
695 264 751 273 -—
779 238 1098 285 Deliberativus
1471 245 1560 294 ‚2¹¹

81 357 329 393 Postremo
344 372 391 382 —
409 357 446 400 3,
459 356 497 401 9,
514 355 552 391 6.
568 367 604 392 υ.
618 354 756 392 Ante.
800 354 961 402 utique
984 354 1228 402 prooemium,
1250 351 1462 402 proxima
1477 355 1565 394 huic

81 404 262 446 nan-atiog
294 414 387 448 quae
411 404 474 437 lex
503 402 676 438 deinde
699 403 887 446 narrandi3
925 403 1125 448 propositio
1148 408 1263 448 post
1283 403 1429 448 hanc;
1469 409 1565 439 tum

83 455 203 484 certus
225 450 315 484 ordo
341 448 607 494 quaestionum,
632 455 895 494 ceteraque
917 452 962 493 2,
987 451 1051 492 13,
1080 452 1112 484 1.

37 491 225 549 Dejicio·
271 505 307 550 1)
328 508 486 550 propn'eae
512 505 670 550 dejicere
691 505 806 540 sinum
834 509 899 549 11,
922 508 965 550 3,
992 504 1070 542 144.
1111 511 1232 553 togam
1255 504 1567 550 dejicientem

83 557 121 586 et
141 558 449 597 reponentem
476 551 519 598 6,
541 554 584 595 3,
607 552 665 588 54.
700 552 804 586 uncis
827 552 946 599 digitis
971 558 1030 586 aut
1053 553 1169 596 capite
1194 551 1475 597 dejiciatur,
1505 558 1567 587 aut

83 598 210 632 eadem
240 609 349 632 manu
375 598 537 642 supinata
563 597 609 632 in
638 598 883 643 superiora
924 599 1132 642 jactetur
1170 601 1237 643 11,
1279 601 1324 642 3,
1369 599 1437 634 119
1460 598 1509 633 Ν.
1534 606 1567 633 et

84 644 238 678 θεν-ιλ.
262 643 392 687 deiecti
415 644 455 678 in
479 649 608 680 terram
632 644 727 679 oculi
756 647 796 687 1,
823 647 880 687 11,
903 645 937 680 9.
972 645 1168 687 dejecto
1193 650 1231 679 et
1258 644 1428 689 supino
1451 644 1569 689 capite

83 691 153 732 11,
182 690 326 771 &9623
351 689 431 772 1318)-
458 695 576 726 ινωια.
598 690 638 725 in
663 690 813 739 epilogis
842 692 1051 736 plerumque
1088 691 1269 736 dejecti
1303 696 1341 726 et
1366 690 1569 726 infracti

83 745 207 769 :mnus
253 761 266 779 ,
313 761 326 780 ,
590 743 593 745 ·

35 776 243 822 Dehbor·
286 792 386 828 siam
410 792 455 828 ab
479 793 630 828 humero
652 793 828 828 delabitur
863 796 926 838 ιι,
953 792 989 837 3,
1016 790 1102 836 1443
1138 791 1172 828 si
1195 791 1313 828 finitio
1333 791 1476 828 infirma
1503 798 1573 838 at,

81 835 121 871 in
141 837 394 887 syllogismum
412 839 587 874 delabitur
608 842 646 883 7,
671 841 707 883 8,
732 843 767 875 1.

36 879 230 927 Delator·
277 897 455 932 «nemore.
486 909 565 940 opp.
601 895 778 940 iudicibus
810 897 855 940 9,
877 898 923 940 2,
947 893 995 931 74
1007 895 1058 930 N.
1092 893 1226 940 judicia
1254 893 1351 930 inter
1380 896 1573 942 delatores,

81 944 165 974 uter
187 941 383 984 praemium
403 942 575 977 meruerit
596 945 631 986 3,
659 945 715 986 10,
739 944 776 978 3.
1557 957 1560 958 ’

36 981 293 1028 Βθιθθίᾶῐίθο
349 997 392 1043 α)
425 999 699 1034 delectationem
731 998 894 1044 proprias
927 992 967 1032 in
996 996 1203 1032 elocutione
1231 1002 1352 1042 partes
1376 996 1511 1032 habere
1537 999 1576 1042 8,

84 1043 144 1075 Pr.
168 1045 203 1077 7.
251 1045 352 1090 Quae
377 1045 466 1088 del„
490 1051 551 1079 aut
574 1046 671 1090 quod
694 1045 922 1079 mediocriter
943 1045 1069 1078 saltem
1094 1043 1193 1077 docti
1216 1043 1372 1077 hominis
1389 1043 1576 1088 judicium,

84 1087 156 1123 nisi
183 1105 224 1114 —
253 1090 399 1125 scierit?
422 1092 459 1134 9,
482 1094 519 1134 2,
543 1090 584 1133 43
620 1097 752 1136 quanto
777 1093 857 1135 plus
880 1089 1127 1125 delectationis
1153 1089 1338 1123 habitum
1362 1092 1398 1134 1,
1425 1093 1482 1132 12,
1510 1091 1576 1133 18;

85 1135 315 1170 delectationi
337 1142 439 1171 natus
467 1139 524 1180 10,
550 1140 583 1179 1,
609 1139 688 1173 119.
713 1155 759 1161 -
781 1139 863 1171 data
885 1139 942 1180 10,
968 1139 1005 1177 2,
1030 1139 1090 1170 27.
1129 1134 1176 1180 β)
1202 1139 1348 1170 Accua:
1375 1136 1576 1183 gratiam

86 1185 124 1213 et
149 1181 524 1218 delectationem
547 1183 699 1217 afferunt
722 1185 764 1225 2,
790 1185 939 1225 13‚·11.
971 1181 1144 1216 materiae
1168 1182 1212 1214 ad
1240 1182 1367 1216 delect.
1393 1182 1577 1227 composi-

83 1230 146 1260 tae
166 1228 224 1270 11,
249 1230 283 1271 1,
305 1227 365 1265 48.
397 1230 496 1274 quod
518 1229 562 1262 ad
586 1230 715 1263 delect.
738 1227 932 1263 conveniat
954 1227 1162 1272 (auditorum
1184 1228 1301 1270 genus)
1324 1229 1361 1270 3,
1377 1226 1415 1271 4,
1438 1229 1475 1263 6.
1499 1239 1576 1262 non

83 1271 520 1310 ad‘delectationem
542 1276 667 1318 modo,
689 1275 755 1309 sed
778 1275 823 1308 ad
845 1280 1016 1308 motum
1040 1284 1183 1318 quoque
1211 1273 1411 1308 animorum
1434 1274 1471 1317 9,
1486 1273 1523 1318 4,
1538 1276 1576 1310 9.

83 1317 125 1362 y)
154 1320 292 1354 Amat..-
322 1331 403 1355 esse
426 1320 558 1365 aliquid
580 1320 620 1355 in
649 1321 991 1363 delectatione,
1024 1321 1174 1353 multum
1195 1330 1287 1355 vero
1311 1319 1350 1353 in
1378 1330 1579 1354 commo-

83 1364 260 1399 vendis
283 1366 544 1402 affectibus
578 1369 619 1408 5,
640 1368 683 1410 8,
706 1368 740 1401 3.
777 1378 848 1411 qua
870 1366 1108 1401 delectatione
1133 1365 1225 1399 nihil
1245 1365 1332 1412 fingi
1356 1366 1471 1409 majus
1493 1372 1579 1411 pot-

84 1414 141 1444 est
163 1413 230 1454 12,
259 1413 325 1456 10,
345 1411 405 1448 64.
446 1423 537 1457 quos
563 1413 635 1448 del.
667 1412 843 1447 allicimus
869 1414 917 1456 5,
947 1412 1011 1455 14,
1037 1413 1095 1447 29.
1129 1411 1208 1456 ipsa
1238 1411 1479 1447 delectatione
1516 1424 1579 1447 ca-

83 1454 230 1500 piuntur
257 1458 300 1500 8,
337 1460 382 1503 3,
415 1459 450 1495 5.
481 1470 585 1494 aures
619 1459 690 1494 del.
723 1460 936 1494 mulcendae
969 1461 1036 1501 12,
1075 1459 1142 1500 10,
1165 1458 1222 1492 52.
1259 1459 1328 1492 del.
1361 1453 1587 1502 persuadent*

84 1501 299 1548 (sententiae)
323 1507 380 1548 12,
398 1508 456 1545 10,
470 1504 529 1540 48.
558 1515 635 1539 non
660 1505 739 1539 sine
764 1506 835 1540 del.
863 1508 898 1548 1,
922 1505 959 1549 6,
985 1505 1045 1540 39.
1076 1503 1107 1538 si
1130 1503 1220 1538 mihi
1241 1504 1419 1548 sapientes
1439 1504 1578 1547 judices

84 1547 214 1582 dentur
247 1557 329 1585 etc-‚x
367 1555 539 1596 perquam
571 1551 617 1586 sit
650 1551 802 1598 exiguus
828 1550 1055 1597 eloquentiae
1078 1551 1201 1594 locus,
1235 1555 1274 1585 et
1297 1561 1412 1595 prope
1437 1550 1478 1584 in
1499 1552 1578 1586 sola

85 1593 156 1628 del.
179 1601 333 1638 ponatur
355 1599 392 1642 2,
416 1599 473 1642 17,
499 1599 558 1632 28.
596 1597 641 1639 cs.
667 1599 704 1642 9,
728 1600 765 1641 3,
794 1599 873 1632 102.

24 1635 234 1682 ’1)018010.
280 1653 323 1694 ι)
342 1656 444 1688 Act„-
467 1654 585 1688 minus
607 1655 716 1700 longa
737 1654 925 1697 videntur,
948 1663 1040 1698 quae
1067 1652 1246 1686 delectant
1268 1651 1314 1696 4,
1339 1655 1384 1696 2,
1406 1651 1466 1688 46.
1500 1654 1524 1688 d
1537 1663 1579 1687 0-

85 1703 212 1748 ceat,
237 1705 447 1740 moveat.
472 1701 684 1735 delectet
706 1707 829 1735 orator
851 1702 887 1742 3,
913 1700 949 1742 5,
976 1702 1013 1732 2.
1045 1709 1114 1732 nos
1137 1699 1251 1745 magis
1275 1699 1401 1733 eadem
1422 1698 1486 1733 illa
1511 1711 1579 1733 au-

83 1743 157 1776 dita
182 1755 289 1787 quam
310 1745 404 1780 lecta
426 1747 605 1785 delectent
631 1750 688 1790 11,
711 1749 747 1790 3,
772 1746 808 1781 4.
841 1746 954 1792 magis
976 1744 1161 1788 inopinata
1183 1746 1365 1779 delectant
1390 1746 1432 1785 8,
1455 1746 1492 1788 6,
1517 1747 1575 1780 51.

83 1789 326 1831 pronuntiatio
352 1792 619 1835 conciliet,
645 1794 947 1837 persuadeat,
974 1797 1176 1825 moveat:
1206 1790 1334 1835 quibus
1356 1797 1484 1825 natura
1511 1802 1578 1826 co-

83 1833 222 1877 haeret,
247 1836 356 1870 etiam
378 1839 590 1874 delectet
614 1842 672 1881 11,
695 1841 729 1881 3,
762 1835 841 1874 154.
871 1851 907 1872 v.
936 1836 1163 1872 Concilio.
1190 1836 1228 1870 in
1253 1837 1464 1880 quibusdam
1486 1837 1577 1871 vitia

84 1877 164 1923 ipsa
180 1881 357 1916 delectant
377 1885 424 1916 ib.
443 1886 523 1919 178.
545 1885 736 1919 delectabit
757 1896 805 1919 ne
828 1886 900 1919 hoc
924 1883 1067 1928 quidem
1090 1883 1292 1929 neglectum
1313 1882 1576 1927 reliquisse

86 1926 124 1967 1,
147 1926 183 1968 1,
205 1927 264 1961 29.
300 1938 382 1961 cum
407 1929 535 1964 debeat
558 1931 825 1973 delectare,
849 1939 1038 1964 movere
1065 1927 1201 1972 (oratio)
1232 1931 1297 1971 12,
1323 1931 1379 1971 10,
1407 1928 1464 1963 43.
1500 1939 1577 1962 nou

84 1980 278 2005 movere
300 1977 458 2016 tantum,
489 1975 552 2008 sed
578 1976 749 2009 ducere
775 1976 882 2009 etiam
906 1987 948 2009 ac
977 1975 1215 2008 delectare
1242 1974 1427 2008 audientes
1458 1977 1514 2015 12,
1538 1977 1576 2017 2,

85 2018 144 2068 11.
191 2017 234 2059 β)
257 2020 377 2052 Ραεε..·
407 2019 514 2053 etiam
536 2020 706 2054 delectari
727 2022 855 2055 volunt
877 2019 1039 2065 (judices)
1062 2019 1107 2062 4,
1133 2022 1176 2062 1,
1203 2022 1268 2062 573
1303 2021 1498 2059 delectatus
1521 2026 1578 2054 est

83 2061 143 2096 lus
166 2062 220 2096 M.
246 2063 387 2096 Tullius
411 2065 448 2107 9,
471 2066 506 2106 3,
529 2065 588 2099 74.
626 2065 789 2100 acumine
816 2077 883 2100 suo
908 2067 1208 2100 delectantur
1232 2070 1268 2098 et
1299 2066 1504 2110 gaudent
1537 2066 1575 2109 8,

83 2109 123 2149 2,
145 2110 210 2150 21;
234 2109 450 2152 placere,
475 2121 565 2154 quae
591 2110 685 2144 bene
708 2110 823 2154 dicet,
848 2131 896 2138 —-
921 2112 1191 2145 delectetur
1210 2112 1248 2152 2,
1270 2112 1306 2153 2,
1334 2112 1390 2144 13.

37 2150 259 2195 Delectus-
305 2166 466 2200 delectus
490 2177 597 2212 agam
619 2167 686 2209 (ae
709 2167 934 2210 imperatore)
963 2169 1026 2208 12,
1049 2167 1095 2203 3.
1119 2167 1163 2208 ⁵3
1197 2167 1269 2199 del,
1290 2166 1487 2200 verborum
1514 2169 1574 2211 12,

82 2211 119 2252 9,
141 2211 176 2246 6.
207 2221 283 2245 non
307 2217 426 2256 potest
452 2223 531 2247 esse
554 2213 732 2255 delectus,
755 2212 818 2246 ubi
838 2222 990 2246 numero
1016 2211 1199 2245 laboratur
1219 2212 1255 2254 8,
1278 2213 1313 2254 5,
1341 2214 1399 2246 30.
1433 2213 1576 2246 studio⁴

75 2268 165 2302 ,rum
187 2257 309 2292 facere
336 2259 513 2292 delectum
539 2261 576 2302 2,
598 2259 634 2301 8,
656 2261 692 2293 7.
729 2259 830 2301 cnjus
857 2254 1065 2301 (esperiae)
1096 2256 1136 2290 in
1161 2267 1207 2291 eo
1229 2258 1390 2291 delectus
1415 2265 1490 2303 est,
1521 2263 1560 2293 ut

82 2301 178 2337 inter
199 2304 295 2346 duo,
319 2323 367 2330 —
392 2305 489 2349 quod
513 2304 640 2338 melius
663 2309 786 2347 sonet,
810 2303 913 2337 malis
939 2305 974 2347 1,
1001 2302 1038 2346 5,
1059 2300 1096 2336 4.
1126 2314 1162 2336 υ.
1185 2301 1294 2350 Ago.
1318 2304 1367 2347 II,
1392 2316 1432 2338 ι.

0 2404 7 2417 ,,
37 2357 221 2415 Πθιθὲῦο
270 2377 350 2406 cum
380 2371 467 2406 mihi
489 2372 717 2407 Domitianus
741 2371 923 2418 Augustus
947 2368 1083 2404 sororis
1113 2380 1201 2405 suae
1226 2376 1399 2415 nepotum
1424 2371 1572 2420 delega-

81 2417 179 2451 verit
203 2427 324 2451 curam
346 2416 383 2462 4,
406 2419 465 2452 Pr.
487 2421 523 2453 2.
556 2418 669 2453 officii
694 2417 847 2465 delegati
868 2415 958 2450 mihi
979 2417 1017 2460 6,
1041 2416 1102 2451 Pr.
1131 2418 1166 2450 1.

0 2483 20 2513 'l'
35 2472 190 2517 Doleo.
233 2484 354 2519 stilum
377 2496 451 2519 non
473 2485 592 2520 minus
615 2497 745 2533 agere,
771 2497 853 2520 cum
877 2486 973 2520 delet
1000 2485 1068 2527 10,
1088 2481 1132 2526 4,
1158 2485 1191 2517 1.
1222 2482 1262 2517 ἰιι
1285 2484 1418 2529 quihus·
1437 2484 1567 2530 (ceris)

43 2531 256 2565 ffacillima
279 2537 334 2565 est
354 2531 445 2566 ratio
472 2531 616 2573 delendi
644 2535 709 2574 10,
732 2535 775 2576 3,
802 2534 862 2566 31.
899 2531 1097 2574 sublata,
1129 2529 1301 2574 deleta,
1336 2531 1567 2566 extincta

15 2586 29 2614 ,·
83 2582 167 2611 sunt
189 2577 285 2612 inter
309 2589 350 2612 se
372 2577 502 2612 similia
522 2579 568 2621 9,
590 2579 636 2619 33
657 2577 717 2614 49.
750 2574 754 2581 '

0 2619 317 2686 {Deliberafim
372 2633 614 2668 narrationem
645 2638 827 2679 nunquam
860 2631 973 2680 exigit
1005 2630 1145 2676 privata
1177 2632 1247 2666 del.
1278 2633 1323 2674 3,
1345 2633 1369 2666 8
1382 2657 1394 2674 ,
1419 2634 1483 2674 1Ο;
1520 2643 1568 2666 an

0 2684 21 2716 's'
38 2698 49 2704 ·
81 2678 286 2723 hujumodi
310 2691 369 2714 res
393 2691 512 2725 neque
539 2680 578 2714 in
601 2682 796 2721 laudem,
823 2690 942 2723 neque
967 2677 1006 2712 in
1030 2677 1426 2712 deliberationem
1457 2680 1503 2719 (ι’.
1531 2691 1564 2712 e.

36 2736 42 2748 ¹
83 2736 255 2759 cumam
274 2725 650 2771 deliberativam)
676 2734 737 2761 etc.
761 2726 913 2762 veniunt
934 2727 971 2767 2,
994 2726 1054 2767 21,
1085 2725 1141 2759 18.

11 2765 370 2822 ’.Βθιῦθῐθῑίπδο
412 2794 490 2818 non
509 2783 607 2818 idem
631 2780 1023 2818 demonstrativis
1049 2785 1085 2815 et
1109 2776 1447 2813 deliberativis
1478 2788 1566 2811 cau-

7 2847 15 2861 -.
81 2825 133 2861 sis
154 2827 348 2864 conveniet
371 2830 542 2874 (ον-σιω)
563 2830 608 2875 8,
632 2831 675 2874 3,
700 2832 757 2865 11.
790 2830 862 2865 del.
884 2837 999 2889 genus
1023 2829 1067 2871 2,
1089 2824 1127 2869 4,
1151 2826 1198 2860 25
1223 2841 1271 2851 -
1296 2823 1445 2858 materia
1468 2825 1507 2867 2,
1530 2827 1567 2868 1,

21 2936 26 2939 ,
1109 2891 1155 2928 14
1177 2890 1197 2911 ⁸

2 2936 32 2997 ἐ
