1728 3002
562 281 760 326 Murmur
791 305 842 313 —
875 281 1000 324 Muto
1505 282 1586 320 545

57 397 268 442 murmur·
324 410 414 444 haec
433 419 530 445 vox
551 409 598 444 sit
621 406 761 444 modica
788 412 824 441 et
849 404 961 451 magis
983 416 1184 441 murmur
1211 407 1274 448 11,
1298 407 1332 446 2,
1357 398 1412 439 33.
1436 417 1471 438 v.
1495 405 1589 440 Mu-

138 457 247 491 itus.
278 467 327 490 m.
350 455 527 490 incertum
547 458 589 499 2,
617 457 681 498 11,
704 453 741 488 4.
789 452 1038 499 cogitationem
1067 462 1247 486 murmure
1275 451 1447 498 agitantes
1470 453 1528 495 10,
1552 455 1587 495 3,

57 508 69 514 ’
128 495 168 538 5.
196 501 384 536 summisso
407 513 477 545 m.‚
502 511 573 546 quo
598 501 706 536 etiam
731 499 934 534 debilitatur
954 498 1071 532 omnis
1091 497 1244 532 intentio
1269 500 1324 540 11,
1349 497 1384 540 3,
1407 496 1468 532 45.

55 545 295 590 murmuro·
337 567 385 592 ex
411 568 503 592 sono
533 567 832 592 murmurare
855 554 1020 599 (ductum)
1045 557 1078 598 1,
1099 554 1141 603 AG,
1166 555 1224 590 38.

53 602 499 696 Mxirglzugeregrinus,
525 614 557 649 si
578 624 716 649 murum
739 598 960 656 ascenderit,
986 612 1102 657 capite
1124 612 1290 657 puniatur
1313 614 1349 655 7,
1376 611 1412 655 6,
1436 612 1460 647 6
1484 611 1531 647 N.
1553 624 1588 646 υ.

51 702 167 748 ΜΙΙΒ·
212 723 433 763 praetextam
456 716 494 750 in
517 716 606 751 cista
626 728 744 751 mures
767 725 892 750 rosere
920 713 1061 749 Camilli
1084 719 1222 758 poeta
1245 715 1462 749 incertus.
1489 715 1525 758 8,
1548 716 1583 759 3,

99 765 143 799 19
160 764 209 797 N.
242 764 393 810 exiguus
416 774 495 797 mus
522 765 644 806 Virg.
666 780 712 788 —
734 761 905 796 ridiculus
931 772 978 794 m.
1007 763 1051 794 H
1053 773 1071 793 ο
1082 772 1129 793 ra
1139 767 1163 795 ί.
1186 762 1231 794 ib.
1252 762 1300 795 20
1318 761 1355 794 S.

15 848 17 850 -
51 807 194 851 Musa·
239 833 286 856 m.
308 820 370 854 iua
391 819 524 856 rustica
548 823 584 853 et
605 818 790 862 pastoralis
813 830 887 853 non
914 819 1032 852 forum
1052 818 1182 860 modo,
1205 817 1457 861 verumipsam
1476 817 1584 852 etiam

97 867 223 900 urbem
250 867 458 901 reformidat
487 868 553 908 10,
586 868 625 905 1,
649 865 706 900 55.
748 871 923 912 agrestem
962 863 1062 897 tenui
1092 874 1227 896 musam
1258 863 1439 902 meditaris
1467 875 1584 898 avena

96 925 205 993 3¹:¹23·
218 911 354 993 ἰό9,2ἒ,
376 914 422 948 85
443 913 492 946 N.
532 922 554 944 a
578 909 694 945 Musis
725 912 849 946 abesse
885 915 926 954 1,
951 912 1016 952 10,
1040 912 1099 946 21.
1136 908 1332 952 crassiore,
1359 915 1398 943 ut
1427 916 1581 953 vocant,

50 1000 217 1046 Musca·
263 1013 371 1049 hodie
394 1019 431 1048 te
453 1011 534 1047 istic
557 1023 701 1046 muscae
724 1010 962 1056 comedissent
987 1012 1151 1046 Sicim‘i
1177 1011 1201 1044 d
1209 1013 1345 1044 ictum
1364 1014 1421 1054 11,
1446 1012 1480 1052 3,
1503 1012 1582 1055 129.

51 1057 220 1102 Musica
247 1078 278 1104 et
305 1070 499 1104 Musice.
544 1070 603 1103 De
629 1069 765 1103 musice
789 1072 821 1111 1,
851 1072 907 1109 10,
928 1070 1066 1104 9-53,
1104 1079 1160 1101 ars
1185 1067 1423 1111 pulcherrima
1456 1071 1502 1103 ib.
1527 1071 1583 1103 17.

7 1117 10 1121 ’
97 1116 405 1164 grammatice
428 1116 604 1159 quondam
628 1126 669 1148 ac
698 1115 876 1149 musice
902 1115 1045 1158 junctae
1068 1115 1213 1148 fuerunt
1228 1115 1270 1147 ib.
1286 1113 1582 1159 musice—qnae

97 1173 193 1197 nunc
217 1162 254 1196 in
279 1162 396 1196 scenis
420 1161 637 1203 effeminata,
671 1167 707 1195 et
727 1161 915 1204 impudicis
941 1160 1057 1194 modis
1081 1160 1192 1193 fracta
1223 1161 1264 1191 ib.
1291 1161 1348 1194 31.
1377 1159 1478 1194 civili
1500 1160 1583 1195 viro

97 1207 334 1243 necessariam
356 1207 516 1241 musicen
540 1209 583 1241 ib.
605 1208 662 1241 15.
688 1217 857 1240 munet-os
879 1206 1015 1240 musice
1039 1206 1198 1249 duplices
1221 1205 1331 1238 habet
1352 1207 1395 1239 ib.
1407 1208 1466 1240 22.
1500 1218 1580 1240 mu-

97 1254 191 1288 sices
222 1253 444 1297 disciplinam
477 1255 519 1286 ib.
536 1255 593 1287 15.
630 1253 784 1286 musices
814 1251 962 1286 scientia
991 1254 1034 1286 ib.
1052 1253 1110 1286 33.
1162 1250 1329 1284 Musicen
1351 1256 1487 1285 tantum
1510 1253 1582 1295 iam

95 1300 348 1344 illisfintiquis
377 1298 595 1342 temporibus
610 1305 690 1332 ‘non
714 1297 820 1331 studii
842 1299 951 1331 modo
974 1309 1100 1331 verum
1126 1295 1229 1330 etiam
1254 1297 1496 1332 venerationis
1520 1299 1583 1332 ha-

98 1345 219 1380 buisse
248 1347 292 1380 ib.
311 1346 347 1380 9.
390 1345 548 1378 omnium
571 1343 607 1377 in
633 1343 798 1378 literis
822 1344 1020 1380 studiorum
1052 1342 1331 1386 antiquissimam
1364 1342 1581 1379 Musicen

97 1392 210 1428 fuisse
239 1392 282 1424 ib.
307 1393 363 1425 10.
395 1390 433 1424 in
460 1389 594 1423 musice
620 1392 665 1425 ib.
685 1391 743 1424 23.
780 1389 858 1431 sine
883 1389 1018 1423 musice
1045 1391 1086 1423 ib.
1104 1390 1164 1431 293
1204 1389 1330 1432 Neque
1350 1388 1582 1435 gravissimus

94 1436 134 1478 in
161 1435 342 1471 musica
365 1442 474 1470 sonus
498 1446 565 1469 nec
589 1435 811 1470 acutissimus
837 1439 890 1477 11,
914 1438 948 1478 3,
973 1434 1031 1470 41.
1069 1434 1287 1477 musicam
1312 1434 1380 1468 dici
1404 1436 1440 1478 8,
1463 1438 1499 1476 3,
1522 1435 1581 1470 34.

96 1494 166 1517 nec
186 1482 362 1517 musica
389 1481 454 1525 (sit
478 1481 584 1524 ars);
621 1487 782 1516 cantatur
815 1493 856 1516 ac
889 1483 1037 1515 saltatur
1063 1492 1129 1525 per
1159 1491 1283 1515 omnes
1312 1486 1436 1528 gentes
1461 1481 1580 1526 aliquo

95 1530 204 1563 modo
226 1532 263 1572 2,
289 1531 346 1571 17,
371 1530 426 1563 10.
447 1541 481 1562 v.
503 1527 724 1562 Musteus.

50 1571 258 1616 Musicus.
316 1584 348 1627 Ι)
373 1584 481 1626 Adi..·
514 1583 648 1618 musica
670 1583 760 1618 ratio
782 1594 1011 1623 numerorum
1033 1584 1076 1627 9,
1100 1581 1145 1626 4,
1172 1584 1240 1618 139
1259 1583 1306 1618 Ν.
1345 1593 1395 1617 m.
1419 1583 1518 1618 modi
1546 1587 1580 1626 1,

19 1628 25 1641 '
98 1634 161 1673 10,
197 1629 252 1664 14.
294 1641 363 1664 nec
385 1630 530 1663 musicis
552 1630 647 1664 notis
673 1629 771 1674 (Sp.
799 1630 936 1670 modis)
970 1629 1108 1664 cantica
1129 1629 1287 1672 excipiat
1319 1633 1361 1672 1,
1387 1632 1450 1672 12,
1477 1629 1522 1663 14
1544 1632 1579 1664 S.

77 1689 81 1691 ·
97 1677 187 1710 nihil
214 1688 254 1710 se
277 1683 335 1710 ex·‘
349 1676 538 1709 musicis
557 1676 611 1718 (Ζ.
624 1675 776 1718 musice)
801 1676 905 1718 scire,
930 1676 998 1710 nisi
1020 1675 1197 1709 literas
1215 1677 1256 1708 ib.
1273 1676 1328 1709 18.
1380 1675 1428 1717 11)
1446 1677 1554 1707 διανεί.
1567 1689 1578 1708 .—

97 1724 265 1764 1‚1o,22.
298 1720 448 1763 2,14‚4.
479 1722 662 1763 12,10,68.
692 1728 872 1755 oratorem
901 1732 974 1755 non
997 1722 1107 1754 faciet
1130 1720 1285 1753 musicus
1311 1723 1344 1761 1,
1374 1723 1430 1763 10,
1454 1721 1490 1754 6.
1518 1721 1576 1763 (G.

98 1768 268 1808 Graccho)
290 1767 512 1800 contionanti
536 1766 732 1800 consistens
754 1773 837 1810 post
859 1778 941 1800 enm
963 1766 1120 1802 musicus
1135 1766 1251 1798 fistula
1269 1766 1396 1799 modos
1410 1782 1457 1791 —-
1474 1776 1581 1799 mon-

98 1813 231 1846 strabat
252 1813 297 1844 ib.
332 1814 378 1846 27
401 1816 444 1845 Z.
477 1817 518 1845 ut
551 1811 661 1845 iidem
692 1812 867 1846 musici
896 1817 934 1845 et
957 1818 1091 1847 vates
1118 1817 1155 1845 et
1176 1811 1419 1854 sapientes
1444 1811 1579 1855 judica-

97 1863 223 1892 rentur
243 1858 289 1890 ib.
312 1858 347 1891 9.

52 1902 259 1946 Mustum.
306 1913 409 1946 dulce
431 1922 480 1946 m.
509 1914 550 1946 V
553 1916 629 1956 irg.
657 1915 692 1957 8,
716 1916 750 1955 2,
769 1916 814 1948 10
829 1917 872 1947 Ζ.
902 1925 971 1948 nec
994 1918 1110 1947 musta
1134 1912 1173 1946 in
1195 1913 1277 1946 lacu
1299 1911 1416 1946 statim
1439 1917 1578 1947 austera

97 1960 168 1994 sint
189 1961 226 2001 2,
247 1956 283 2000 4,
306 1958 342 1993 9.

52 2003 253 2047 Mutatio.
305 2013 346 2054 α)
372 2014 472 2055 cuius
497 2013 610 2048 libera
633 2025 680 2048 m.
705 2020 759 2048 est
778 2018 800 2048 7
808 2040 830 2056 ‚s
843 2012 878 2056 4,
902 2017 959 2048 30.
994 2026 1041 2047 m.
1067 2025 1212 2048 casuum
1234 2017 1281 2056 7,
1309 2014 1356 2052 9.
1378 2014 1413 2049 9.
1448 2013 1579 2047 laboris

40 2089 48 2092 .
96 2073 145 2096 m.
167 2064 224 2102 11,
252 2061 285 2100 3,
310 2057 366 2092 44.
408 2071 457 2096 m.
483 2059 663 2093 literarum
687 2064 720 2102 1,
745 2060 778 2096 5.
802 2060 858 2093 16.
887 2062 921 2102 1,
946 2062 982 2101 7,
1007 2062 1061 2093 13.
1094 2065 1292 2103 opportuna
1315 2058 1449 2092 ordinis
1472 2070 1520 2092 m.
1544 2061 1581 2102 8,

96 2108 134 2150 6,
148 2105 205 2140 64.
236 2117 282 2138 m.
300 2105 499 2138 tabularum
519 2106 554 2148 6,
569 2107 607 2147 3,
623 2108 679 2139 92.
715 2102 798 2149 quia
814 2105 1008 2139 verborum
1029 2111 1134 2138 mut.
1163 2115 1289 2139 sensus
1315 2114 1458 2148 quoque
1479 2115 1583 2139 ver-

36 2165 37 2170 ¹
98 2156 224 2187 teret
248 2153 292 2193 9,
320 2154 361 2193 1,
386 2151 442 2184 15.
487 2161 534 2184 m.
559 2151 663 2183 vocis
690 2153 732 2193 1,
757 2151 796 2192 5,
821 2151 877 2184 35.
914 2151 1036 2185 vultus
1059 2162 1107 2184 m.
1139 2152 1185 2192 9,
1213 2152 1256 2192 3,
1284 2152 1374 2191 101;
1413 2155 1470 2192 ut,
1497 2161 1579 2184 cum

98 2197 410 2233 mutationem
436 2207 539 2230 casus
558 2196 706 2236 habeat,
730 2195 836 2230 etiam
860 2195 1086 2230 similiter
1109 2196 1246 2229 desinat
1267 2198 1311 2229 ib.
1325 2195 1382 2230 85.
1409 2195 1580 2230 mutatio-

98 2255 184 2286 nes,
209 2253 294 2286 quas
319 2241 468 2275 afferunt
491 2241 682 2275 declinatio
706 2247 765 2275 aut
793 2241 1008 2285 praepositio
1033 2245 1066 2284 1,
1089 2241 1124 2283 4,
1153 2244 1210 2277 13.
1241 2240 1413 2275 indecora
1434 2240 1478 2274 in
1501 2242 1579 2278 Lat.

99 2298 301 2324 sermonem
323 2298 371 2322 m.
395 2290 441 2330 2,
467 2286 531 2329 14,
554 2286 588 2321 4.
625 2287 664 2320 in
690 2298 798 2321 sensu
821 2289 883 2322 vel
905 2298 1070 2321 sermone
1092 2286 1209 2331 aliqua
1231 2298 1252 2320 a
1273 2285 1412 2332 vulgari
1435 2293 1472 2321 et
1494 2287 1580 2321 sim-

99 2334 184 2380 plici
209 2335 328 2377 specie
356 2343 435 2366 cum
461 2333 599 2367 ratione
626 2333 774 2367 mutatio
805 2334 844 2376 9,
876 2334 915 2376 1,
939 2334 980 2366 11
1008 2345 1041 2366 υ.
1065 2334 1267 2376 Tropus3
1301 2333 1496 2367 mutatione
1519 2344 1580 2367 re-

100 2379 281 2415 creabitur
305 2381 339 2420 1,
366 2381 420 2417 12,
449 2379 484 2412 5.
510 2378 743 2412 varietate
768 2384 804 2412 et
826 2377 1194 2412 mutationibus
1218 2377 1254 2420 4,
1278 2381 1313 2421 2,
1337 2380 1406 2413 118
1428 2391 1462 2412 v.
1496 2379 1579 2413 Va-

56 2446 65 2453 .,
98 2426 260 2460 rietas·
289 2423 439 2468 plurima
462 2423 656 2458 mutatione
682 2425 870 2470 figuramus
894 2426 949 2466 10,
965 2426 998 2465 1,
1013 2427 1069 2458 12.
1088 2437 1122 2458 v.
1139 2423 1371 2467 Adjectio.
1399 2423 1444 2468 β)
1460 2426 1580 2467 figura

47 2504 50 2507 ,
102 2478 162 2504 aut
186 2477 291 2502 status
315 2482 461 2511 camme:¹
489 2469 686 2504 mutatio
724 2469 1163 2504 dissimilitudinem
1193 2470 1349 2504 ostendit
1379 2470 1578 2514 hominum,

99 2527 242 2558 rernm,
268 2515 442 2549 sactorum
467 2513 570 2558 (fig.)
598 2518 639 2557 9,
663 2517 704 2557 3,
728 2517 797 2558 92;
822 2512 1193 2557 ευττιιιλλειικτικὴν
1218 2511 1389 2557 (στάσιν).
1406 2527 1448 2550 ea
1471 2516 1578 2550 fini-

61 2600 64 2603 ,
98 2562 168 2596 tio
195 2566 262 2603 est,
285 2560 551 2594 mutatione
577 2561 672 2594 enim
695 2562 848 2595 nominis
870 2566 1009 2595 constat
1021 2563 1055 2603 3,
1073 2561 1109 2604 6,
1122 2560 1181 2595 47.
1229 2561 1319 2595 Sunt
1341 2562 1403 2605 qui
1421 2558 1577 2596 ‘vnal-

51 2607 71 2644 ἕ,
102 2604 339 2647 instruebar
360 2606 722 2641 translationem
748 2618 828 2642 esse
852 2605 1078 2650 existiment,
1113 2605 1226 2640 secuti
1251 2608 1345 2641 hanc
1368 2608 1578 2642 mutatio·
1627 2607 1629 2610 ’

51 2654 70 2690 ,ξ
97 2652 174 2686 nis
199 2651 492 2698 significationem
515 2654 557 2686 ib.
579 2651 639 2687 48.

109 2717 192 2749 uto·
247 2719 291 2759 α)
336 2719 369 2761 a)
389 2726 527 2754 mutare
551 2720 631 2763 (stili
655 2731 736 2763 opus
760 2721 824 2762 est)
850 2722 905 2760 10,
933 2718 970 2760 4,
995 2723 1027 2754 1.
1050 2731 1083 2753 υ.
1106 2718 1308 2762 Adjicio.
1344 2719 1487 2754 interim
1510 2731 1578 2763 pu-

6 2771 14 2788 *
56 2762 163 2809 ξ’ᾱθῑ
186 2771 321 2799 mutare
344 2766 395 2810 (in
417 2764 590 2809 dictando)
615 2767 672 2808 10,
687 2767 722 2807 3,
739 2766 795 2800 19.
826 2765 886 2798 diu
908 2765 1123 2799 mutantibus
1145 2767 1412 2811 repugnandum
1427 2767 1576 2808 1‚6‚2o.

61 2812 82 2846 J
100 2808 142 2852 b)
167 2812 414 2845 emendare
434 2812 607 2855 quaedam
628 2816 666 2846 et
685 2817 858 2844 mutare
884 2813 946 2852 10,
971 2814 1006 2853 2,
1030 2810 1156 2852 20.-cs.
1180 2814 1214 2854 2,
1234 2812 1270 2853 4,
1296 2815 1350 2845 12.
1381 2823 1473 2856 quae
1498 2822 1576 2845 cum

87 2861 334 2900 -tacceperunt,
361 2862 497 2893 mutare
519 2857 622 2892 nefas
645 2857 779 2892 habent
806 2858 868 2899 12,
891 2857 934 2900 8,
958 2857 992 2892 6.
1016 2868 1050 2893 v.
1071 2856 1285 2892 Affirmo.
1318 2857 1468 2892 omnia
1490 2867 1577 2891 mu-

190 2927 272 2958 Lex.
304 2927 419 2968 Quint.
1257 2925 1303 2959 35
