1728 3002
163 239 245 279 550
631 224 634 227 ³
865 238 1014 298 Neque
1063 257 1068 267 .

210 355 266 394 10,
295 355 350 388 13.
372 352 408 396 4,
433 356 468 396 2,
491 351 598 387 4οΖ.
625 351 720 398 (Sp.
750 364 868 398 neque
893 372 938 379 —-
961 354 1054 398 nec)
1085 357 1131 399 2,
1157 355 1225 399 15,
1251 356 1360 392 372.
1420 354 1463 400 b)
1497 357 1710 392 mtoeeame

208 401 357 441 Negat..-
382 399 421 433 in
448 410 520 443 quo
549 401 682 433 nulla
690 411 804 453 ‚netp
829 400 1006 435 rusticitas
1030 413 1132 446 neq.
1161 402 1396 456 peregrinitas
1418 408 1566 437 resonet
1593 405 1649 445 11,
1672 404 1708 447 3,

208 448 266 480 30.
294 445 339 486 cf.
371 448 435 487 12,
496 449 563 488 ,1.
603 452 642 480 ut
666 446 700 480 ei
724 447 851 480 nihil
878 458 975 492 neq.
999 448 1159 482 subtrahi
1183 459 1282 493 neq.
1307 448 1419 483 inseri
1441 449 1557 492 possit
1582 451 1646 490 11,
1671 452 1707 491 2,

207 490 770 535 37.cs.8,2‚221‚13,5t.
826 475 1706 542 y)seq.nec.·5,6‚..'66‚,4109‚‚288.

208 541 265 581 10,
291 541 324 580 1,
352 538 408 572 80.
439 541 494 581 11,
517 540 552 581 3,
577 542 635 572 22.
663 540 742 573 168
769 540 845 574 181.
880 550 962 583 neq.
989 540 1036 582 (a.
1062 544 1084 574 l.
1110 540 1195 583 nec)
1217 551 1324 575 omne
1347 561 1394 566 —
1416 552 1485 575 nec
1511 540 1546 583 5,
1577 542 1634 583 10,
1659 537 1728 587 811

205 585 254 618 N.
283 597 329 663 cri
359 583 443 627 (Sp.
472 564 591 628 rieque
614 605 661 611 -—
687 585 817 629 neque)
842 588 876 629 2,
905 588 960 628 20,
990 590 1018 619 1.
1048 586 1083 629 4,
1109 588 1167 622 Pr.
1185 589 1217 622 5.
1244 590 1280 630 7,
1297 590 1333 631 7,
1355 587 1376 622 5
1393 591 1437 622 Ζ.
1463 586 1551 631 (ὁρ.
1577 598 1704 621 nec-

206 630 345 672 nec11‚
369 628 443 672 4,4
458 635 503 665 Ζ.
542 642 639 665 ιι3ιιι
662 631 822 675 rhythmi
849 643 996 676 neque
1020 632 1126 666 finem
1146 634 1280 667 habent
1299 639 1456 676 certum,
1482 643 1569 667 nec
1595 634 1705 668 ullam

206 674 244 710 in
268 682 442 718 contextu
464 677 677 711 varietatem
703 679 746 719 9,
770 677 814 720 4,
838 679 894 713 55.
935 690 1035 722 neq.
1069 678 1185 713 enim
1217 680 1320 714 nobis
1353 678 1472 724 operis
1499 689 1604 713 amor.
1625 685 1702 714 est:

194 730 316 765 nec,
354 722 437 767 quia
461 722 507 758 sit
533 725 686 758 honesta
713 724 939 768 eloquentia,
977 724 1110 769 petitur
1132 725 1210 770 ipsa
1240 723 1522 769 1‚12,16.cs.
1548 726 1584 768 9,
1609 723 1645 768 4,
1668 725 1702 761 4.

206 771 272 812 12,
329 770 482 812 ,.35N
503 783 549 809 ον.
586 773 649 813 12,
677 773 738 813 11,
763 773 819 804 27.
868 772 979 815 Neq.
1002 782 1119 805 vero
1145 782 1297 805 —nec
1324 773 1455 814 5,13‚
1483 774 1516 806 1.
1554 782 1705 805 cum—

204 826 309 860 neq.
345 816 478 850 habere
503 816 773 860 dispositionem
800 817 934 860 possit,
971 827 1058 850 nec
1082 817 1296 852 elocutionis
1320 822 1530 852 ornamenta
1551 828 1706 864 magno-

203 873 292 906 pere
316 861 518 904 desideret,
544 868 621 896 aut
645 863 741 897 circa
766 862 976 897 memoriam
1004 868 1040 897 et
1063 863 1387 916 pronuntiationem
1408 865 1544 898 laboret
1564 865 1599 906 6,
1615 864 1652 907 4,
1672 865 1705 900 1.

205 919 296 952 quae
322 919 423 952 neq.
456 908 602 954 augeri,
627 920 716 944 nec
745 909 796 950 (a.
825 913 847 942 l.
875 909 1005 952 neque)
1030 906 1163 952 mium,
1188 921 1273 944 nec
1297 910 1350 952 (α.
1379 914 1403 944 1.
1431 906 1577 954 neque)
1597 910 1728 954 sicutil'

201 954 446 988 modulatione
469 955 601 998 corripi
625 961 696 988 aut
723 954 875 998 produci
899 955 1036 999 possint
1059 957 1105 998 9,
1131 954 1174 998 4,
1197 957 1254 991 89.
1279 954 1325 997 cs.
1355 958 1422 999 12,
1448 959 1492 998 7,
1517 960 1554 990 2.
1594 967 1699 1009 neq.
1722 967 1728 987 1

204 1002 363 1035 delectus
392 1012 522 1045 agere,
550 1012 638 1036 nec
668 1001 788 1044 copias
816 1003 1029 1041 contrahere
1054 981 1199 1046 3ῑΗᾳιιε
1226 1002 1428 1046 instruere,
1453 1012 1535 1035 nec
1559 1002 1728 1047 prospi-'

203 1059 286 1081 cere
314 1053 549 1089 commeatus,
579 1059 663 1081 nec
692 1049 813 1081 locum
838 1059 967 1093 capere
993 1047 1116 1083 castris
1145 1051 1198 1091 12,
1223 1050 1258 1091 3,
1283 1044 1315 1083 5.
1365 1049 1407 1082 In
1435 1047 1558 1100 primis
1583 1057 1702 1083 autem

203 1103 254 1128 ex
283 1092 523 1137 amphibolia,
562 1105 658 1143 neq.
694 1093 756 1127 illa
790 1094 943 1128 obscura
966 1113 1012 1120 —
1038 1105 1060 1127 n
1076 1104 1128 1128 ec
1159 1073 1277 1139 qualia
1300 1096 1411 1140 vulgo
1436 1094 1614 1134 iactantur
1634 1113 1679 1121 —

203 1140 264 1173 Ne
288 1139 350 1173 illa
374 1139 578 1183 quidem,
607 1151 698 1184 quae
725 1139 891 1174 Ciceroni
916 1139 1106 1185 aliquando
1132 1140 1345 1175 exciderunt
1370 1141 1412 1184 6,
1435 1141 1480 1182 3,
1503 1138 1562 1178 47.
1600 1145 1698 1185 neq.

201 1190 285 1230 post
307 1185 511 1219 Lucretium
534 1197 583 1220 ac
606 1187 770 1220 Macrum
792 1185 984 1232 Virgilius,
1010 1197 1093 1220 nec
1117 1193 1198 1230 post
1214 1186 1381 1221 Crassum
1403 1192 1449 1221 et
1466 1186 1701 1221 Hortensium

204 1231 354 1274 Cicero,
388 1233 464 1265 sed
494 1242 580 1265 nec
607 1232 679 1275 illi,
716 1231 777 1276 qni
800 1239 883 1276 post
906 1243 968 1266 eos
995 1233 1143 1266 fuerunt
1180 1235 1272 1277 (Sp.
1295 1233 1350 1267 illi
1373 1237 1498 1277 postea
1517 1231 1700 1276 vicerint)

202 1281 260 1320 12,
289 1280 344 1320 11,
370 1279 414 1310 27
435 1280 478 1311 Ζ.
502 1279 548 1314 Ν.
590 1279 698 1311 Ν3ιιι
723 1289 878 1322 neque
905 1278 970 1321 (sio
997 1282 1047 1312 H.
1071 1280 1106 1311 11
1130 1286 1239 1321 rec!e;
1267 1283 1311 1313 Ζ.
1333 1279 1421 1321 Nec)
1446 1278 1635 1313 comoedia
1658 1279 1699 1313 in

199 1323 397 1358 cothurnos
422 1322 592 1369 assurgit,
618 1334 706 1357 nec
732 1329 902 1357 contra
926 1324 1107 1370 tragoedia
1123 1325 1270 1358 soeculo
1287 1324 1486 1376 ingreditur
1509 1326 1565 1367 10,
1580 1327 1616 1367 2,
1635 1327 1695 1359 22.

200 1370 308 1404 Ν3ιιι
332 1380 431 1413 neq.
459 1347 664 1412 (a.l.i1ec)
689 1370 760 1402 ulla
782 1369 940 1413 quaestio
966 1375 1043 1412 est,
1078 1381 1169 1414 quae
1192 1381 1266 1404 non
1289 1370 1335 1404 sit
1361 1377 1435 1403 aut
1457 1369 1496 1402 in
1518 1381 1582 1413 re,
1616 1378 1696 1405 aut

199 1417 239 1450 in
258 1425 433 1468 persona3
459 1426 560 1458 neq.
587 1414 638 1458 (a.
666 1419 686 1448 l.
714 1425 800 1458 non,
832 1418 877 1448 al.
906 1414 997 1467 nec)
1019 1426 1098 1448 esse
1125 1421 1414 1461 argumentorum
1437 1415 1509 1449 loci
1533 1418 1697 1461 possunt,

198 1461 269 1495 nisi
292 1462 330 1494 in
355 1461 420 1504 iis,
456 1472 547 1505 quae
581 1462 688 1494 rebus
715 1467 774 1494 aut
800 1461 964 1504 personis
991 1461 1174 1495 accidunt:
1213 1472 1364 1506 eaque
1386 1469 1459 1494 aut
1484 1472 1550 1505 per
1573 1473 1613 1496 se
1634 1462 1697 1496 in·

198 1508 288 1561 spici
313 1509 452 1550 solent,
479 1514 554 1540 aut
581 1508 624 1540 ad
656 1506 751 1540 aliud
773 1507 919 1549 referri3
950 1518 1031 1541 nec
1059 1509 1116 1546 (a.
1143 1512 1164 1541 l.
1190 1507 1331 1552 neque)
1358 1509 1431 1541 ulla
1454 1507 1678 1544 confirmatio

196 1553 267 1588 nisi
291 1559 350 1587 aut
374 1565 424 1587 ex
450 1553 774 1597 consequentibus,
802 1559 862 1586 aut
886 1564 934 1586 ex
957 1553 1256 1599 repugnantibus:
1286 1559 1327 1587 et
1350 1555 1456 1587 haec¹
1465 1565 1613 1589 necesse
1638 1565 1696 1589 es

198 1607 274 1634 aui
298 1611 346 1634 ex
370 1599 564 1643 praeterito
590 1606 769 1643 tempore,
796 1607 870 1632 aut
895 1607 956 1633 etc.
982 1605 1134 1652 petere.
1126 1612 1133 1618 ·
1150 1610 1238 1633 nec
1262 1601 1335 1634 ulla
1358 1611 1417 1634 res
1443 1600 1597 1643 probari,
1621 1601 1670 1634 ni
1687 1607 1696 1628 ’ν

190 1658 247 1683 ex
275 1647 343 1680 alia
368 1652 506 1689 potest:
543 1656 672 1689 eaque
695 1645 740 1678 sit
764 1651 906 1688 oportet
931 1653 1009 1678 aut
1034 1646 1164 1698 major,
1192 1653 1279 1678 aut
1291 1653 1362 1679 etc
1384 1647 1428 1689 5,
1451 1647 1494 1688 8,
1517 1645 1542 1679 4
1567 1647 1611 1680 Ν.
1641 1658 1694 1683 cr

195 1692 242 1735 cs.
265 1695 299 1735 3,
320 1695 354 1733 3,
371 1693 405 1730 6.
445 1692 477 1724 Ν
489 1702 555 1735 eq.
580 1691 810 1744 gravissimus
835 1697 986 1724 autem
1006 1690 1046 1725 in
1067 1691 1203 1725 musica
1225 1702 1335 1726 sonus
1358 1690 1442 1726 nec
1467 1691 1671 1727 acutissima

196 1718 419 1773 orationibus
445 1738 617 1772 convenit
642 1739 705 1779 11,
731 1740 774 1779 3,
798 1736 855 1770 41.
891 1738 924 1770 N
934 1748 995 1782 eq
1025 1737 1042 1781 (
1053 1750 1086 1771 a
1112 1742 1132 1772 l.
1162 1735 1247 1780 uec)
1273 1738 1395 1772 enim
1414 1738 1575 1784 vulgaris
1596 1749 1690 1772 esse

193 1797 294 1829 neq.
323 1783 488 1826 humilis,
514 1795 598 1818 nec
625 1783 784 1818 insuavis
809 1789 926 1827 potest
948 1785 983 1827 8,
1008 1784 1042 1826 6,
1068 1786 1101 1818 5.
1158 1780 1192 1826 ὃ)
1226 1794 1294 1829 seq.
1332 1791 1406 1818 et..-
1452 1785 1489 1817 id
1513 1794 1611 1829 neq.
1649 1784 1691 1819 i

194 1831 273 1865 aliis
297 1830 454 1874 partibus
480 1841 604 1873 parum
629 1835 700 1872 est,
739 1835 782 1864 et
806 1829 998 1873 praecipue
1022 1829 1207 1873 prooemio
1230 1829 1402 1865 convenit
1429 1831 1471 1873 9,
1497 1831 1611 1871 2,16.
1652 1848 1654 1850 ’

193 1881 237 1911 ib.
264 1878 322 1912 83.
350 1878 385 1918 8,
412 1877 444 1918 5,
471 1875 526 1910 34.
554 1878 588 1919 9,
606 1875 649 1928 4,
673 1856 730 1911 3’8.
780 1877 884 1909 Nam
906 1887 1006 1920 neq.
1032 1877 1147 1909 solida
1169 1883 1314 1921 atque
1321 1876 1600 1910 robusta-fuerit
1620 1887 1660 1910 ιι
1722 1905 1725 1920 ,

193 1935 302 1969 quam
324 1922 552 1966 eloquentia,
578 1922 647 1955 nisi
672 1929 755 1955 eic..
782 1927 825 1956 et
853 1922 941 1956 citra
963 1921 1129 1956 lectionis
1149 1917 1353 1975 exemplum
1369 1923 1471 1956 labor
1487 1920 1550 1956 ille
1562 1933 1659 1958 care
1678 1958 1682 1962 ,
1722 1926 1724 1958 1

191 1975 335 2004 rectore
358 1968 451 2010 fluit:
493 1968 568 2012 qui
597 1974 745 2002 autem
773 1967 918 2011 scierit,
954 1978 1026 2012 quo
1055 1979 1216 2012 quaeque
1234 1969 1312 2002 sint
1333 1969 1444 2001 modo
1468 1967 1621 2002 dicenda
1668 1999 1678 2012 ,

190 2017 294 2051 velut
317 2014 447 2049 clausis
475 2014 651 2048 thesauris
676 2014 856 2048 incubabit
887 2017 943 2056 10,
970 2018 1002 2057 1,
1026 2017 1060 2047 2.
1107 2014 1197 2048 Sed
1223 2025 1320 2059 neq.
1333 2039 1344 2056 ,
1370 2015 1465 2066 quod
1489 2014 1599 2048 finem
1631 2030 1657 2044 o<

191 2064 253 2096 bet
277 2061 439 2103 similem,
474 2066 527 2095 est
550 2056 823 2101 ὅμοιόνττωτον·
852 2065 898 2094 et
920 2060 989 2093 uti
1005 2071 1088 2104 que
1111 2059 1150 2093 in
1173 2061 1279 2094 eund.
1307 2061 1409 2095 venit
1427 2060 1535 2093 finem
1559 2058 1646 2104 ὁμο,
1674 2088 1679 2092 .
1717 2083 1720 2106 3

190 2105 427 2149 τέλευτον9,
454 2108 496 2149 3,
522 2108 567 2140 78
591 2107 636 2139 N.
663 2105 706 2146 es
740 2109 801 2148 10,
826 2105 872 2148 4,
898 2108 932 2141 3.
971 2118 1068 2150 neq.
1097 2105 1246 2158 ignobili
1275 2111 1322 2142 et
1341 2106 1445 2139 nobis
1470 2105 1601 2140 etiam
1627 2105 1668 2149 jn.

190 2155 310 2188 cundo
335 2163 467 2200 genere
495 2152 764 2186 exercitationis
789 2133 823 2195 2,
839 2152 875 2194 4,
896 2155 956 2189 26.
993 2153 1086 2185 sed
1094 2163 1195 2195 neq.
1220 2151 1358 2186 infinita
1382 2157 1437 2186 est
1451 2169 1506 2175 -—
1527 2157 1572 2186 et
1602 2175 1605 2180 -
1630 2151 1653 2171 ‘-

190 2211 372 2252 quoque
396 2204 489 2232 artes
514 2198 671 2232 minores
694 2199 827 2231 habent
851 2199 1084 2241 multiplicem
1106 2197 1290 2231 materiam
1313 2201 1350 2239 2,
1374 2200 1431 2240 21,
1455 2198 1491 2232 8.
1521 2198 1624 2242 Neq.

190 2246 402 2287 serviamus,
431 2250 477 2279 et
502 2250 632 2279 certe
661 2246 799 2278 nullum
829 2246 980 2278 verbum
1005 2249 1243 2287 permutemus
1267 2244 1303 2286 9,
1328 2223 1475 2287 4,144
1521 2244 1652 2288 Nequ

190 2293 361 2326 defendet
388 2301 512 2325 omnes
530 2296 681 2333 orator,
713 2290 881 2334 idemque
904 2296 1045 2334 portum
1068 2289 1168 2323 illum
1193 2289 1419 2332 eloquentiae
1442 2301 1529 2324 suae
1551 2291 1669 2331 salus-2

187 2349 265 2372 rem
290 2349 364 2372 non
389 2337 495 2371 etiam
522 2336 646 2380 piratis
669 2337 881 2381 patefaciet,
905 2338 1144 2379 duceturque
1168 2336 1205 2369 in
1231 2334 1502 2370 advocationem
1523 2346 1572 2375 m
1594 2363 1596 2366 .
1612 2335 1667 2364 ,ι’

189 2395 296 2417 causa
325 2387 381 2426 12,
405 2386 440 2426 7,
464 2382 510 2424 4,
537 2386 667 2424 negatio
695 2382 895 2424 transfertur
919 2383 966 2415 ad
986 2385 1157 2426 insequens
1183 2389 1242 2415 et:
1269 2383 1332 2416 Ne
1345 2393 1380 2427 q.
1406 2381 1658 2422 enim*0m›1-„

189 2441 312 2463 causas
344 2429 459 2472 novit,
498 2434 540 2462 et
565 2429 670 2462 debet
693 2439 800 2472 posse
825 2429 870 2460 de
894 2427 1059 2462 omnibus
1085 2428 1204 2461 dicere
1236 2431 1280 2471 2,
1303 2429 1448 2471 21,15.
1496 2434 1546 2462 ut
1576 2437 1633 2463 ne

186 2486 426 2519 praepropere
451 2475 690 2521 destringatur
714 2474 900 2507 immatura
923 2476 1043 2516 frons,
1082 2479 1128 2507 et
1151 2473 1323 2517 quidquid
1349 2480 1404 2508 est
1424 2473 1532 2517 illud,
1563 2484 1597 2507 a
1618 2488 1621 2501 1
1642 2473 1657 2499 ι’

187 2521 355 2553 acerbum
379 2522 581 2564 proferatur
610 2524 671 2562 12,
700 2521 740 2562 6,
769 2523 790 2553 2
812 2520 859 2553 V.
886 2527 917 2552 et
943 2521 979 2553 S.
1040 2517 1069 2561 ε)
1107 2521 1326 2563 subjiciuntur
1352 2527 1443 2562 aui,
1477 2523 1568 2553 vel:
1604 2519 1642 2552 ῙΔ

187 2577 287 2608 neq.
314 2572 456 2609 vetera,
492 2572 570 2600 aut
593 2567 784 2606 translata,
818 2570 892 2598 aut
920 2566 1001 2598 ficta
1025 2567 1138 2599 verba
1165 2565 1203 2598 in
1229 2565 1435 2609 incipiendo
1461 2573 1524 2600 etc.
1548 2570 1637 2599 tram

184 2610 314 2652 binim,
341 2623 438 2654 neq.
466 2613 696 2646 decurrentes
721 2617 892 2646 contexto
910 2612 1026 2645 nitore
1050 2612 1218 2645 circuitus
1244 2631 1291 2640 --
1314 2623 1412 2655 neq.
1438 2630 1483 2638 —
1505 2620 1614 2646 nec
1637 2619 1658 2635 ²

187 2659 221 2698 1,
247 2657 269 2690 6
290 2658 336 2690 N.
375 2658 482 2700 Neq.
507 2658 629 2691 enim
652 2657 799 2700 Asiani,
817 2663 899 2694 aut
924 2667 1138 2701 quocunque
1163 2657 1234 2691 alio
1258 2667 1391 2709 genere
1419 2656 1607 2701 corrupti,

185 2712 281 2735 non
305 2702 492 2743 viderunt,
522 2710 597 2737 aut
621 2715 680 2738 eas
704 2715 796 2737 non
821 2705 1112 2738 collocaverunt:
1153 2714 1251 2747 neq.
1276 2702 1374 2736 stulti
1396 2709 1474 2736 aut
1497 2703 1535 2736 in
1566 2718 1589 2731 κ
1612 2738 1615 2746 ,

186 2747 321 2782 caeci
350 2748 514 2780 fuerunt:
541 2750 621 2782 sed
647 2757 707 2782 etc.
726 2751 765 2791 ',8
792 2750 849 2784 Pr.
873 2753 926 2783 17.
968 2760 1070 2793 neq.
1097 2749 1217 2789 enim
1241 2749 1350 2782 habet
1373 2754 1451 2782 aut
1473 2740 1594 2782 usum
1617 2783 1644 2789 „.

183 2793 432 2828 necessitatem
446 2795 538 2835 10,’”
541 2796 621 2835 ,19.
649 2794 761 2839 Neq.
784 2795 900 2828 enim
925 2794 1114 2839 complecti
1143 2794 1279 2836 omnia,
1301 2795 1379 2829 vel
1410 2797 1478 2828 hac
1502 2792 1541 2828 iti
1558 2804 1594 2838 1)

187 2840 268 2876 vel
293 2839 331 2873 in
353 2838 482 2873 ceteris
506 2849 691 2882 possumus
716 2843 831 2884 5,10,
859 2842 1155 2885 31.v.supray.
1206 2838 1244 2882 ζ)
1270 2842 1294 2874 ι’.
1321 2854 1351 2886 q.
1381 2852 1458 2873 ne·
1475 2839 1611 2886 quide
1637 2851 1654 2882 g,

1696 2678 1728 2845 514
