1728 3002
148 261 232 301 730
529 257 862 308 Quaestiuncula
892 282 947 291 -—
981 257 1295 316 Qualiscunque

147 359 492 412 Quaestiuncula.
552 373 676 418 positis
698 373 856 409 invicem
880 374 1121 419 cujuscunque
1144 375 1285 422 generis
1310 381 1445 422 quaest.
1470 381 1515 420 1,
1541 378 1586 420 3,
1616 380 1673 412 11.

146 428 438 480 quaestorius.
485 442 722 488 quaestoriam
746 447 896 477 aetatem
922 445 983 487 12,
1010 443 1054 486 6,
1083 446 1117 478 1.
1442 443 1444 449 '

127 497 373 563 'Quaestu-S·
425 510 464 544 in
487 516 673 556 quaestum
706 510 927 548 notariorum
958 514 1001 555 7,
1037 514 1079 555 2,
1109 510 1169 547 24.
1212 502 1255 548 ¹ut>
1277 513 1428 558 primum
1453 513 1574 561 lingua
1595 525 1674 549 esse

189 562 308 600 coepit
328 567 366 590 ln
391 563 538 602 quaestu
562 559 620 591 Pr.
647 559 704 592 13.

145 611 312 663 qualis·
357 631 598 670 quantum,
629 627 769 671 quale
791 626 1050 677 interrogantes
1074 626 1190 673 gravi,
1222 609 1468 672 comparantes
1494 632 1598 662 acuto
1621 632 1677 662 te-

186 681 278 705 nore
305 671 524 706 concludunt
553 676 584 714 1,
617 674 650 715 5,
682 674 739 707 26.
788 673 824 715 α)
850 685 884 718 q.
901 684 1043 708 causam
1065 673 1122 708 vir
1141 674 1255 709 bonus
1281 674 1451 708 defendat
1478 676 1533 717 12,
1560 677 1595 717 1,
1620 675 1677 708 37.

188 726 278 761 quo
298 718 538 752 translationis
555 727 702 765 genere,
730 719 839 764 quib
852 731 904 753 us
922 719 1055 767 figuris,
1081 719 1294 765 qualibus
1313 719 1497 763 sententiis
1511 721 1544 761 8,
1566 720 1602 762 3,
1619 719 1676 754 41.

189 763 341 809 Quale
365 763 430 799 sit
452 767 488 808 3,
515 767 549 808 6,
574 763 632 800 48.
658 778 690 799 υ.
716 764 796 799 An.
833 765 1024 810 plurimum
1051 771 1105 800 est
1127 765 1165 800 in
1191 777 1256 808 eo,
1281 767 1384 811 quale
1407 766 1453 802 sit
1477 767 1612 801 factum
1639 767 1676 809 7,

187 811 230 853 4,
255 811 312 845 37.
339 813 382 844 ib.
409 813 444 846 3.
491 811 562 846 ita
593 823 632 846 se
658 807 766 846 habet
789 823 952 855 sacrum,
988 813 1128 858 quale
1155 824 1211 858 ap.
1237 813 1435 847 Homerum
1457 823 1600 857 quoque
1624 817 1678 846 est

187 860 230 898 1,
268 856 310 899 5,
343 857 402 892 67.
447 868 526 901 me,
562 859 702 902 qualem
726 869 806 893 esse
829 858 965 902 credit,
996 857 1105 893 faciat
1137 857 1180 902 4,
1217 859 1276 893 Pr.
1308 860 1342 894 5.
1388 860 1484 905 quod
1509 870 1529 893 a
1552 864 1679 892 natura

187 901 341 948 primum
365 909 419 938 est
446 910 576 946 ortum,
603 910 638 938 et
662 906 765 949 quale
787 910 868 939 ante
890 906 1023 940 cultum
1045 904 1172 949 fuit‘9,
1194 903 1230 947 4,
1253 907 1287 939 3.
1332 904 1372 939 in
1396 902 1515 950 parvis
1539 903 1677 946 (rebus),
1726 906 1728 911 “

186 950 310 994 quales
341 955 424 984 sunt
451 951 530 984 fere
561 950 721 996 privatae
757 950 802 992 4,
835 954 880 994 2,
920 953 999 985 117.
1048 951 1163 997 qualis
1190 961 1271 986 esse
1298 961 1423 988 suasor
1452 950 1491 985 in
1521 949 1679 985 consiliis

186 995 340 1040 publicis
364 995 562 1042 privatisve
585 997 718 1042 poterit
742 1000 807 1040 12,
834 999 875 1035 3,
905 1000 935 1031 1.
972 996 1016 1040 cs.
1039 1001 1080 1041 7,
1108 999 1154 1041 3,
1178 1000 1237 1034 20.
1282 998 1360 1031 laus
1384 1008 1426 1032 ac
1447 995 1677 1040 vituperatio,

186 1043 292 1087 quale
315 1042 362 1076 sit
385 1042 562 1088 quidque,
599 1044 815 1078 demonstrat
845 1045 890 1087 3,
923 1042 968 1087 4,
1001 1041 1056 1078 14.
1086 1043 1129 1085 cs:
1158 1046 1217 1081 7.*
1234 1041 1282 1086 4,
1320 1042 1376 1077 24.
1424 1043 1594 1077 utendum
1619 1041 1677 1084 iis,

187 1088 306 1133 qualia
333 1094 415 1123 sunt
441 1090 486 1134 8,
510 1090 551 1132 6,
577 1089 635 1123 63.
670 1089 714 1132 cs.
750 1093 812 1132 11,
838 1091 878 1132 3,
905 1093 951 1132 2;
990 1090 1132 1137 fulgor,
1160 1089 1319 1137 qualis
1343 1094 1398 1124 est
1422 1089 1512 1124 ferri
1533 1109 1580 1116 --
1602 1098 1678 1122 ιιοιι

187 1135 338 1179 qualis
370 1135 448 1170 auri
473 1136 707 1184 argentique,
734 1135 886 1178 imbellis
912 1138 975 1179 10,
1000 1140 1042 1178 1,
1067 1138 1125 1170 30.
1151 1135 1196 1178 cs.
1216 1138 1268 1179 2,
1294 1134 1341 1179 4,
1366 1138 1424 1171 27.
1458 1137 1506 1178 2,
1534 1135 1597 1179 16,
1623 1135 1678 1169 16.

184 1182 302 1214 soluta
324 1181 440 1215 oratio
463 1202 509 1208 —
534 1183 647 1227 qualis
668 1182 708 1216 in
731 1192 896 1217 sermone
921 1187 956 1216 et
982 1182 1144 1228 epistolis
1165 1183 1210 1223 9,
1235 1181 1280 1226 4,
1306 1183 1362 1218 19.
1403 1180 1450 1223 ‹J-
1479 1185 1527 1224 7,
1551 1183 1595 1229 1,
1620 1182 1677 1215 15.
1699 1207 1704 1209 μ

185 1225 348 1271 (syllaba)
372 1227 606 1272 brevissima,
644 1229 757 1273 qualis
783 1228 860 1272 ipsa
888 1233 982 1264 esset
1015 1229 1060 1271 9,
1098 1227 1141 1271 4,
1173 1229 1231 1264 86.
1274 1229 1366 1263 altae
1388 1227 1537 1271 mentis,
1558 1226 1678 1275 ,qualis

184 1283 343 1307 amorem
367 1273 569 1318 quicunque
593 1274 730 1309 alienus
752 1275 873 1308 infans
896 1281 1094 1310 mereretur
1124 1275 1169 1317 6,
1199 1275 1258 1309 Pr.
1284 1277 1318 1310 7.
1365 1273 1505 1317 virum,
1537 1273 1678 1320 qualem

183 1319 282 1352 nulla
317 1325 421 1354 antea
457 1325 617 1354 vetustas
654 1320 828 1367 cognovit
862 1323 926 1363 12,
959 1324 1003 1363 1,
1037 1320 1095 1355 25.
1141 1331 1305 1363 carmen,
1342 1321 1448 1364 quale
1479 1318 1678 1355 victoribus

183 1365 353 1408 componi
386 1366 478 1399 solet
516 1369 582 1408 11,
619 1368 662 1409 2,
703 1369 759 1400 11.
806 1377 932 1399 manus
969 1366 1111 1400 sinistra
1145 1365 1261 1410 (sit),
1299 1367 1439 1410 qualem
1471 1376 1578 1409 supra
1613 1365 1679 1398 de·-

182 1410 380 1447 monstravi
412 1414 453 1445 11
467 1437 477 1452 ‚
507 1413 551 1454 3,
587 1413 668 1448 159.
712 1422 856 1456 pressae
888 1411 959 1454 ini,
997 1411 1112 1456 qualis
1143 1411 1284 1456 saepius
1317 1411 1558 1453 desideratur,
1593 1421 1679 1444 nar-
1702 1413 1728 1430 >⁴

181 1457 334 1492 rationis
359 1457 544 1504 gracilitati
582 1457 628 1500 4,
659 1459 703 1500 3,
738 1460 772 1492 2.
818 1458 940 1502 quales
974 1455 1199 1501 (sententiae)
1222 1453 1445 1501 'frequenter
1471 1457 1515 1490 ab
1544 1455 1589 1491 iis
1622 1456 1676 1490 di-

183 1509 312 1538 cuntur
345 1505 388 1547 8,
423 1506 467 1546 5,
499 1507 534 1538 7.
580 1514 680 1546 vox,
714 1502 827 1549 qualis
859 1504 985 1537 dolore
1017 1502 1230 1547 exprimitur
1258 1505 1294 1537 11
1313 1529 1325 1547 ,
1355 1505 1402 1544 3,
1432 1504 1490 1538 90.
1538 1514 1558 1536 a
1588 1502 1676 1536 tali
1718 1539 1722 1542 .

182 1550 302 1584 animo
334 1549 582 1594 proficiscatur
613 1549 750 1593 oratio,
789 1551 976 1594 qualem
1008 1550 1129 1583 facere
1154 1548 1310 1592 judicem
1338 1549 1440 1591 volet
1466 1548 1510 1591 6,
1541 1551 1586 1591 2,
1618 1552 1677 1583 27.
1715 1551 1719 1558 ”

181 1609 214 1630 v.
241 1597 386 1634 Talis.
422 1597 519 1630 nulla
543 1596 588 1630 sit
612 1607 694 1640 ars,
726 1595 840 1640 qualis
865 1595 1013 1629 inventa
1036 1600 1090 1629 est
1120 1597 1186 1637 10,
1215 1597 1269 1638 >2,
1302 1596 1336 1630 8.
1383 1605 1502 1640 neque
1522 1594 1586 1628 illa
1610 1595 1677 1629 ob-
1723 1593 1725 1599 '

183 1654 308 1685 scura,
345 1653 463 1687 quae
496 1641 654 1677 Atellani
677 1653 698 1677 e
721 1653 822 1677 more
848 1646 1009 1686 captent,
1042 1651 1110 1675 nec
1136 1641 1296 1685 qualia
1318 1641 1430 1696 vulgo
1455 1641 1632 1685 jactantur
1655 1652 1677 1674 a

181 1689 358 1724 vilissimo
383 1699 526 1733 (suoque
560 1689 605 1732 6,
644 1691 684 1731 3,
714 1688 760 1723 47
784 1691 827 1722 Ζ.
875 1687 967 1730 loci,
991 1689 1113 1731 quales
1135 1686 1286 1734 legimus
1309 1698 1331 1721 a
1354 1685 1432 1722 Cic.
1459 1687 1678 1732 compositos

181 1739 227 1778 2,
263 1738 302 1778 1,
339 1738 393 1769 11.
443 1736 591 1770 deorum
623 1741 730 1780 atque
757 1736 908 1769 heroum
933 1733 1094 1780 effigies,
1131 1733 1256 1779 quales
1284 1733 1329 1767 ab
1353 1743 1399 1768 eo
1421 1737 1505 1767 sunt
1525 1732 1678 1767 traditae
1717 1739 1719 1741 ’

182 1785 245 1825 12,
283 1783 349 1824 10,
378 1781 413 1816 5.
459 1782 645 1817 vasculum
669 1781 882 1825 aliquod,
918 1781 1054 1825 quale
1078 1778 1422 1826 nunquamjviderat
1448 1781 1496 1821 ⁷,
1532 1781 1600 1822 10,
1632 1779 1676 1821 9;
1712 1816 1714 1818 ,

182 1827 337 1873 [quale
362 1827 397 1861 si
420 1827 455 1869 6,
475 1831 510 1872 1,
531 1828 576 1862 36
594 1840 627 1861 υ.
647 1825 819 1873 Quasi]
846 1826 891 1871 β)
908 1828 943 1859 in
961 1829 1116 1870 exemplis
1138 1827 1404 1869 introducendis.-
1428 1823 1608 1859 interdum
1645 1839 1655 1855 ι

180 1874 421 1921 pugnantibus
443 1874 538 1908 inter
554 1885 593 1908 se
613 1874 762 1916 duabus,
789 1873 892 1918 quale
908 1877 961 1906 est
975 1871 1335 1916 imperterritus
1355 1874 1390 1916 1,
1410 1871 1445 1916 5,
1463 1871 1562 1907 652.
1579 1870 1623 1912 ej:
1640 1873 1663 1905 3
1678 1904 1680 1906 .

181 1922 227 1962 6,
259 1919 317 1955 41.
354 1922 398 1964 3,
434 1923 500 1963 11,
532 1920 568 1955 6.
607 1922 650 1963 5,
683 1923 748 1962 11,
772 1918 830 1956 41.
877 1919 982 1964 quale
1006 1924 1061 1952 est
1082 1918 1357 1953 Demosthenis:
1387 1919 1471 1952 Non
1494 1912 1590 1951 enim
1614 1924 1665 1966 epe
1699 1948 1704 1951 .

182 1970 222 2010 5,
250 1965 316 2009 14,
340 1965 375 2000 4.
415 1966 460 2009 cs.
493 1967 538 2010 6,
569 1968 613 2010 3,
637 1967 695 2002 95.
732 1967 775 2010 8,
800 1967 846 2008 3,
873 1966 929 1999 82.
977 1966 1081 2009 quale
1107 1963 1221 1999 Cassii
1244 1965 1288 2008 8,
1314 1966 1358 2007 3,
1382 1964 1442 2000 89.
1480 1975 1515 2008 q.
1538 1969 1593 1999 est
1619 1974 1664 2007 ap
1701 1994 1710 2016 ι

181 2013 375 2060 Virgilium
396 2013 442 2056 6,
466 2015 508 2056 2,
535 2015 592 2046 22.
639 2025 674 2058 q.
699 2023 755 2057 ap.
782 2012 933 2045 Brutum
957 2011 1002 2045 de
1027 2010 1198 2045 dictatura
1218 2009 1285 2049 Cn.
1314 2008 1476 2055 Pompeii
1498 2011 1532 2052 9,
1557 2011 1592 2052 3,
1618 2009 1641 2044 9
1706 2020 1709 2026 ·

183 2072 218 2104 q.
243 2070 310 2104 pro
335 2059 481 2106 Ligario
506 2061 550 2102 5,
576 2057 639 2103 14,
665 2061 698 2093 1.
747 2059 866 2092 Unum
889 2056 1160 2099 (barbarismum)
1181 2055 1383 2101 accepimus
1404 2061 1524 2103 gente,
1547 2056 1670 2101 qual

180 2105 267 2148 fit,
305 2105 335 2139 si
359 2105 439 2150 quis
464 2104 593 2139 Afrum
618 2123 661 2133 -
685 2104 832 2138 Latinae
861 2102 1015 2138 orationi
1047 2114 1179 2137 nomen
1201 2103 1337 2139 inserat
1370 2105 1414 2146 1,
1449 2101 1492 2145 5,
1523 2103 1568 2144 ὃς
1604 2111 1669 2135 no
1708 2111 1709 2114 ’

182 2158 302 2186 tamen
326 2152 489 2197 qualia
513 2151 633 2194 dicto,
670 2152 840 2195 factoque
873 2152 913 2192 1,
950 2150 990 2192 4,
1021 2151 1079 2184 29.
1115 2148 1160 2191 cf.
1188 2150 1234 2193 8,
1257 2149 1301 2192 6,
1327 2149 1386 2184 65.
1431 2147 1548 2193 qualia
1571 2151 1653 2182 sunt
1726 2142 1728 2152 '

181 2199 261 2233 Imo
286 2199 331 2233 de
360 2197 470 2242 stirpe
495 2196 670 2240 recisum,
708 2203 744 2232 et
768 2205 829 2230 etc.
867 2198 909 2238 1,
943 2196 985 2238 6,
1017 2197 1051 2230 2.
1097 2194 1214 2240 qualia
1241 2200 1324 2229 sunt
1344 2193 1656 2238 jurisconsultum

184 2247 250 2287 11,
274 2247 318 2288 2,
342 2243 399 2280 41.
447 2243 564 2290 qualia
590 2254 704 2288 nuper
728 2243 821 2278 Iunii
845 2241 949 2275 Bassi
980 2242 1023 2284 6,
1058 2243 1102 2284 3,
1138 2243 1195 2277 27.
1230 2241 1276 2282 cs.
1309 2241 1353 2284 9,
1378 2239 1425 2284 4,
1448 2242 1534 2283 137;
1571 2239 1655 2284 qual
1699 2254 1706 2265 ·

183 2291 272 2323 illud
302 2297 377 2334 est,
415 2289 632 2334 Respondit,
672 2300 765 2335 quae
800 2287 834 2323 ei
870 2288 990 2323 visum
1027 2292 1082 2320 est
1114 2285 1160 2330 4,
1192 2290 1236 2330 2,
1272 2287 1330 2321 67.
1368 2285 1417 2328 cs.
1446 2289 1491 2320 ib.
1528 2287 1608 2320 121.
1648 2302 1661 2315 ιἸ
1703 2283 1705 2292 ‘

185 2338 346 2381 Quare.
382 2336 496 2382 qualis
520 2341 573 2371 est
597 2336 658 2370 ille
687 2348 743 2380 ap.
766 2336 820 2369 Μ.
849 2333 1007 2368 Tullium
1031 2333 1136 2377 pusio
1167 2334 1212 2377 8,
1243 2334 1284 2375 3,
1316 2334 1374 2366 22.
1407 2330 1454 2374 cf.
1480 2333 1527 2376 9,
1553 2329 1594 2375 4,
1635 2366 1639 2369 Α

137 2709 470 2768 qualiscunque·
517 2713 764 2771 qualecunque
795 2727 858 2769 id,
895 2727 992 2771 quod
1022 2726 1132 2759 modo
1165 2735 1205 2758 se
1243 2721 1315 2766 ipsi
1347 2731 1452 2765 posse
1486 2721 1588 2753 d-n·
1623 2734 1629 2740 >

188 2771 249 2807 12,
290 2771 351 2811 10,
387 2771 446 2804 75-
493 2772 690 2805 humanitas
728 2773 988 2816 qualiacunque
1022 2769 1188 2805 laudandi
1221 2771 1267 2810 2,
1298 2769 1340 2809 2,
1376 2769 1433 2803 10.
1479 2768 1551 2801 hoo
1614 2783 1617 2794 ·

189 2813 379 2849 discrimen
402 2826 483 2849 raro
507 2817 698 2851 admodum
721 2818 841 2853 evenit
873 2821 937 2861 11,
973 2820 1011 2860 1,
1044 2815 1098 2850 14.
1148 2820 1201 2848 est
1224 2814 1376 2857 jucunda
1404 2824 1446 2847 ac
1468 2814 1559 2849 saw»
1575 2828 1585 2842 2-
1604 2811 1635 2844 ι’.
