1794 2976
675 215 682 220 ‘
703 209 909 266 Utrinque
1480 214 1557 255 931

290 323 321 360 is
344 328 383 369 2,
402 327 436 366 1,
465 327 521 360 12.
554 324 600 367 ql:
626 327 680 364 12.
703 327 739 367 2,
769 325 802 359 5.
829 330 971 358 utemur
993 328 1069 358 arte
1091 320 1232 358 aicendi
1259 326 1315 368 12,
1342 327 1376 368 1,
1400 324 1458 360 41.
1482 337 1560 360 mu-

17 392 38 406 -.
70 386 82 409 ,ι
215 371 418 406 nevo'lenfia
438 376 558 406 utetur
583 374 643 415 12,
669 374 703 411 7,
729 373 783 404 12.
810 377 887 405 erat
908 381 993 405 usus
1016 370 1224 405 commilitio
1247 372 1499 406 Thessalorum
1528 375 1561 413 5,

27 410 142 460 «311Ἳο,-
167 420 246 451 111.
272 418 382 461 index
404 417 615 452 condicione
642 428 728 451 usus
751 423 806 451 est
832 417 883 460 (11.
902 429 930 450 e.
958 429 1046 449 eam
1071 415 1258 460 accepit)
1280 417 1322 460 9,
1346 421 1388 460 2,
1418 419 1475 453 95.
1501 420 1562 463 qni

81 467 201 499 utanu-
221 459 282 497 illa
303 464 528 498 confessione
553 466 609 507 11,
634 466 666 506 1,
692 462 750 496 44.
776 474 860 496 usus
883 463 1022 497 Horatii
1047 462 1197 497 consilio
1220 463 1285 507 Ep.
1311 464 1354 497 ad
1377 465 1513 508 Tryph.
1530 469 1563 499 2.

82 509 129 551 eff.
155 508 199 550 4,
227 510 270 552 5,
294 512 441 555 20.,,12,
465 513 500 553 7,
524 513 558 544 7.
583 509 864 543 contradictione
886 508 938 542 uti
963 511 1003 551 5,
1028 510 1093 552 13,
1116 509 1174 543 45.
1199 508 1249 542 uti
1274 508 1325 542 eis
1351 510 1469 553 (copiis
1492 515 1563 544 elo-

82 556 253 600 quentiae)
276 558 318 599 7,
341 558 408 599 10,
432 558 486 590 15.
509 555 684 591 divisione
709 556 774 588 hac
796 554 927 589 utimin-
951 558 1007 595 11,
1031 558 1065 596 1,
1094 558 1150 588 12.
1180 555 1380 598 perniciosa
1408 556 1462 589 usi
1485 557 1563 590 elo-

26 612 29 613 ’
82 601 229 645 quentia
254 604 296 644 2,
323 602 388 644 16,
410 600 444 636 4.
469 607 547 640 utar
572 602 735 644 exemplo
759 604 795 643 7,
819 603 857 643 3,
882 602 939 635 30.
966 599 1011 641 qs.
1035 604 1078 642 7,
1107 604 1149 642 2,
1175 604 1218 635 17
1240 603 1275 634 S.
1304 602 1562 636 exercitatione

82 651 203 681 utetur
225 645 327 681 ouini
347 650 411 689 12,
434 650 477 690 2,
501 650 557 682 27.
583 647 629 689 cs.
656 650 711 690 10,
737 650 771 690 7,
799 649 855 681 27.
887 649 943 689 11,
968 649 1003 692 2,
1027 647 1083 681 26.
1111 646 1210 680 salsis
1232 646 1343 680 utitur
1364 650 1400 689 2,
1428 651 1483 690 17,
1506 650 1561 686 19.

81 697 133 727 ut.
156 692 300 727 fictione
323 695 365 734 5,
394 695 453 734 10,
477 693 534 728 97.
559 693 605 734 cs.
631 696 687 735 11,
714 696 746 733 1.
770 694 827 727 39.
854 702 925 736 quo
951 693 1030 725 solo
1054 703 1186 738 genere
1214 693 1561 727 exercitationisdi-

82 737 280 774 citur-usus
304 749 383 772 esse
408 741 464 779 10,
493 741 527 780 5,
545 737 583 772 ’4.
609 738 654 779 cs.
686 741 741 776 11.
766 741 798 774 1.
825 741 879 771 12.
915 741 969 779 12,
994 739 1050 771 Pr.
1075 737 1109 772 4.
1145 744 1247 785 gestu
1274 749 1359 772 usos
1386 750 1465 773 esse
1491 739 1561 773 alio

60 785 140 826 ’11,
160 785 199 826 3,
227 786 307 820 138.
331 790 371 817 111
398 784 687 827 interpretatione
711 783 830 830 Valgii
856 789 935 817 utar
961 786 993 818 3.
1022 785 1057 826 5,
1082 786 1138 818 17.
1167 795 1239 818 11011
1262 790 1302 818 ut
1327 795 1393 819 nos
1420 786 1562 819 illorum

81 835 223 876 utgniur
242 829 398 864 inventis
423 831 463 873 5,
489 833 554 873 10,
576 831 631 866 69.
655 831 827 870 maiorum
850 831 954 864 laude
978 829 1029 863 uti
1055 832 1099 869 (i.
1127 843 1156 864 e.
1184 843 1256 864 eos
1279 831 1502 874 laudare)
1526 832 1563 874 6,

82 875 119 921 5,
172 871 276 909 ΖΑ113113
297 882 350 909 est
374 877 442 910 1130
464 876 624 910 libertate
646 878 682 919 8,
702 877 737 919 6,
757 878 812 910 30.
842 887 958 919 neque
982 875 1156 909 Lucilium
1181 878 1260 910 ead.
1286 876 1422 919 (litera)
1441 877 1562 910 ultima

79 930 110 966 ξ
151 912 192 964 9,
215 920 255 964 ’4,
279 923 335 956 38.
360 922 413 955 uti
435 921 659 956 miseratione
682 922 718 964 6,
744 926 776 963 1,
801 924 857 956 20.
882 923 992 955 utitur
1014 924 1082 956 hac
1102 922 1347 956 moderatione
1367 926 1421 964 11,
1448 927 1480 965 1,
1503 924 1560 957 68.

79 966 227 1000 fiumina
249 967 433 1008 feminina,
459 967 589 1012 quibus*
609 979 724 1001 mares
753 973 899 1001 utuntur
923 971 955 1010 1,
985 970 1018 1007 5,
1042 967 1098 1002 34.
1125 968 1370 1002 occasionibus
1394 970 1563 1003 utendum

16 1047 18 1050 ,
71 1012 119 1055 9,
139 1011 176 1054 4,
206 1014 283 1047 117.
306 1022 382 1057 11011
405 1013 549 1048 videtur
570 1025 655 1047 usus
679 1025 757 1047 esse
781 1013 933 1047 oratoris
957 1013 1078 1047 officio
1105 1017 1135 1054 1,
1165 1014 1300 1063 10‚,47.
1327 1015 1562 1056 oratiuncula,

82 1069 152 1102 qua
179 1069 264 1096 113113
295 1058 415 1101 03174,
439 1061 480 1101 3,
508 1063 563 1094 17.
598 1060 717 1093 multis
749 1065 896 1092 utuntur
928 1065 962 1093 el
994 1059 1103 1094 variis
1127 1060 1313 1102 (personis)
1344 1063 1409 1103 11,
1438 1064 1478 1098 1.
1503 1062 1560 1095 38.

80 1097 414 1147 precibusfutun’tur
436 1104 488 1148 (ιι.
518 1109 540 1138 1.
566 1104 743 1148 nituntur)
770 1107 811 1148 5,
842 1107 906 1147 13,
935 1106 969 1140 5.
994 1105 1158 1150 quotiens
1184 1106 1368 1149 prooemio
1392 1105 1563 1140 fuerimus

78 1150 138 1183 usi
157 1147 203 1190 4,
233 1153 249 1184 1
264 1173 275 1191 ,
298 1151 355 1184 76.
388 1150 590 1194 proverbiis
619 1151 671 1184 uti
695 1153 740 1193 9,
762 1153 806 1193 2,
831 1150 916 1191 104.
941 1161 986 1199 eo
1018 1151 1176 1185 remedio
1207 1157 1326 1185 utatur
1350 1154 1413 1193 11,
1437 1155 1480 1195 2,
1503 1153 1562 1189 29.

79 1194 316 1239 respiratione
338 1201 485 1230 utuntur
507 1198 547 1239 9,
572 1195 615 1239 4,
639 1198 697 1231 67.
724 1206 847 1230 eorum
872 1207 1035 1230 sermone
1061 1203 1218 1231 utentem
1245 1201 1284 1237 1.
1312 1198 1352 1240 5,
1377 1198 1434 1232 36.
1458 1197 1501 1239 cf.
1530 1203 1564 1240 1,

79 1241 125 1283 6,
140 1242 188 1284 Q.
206 1242 275 1275 hac
296 1241 523 1283 similitudine
548 1243 657 1276 utitur
680 1244 725 1283 3,
754 1245 796 1284 1,
820 1241 854 1275 4.
878 1242 1004 1275 mediis
1029 1245 1198 1276 utendum
1223 1242 1322 1277 sonis
1352 1246 1414 1286 11,
1438 1245 1480 1284 3,
1501 1242 1560 1276 42.

78 1286 302 1331 hocyerbo‘
313 1298 399 1321 usus
428 1299 544 1322 essem
568 1290 606 1330 1,
630 1290 671 1329 6,
699 1290 756 1321 10.
785 1286 830 1328 cs.
856 1290 889 1330 1,
918 1289 958 1331 5,
983 1289 1039 1322 58.
1066 1291 1127 1330 10,
1151 1291 1187 1331 1,
1207 1290 1264 1323 86.
1289 1295 1340 1322 ut·
1355 1288 1476 1323 verbis
1501 1288 1563 1322 Ci-

78 1331 221 1378 ceronis
242 1338 324 1366 utar
348 1335 380 1376 1,
405 1336 465 1370 10.
494 1334 548 1369 19.
577 1332 620 1374 cs.
650 1333 707 1367 25.
732 1335 776 1375 8,
804 1335 848 1375 3,
872 1332 929 1367 34.
954 1333 1070 1367 media
1091 1334 1171 1376 via,
1197 1346 1267 1379 qna
1289 1334 1399 1368 utitur
1424 1333 1499 1369 Cic.
1524 1337 1560 1375 7,

78 1378 115 1420 3,
141 1380 198 1412 17.
228 1377 275 1420 cs.
303 1380 361 1421 11,
385 1381 419 1420 1,
441 1379 500 1414 61.
527 1379 587 1423 qui
608 1377 706 1413 vitiis
728 1384 875 1412 utuntur
896 1380 941 1419 8,
965 1381 1006 1422 3,
1030 1383 1064 1414 7.
1095 1379 1139 1421 cs.
1165 1382 1209 1422 2,
1236 1384 1292 1423 17,
1314 1381 1371 1415 26.
1395 1379 1561 1415 advocati

75 1431 174 1459 Nuce
195 1424 248 1457 nti
274 1427 329 1467 11,
356 1427 390 1466 1,
419 1425 482 1468 593
518 1427 752 1467 antegerio
780 1435 886 1458 nemo
911 1424 979 1458 nisi
1001 1426 1207 1459 ambitiosus
1233 1431 1351 1460 utetur
1375 1427 1417 1469 8,
1442 1428 1477 1469 3,
1503 1426 1560 1465 25.

78 1471 134 1507 uti
165 1466 395 1514 ἐπιδιηγῆσει
420 1470 465 1513 4,
489 1473 533 1513 2,
558 1472 647 1511 128,
691 1483 720 1504 c.
745 1473 826 1504 binis
849 1473 1002 1504 Ablaim
1037 1482 1119 1504 cum
1151 1473 1262 1506 altero
1296 1483 1361 1506 suo
1393 1472 1438 1505 sit
1464 1483 1561 1514 usus,

80 1511 230 1548 alfei-um
253 1517 298 1548 ab
320 1516 525 1549 adversario
549 1516 727 1559 acceperit
748 1518 784 1557 9,
810 1518 846 1558 3,
873 1518 930 1550 73.
954 1515 1176 1561 μετάληψιν,
1202 1528 1272 1561 quo
1296 1524 1388 1551 313111
1410 1519 1565 1551 Herma-

39 1565 43 1567 *
80 1569 188 1604 goras
211 1557 324 1593 utitur
346 1562 388 1602 9,
414 1563 462 1602 2,
483 1561 550 1594 106
574 1562 622 1594 Ν.
651 1570 734 1603 003,
758 1561 885 1604 quibus
909 1567 984 1594 erat
1006 1562 1225 1603 adjutoribus
1258 1575 1343 1596 usus
1374 1562 1414 1596 in
1443 1562 1561 1606 oppri-

78 1604 211 1641 menda
227 1605 478 1648 conjuratione
502 1608 566 1647 11,
593 1608 639 1648 1,
665 1607 720 1640 18.
768 1605 814 1649 y)
841 1606 912 1647 adj.
938 1609 1137 1648 Praepositi.
1177 1607 1222 1650 a)
1244 1607 1293 1641 in
1311 1619 1357 1645 re
1381 1607 1560 1643 invidiosa

79 1649 171 1697 legis
197 1650 333 1689 auxilio
362 1657 416 1685 est
441 1662 528 1684 usus
551 1651 595 1694 6,
621 1651 667 1694 5,
689 1651 724 1685 9.
754 1650 804 1684 in
836 1651 962 1695 quibus
986 1658 1092 1695 poeta
1114 1663 1268 1696 persona
1297 1665 1360 1687 sua
1382 1659 1501 1688 utetur
1526 1657 1560 1696 1,

78 1696 122 1736 8,
147 1697 182 1730 3.
207 1695 253 1737 qs.
276 1698 322 1738 9,
345 1695 388 1737 4,
416 1698 495 1732 133.
522 1699 586 1739 10,
610 1699 654 1740 1,
678 1698 738 1730 33.
762 1699 828 1738 12,
855 1700 920 1739 11,
946 1701 977 1731 1.
1004 1697 1129 1741 quibus
1154 1699 1330 1743 exemplis
1361 1699 1408 1733 in
1431 1700 1561 1733 aliud

78 1752 167 1781 113113
188 1753 266 1775 mm
288 1744 331 1784 9,
354 1744 400 1784 3,
423 1743 470 1777 67
491 1743 539 1776 Ν.
565 1753 634 1786 qua
663 1743 716 1776 de
741 1753 782 1776 re
805 1748 884 1775 utar
912 1742 1097 1777 Ciceronis
1127 1745 1351 1788 potissimum
1382 1746 1503 1781 verbis
1525 1746 1560 1788 9,

79 1784 129 1829 4,
159 1788 217 1821 37.
259 1788 410 1831 pedibus
442 1788 493 1821 ad
528 1788 620 1821 hanc
656 1793 815 1821 naturam
851 1789 1126 1823 accommodatis
1154 1796 1297 1824 utentur
1323 1792 1370 1833 9,
1402 1791 1449 1834 4,
1472 1793 1559 1829 1135.

79 1831 122 1874 b)
155 1832 266 1866 utitur
295 1834 454 1877 pluribus
482 1843 565 1877 pro
599 1844 674 1867 uno
700 1834 743 1876 9,
772 1837 814 1875 1,
840 1835 875 1869 6.
908 1835 998 1868 locis
1025 1846 1105 1878 pro
1131 1847 1233 1878 cera,
1261 1834 1456 1870 simulacris
1478 1847 1560 1880 pro

79 1877 355 1912 literis-utamur
382 1882 445 1921 11,
470 1881 516 1921 2,
541 1881 596 1912 21.
623 1879 669 1920 os.
692 1880 735 1922 9,
758 1881 794 1921 3,
820 1880 854 1915 9.
880 1881 934 1915 19.
983 1877 1031 1923 δ)
1058 1882 1128 1923 adj.
1154 1884 1478 1925 Adverb..·‹poetae
1500 1892 1561 1916 so-

80 1923 161 1957 lent·
179 1924 378 1958 abusive
406 1924 457 1957 in·
491 1923 547 1958 his
577 1925 707 1967 rebus,
744 1925 870 1968 quibus
893 1926 1037 1960 nomina
1062 1939 1125 1960 sua
1151 1933 1254 1969 sunt,
1292 1928 1423 1962 vicinis
1446 1929 1562 1972 potius

80 1968 220 2012 11118,
242 1969 286 2012 6,
315 1970 371 2004 35.
398 1980 518 2015 pugno
540 1971 633 2004 bene
655 1970 765 2004 uteris
789 1972 834 2014 6,
861 1974 903 2014 3,
927 1973 985 2006 90.
1010 1971 1054 2013 cs:
1080 1976 1125 2015 2,
1152 1976 1215 2015 10,
1240 1975 1273 2007 3.
1303 1976 1336 2015 2,
1365 1974 1419 2014 16,
1444 1976 1500 2007 10.
1523 1976 1561 2016 fi,

82 2016 126 2056 3,
151 2015 208 2048 56.
233 2015 279 2056 9,
302 2015 344 2057 4,
368 2016 424 2050 97.
452 2018 517 2057 11,
542 2019 584 2058 1,
611 2017 667 2050 83.
696 2017 835 2057 Graeco
857 2018 983 2051 melius
1007 2019 1106 2051 usuri
1131 2020 1173 2060 5,
1198 2021 1253 2059 10,
1279 2021 1310 2052 1.
1336 2019 1465 2064 digitus
1488 2019 1561 2061 ille,

83 2070 154 2104 quo
175 2071 279 2092 usum
307 2060 439 2104 optime
462 2059 627 2095 Crassum
649 2061 725 2096 Cic.
754 2062 839 2095 dicit
865 2066 919 2105 11,
944 2065 978 2106 3,
1004 2063 1062 2099 94.
1095 2076 1164 2108 qua
1186 2064 1317 2098 virtute
1341 2064 1481 2110 egregie
1509 2070 1563 2098 est

81 2116 167 2139 usus
193 2106 236 2147 8,
259 2105 306 2148 4,
330 2104 386 2139 24.
409 2106 630 2150 familiariter
653 2107 800 2150 alicujus
825 2108 978 2142 amicitia
999 2110 1052 2143 uti
1085 2111 1127 2152 5,
1154 2111 1199 2151 9,
1225 2108 1278 2143 14.
1313 2121 1384 2154 quo
1416 2109 1562 2143 nomine
1596 2149 1602 2155 ,

82 2151 296 2197 generaliter
328 2157 363 2184 et
395 2151 596 2195 specialiter
625 2152 663 2186 in
686 2153 729 2186 iis
755 2152 811 2186 usi
833 2160 915 2187 sunt
938 2155 979 2197 5,
1006 2158 1070 2196 11,
1095 2159 1127 2188 1.
1155 2156 1248 2199 quod
1272 2155 1316 2188 iis
1340 2157 1490 2189 honeste
1518 2156 1563 2189 sit

80 2204 168 2230 113113
191 2198 234 2238 3,
258 2199 293 2239 7,
318 2199 374 2234 13.
398 2204 550 2242 utroque
569 2198 702 2231 utimur
724 2198 966 2233 indifferenter
988 2201 1028 2242 9,
1056 2203 1098 2242 2,
1129 2203 1160 2234 6.
1187 2201 1317 2234 virtute
1342 2211 1446 2234 nemo
1469 2202 1562 2235 male

80 2242 135 2279 nti
161 2247 277 2284 potest
298 2243 333 2284 5,
358 2241 413 2284 14,
438 2244 494 2278 25.
531 2242 576 2284 eff.
601 2245 658 2277 Pr.
687 2246 742 2278 13.
773 2248 807 2286 2,
838 2246 893 2287 15,
916 2249 972 2280 29.
999 2257 1067 2279 nec
1095 2246 1139 2279 in
1162 2247 1340 2289 loquendo
1364 2246 1562 2281 distinctio·

80 2287 187 2321 nibus
212 2295 273 2320 etc.
301 2289 451 2322 moleste
475 2292 694 2332 0101311141,
719 2291 753 2332 3,
778 2291 841 2325 181
870 2292 916 2325 Ν.
944 2302 1015 2335 quo
1042 2292 1167 2325 Asiani
1194 2298 1275 2325 sunt
1297 2291 1352 2325 usi
1375 2293 1563 2335 plurimum

80 2334 118 2375 9,
142 2331 178 2371 4,
205 2335 283 2379 103.
313 2344 384 2377 quo
409 2333 527 2377 potius
551 2335 661 2369 utaris
685 2338 741 2377 10,
766 2339 800 2378 1,
828 2338 883 2370 11.
909 2349 976 2381 qna
1001 2338 1130 2370 ducum
1158 2338 1307 2381 quisque
1333 2338 1491 2380 ratione,
1514 2338 1563 2371 iu

82 2378 178 2422 quali
203 2389 244 2412 re
277 2385 337 2412 etc.
372 2379 417 2413 sit
452 2380 631 2423 sapienter
654 2391 741 2414 usus
773 2387 833 2414 aut
863 2388 987 2415 contra
1011 2386 1045 2424 2,
1071 2385 1105 2424 5,
1131 2385 1185 2417 15.
1221 2393 1292 2427 quo
1319 2383 1491 2426 (judicio)
1514 2383 1563 2417 ita

82 2434 211 2458 severe
234 2429 316 2458 sunt
342 2425 399 2459 usi
424 2427 464 2468 1,
486 2426 533 2468 4,
558 2428 591 2460 3.
625 2427 788 2460 omnibns
813 2427 863 2460 in
889 2439 933 2461 eo
958 2428 1099 2462 dicendi
1122 2429 1278 2472 partibus
1301 2428 1462 2463 similiter
1483 2435 1564 2463 ute-

81 2473 142 2502 tur
171 2472 215 2512 2,
242 2471 285 2512 8,
318 2469 374 2503 14.
406 2470 492 2504 licet
522 2473 594 2505 hoc
617 2472 788 2518 Virgilius
811 2472 861 2506 in
885 2473 1008 2516 apibus
1033 2482 1093 2506 etc.
1124 2473 1384 2517 speciosissime
1407 2474 1454 2508 sit
1478 2486 1563 2509 usus

39 2523 51 2528 ·
81 2515 127 2557 8,
149 2515 192 2557 6,
219 2516 272 2549 18.
309 2516 480 2558 ejusmodi
507 2516 630 2563 figuris
650 2519 822 2551 utendum
844 2523 978 2553 temere
1003 2529 1077 2553 non
1101 2530 1179 2554 esse
1201 2522 1246 2562 9,
1273 2523 1315 2563 2,
1337 2520 1395 2556 95.
1427 2520 1563 2554 usitatis

16 2568 34 2574 ⁴
79 2560 190 2594 tutius
212 2559 344 2594 utimur
366 2564 409 2605 1,
434 2564 477 2605 5,
500 2565 557 2597 71.
752 2569 759 2571 ’

38 2635 263 2693 Utrinque·
308 2648 347 2692 Ι)
371 2652 414 2684 de
436 2655 529 2685 loeo:
558 2651 671 2686 amnis
692 2652 890 2687 virentibus
912 2659 980 2687 utr.
1000 2653 1101 2688 silvis
1122 2654 1338 2689 inumbratus
1355 2657 1411 2697 12,
1426 2657 1485 2698 10,
1505 2655 1562 2689 60.

84 2705 222 2741 summo
261 2695 411 2730 articulo
445 2702 515 2731 utr.
551 2698 681 2732 leviter
715 2700 937 2743 apprehenso
971 2702 1035 2741 11,
1066 2702 1108 2742 3,
1134 2701 1191 2736 95.
1227 2700 1464 2735 continebitur
1495 2707 1565 2733 utr.

62 2741 298 2787 ,marginibus
323 2744 365 2785 1,
390 2745 433 2785 1,
462 2745 519 2778 27.
554 2754 575 2778 e
605 2743 768 2778 manibus
799 2750 868 2778 utr.
894 2745 1149 2779 »sustinentium
1180 2750 1222 2789 1,
1249 2750 1294 2789 2,
1317 2746 1339 2778 7
1349 2759 1360 2788 ;
1402 2757 1483 2780 cum
1514 2746 1562 2787 id,

83 2788 180 2828 quod
214 2787 370 2822 medinm
398 2793 469 2831 est,
502 2794 572 2822 utr.
598 2789 710 2833 possit
731 2790 823 2824 trahi
846 2794 882 2833 7,
904 2793 939 2834 9,
965 2794 999 2825 7.
1034 2791 1086 2832 cf.·
1103 2793 1143 2835 9,
1172 2794 1216 2835 3,
1246 2792 1303 2826 34.
1361 2791 1421 2834 11)
1447 2795 1563 2824 transl.

1028 2859 1108 2894 59*
