1728 3002
157 260 240 305 110
745 246 853 292 Calo
884 271 943 282 --·
969 244 1090 293 Cano

157 357 280 404 Calo.
331 367 454 406 classis
476 376 498 401 a
518 365 668 402 calando
694 367 729 411 1,
752 364 788 409 6,
812 365 869 402 23.
1708 337 1728 410 :i

157 414 303 460 Calor.
348 426 382 470 Ι)
405 426 557 470 proprie.-
586 433 662 458 non
684 428 830 468 propter
859 421 1058 455 calorem
1090 420 1155 456 sed
1176 424 1324 466 propter
1344 419 1575 456 humorem
1598 419 1696 465 (von
1720 412 1728 457 ζὲ

202 470 407 517 impeditur)
446 473 507 512 11,
539 471 579 511 3,
614 470 672 504 28.
733 467 861 502 caloris
899 466 1102 502 distantiam
1143 466 1235 511 (Sp.
1269 467 1418 510 motus)
1455 469 1498 511 7,
1537 468 1602 510 10,
1636 468 1696 501 10.
1724 471 1728 494 ἑ

203 521 255 564 11)
281 521 420 552 transtu·
447 515 478 550 si
503 518 631 550 calor
662 526 704 549 ac
729 514 924 558 spiritus
946 513 1028 548 tulit
1050 515 1107 557 10,
1132 517 1168 556 7,
1193 515 1250 548 13.
1291 513 1358 547 cal.
1383 512 1554 557 juvenilis
1574 514 1610 556 2,
1633 511 1693 556 15,

202 567 261 607 28.
300 565 425 599 calor
447 561 688 609 cogitationis,
720 560 780 605 qui
803 559 983 595 scribendi
1005 571 1130 603 mora
1155 558 1317 603 refrixit,
1345 559 1474 604 recipit
1488 569 1537 593 ex
1550 558 1694 604 integro
1708 585 1724 599 .,

201 612 305 648 νίιηῑεΓ
334 612 390 651 10,
414 611 448 651 3,
473 608 505 643 6.
545 607 589 650 cf.
619 609 652 650 9,
676 606 710 650 4,
738 609 814 641 113.
858 606 894 640 in
926 605 1053 651 quibus
1088 604 1310 649 (affectibus)
1343 606 1424 640 fere
1450 606 1532 650 plus
1557 606 1695 640 calor
1726 619 1728 622 ¹

204 669 309 702 quam
345 654 599 700 diligentia
629 655 726 687 valet
760 655 804 686 ib.
832 653 886 688 18.
930 652 1021 687 lenis
1047 652 1177 686 caloris
1208 650 1316 686 alieni
1343 652 1484 686 derisus
1513 652 1549 694 6,
1572 654 1608 694 2,
1633 651 1691 687 15.

202 702 348 738 calori
372 699 752 744 concitationique
780 709 856 733 non
878 698 1035 733 inhabile
1059 701 1115 741 11,
1141 701 1175 743 3,
1206 696 1285 733 146.
1325 699 1529 734 calorem
1555 696 1698 745 cogitaq

203 749 311 784 tionis
335 746 510 794 extinguit
532 757 654 781 mora
681 751 717 779 et
740 743 1014 780 diffidentia
1036 746 1071 788 8,
1094 745 1152 780 Pr.
1177 747 1236 780 27.
1259 750 1468 792 Δεθῐῑιιειιῑεῑι
1491 745 1696 790 calorem
1720 766 1723 771 ‹

203 802 239 830 et
262 795 477 838 impetum
505 795 560 836 10,
588 795 623 836 3,
653 794 709 827 17.
748 793 869 826 calore
897 790 1042 826 dicendi
1069 793 1125 835 11,
1148 793 1183 835 3,
1208 791 1287 827 130.
1724 792 1728 804 ‘

160 839 400 882 calumnia.
449 850 560 883 altera
585 854 639 883 est
664 849 863 892 calumnia,
897 850 1032 883 nullam
1061 854 1175 884 artem
1201 847 1302 884 falsis
1326 846 1491 884 assentiri
1517 845 1699 891 opinioni-
1724 853 1728 884 ’.

206 899 271 932 bus
296 899 330 940 2,
357 898 412 939 17,
437 897 491 931 18.
540 896 635 940 quod
661 895 870 932 manifestae
894 894 1093 930 calumniae
1117 902 1173 930 est
1196 897 1230 938 1,
1254 897 1288 939 5,
1316 895 1390 930 35:
1417 895 1465 930 de
1486 893 1698 941 indignitate
1719 893 1728 903 ³

201 943 398 979 calumniae
424 942 458 985 6,
485 944 517 985 1,
542 943 575 977 9.
613 953 659 976 ne
682 942 719 975 in
748 941 962 976 calumniam
985 943 1128 985 cadam,
1167 953 1239 987 qua
1276 952 1323 976 ne
1357 941 1410 975 M.
1439 940 1583 986 quidem
1605 941 1700 974 'rut-
1724 939 1728 950 “

201 990 270 1024 lius
297 988 409 1023 caruit
431 989 465 1030 9,
489 986 524 1031 4,
549 989 604 1023 57.
649 987 849 1023 veritati
883 994 1007 1023 contra
1038 988 1314 1023 calumniam
1345 986 1461 1022 aderit
1490 986 1546 1030 12,
1578 988 1610 1029 1,
1636 986 1695 1021 26.

203 1038 271 1070 hac
309 1034 482 1068 calumnia
512 1035 829 1078 reprehendendus
862 1037 928 1078 12,
963 1037 1026 1078 10,
1055 1033 1114 1070 43.
1160 1046 1244 1071 eum
1273 1033 1383 1069 nimia
1413 1038 1539 1069 contra
1565 1044 1606 1068 se
1628 1033 1697 1067 cal.

202 1092 329 1116 verum
352 1081 557 1128 sanguinem
583 1081 780 1125 perdidisse
808 1083 863 1124 10,
889 1084 922 1125 1,
952 1081 1031 1116 115.
1513 1083 1524 1096 ‘
1710 1078 1712 1081 ’

161 1125 424 1190 calumnior·
474 1138 708 1173 calumniatur
730 1144 918 1173 accusator
945 1138 1086 1173 actione
1113 1136 1293 1185 sacrilegii
1315 1135 1350 1180 4,
1374 1139 1410 1180 2,
1434 1137 1468 1172 8.
1507 1134 1722 1181 petitorem-

206 1183 415 1218 calumniari
447 1186 469 1219 7
482 1210 493 1227 ,
525 1187 568 1227 2,
599 1185 653 1219 50.
698 1196 816 1230 neq-ue
846 1186 941 1219 hanc
971 1184 1241 1219 festinationem
1274 1194 1392 1218 meam
1425 1182 1478 1216 sic
1512 1181 1701 1227 quisquam

206 1230 455 1272 calumnietur,
485 1236 652 1275 tanquam
676 1240 739 1265 etc.
770 1235 815 1275 2,
841 1234 882 1275 1,
909 1234 964 1265 12.
1007 1231 1126 1265 minus
1151 1230 1314 1274 objectus
1341 1228 1638 1263 calumniantibus
1663 1228 1700 1271 6,

205 1279 239 1319 3,
266 1279 312 1319 5;
358 1275 538 1310 infelicem
563 1277 802 1312 calumniandi
829 1289 869 1312 se
892 1274 1049 1323 poenam‘
1072 1279 1130 1321 10,
1148 1278 1182 1321 3,
1202 1279 1258 1311 11.
1293 1275 1457 1322 quibusd.
1482 1275 1602 1309 nullus
1619 1272 1701 1309 finis

207 1322 442 1356 calumniandi
465 1333 503 1356 se
527 1324 561 1367 8,
587 1325 644 1358 Pr.
670 1326 727 1359 31.
1702 1344 1706 1349 “

163 1365 287 1408 calx·
333 1380 431 1413 calce
457 1379 567 1414 ferire
593 1383 628 1425 2,
655 1382 690 1426 8,
720 1383 788 1426 133
834 1379 867 1416 si
898 1379 939 1415 in
970 1379 1191 1417 clausula
1224 1383 1262 1414 et
1293 1379 1426 1414 calce
1447 1375 1728 1423 pronuntietur

210 1424 406 1468 (sententia)
428 1426 462 1469 8,
489 1427 521 1470 5,
547 1429 603 1462 30.
1722 1445 1728 1458 ¹-

163 1468 363 1525 Campus-
410 1481 442 1526 1)
463 1486 616 1528 proprie:
643 1483 828 1527 animalia,
856 1494 948 1529 quae
970 1483 1009 1518 in
1033 1493 1160 1527 campo
1183 1481 1502 1527 deprehenduntur
1523 1482 1581 1523 12,
1595 1467 1728 1526 2,14.'1

207 1539 240 1561 v.
266 1528 529 1575 Angustiae.
571 1541 698 1575 campo
729 1537 892 1575 tempora
925 1536 1115 1565 conterere
1142 1531 1175 1571 1,
1200 1530 1258 1570 12,
1284 1529 1339 1563 18.
1387 1526 1448 1572 qui
1477 1525 1642 1572 accipere
1664 1526 1728 1562 in·

208 1572 343 1617 Campo
370 1582 588 1609 consuerunt
615 1580 696 1612 Cic.
725 1578 758 1619 5,
776 1580 831 1620 11,
851 1579 909 1611 22.
949 1587 1026 1611 non
1049 1574 1207 1611 idem‘in
1231 1575 1328 1618 foro,
1353 1573 1464 1616 curia,
1487 1569 1617 1618 campo
1636 1580 1699 1609 etc.
1724 1595 1728 1598 -

207 1619 399 1653 conveniat
423 1624 478 1664 11,
500 1625 532 1665 1,
557 1622 613 1657 47.
709 1622 756 1667 11)
788 1627 928 1657 transm
961 1624 1064 1658 velut
1088 1632 1251 1665 campum
1278 1620 1376 1655 nacti
1398 1617 1637 1664 expositionis
1661 1617 1728 1664 4„

208 1667 243 1708 2,
268 1666 323 1700 39.
358 1667 493 1700 feratur
516 1668 722 1713 eloquentia
745 1680 821 1704 non
855 1669 1035 1704 semitis
1065 1669 1130 1703 sed
1154 1667 1329 1712 campis
1353 1666 1388 1710 5,
1414 1664 1470 1710 14,
1494 1667 1552 1701 31.
1585 1671 1704 1711 aequo

209 1722 398 1754 congressa
426 1724 550 1758 campo
574 1714 736 1760 (oratio)
765 1718 821 1759 12,
846 1717 881 1758 9,
904 1718 938 1750 2.

165 1753 353 1798 CffllssliS·
401 1771 560 1813 pleniore
583 1774 672 1807 haec
697 1772 813 1807 canali
836 1772 952 1807 fluunt
976 1773 1032 1815 11,
1055 1772 1091 1815 3,
1117 1770 1197 1807 167.

165 1810 491 1858 candelabrum·
517 1847 562 1853 —-
590 1830 725 1865 humile
747 1830 783 1874 6,
807 1832 841 1872 3,
867 1830 926 1866 99.

165 1870 438 1915 Candidatus.
482 1886 521 1930 6²
553 1889 595 1930 3,
627 1886 683 1922 47,
709 1885 766 1923 94.
815 1884 978 1922 Caesaris
1014 1883 1226 1919 candidatus
1256 1884 1299 1917 ib.
1323 1881 1371 1916 62
1394 1881 1464 1924 N.;
1512 1881 1626 1925 majus
1649 1886 1705 1920 est

210 1939 299 1973 opus
327 1937 430 1975 atque
453 1933 710 1976 praestantius,
744 1934 789 1967 ad
817 1933 914 1977 quod
945 1931 1024 1975 ipse
1059 1930 1194 1972 tendit,
1229 1935 1266 1963 et
1290 1928 1391 1972 cujus
1414 1933 1470 1961 est
1496 1928 1598 1962 velut
1619 1939 1707 1962 can-

210 1976 347 2010 didatus
382 1977 546 2022 (orator)
579 1982 639 2022 12,
665 1983 706 2023 2,
733 1982 789 2014 27.
832 1984 868 2012 te
899 1977 1058 2012 omnium
1087 1987 1150 2021 spe
1174 1975 1318 2010 Atticae
1352 1973 1482 2019 (Coeia.
1508 1973 1622 2008 acutis
1648 1975 1704 2008 vel

210 2021 358 2066 acutae)
386 2025 609 2068 eloquentiae
634 2027 736 2060 cand.
762 2026 798 2068 6,
822 2026 880 2058 Pr.
907 2026 951 2058 13
982 2024 1028 2057 N.
1057 2036 1103 2057 cr.
1659 2034 1668 2040 “

166 2063 370 2109 candid&-
418 2083 539 2116 caud.
567 2088 672 2127 atque
696 2081 977 2126 simpliciter
999 2080 1038 2114 in
1062 2078 1225 2114 notitiam
1247 2076 1440 2123 protulisse
1472 2078 1529 2120 12,
1559 2078 1614 2120 11,
1637 2076 1673 2111 8.

166 2121 396 2166 candidus·
440 2138 469 2180 I)
500 2140 651 2174 candido
683 2139 867 2174 candidius
900 2149 975 2172 non
1002 2143 1056 2172 est
1081 2138 1272 2172 ad‘versiun
1296 2137 1336 2178 -2,
1365 2137 1423 2177 17,
1449 2134 1505 2169 35.
1550 2132 1706 2168 candido

211 2181 351 2215 sudario
376 2184 410 2226 6,
426 2186 459 2226 3,
474 2185 529 2219 60.
572 2197 701 2229 panem
725 2185 916 2220 candidtun
939 2187 981 2218 ib.
1012 2185 1059 2218 N.
1155 2180 1202 2225 ΙΙ)
1230 2181 1356 2216 caud.
1384 2185 1421 2214 et
1442 2181 1578 2214 fusca
1602 2177 1704 2224 (v‘ox)

210 2228 266 2269 11,
291 2229 324 2269 3,
352 2229 407 2263 15.
441 2231 596 2264 Messala
619 2232 791 2266 nitidus
820 2237 857 2266 et
884 2232 1006 2265 caud.
1035 2229 1094 2274 (fn
1119 2226 1365 2271 αῑοεηιιογω,
1391 2228 1424 2268 1,
1451 2227 1528 2259 113.
1571 2225 1702 2259 cana.

212 2276 246 2305 et
284 2273 390 2324 lene
421 2281 456 2309 et
490 2278 761 2321 speciosum
792 2277 934 2312 dicendi
962 2287 1075 2324 genus
1099 2278 1144 2309 ib.
1170 2276 1260 2316 1213
1306 2282 1433 2307 eorum
1456 2271 1706 2315 (optimorum)

213 2318 497 2354 cand1d1ssimum
526 2335 701 2368 quemque
729 2327 765 2367 2,
790 2325 824 2367 5,
851 2324 895 2359 19
919 2324 966 2357 Ν-

167 2369 353 2414 Candor.
397 2387 556 2422 lanarum
581 2392 744 2434 colores,
779 2374 908 2436 quibus
931 2389 1085 2433 simplex
1108 2387 1170 2421 ille
1194 2386 1330 2420 candor
1350 2383 1505 2418 mut'atus
1529 2389 1584 2419 est
1607 2385 1708 2427 1,11‚

214 2429 279 2507 {51
305 2428 349 2507 ilpr
367 2435 545 2468 narrando
568 2436 678 2471 mirae
702 2435 1020 2481 jucunditatis
1048 2432 1307 2476 clarissimique
1333 2431 1554 2465 candolus
1587 2430 1646 2475 10,
1671 2431 1728 2474 1..

169 2518 376 2562 canesco·
423 2533 621 2569 orationem
644 2548 743 2571 suam
768 2547 960 2572 canescere
985 2535 1149 2580 coepisse
1173 2536 1229 2578 11,
1256 2536 1288 2578 1,
1314 2535 1371 2569 31.

169 2579 374 2622 caninus·
419 2602 564 2634 prorsus
589 2593 713 2627 canina
773 2601 813 2629 ut
845 2594 894 2628 ait
915 2593 1074 2638 Appius,
1113 2590 1318 2637 eloquentia
1348 2593 1405 2634 12,
1429 2590 1464 2632 9,
1493 2589 1518 2624 9
1540 2587 1588 2622 N.

169 2635 316 2678 Canis.
360 2647 474 2680 Etiam
498 2658 621 2682 canem
643 2651 757 2692 pascis
781 2653 815 2694 8,
843 2653 877 2694 3,
903 2654 959 2684 22.

169 2690 304 2734 Cano·
349 2714 458 2744 cano,
484 2710 600 2746 canto,
629 2705 709 2739 dico
734 2706 788 2750 (in
812 2703 1004 2751 metalepsi)
1028 2706 1063 2748 8,
1079 2706 1114 2748 6,
1131 2706 1186 2741 38.
1230 2706 1340 2739 duces
1363 2701 1542 2737 maximos
1566 2705 1603 2736 et
1625 2699 1705 2736 fidi-

213 2750 278 2783 bus
310 2755 345 2783 et
377 2748 472 2783 tibiis
511 2750 684 2785 cecinisse
710 2755 742 2794 1,
769 2755 824 2794 10,
851 2752 906 2787 14.
949 2764 988 2786 se
1017 2755 1146 2796 poetae
1178 2762 1308 2785 canere
1339 2754 1514 2783 testantur
1549 2750 1583 2790 1,
1607 2748 1643 2790 8,
1667 2749 1704 2781 2.

212 2794 388 2838 (musice)
413 2795 558 2841 grandia
582 2797 691 2837 elate,
727 2798 880 2841 jucunda
903 2798 1075 2841 dulciter,
1107 2798 1291 2831 moderata
1313 2795 1444 2830 leniter
1467 2793 1562 2828 canit
1585 2796 1619 2836 1,
1647 2794 1705 2835 10,

211 2839 269 2875 24.
310 2840 476 2876 bellicum
501 2851 630 2876 canere
659 2844 716 2887 10,
745 2846 779 2887 1,
802 2845 858 2878 33.
898 2843 1058 2890 receptui
1082 2848 1187 2879 canet
1211 2842 1328 2888 (vetus
1345 2841 1484 2885 orator)
1510 2843 1566 2884 12,
1592 2841 1648 2884 11,
1668 2836 1704 2873 4.
