1728 3002
545 227 715 270 Priscus
745 250 797 258 -
831 225 952 268 Prius
1308 223 1309 226 ’
1335 194 1342 199 -
1429 224 1509 266 695

23 344 84 381 illa
105 348 188 379 nunt
211 342 246 384 5,
269 342 305 384 9,
331 343 367 376 3.
414 340 477 376 sed
501 340 621 384 priora
645 344 726 385 sunt
757 339 941 375 severiora
973 340 1008 380 9,
1044 338 1079 381 4,
1116 337 1175 372 64.
1214 337 1257 378 cs.
1294 339 1348 380 10,
1381 335 1417 379 5,
1450 337 1509 371 23.

23 391 77 426 uti
102 399 264 435 quaeque
286 385 358 422 sint
379 393 392 420 t
498 398 560 430 re,
591 387 640 421 ita
662 388 784 421 facere
808 385 915 420 etiam
938 385 1066 420 ordine
1093 385 1213 428 priora
1243 384 1279 423 9,
1311 383 1347 426 4,
1381 383 1440 435 25.
1476 383 1511 423 b)

25 438 198 470 contrariis
222 436 406 477 excipitur.-
482 443 526 467 oc
558 443 670 479 genus
703 432 779 470 Cic.
816 431 963 466 scientia
998 437 1034 465 et
1070 431 1213 465 actione
1248 428 1432 474 distingunt
1454 445 1512 462 —.

23 482 161 517 Prius
185 479 289 514 trium
312 490 481 525 generum
502 489 564 512 -ε
601 489 744 522 seque
757 489 806 512 ns
831 479 981 512 duorum
1005 480 1039 520 3,
1065 477 1099 520 5,
1121 477 1156 512 6.
1184 479 1217 519 3,
1249 476 1285 515 6,
1320 476 1377 510 36.
1412 474 1449 517 4,
1472 474 1509 517 5,

27 531 83 562 13.
111 530 149 569 9,
170 527 209 568 3,
235 525 291 560 16.
316 527 371 567 11,
395 526 430 567 3,
456 527 489 558 1.
512 535 572 568 pr.
594 524 679 558 illud
705 541 747 547 —
772 524 843 558 hoc
865 534 1075 568 sequens
1099 525 1135 564 5,
1155 525 1210 563 10,
1226 522 1285 555 42.
1310 530 1511 566 sequen·
1540 550 1548 553 ,

26 573 138 606 tium
161 582 203 606 ao
229 570 440 615 priorum
462 569 555 604 inter
576 581 616 604 se
643 569 902 604 inconveniens
921 569 1050 613 positio
1067 572 1100 611 1,
1119 570 1153 607 5.
1177 569 1234 603 51.
1259 566 1509 610 prioribus

29 616 286 663 sequentia
308 621 499 650 annectens
522 619 557 659 7,
587 619 620 659 1,
644 619 678 650 1.
705 615 751 657 ef.
782 619 815 658 1,
841 619 874 658 1,
897 615 954 650 34.
983 618 1018 658 5,
1040 619 1077 657 7,
1104 618 1161 649 27.
1188 618 1223 655 7,
1251 616 1305 655 10,
1336 615 1390 646 17.
1414 613 1451 654 9,
1474 613 1510 653 3,

27 665 88 700 63.
118 665 177 706 10,
199 664 238 706 3,
263 662 299 697 6.
325 665 380 704 10,
409 663 443 704 5,
471 662 528 695 23.
554 664 608 702 10,
632 665 666 704 7,
698 665 753 696 11.
778 664 835 703 11,
859 664 894 703 2,
918 664 974 696 20.
1013 660 1181 705 priora
1212 660 1272 693 illa
1303 659 1347 692 ad
1378 667 1512 702 pueros

26 707 161 762 magis,
188 709 278 742 baec
298 719 345 742 se
358 707 553 752 quentia
575 709 620 742 ad
644 707 864 742 robustiores
887 707 1116 752 pertinebgint
1142 709 1173 747 1,
1193 707 1227 747 8,
1254 707 1309 738 12.
1341 715 1390 738 ex
1419 703 1513 748 pri-

28 752 189 790 oribus
216 753 411 801 geometria
436 753 560 797 probat
586 753 900 798 insequentia
926 757 960 796 1,
986 755 1041 795 10,
1065 755 1122 787 37.
1162 750 1323 796 quamvis
1348 761 1397 784 ex
1420 748 1515 797 pri-

28 796 198 836 ‹ii-ibus
222 801 308 835 dent
332 804 579 846 argumentum
599 800 644 834 ad
667 811 723 842 ea,
755 810 872 844 quae
896 809 942 833 se
956 804 1167 844 quuntur
1194 799 1228 840 5,
1258 798 1313 839 10,
1341 796 1398 830 76.
1423 794 1514 829 alios

30 845 268 889 barbarismos
292 845 482 880 scribendo
505 844 604 888 fieri,
635 845 724 879 alios
746 845 952 888 loquendo,
993 845 1081 878 illud
1115 855 1176 887 pr.
1212 841 1412 885 adjectione
1435 849 1513 884 etc„

9 893 101 935 „hoc
123 892 371 926 secundum
397 889 574 925 divisione
596 897 657 924 etc.
682 889 916 936 contineriNi,
941 891 975 933 5,
1004 891 1038 923 6.
1085 890 1288 933 priusquam
1314 889 1357 921 ad
1382 886 1513 920 aliud

29 936 244 983 demenda,
281 937 318 970 in
341 935 587 981 prioribus
611 936 743 970 resistit
767 937 804 978 9,
836 938 872 978 3,
898 937 955 969 55.
1001 935 1062 968 illa
1092 935 1234 978 quidem
1266 933 1431 976 priora
1455 938 1516 966 aut

4 981 7 984 ’
30 982 314 1017 testimoniorum
337 989 400 1018 etc.
426 981 588 1015 obtinent
611 983 754 1015 locum:
789 982 853 1014 sed
878 981 1000 1025 ism
1025 990 1211 1024 quoque
1242 984 1300 1012 aut
1329 977 1516 1013 vetustatis

30 1029 102 1063 fide
121 1034 201 1062 tuta
215 1033 297 1062 sunt
310 1036 372 1062 etc.
397 1030 452 1069 12,
465 1026 503 1069 4,
523 1031 556 1061 2.
585 1039 609 1060 n
621 1037 643 1060 o
653 1039 678 1060 v
690 1038 769 1061 oru
781 1038 818 1060 m
832 1025 1105 1070 interpositione
1126 1038 1149 1070 p
1158 1025 1228 1060 rio
1237 1037 1281 1058 ra
1297 1025 1518 1058 confundant
1575 1038 1577 1040 ·

30 1077 87 1117 10,
112 1075 148 1117 3,
164 1067 219 1109 -32
247 1076 297 1107 Η.
344 1073 510 1118 p‘riora
532 1073 663 1107 remitti
687 1078 857 1116 possunt,
891 1073 1111 1105 ultimum
1138 1082 1211 1104 non
1245 1076 1374 1114 potest.
1410 1068 1459 1112 11)
1483 1083 1514 1103 c.

3 1146 6 1148 v
32 1122 141 1155 Subst.
181 1119 224 1164 ι)
251 1124 348 1154 aetas
370 1118 470 1163 prior
510 1119 555 1161 (ἰ.
581 1132 610 1152 e.
637 1117 836 1161 infantium)
861 1121 893 1161 1,
921 1121 954 1161 1,
980 1119 1036 1153 18.
1074 1129 1127 1162 pr.
1155 1117 1217 1150 ille
1240 1116 1434 1150 Africanus
1459 1118 1516 1159 11,

33 1169 68 1208 1,
94 1167 155 1206 12;
188 1167 244 1209 pr.
270 1175 376 1199 eausa
398 1167 434 1208 1,
458 1166 493 1206 2,
520 1167 555 1198 3.
577 1167 612 1207 3,
636 1168 669 1207 2,
695 1167 727 1198 2.
776 1175 861 1198 cura
883 1175 1034 1210 magna,
1065 1169 1104 1198 ut
1128 1162 1305 1197 sentiendi
1334 1167 1405 1206 atq.
1435 1162 1515 1195 elo-

33 1209 167 1256 quendi
185 1220 240 1255 pr.
262 1209 311 1245 sit
330 1211 368 1252 9,
386 1209 424 1253 4,
447 1208 527 1244 147.
550 1221 604 1254 pr.
629 1209 771 1250 debebit
790 1221 869 1243 esse
893 1209 1056 1244 defensio
1075 1210 1111 1252 7,
1132 1212 1167 1250 2,
1185 1212 1241 1245 21.
1268 1208 1346 1251 ipse
1369 1207 1515 1251 (pollex)

27 1254 209 1310 priufflms
232 1257 245 1301 (
258 1257 294 1290 ἆι·
318 1258 351 1266 ·“
373 1254 394 1301 )
418 1257 463 1294 ad
489 1256 625 1290 medios
649 1255 816 1289 articulos
845 1255 1003 1302 iungitur
1025 1258 1082 1298 11,
1115 1256 1150 1296 3,
1180 1256 1237 1289 99.
1271 1265 1324 1298 pr.
1355 1254 1513 1294 (exerci-

73 1302 136 1345 ⁷⁴0)
162 1302 276 1345 10.·7‚
304 1339 308 1341 ,
378 1321 424 1327 ——
458 1301 515 1334 Ex
545 1301 668 1335 eadem
702 1307 804 1345 parte
832 1302 1021 1346 figurarum
1049 1300 1183 1334 additio
1207 1305 1243 1334 et
1268 1298 1422 1343 abjectio
1444 1304 1511 1333 est.

27 1307 169 1393 mque
195 1357 249 1400 pr.
274 1346 390 1383 videri
414 1353 529 1392 potest
551 1358 771 1390 supervacua
795 1348 831 1389 9,
856 1350 888 1388 3,
913 1348 969 1382 18.
1013 1346 1077 1381 illo
1105 1346 1287 1380 intellectu
1321 1345 1442 1390 priore
1477 1350 1514 1378 et

9 1391 268 1436 *‘eommu91„9.
294 1395 327 1435 1,
352 1395 415 1426 v12.
462 1394 659 1426 alterum
686 1392 773 1426 illud
796 1399 832 1427 et
854 1393 986 1438 prius
1009 1393 1140 1426 satirae
1160 1402 1272 1438 genus
1308 1394 1378 1431 10,,
1395 1393 1429 1433 1,
1453 1391 1512 1426 95.

0 1434 79 1484 ᾧ
101 1441 137 1483 7,
146 1438 253 1482 “8,-7.
297 1438 358 1473 hic
381 1439 496 1472 adhuc
523 1439 641 1483 priore
664 1438 851 1474 instantior
876 1445 994 1485 gestus
1019 1441 1074 1478 11,
1098 1441 1132 1481 3,
1156 1440 1213 1473 93.
1235 1436 1356 1481 priore
1378 1436 1513 1481 judicio

14 1484 69 1528 ἐς,
91 1479 207 1530 2,4”88.
226 1495 282 1528 pr.
304 1485 387 1518 loco
411 1485 445 1525 8,
470 1487 505 1527 3,
530 1484 586 1519 54.
609 1484 647 1518 in
672 1484 764 1518 libro
787 1495 840 1528 pr.
863 1490 898 1528 2,
924 1487 958 1527 3,
984 1487 1038 1519 10.
1067 1485 1124 1518 his
1141 1485 1347 1528 adjecerunt
1370 1482 1515 1527 quidam

4 1530 277 1575 '‘spu-titionem,
310 1530 612 1574 propositionem,
642 1541 847 1573 excessum,
882 1542 1029 1575 quarum
1056 1530 1195 1575 priores
1219 1531 1309 1563 duae
1332 1528 1516 1573 probatio-

13 1575 137 1610 ‘uibu-
159 1576 354 1609 succedunt
377 1578 413 1618 3,
439 1577 477 1617 9,
499 1579 530 1610 1.
578 1582 657 1609 utra
680 1588 733 1619 pr.
759 1576 805 1610 sit
830 1596 878 1603 —-
903 1583 982 1610 utra
1013 1576 1140 1618 iustior
1174 1575 1298 1619 petitio
1333 1578 1370 1618 7,
1404 1578 1440 1617 7,
1478 1576 1515 1609 3.

3 1624 172 1658 stantum
195 1621 234 1654 in
254 1620 312 1654 his
342 1621 433 1655 baud
456 1621 567 1655 dubie
585 1633 639 1664 pr.
665 1622 756 1654 ratio
780 1627 835 1655 est
869 1625 902 1664 1,
943 1625 973 1661 1,
1004 1621 1039 1656 4.
1087 1621 1212 1656 Celsus
1242 1622 1331 1654 duos
1362 1626 1400 1655 et
1436 1621 1515 1664 ipse

25 1665 123 1706 ⁴feeit
143 1671 253 1702 status
279 1667 463 1712 generales
486 1682 533 1689 —
555 1666 831 1710 priori-subjicit
858 1667 1055 1701 finitionem
1076 1670 1120 1710 3,
1154 1668 1194 1709 6,
1233 1668 1289 1700 33.
1333 1666 1515 1710 plerisque
1582 1667 1587 1670 '

35 1717 142 1746 extr
156 1721 278 1745 emas
300 1711 454 1755 syllabas
476 1721 550 1745 non
575 1712 848 1755 perferentibus,
871 1714 954 1746 dum
984 1713 1191 1757 priorum
1220 1722 1310 1745 sono
1329 1713 1515 1758 indulgent

37 1759 102 1798 11,
119 1759 155 1798 3,
177 1757 237 1791 33:
258 1755 303 1796 cs.
328 1757 365 1798 9,
386 1755 423 1798 4,
450 1757 509 1791 86.
554 1758 676 1790 ultima
699 1757 829 1801 prioris
855 1759 1014 1802 syllsbae
1044 1758 1146 1791 litera
1179 1757 1235 1800 (r‘n
1263 1760 1394 1791 verbis.-
1431 1769 1514 1791 cum

34 1801 151 1843 notis)
178 1803 214 1844 8,
235 1803 277 1844 3,
293 1800 354 1836 45.
399 1803 639 1836 utvvooabula
662 1803 795 1844 verbis,
824 1804 935 1837 verba
957 1814 1079 1837 rursus
1103 1802 1281 1837 adverbiis
1306 1811 1369 1837 etc.
1394 1808 1516 1838 essent

34 1846 237 1892 priora.(1'n
259 1846 493 1890 mancatione)
517 1848 554 1889 9,
578 1847 613 1888 4,
642 1847 698 1882 24.
745 1849 814 1882 Hic
845 1848 990 1883 omnino
1023 1849 1079 1884 vis
1112 1848 1352 1890 inventionis,
1382 1849 1417 1882 si
1438 1859 1514 1883 non

16 1893 205 1936 Jnajor,
235 1897 332 1925 certe
353 1892 495 1935 prior.
523 1894 557 1935 5,
582 1895 637 1935 10,
664 1894 822 1938 1092pr.
847 1895 943 1928 vitae
968 1898 1026 1937 11,
1051 1898 1085 1937 1,
1110 1896 1175 1935 833
1220 1897 1253 1927 in
1277 1897 1356 1928 ΛΜ.
1385 1897 1512 1929 absol..-

19 1938 214 1983 ‚ponde-ts
239 1938 557 1980 praecedente
577 1937 806 1982 pyrrhichio:
844 1956 885 1962 —
909 1940 1077 1983 priore
1109 1951 1264 1984 paeone:
1307 1942 1340 1982 9,
1371 1939 1408 1983 4,
1432 1942 1512 1974 101.

17 1986 78 2030 ψ)
112 1984 286 2017 contrariis
317 1985 499 2024 excipitur.-
526 1983 733 2026 dactylusne
754 1984 816 2018 ille
849 1985 1038 2028 priores
1062 1987 1189 2019 habeat
1212 1986 1342 2019 breves
1370 1997 1416 2019 an
1448 1997 1518 2019 se·

16 2034 120 2077 ,flue
131 2034 231 2062 ntes
247 2028 282 2070 9,
295 2025 331 2070 4,
348 2025 408 2062 48.
433 2033 470 2061 ut
483 2027 525 2062 in-
539 2029 636 2062 illam
650 2035 785 2072 partem
805 2037 1078 2074 sequentem
1102 2032 1190 2065 fides
1209 2042 1256 2064 ex
1275 2031 1429 2074 priore
1453 2032 1516 2064 du-

24 2073 179 2116 ,·canu·4‚
191 2073 227 2116 5,
237 2075 292 2106 17.
308 2083 456 2116 quorum
470 2073 625 2116 priora
644 2075 787 2109 alterius
796 2076 935 2122 generis
948 2082 1030 2110 sunt
1055 2078 1251 2118 schemata;
1272 2082 1463 2120 sequent
1474 2077 1517 2111 ia

24 2122 218 2158 “schemata
242 2119 388 2152 omnino
411 2129 484 2153 non
507 2125 590 2153 sunt
611 2121 647 2161 9,
670 2122 704 2163 3,
731 2122 789 2155 98.
818 2133 881 2165 pr.
906 2121 1082 2165 (species)
1115 2140 1163 2148 --
1185 2132 1385 2165 sequens
1420 2123 1456 2165 8,
1481 2124 1516 2164 3,

20 2190 30 2202 ,
85 2190 96 2200 .
122 2166 223 2209 poius
246 2163 339 2197 aliud
366 2163 521 2208 priore
547 2166 682 2210 syllaba
708 2168 830 2212 longa,
856 2166 951 2200 aliud
974 2168 1201 2211 sequenti
1225 2167 1400 2214 significat
1423 2170 1456 2210 1,
1480 2171 1515 2211 7,

25 2213 73 2259 β.
97 2210 144 2252 ‹J-
167 2211 204 2252 9,
227 2208 265 2252 4,
292 2209 351 2244 86.
378 2209 563 2253 prioris
587 2221 628 2244 ac
654 2212 908 2255 sequentis
932 2212 1073 2256 (verbi)
1095 2214 1131 2255 9,
1155 2212 1191 2255 4,
1214 2214 1271 2246 33.
1296 2212 1354 2246 41.
1377 2223 1515 2257 paeone

29 2255 299 2299 flochmioqne,
331 2265 481 2299 quorum
502 2256 631 2299 prior
655 2256 692 2290 in
728 2263 916 2302 quattuor,
948 2259 1181 2292 secundus
1203 2258 1242 2292 in
1266 2258 1423 2303 quinque
1449 2270 1517 2294 ex-

23 2301 169 2346 qurrit,
200 2306 319 2334 utatur
340 2302 384 2335 ib.
405 2301 462 2336 79.
479 2301 534 2342 cf.
556 2303 592 2344 3,
618 2303 652 2344 8,
674 2302 732 2336 63.
765 2314 880 2347 neque
913 2303 1088 2338 immerito
1119 2306 1327 2338 secunda
1359 2305 1518 2349 quinque

30 2347 189 2426 ,genium
210 2346 325 2389 posita
347 2351 422 2388 est,
456 2357 538 2380 cum
562 2347 640 2382 sine
663 2359 704 2381 ea
728 2348 856 2392 prior
890 2349 978 2383 nihil
1011 2351 1135 2384 valeat
1158 2353 1194 2391 7,
1227 2350 1286 2383 Pr.
1319 2352 1354 2383 2.
1401 2353 1516 2385 notho

63 2393 172 2436 uplex
197 2391 243 2444 sit
267 2391 448 2436 quaestio,
481 2404 542 2436 pr.
572 2413 618 2418 —
640 2394 788 2427 altera
814 2397 848 2437 3,
872 2395 907 2437 6,
930 2396 987 2431 992
1014 2395 1058 2436 ej:
1083 2397 1120 2439 9,
1142 2398 1180 2438 2,
1202 2397 1235 2428 3.
1270 2396 1518 2439 posterior

37 2437 264 2479 constitutio,
295 2448 386 2481 quae
412 2437 457 2470 sit
477 2437 631 2482 priori
655 2439 828 2473 contraria
859 2442 894 2482 5,
926 2443 960 2482 2,
994 2442 1028 2475 5.
1061 2453 1098 2476 υ.
1131 2441 1366 2475 Posterus.
1416 2447 1515 2477 tanto

38 2482 334 2521 contractioribus
355 2481 539 2517 ultimis
566 2484 703 2531 digitis,
741 2491 873 2529 quanto
896 2486 1090 2530 priores
1114 2487 1374 2521 descenderunt
1398 2490 1455 2530 11,
1471 2491 1515 2531 ,3,

37 2530 96 2566 95.
120 2528 262 2579 interim
285 2528 489 2563 extremi
511 2529 656 2571 (digiti)
678 2531 829 2574 palmam
857 2531 950 2566 circa
974 2531 1047 2565 ima
1071 2531 1209 2576 pollicis
1234 2539 1411 2578 premunt,
1429 2534 1515 2578 ipse

66 2575 105 2611 ri
117 2574 350 2609 oribus'ad
373 2573 509 2608 medios
537 2575 705 2610 articulos
726 2577 884 2623 jungitur
906 2580 949 2610 ib.
974 2579 1031 2613 99.

92 2687 134 2722 '4
165 2662 175 2672 .
192 2641 302 2723 ¹6illis
324 2652 466 2688 quoque
490 2641 615 2687 priscis
639 2643 792 2678 habitam
814 2644 909 2679 inter
942 2655 1046 2679 curas
1082 2643 1213 2689 (artem
1247 2648 1513 2691 compositionis)

84 2719 99 2733 η
141 2715 154 2733 2
174 2736 177 2738 ,
239 2714 248 2723 ·
1383 2703 1392 2713 ⁷

179 2759 270 2791 Ado.
308 2757 351 2800 ι)
372 2759 582 2800 mpliciter.-
618 2757 795 2800 dictums,
831 2757 958 2802 quibus
980 2765 1126 2793 ornetur
1158 2759 1291 2798 oratio,
1328 2759 1428 2803 prins
1461 2770 1515 2799 ea,

147 2808 230 2836 sunt
251 2803 426 2843 contraria
451 2803 569 2845 laudi,
603 2803 768 2849 attingam
800 2805 835 2847 8,
860 2806 896 2847 3,
925 2804 982 2838 41.
1024 2816 1102 2839 oum
1138 2817 1191 2849 pr.
1226 2806 1259 2838 in
1294 2806 1410 2839 animo
1450 2816 1514 2838 suo
