1728 3002
175 180 258 222 882
748 168 864 237 spus
892 202 950 212 —
979 176 1156 234 Syllaba
1179 183 1182 188 ’

217 292 423 374 11112ei93,1t{),
451 290 510 328 64.
545 291 624 337 quis
648 307 694 317 -
717 262 890 328 sustineat
915 294 1138 339 petulans
1160 304 1267 330 esse
1285 294 1340 330 *ad
1362 292 1508 329 alterius
1532 291 1716 327 arbitrium

267 366 277 383 ²
331 365 341 383 ²
417 364 426 373 ⁰
616 364 618 366 ’
1212 360 1218 365 ‘

173 394 303 438 Suus.
345 407 380 449 I)
403 407 450 439 ad
465 406 558 450 Squj.
570 407 718 450 pertinet.
745 403 783 449 α)
803 407 900 451 quod
919 407 958 441 in
973 418 1116 453 quoque
1133 406 1309 454 optimum
1329 412 1383 442 est
1403 423 1448 432 —-
1469 418 1572 441 suum
1592 407 1716 442 facere

217 456 273 496 10,
293 455 328 495 2,
346 453 403 487 26.
433 463 496 486 sua
514 452 748 496 confirmare,
774 459 809 486 et
826 465 916 498 quae
935 465 985 488 ex·
1005 456 1158 489 adverso
1176 459 1481 499 proponerentur,
1505 454 1663 488 refutare
1681 454 1717 497 5,

217 501 275 533 Pr.
288 501 321 532 2.
343 498 451 534 solvit
473 500 601 542 quaed.
623 511 686 532 sua
704 499 743 533 in
759 498 910 534 Oratore
934 499 1008 535 Cic.
1026 502 1060 543 9,
1074 500 1109 544 4,
1130 500 1184 535 14.
1203 512 1294 545 quae
1313 506 1387 535 tum
1405 500 1537 544 audiet,
1561 499 1718 548 ingenue

216 555 284 590 pro
298 545 371 579 suis
391 545 510 579 dicere
529 548 585 588 12,
603 547 637 588 3,
659 548 698 588 3;
726 546 893 580 reclinari
914 547 956 580 ad
979 558 1062 581 suos
1083 551 1138 590 11,
1156 542 1190 590 3,
1213 549 1290 582 132.
1337 546 1384 592 β)
1408 546 1469 591 qui
1492 557 1557 581 sua
1574 556 1718 591 quoque

218 592 449 626 confessione
466 597 626 625 oratores
642 602 720 626 esse
736 602 810 626 non
822 599 970 637 possunt
989 596 1043 636 12,
1054 595 1088 636 3,
1099 596 1132 629 9.
1150 599 1189 626 ut
1206 591 1309 637 sequi
1324 593 1395 636 jam
1412 604 1440 626 s.
1451 592 1591 627 viribus
1605 591 1719 637 possit

219 641 276 681 10,
306 641 340 682 1,
366 639 421 673 15.
448 638 631 672 remissius
659 643 694 672 et
715 648 781 682 pro
805 650 834 672 s.
862 638 1008 686 ingenio
1032 645 1132 684 pater
1158 640 1273 674 Gallio
1299 641 1334 682 9,
1356 642 1391 680 2,
1418 640 1477 674 91.
1502 638 1717 673 Aristoteles

219 685 345 729 quaed.
370 684 573 719 subtilitatis
601 695 686 718 suae
711 692 919 730 argumenta
933 685 1161 733 excogitavit
1189 689 1231 729 2,
1257 688 1320 728 17,
1347 683 1400 719 14.
1427 686 1517 719 haec
1543 684 1622 729 ipsa
1642 684 1719 718 dis·-

219 730 378 765 criminis
406 730 461 764 sui
484 731 685 778 ignorantia
710 732 827 775 potuit
852 743 931 766 esse
954 731 1165 766 miserabilis
1188 732 1224 775 6,
1252 734 1285 774 1,
1309 730 1366 766 47.
1391 742 1459 765 nec
1479 731 1624 776 ,semper
1646 729 1720 764 inis

219 777 345 811 Heroo
369 782 429 810 aut
451 778 593 811 Paeone
617 788 683 811 suo
706 777 758 810 uti
783 778 906 812 licebit
919 780 955 821 9,
974 778 1010 822 4,
1032 779 1088 814 89.
1114 790 1195 812 cum
1219 782 1428 822 quereretur
1451 777 1497 811 de
1523 777 1597 814 filio
1621 786 1721 821 suo,

161 830 163 833 ·
220 824 318 867 quod
341 829 493 858 mortem
519 835 639 857 suam
663 830 870 868 expectaret
893 826 940 867 9,
965 827 986 859 3
1002 851 1010 867 ,
1034 825 1090 860 68.
1115 826 1209 858 Juba
1234 823 1408 869 querenti,
1483 824 1531 857 od
1553 823 1598 856 ab
1623 833 1720 868 equo

221 880 306 903 suo
333 881 498 914 aspersus
536 875 630 904 esset
652 889 699 896 —
722 870 837 914 inquit
859 872 904 913 6,
927 873 971 913 3,
995 872 1052 906 90.
1085 872 1189 916 quale
1221 869 1311 904 illud
1345 880 1402 914 ap.
1465 870 1510 904 ic.
1543 868 1720 914 querenti,

223 916 319 960 quod
343 927 440 950 uxor
464 927 543 950 sua
571 928 591 950 e
614 916 684 950 fico
707 927 786 951 sese
810 917 1053 961 suspendisset
1075 917 1116 960 6,
1140 919 1184 960 3,
1212 917 1270 951 88.
1298 926 1369 961 quo
1395 915 1513 950 animo
1541 914 1717 958 (dederit),

222 961 261 995 id
287 967 353 1006 eet,
377 974 462 996 num
486 962 524 995 in
548 962 751 1007 aliquam
778 974 878 1007 spem
903 974 1027 997 suam
1049 966 1085 1006 7,
1108 962 1144 1006 4,
1172 964 1228 997 23.
1253 962 1486 1009 interrogavit
1510 962 1555 995 de
1584 962 1719 1006 quod.

224 1019 304 1041 suo
331 1008 563 1053 antisophiste
590 1011 654 1050 11,
679 1012 723 1050 3,
753 1010 832 1044 126.
870 1009 1046 1043 infantem
1069 1021 1194 1043 suam
1220 1008 1270 1052 (i.
1300 1021 1330 1042 e.
1355 1021 1456 1053 quam
1478 1005 1721 1050 transtulerat)

222 1054 454 1101 frigidissime
476 1055 675 1099 reportavit
698 1057 741 1098 6,
767 1058 784 1088 1
799 1081 810 1098 ,
832 1057 899 1097 39;
936 1056 1051 1089 studia
1075 1066 1150 1090 non
1173 1055 1245 1099 jam
1266 1055 1307 1090 in
1329 1065 1394 1090 suo
1426 1059 1508 1088 actu
1530 1058 1722 1098 versantur

224 1102 290 1143 12,
313 1104 358 1144 2,
384 1102 418 1136 8.
448 1112 516 1135 nec
549 1112 615 1135 suo
650 1101 730 1135 nisu
760 1101 884 1136 studiis
907 1102 1074 1136 insistunt
1099 1105 1139 1145 1,
1165 1104 1232 1144 12,
1258 1103 1316 1136 10.
1332 1111 1430 1146 ,supa
1456 1101 1546 1135 haec
1572 1109 1722 1144 operum

223 1157 356 1192 genera
379 1153 554 1182 amatores
577 1148 710 1181 habent
735 1151 802 1191 12,
827 1149 894 1191 10,
916 1151 952 1182 2.
988 1159 1112 1182 sensus
1146 1147 1262 1182 omnis
1288 1147 1396 1182 habet
1425 1157 1529 1181 suum
1549 1145 1657 1180 finem
1683 1146 1722 1188 9,

222 1195 258 1235 4,
283 1195 341 1228 61,
366 1194 464 1237 quod
487 1193 593 1228 etiam
617 1193 783 1228 detractis
807 1194 936 1229 ceteris
961 1195 1152 1229 virtutibus
1180 1204 1246 1228 suo
1270 1204 1402 1241 genere
1421 1194 1565 1237 plenum
1583 1194 1641 1235 12,
1662 1193 1728 1235 10,,

223 1239 280 1273 59.
306 1251 338 1272 υ.
367 1240 535 1274 Genus.
569 1241 666 1283 quod
689 1241 860 1274 reddetur
882 1251 948 1274 suo
972 1242 1055 1275 loco
1083 1242 1129 1284 8,
1155 1241 1198 1283 3,
1222 1241 1268 1275 85
1291 1252 1326 1274 υ.
1346 1240 1522 1278 Locus.
1539 1237 1579 1272 in
1601 1243 1721 1283 partes

222 1295 304 1317 suas
329 1283 523 1330 digerenda
548 1285 680 1328 (causa)
705 1289 761 1328 11,
782 1290 815 1330 1,
837 1289 870 1321 6.
916 1285 964 1328 ΙΙ)
991 1289 1037 1320 ad
1062 1290 1164 1320 alium
1185 1289 1305 1321 Casum
1329 1288 1494 1330 pertinens
1516 1287 1540 1319 ι’.
1561 1297 1594 1330 q.
1614 1296 1722 1328 pror·

223 1328 385 1373 prius!
413 1331 502 1364 nihil
532 1332 664 1365 horum
699 1322 803 1365 suis
834 1332 956 1367 verbis
987 1339 1093 1376 quam
1126 1331 1181 1366 his
1205 1331 1471 1366 arcessitis
1496 1330 1608 1376 magis
1634 1339 1722 1374 pro-

223 1375 340 1419 prium
366 1383 441 1410 erat
467 1378 508 1419 8,
532 1377 577 1420 6,
600 1380 635 1411 7.
663 1388 695 1410 v.
721 1378 894 1411 Locus.
920 1389 984 1411 sua
1010 1377 1177 1412 brevitati
1198 1377 1334 1424 gratia,
1359 1387 1424 1412 sua
1446 1376 1572 1420 copiae
1596 1377 1660 1418 10,
1685 1376 1728 1418 5,.

222 1423 257 1456 8.
287 1421 416 1466 quibus
445 1422 566 1457 omnia
593 1433 657 1456 sua
687 1424 828 1466 placent
853 1425 917 1465 10,
945 1425 988 1466 3,
1019 1426 1063 1456 12
1094 1435 1126 1468 v.
1154 1422 1325 1457 Omnis.
1354 1433 1436 1456 cum
1464 1421 1612 1461 dicturis
1633 1419 1728 1456 tanti

223 1478 309 1502 suae
334 1468 528 1512 (actiones)
550 1479 624 1502 non
648 1469 719 1502 sint
746 1472 810 1512 12,
835 1470 882 1512 8,
905 1467 942 1504 4.
976 1468 1105 1513 quibus
1128 1468 1294 1503 omnibus
1324 1469 1474 1503 debetur
1502 1479 1587 1502 suus
1611 1464 1728 1519 decoq'

224 1516 292 1556 11,
319 1516 363 1558 1,
387 1514 443 1550 41.
482 1526 574 1559 quae
607 1524 682 1548 non
711 1515 926 1549 habentibus
958 1525 1092 1550 nomen
1124 1526 1228 1549 suum
1254 1515 1501 1549 accommodat
1521 1515 1565 1557 8,
1593 1513 1636 1556 6,
1660 1512 1728 1547 34.=

224 1560 401 1594 dabuntur
425 1566 459 1596 et
483 1561 554 1594 illis
578 1565 651 1594 tum
676 1572 819 1605 quoque
843 1572 871 1594 s.
902 1566 1065 1605 tempora
1087 1564 1132 1604 2,
1158 1562 1202 1604 1,
1228 1562 1283 1595 13.
1314 1559 1362 1602 «ff.
1387 1561 1428 1603 3,
1456 1562 1473 1593 1
1489 1585 1502 1602 ,
1525 1562 1583 1593 21.
1613 1559 1659 1602 6,
1687 1560 1728 1603 123³

223 1605 280 1640 54.
312 1607 354 1650 9,
380 1609 421 1650 3,
447 1606 505 1642 54.
536 1607 579 1640 de
614 1606 740 1641 ordine
763 1606 879 1640 laudis
904 1614 965 1641 etc.
992 1606 1251 1651 praecipiemus
1275 1618 1305 1641 s.
1331 1612 1495 1650 tempore
1517 1608 1561 1648 2,
1583 1603 1630 1648 4,
1659 1607 1701 1641 21
1724 1611 1728 1622 ³

223 1652 329 1686 etiam
356 1664 436 1687 cum
468 1652 639 1697 judicium
665 1664 817 1687 meum
845 1654 1060 1696 ostendero,
1092 1664 1222 1687 suum
1249 1658 1366 1688 tamen
1388 1651 1590 1699 legentibus
1611 1651 1704 1684 relin

223 1710 328 1742 quam
352 1700 387 1742 9,
415 1699 451 1743 4,
476 1702 510 1732 2.
537 1705 577 1732 ut
601 1699 890 1734 adversariorum
914 1699 1007 1733 dicta
1034 1710 1116 1733 cum
1140 1711 1204 1733 sua
1229 1698 1499 1733 confirmatione
1521 1697 1676 1732 referam

222 1746 265 1786 5,
291 1747 352 1788 13,
376 1748 434 1780 27.
457 1756 547 1789 quae
582 1756 657 1779 non
678 1745 760 1780 suis
793 1745 915 1780 verbis
946 1745 1098 1790 exposui
1133 1747 1177 1789 5,
1205 1747 1267 1787 11,
1293 1747 1365 1780 13(
1384 1750 1439 1779 est
1471 1749 1507 1778 et
1537 1742 1589 1777 in»
1606 1742 1728 1780 nomi«

222 1790 327 1824 nibus
364 1802 412 1825 ex
449 1792 594 1826 diverso
626 1791 810 1825 collocatis
842 1802 908 1825 sua
937 1791 1050 1838 gratia
1077 1792 1120 1832 9,
1146 1793 1191 1834 3,
1218 1791 1283 1835 86;
1326 1801 1416 1836 quae
1452 1800 1531 1824 sua
1561 1788 1677 1833 cuju

223 1848 314 1880 que
338 1843 420 1871 sunt
443 1837 578 1883 ingenii
603 1836 688 1881 (sed
711 1837 966 1882 praeferendum
990 1839 1123 1871 videtur
1143 1839 1260 1871 Amb.
1287 1839 1320 1871 1.
1345 1848 1438 1882 quae
1461 1836 1518 1870 sni
1547 1840 1631 1870 sunt
1654 1792 1728 1886 ⁰¹31

222 1883 315 1927 jusq.
349 1882 441 1930 ing.)
465 1884 508 1926 7,
543 1885 608 1926 10,
646 1886 703 1917 10.
740 1895 826 1917 sua
861 1885 1095 1928 cujusque
1126 1883 1180 1917 rei
1216 1882 1406 1927 appellatio
1429 1883 1473 1925 8,
1496 1884 1542 1925 2,
1566 1884 1599 1915 1.
1633 1892 1688 1914 su

222 1930 397 1974 cuique
421 1929 602 1974 proposita
625 1930 706 1973 lex,
738 1940 843 1964 suus
871 1930 1047 1976 cuique
1072 1930 1184 1963 decor
1207 1931 1348 1973 est‘10,
1376 1932 1420 1973 2,
1443 1931 1500 1963 22.
1532 1939 1565 1963 v.
1587 1887 1728 1991 Quia}

223 1987 323 2019 que.

180 2030 369 2086 Syllaba·
418 2040 464 2085 α)
498 2055 527 2076 ο.
545 2043 651 2086 Adj..·
686 2043 810 2078 ultima
833 2055 862 2078 s.
887 2055 956 2079 nec
979 2048 1081 2078 acuta
1111 2054 1267 2088 unquam
1296 2041 1496 2086 excitatur,
1519 2052 1598 2095 ’nec
1620 2040 1696 2076 flex

220 2089 499 2123 circumducitur
522 2091 579 2132 12,
604 2091 663 2132 10,
686 2092 743 2124 33.
770 2089 816 2132 cf.
844 2093 878 2134 1,
904 2091 938 2134 5,
962 2093 1019 2124 22.
1043 2092 1099 2124 32.
1127 2091 1183 2125 62.
1206 2094 1246 2122 ut
1272 2089 1431 2134 syllabae
1456 2099 1476 2123 e
1503 2089 1616 2122 literis
1637 2099 1675 2122 m
1705 2099 1720 2132 ⁴,

221 2135 290 2169 lius
314 2135 521 2169 sonantibus
545 2135 714 2170 clariores
739 2141 838 2179 sunt,
874 2137 922 2170 ita
951 2137 1065 2171 verba
1089 2147 1109 2170 e
1133 2134 1280 2180 syllabis
1303 2135 1415 2182 magis
1441 2133 1584 2170 vocalia
1607 2134 1654 2177 8,
1677 2135 1700 2181 3

222 2179 278 2216 16.
310 2192 427 2225 neque
452 2181 546 2214 enim
570 2181 668 2226 loqui
693 2193 904 2226 possumus,
937 2181 1006 2216 nisi
1038 2182 1184 2226 syllabis
1208 2181 1377 2216 brevibus
1407 2192 1450 2215 ac
1473 2179 1590 2227 longis
1611 2180 1652 2222 9,

221 2227 278 2262 61.
312 2233 348 2262 et
372 2226 488 2273 longis
512 2227 694 2275 longiores
718 2234 754 2262 et
778 2228 947 2263 brevibus
977 2228 1164 2262 breviores
1197 2232 1280 2261 sunt
1307 2239 1337 2261 s.
1364 2229 1407 2262 ib.
1431 2226 1489 2267 84.
1512 2237 1612 2260 acres
1635 2225 1681 2268 (s.

222 2284 315 2317 quae
338 2284 388 2306 ex
413 2273 582 2307 brevibus
607 2274 651 2307 ad
674 2274 799 2320 longas
822 2273 1028 2320 insurgunt3
1059 2273 1236 2313 leniores,
1270 2283 1361 2318 quae
1385 2283 1406 2306 a
1429 2271 1549 2320 longis
1569 2271 1608 2306 in
1633 2271 1676 2305 br

222 2331 288 2354 ves
314 2320 535 2353 descendunt
561 2321 602 2359 9,
625 2318 670 2361 4,
686 2321 752 2355 92.
786 2320 904 2366 longis
928 2332 957 2354 s.
981 2319 1092 2365 magis
1117 2320 1260 2354 stabiles
1284 2317 1434 2363 (pedes)
1456 2320 1500 2352 ib.
1524 2318 1583 2354 83.
1708 2315 1711 2321 ’

220 2377 249 2399 s.
277 2365 362 2399 facit
385 2366 452 2410 (Q)
478 2368 534 2408 12,
561 2367 616 2407 10,
638 2367 694 2399 30.
719 2366 904 2400 summissa
929 2367 1044 2401 lentas
1068 2370 1104 2399 et
1126 2365 1220 2409 ipsas
1244 2366 1309 2399 sed
1331 2364 1448 2399 minus
1473 2365 1673 2398 exclamant

221 2411 370 2456 exigunt
394 2411 455 2454 (s.)
481 2412 517 2454 9,
541 2409 576 2452 4,
601 2413 679 2445 137.
703 2412 833 2457 longae
857 2423 921 2455 per
945 2422 984 2446 se
1007 2416 1044 2445 et
1067 2413 1169 2446 velut
1198 2411 1340 2456 opimae
1363 2422 1392 2445 s.
1418 2412 1461 2444 ib.
1487 2410 1545 2445 36.
1569 2409 1670 2454 parib

222 2468 249 2491 s.
275 2459 308 2499 9,
335 2458 369 2500 3,
394 2458 450 2492 79.
474 2455 668 2500 asperrime
692 2457 903 2492 coeuntibus
927 2457 1022 2492 inter
1048 2468 1087 2491 se
1112 2469 1140 2492 s.
1167 2460 1202 2502 1,
1227 2460 1261 2500 1,
1286 2459 1344 2492 37.
1368 2456 1446 2492 sive
1471 2466 1551 2490 cum
1575 2463 1695 2490 §.cor

220 2508 321 2545 repta
343 2503 553 2547 producitur
580 2523 626 2529 —
650 2514 714 2537 seu
742 2505 849 2551 longa
882 2503 1072 2548 corripitur
1096 2505 1136 2547 1,
1159 2504 1204 2548 5,
1231 2504 1287 2539 18.
1318 2515 1351 2537 v.
1377 2503 1463 2536 Pro
1476 2503 1613 2535 duco.
1651 2511 1672 2534 a

223 2548 395 2591 correptis
420 2554 480 2583 aut
502 2548 678 2592 porrectis
705 2561 735 2583 s.
762 2552 804 2592 1,
827 2550 867 2592 6,
883 2551 936 2584 «32
969 2561 1003 2583 v.
1024 2549 1214 2584 Litera.
1250 2549 1347 2583 easd.
1372 2548 1493 2582 literas
1525 2546 1649 2581 enuuti

221 2593 318 2627 veris
345 2606 373 2628 s.
407 2597 447 2637 1,
473 2596 520 2638 5,
548 2596 610 2637 183
643 2606 689 2629 ne
722 2596 881 2639 syllabae
907 2594 1010 2632 verbi
1043 2594 1171 2639 prioris
1201 2595 1346 2629 ultimae
1378 2593 1449 2628 sint
1485 2591 1622 2636 primae
1650 2603 1669 2626 s
1699 2633 1702 2636 Α

222 2638 361 2680 quentis
385 2641 427 2682 9,
451 2639 495 2683 4,
523 2638 580 2674 41.
615 2639 660 2681 cs.
688 2642 746 2675 33.
779 2643 856 2677 109.
884 2643 927 2685 1,
950 2641 994 2685 5,
1018 2643 1075 2675 30.
1104 2645 1240 2685 palus
1268 2641 1364 2675 aliud
1385 2638 1506 2684 priore
1532 2650 1562 2672 s.
1587 2639 1675 2685 long

219 2682 314 2716 aliud
339 2686 518 2728 sequenti,
546 2685 722 2732 significat
746 2689 788 2731 1,
811 2690 856 2727 7,
886 2689 921 2721 3.
953 2700 986 2722 v.
1008 2686 1157 2721 Prior.
1190 2688 1347 2721 secunda
1368 2696 1398 2719 s.
1429 2687 1470 2727 1,
1498 2684 1541 2727 6,
1565 2686 1624 2718 21.
1650 2686 1670 2718 3

222 2731 278 2771 12,
306 2731 360 2772 10,
386 2732 442 2764 57.
469 2731 572 2766 brevi
597 2732 714 2766 media
738 2744 767 2766 s.
794 2734 828 2776 1,
847 2732 883 2776 6,
900 2731 936 2767 4.
962 2732 1007 2774 cs.
1027 2737 1061 2768 7.
1087 2738 1248 2767 extrema
1271 2743 1300 2766 s.
1323 2735 1356 2774 1,
1380 2730 1414 2773 6,
1438 2729 1473 2764 4.
1497 2741 1531 2765 v.
1553 2730 1672 2764 Exte

219 2772 258 2817 β)
279 2786 342 2818 per
367 2778 479 2808 varios
500 2780 628 2811 Casus.-
661 2778 791 2823 quibus
815 2790 977 2824 quaeque
1001 2791 1030 2813 s.
1055 2778 1168 2813 literis
1191 2782 1330 2812 constet
1355 2779 1389 2820 1,
1414 2779 1448 2817 7,
1475 2778 1507 2810 1.
1532 2775 1603 2811 nisi
1623 2799 1626 2803 -
1679 2773 1689 2782 ⁴
