1794 2976
560 183 721 254 Vmius
750 235 805 244 —
833 208 1123 253 Vehementer
1521 211 1605 253 937

87 308 90 309 ⁷
127 328 230 361 dum
255 336 318 361 res
340 329 377 360 et
399 323 547 368 affectus
567 324 753 361 variantur
777 324 897 360 omnia
920 326 988 370 11,
1013 326 1058 370 3,
1083 324 1164 361 152.
1192 324 1304 360 mults
1329 322 1464 359 circa
1494 333 1607 360 voces

128 373 224 408 easd-
246 371 388 409 variare
414 374 482 416 10,
505 373 549 415 5,
573 372 608 406 6.

83 427 255 471 Varius·
299 440 475 493 quodest
495 438 636 474 varium
656 441 692 481 7,
716 440 762 481 2,
785 440 841 473 32.
867 437 1027 473 ediscere
1055 449 1161 484 quam
1182 437 1336 473 maxime
1358 438 1459 474 varia
1486 440 1544 482 11,
1571 440 1607 481 3,

126 485 186 520 25.
222 496 376 520 maxime
406 485 547 520 varia
586 490 622 518 et
660 484 925 528 multiplex
961 484 1054 518 actio
1090 491 1144 518 est
1179 484 1426 528 probationum
1464 487 1508 518 ib.
1539 485 1608 520 163

112 543 163 574 ,m
190 531 452 576 Multiplex.
493 536 567 565 tot
604 541 647 564 ac
683 536 772 564 tam
801 529 960 565 variis
991 531 1173 564 affectibus
1208 531 1389 564 concisum
1419 533 1483 573 12,
1509 533 1551 583 1,
1573 533 1608 566 7.

127 582 426 665 ffixssffizftff
436 576 879 666 ffifflsslasfifssaeffii'
896 575 1608 666 02:331:ssss‘'ffissifflffihffij'i]

128 667 209 702 146.
243 667 288 710 cs.
311 669 368 704 60.
394 669 522 714 figuras
550 669 718 702 multas
742 679 784 707 ac
807 668 966 703 varias
990 668 1215 711 excogitandi
1246 671 1310 711 10,
1334 670 1374 711 5,
1403 670 1437 702 3.
1473 667 1519 708 cs.
1550 670 1606 712 10,

126 715 168 756 1,
191 714 250 750 96.
282 726 314 748 v.
339 715 535 748 Multus.
562 713 653 758 (jus)
686 713 797 758 ipsius
821 713 1035 761 rogationis,
1066 716 1163 758 quod
1186 720 1240 748 est
1263 713 1425 756 varium,
1451 714 1539 748 sive
1562 730 1607 738 —

90 776 93 778 -
126 758 207 794 sive
223 777 268 784 —
286 759 364 794 sive
388 762 423 802 2,
441 759 477 801 4,
497 760 553 794 35.
578 771 654 794 var.
677 759 859 793 hominum
886 759 1015 802 judicia
1040 760 1075 803 6,
1101 762 1134 803 3,
1158 761 1194 795 6.
1218 760 1371 794 multis
1395 771 1438 794 ac
1460 759 1607 793 variis

126 805 276 840 maculis
301 806 343 848 8,
371 806 412 847 5,
441 807 497 840 28.
520 805 636 840 varias
658 816 782 839 manus
812 809 867 848 11,
894 807 929 847 3,
955 807 1032 840 182.
1059 817 1096 841 v.
1125 817 1307 841 mensuras
1331 807 1367 848 9,
1391 805 1426 848 4,
1453 807 1510 841 53.
1538 815 1610 839 no-

125 850 222 885 mina
243 863 281 886 v.
306 853 350 884 ib.
374 852 432 886 79.
466 863 502 886 v.
526 851 736 895 permutatio
760 851 940 885 literarum
965 857 1006 894 1,
1034 855 1077 895 1,
1102 853 1160 886 25.
1192 864 1232 888 v.
1255 851 1473 896 propositum
1499 861 1610 897 agen-

126 895 213 930 tium
239 899 304 939 12,
326 898 369 939 9,
397 895 453 930 14.
486 897 632 942 qualitas
658 896 770 943 magis
792 909 829 932 v.
856 904 909 931 est
939 900 1005 940 11,
1031 898 1077 940 3,
1104 900 1158 932 15.
1182 909 1220 932 v.
1248 898 1386 932 ratione
1410 898 1611 945 linguarum

125 942 174 983 8,
198 941 243 984 3’“,
271 943 327 978 59.
359 941 404 983 cs.
432 945 496 985 10,
521 946 562 985 2,
586 945 641 977 27.
676 954 800 977 sensus
831 943 999 977 sublimes
1022 942 1185 987 variique
1210 946 1276 986 12,
1303 946 1371 986 10,
1394 945 1449 978 36.
1481 943 1609 977 latiore

127 988 301 1031 varioque
327 994 475 1021 tractatu
493 992 527 1031 7,
552 991 586 1032 3,
617 989 672 1022 16.
696 999 772 1026 vox
791 989 1040 1023 vehementior
1063 1000 1103 1022 ac
1127 989 1237 1034 magis
1259 989 1359 1023 varia
1381 992 1438 1032 11,
1464 991 1498 1032 3,
1528 989 1608 1023 145.

127 1044 166 1067 v.
190 1035 291 1068 velut
319 1035 438 1078 vultus
462 1036 508 1077 9,
532 1037 573 1076 2,
602 1035 674 1075 633
706 1035 871 1076 iudiciale
904 1041 939 1068 et
967 1034 1169 1069 contionale
1193 1036 1359 1077 (genus),
1392 1040 1431 1068 ut
1460 1035 1609 1068 materia

126 1079 267 1114 varium
290 1085 366 1122 est,
402 1080 453 1113 sic
489 1080 595 1114 etiam
626 1080 861 1114 collocatione
887 1081 1082 1115 verborum
1104 1083 1147 1124 9,
1170 1080 1216 1124 4,
1250 1083 1338 1123 130;
1370 1080 1493 1116 varius
1526 1093 1607 1125 opp.

127 1128 360 1159 constanti
387 1126 423 1169 6,
451 1127 486 1169 3,
507 1125 554 1160 48
577 1127 624 1159 Ν.
661 1139 694 1161 v.
720 1125 906 1161 Consto.

82 1178 235 1223 varix}
270 1191 412 1227 solitum
441 1192 478 1226 id
501 1193 621 1227 facere
645 1193 719 1228 Cic.
745 1192 981 1229 velandorum
1008 1193 1168 1230 varicum
1195 1193 1308 1240 gratia
1332 1195 1389 1237 11,
1412 1194 1456 1238 3,
1482 1192 1560 1228 143.

80 1246 188 1290 Vas·
234 1271 255 1295 e
278 1261 354 1294 luto
379 1272 464 1296 vasa
488 1261 640 1295 ducendi
663 1264 698 1304 2,
725 1266 781 1305 17,
810 1265 838 1296 3.

81 1313 332 1358 vasculum·
386 1328 465 1373 quis
498 1339 572 1362 non
606 1329 709 1363 faber
738 1331 922 1363 vasculum
957 1327 1125 1373 aliquod,
1158 1329 1263 1373 quale
1293 1339 1472 1373 nunquam
1504 1328 1609 1373 vidit,

123 1373 237 1408 fecit?
266 1377 313 1417 7,
341 1376 408 1416 10,
434 1375 469 1408 9.
505 1376 652 1410 vascula
682 1375 755 1409 oris
787 1374 926 1423 angusti
956 1375 1177 1420 superfusam
1202 1374 1361 1409 humoris
1385 1375 1525 1420 copiam
1548 1387 1609 1410 re-

107 1425 256 1463 'spuunt
278 1418 371 1466 1,,2,
395 1421 453 1455 28.

79 1461 292 1505 vastatio.
323 1467 374 1520 ³8,
399 1475 436 1520 4,
459 1476 506 1511 14
538 1490 571 1512 υ.
596 1477 781 1514 Caedes.

78 1527 284 1621 viiigtitliirs·
296 1555 431 1622 4nna1n
455 1546 563 1578 modo
586 1545 624 1578 in
646 1545 707 1579 illa
728 1546 898 1580 immensa
919 1552 1011 1581 vast.
1036 1555 1184 1580 cernere
1206 1544 1371 1580 videmur
1386 1544 1439 1578 M.
1451 1543 1610 1590 Tullium

79 1612 232 1682 vatis·
278 1643 366 1677 illud
400 1644 577 1688 (carmen)
613 1646 666 1679 Fa
676 1658 699 1679 u
709 1646 754 1679 ni
786 1658 812 1681 v
823 1658 842 1680 a
853 1652 867 1680 t
879 1658 899 1680 e
911 1659 927 1680 s
938 1659 1008 1691 que
1043 1647 1227 1681 canebant.
1263 1650 1320 1680 En
1330 1659 1362 1679 n.
1389 1646 1433 1686 9,
1456 1644 1500 1688 4,
1527 1646 1609 1680 115.

123 1689 306 1732 Dearum,
339 1702 425 1734 quas
450 1691 652 1734 praesidere
675 1692 816 1727 vatibus
839 1694 1010 1727 creditum
1034 1696 1096 1736 10,
1125 1695 1165 1736 1,
1190 1692 1252 1734 43·.
1276 1691 1452 1725 instinctis
1484 1691 1608 1726 divino

127 1734 252 1776 spiritu
275 1741 348 1770 vat.
372 1739 429 1778 12,
458 1739 512 1778 10,
536 1738 595 1770 24.

80 1776 318 1870 νῗίῐξιηοῐ.
361 1792 621 1837 expositionem
644 1794 856 1838 futurorum,
880 1806 972 1840 quae
994 1794 1082 1829 solis
1107 1793 1183 1828 dari
1201 1793 1476 1829 vaticinantibus
1492 1799 1611 1838 potest

149 1861 160 1878 ‚
207 1861 220 1879 ,
242 1839 278 1871 3.

79 1875 166 1920 VC·
209 1893 304 1936 quod
329 1904 401 1927 non
428 1895 509 1938 plus
533 1895 698 1930 minusve
723 1902 788 1940 est,
812 1908 916 1941 quam
941 1898 1043 1930 decet
1068 1898 1102 1939 8,
1127 1898 1160 1939 3,
1186 1895 1245 1930 42.
1271 1901 1508 1930 consonantes
1539 1908 1611 1930 una

124 1938 294 1990 pluresve
315 1941 360 1982 9,
383 1938 430 1982 4,
454 1942 511 1974 85.
535 1947 614 1975 uter
636 1941 781 1986 m'elior,
804 1949 931 1976 uterve
958 1942 1141 1976 deterior?
1165 1945 1207 1985 2,
1231 1941 1274 1984 4,
1295 1945 1351 1975 21.
1384 1942 1422 1975 in
1450 1942 1610 1986 epistolis

125 1983 323 2030 dialogrsve
352 1987 416 2027 10,
446 1989 487 2028 1,
514 1989 592 2022 107.
620 1988 740 2022 lateris
763 1988 965 2032 pectorisve
988 1988 1132 2022 firmitas
1158 1992 1222 2029 11,
1247 1990 1289 2030 3,
1320 1988 1374 2022 16.
1399 1987 1474 2021 filio
1497 1987 1610 2022 filiive

124 2029 306 2064 advocatis
332 2033 396 2072 11,
426 2034 468 2074 1,
499 2032 556 2065 61.
589 2032 618 2066 si
658 2035 752 2077 quod
781 2034 924 2068 uberius
959 2034 1163 2068 invenerint
1197 2034 1311 2067 solum
1351 2033 1610 2068 fertilioremve

125 2081 280 2120 segetem
306 2078 370 2118 12,
397 2079 460 2118 10,
483 2078 541 2112 25.
572 2085 747 2122 ventoso,
770 2080 936 2123 humido,
965 2080 1147 2115 calidove
1174 2079 1231 2113 die
1260 2082 1326 2120 11,
1353 2081 1399 2121 3,
1425 2082 1482 2113 27.
1519 2079 1611 2112 nihil

124 2120 298 2154 absonum
322 2140 362 2146 —
387 2121 475 2155 nihil
497 2125 744 2170 peregrinum,
780 2137 920 2170 neque
954 2137 1062 2160 sensu
1094 2136 1245 2169 neque
1272 2125 1413 2167 verbis,
1448 2135 1608 2169 neque

125 2175 189 2199 ore
211 2172 378 2212 gestuve
405 2168 446 2208 6,
468 2169 503 2211 3,
529 2171 608 2204 107.

71 2208 341 2252 .v0hem8n8-
382 2223 527 2264 sortis
559 2231 595 2259 et
627 2227 848 2260 vehemens
873 2233 994 2261 erecta
1026 2232 1061 2261 et
1096 2226 1272 2260 concitata
1299 2237 1392 2260 voce
1420 2226 1608 2260 dicendum

126 2273 181 2301 est
208 2271 279 2319 11,.
296 2270 339 2310 3,
366 2271 452 2311 175;
491 2272 596 2305 veh.
625 2277 659 2304 et
681 2272 920 2315 poeticum
947 2273 1053 2317 Saleji
1078 2273 1179 2306 Bassi
1203 2272 1386 2318 ingenium
1412 2275 1467 2314 10,
1493 2276 1526 2314 1,
1552 2273 1609 2307 90.

126 2323 222 2346 acri
247 2319 282 2347 et
307 2315 572 2350 vehementi
597 2317 757 2351 oratione
783 2320 823 2360 5,
850 2321 915 2361 13,
939 2320 996 2353 25.
1030 2324 1190 2352 sancta
1227 2324 1262 2352 et
1288 2318 1448 2364 gravis
1480 2318 1608 2360 oratio,

126 2364 160 2392 et
189 2360 442 2403 custodita,
466 2367 503 2395 et
523 2363 729 2406 frequenter
750 2365 848 2397 veh.
877 2375 1018 2408 quoque
1043 2367 1100 2406 10,
1128 2367 1160 2407 1,
1188 2366 1263 2398 115.
1296 2375 1419 2397 sensus
1443 2364 1546 2397 veh.
1575 2370 1609 2397 et

126 2414 241 2438 acer
261 2406 296 2447 9,
320 2407 354 2447 3,
382 2409 427 2440 72
452 2419 483 2440 v.
506 2406 631 2442 Acer.
662 2409 765 2443 veh.
791 2411 951 2452 quaestio
983 2416 1019 2444 et
1048 2421 1224 2453 aspera
1248 2412 1281 2450 5,
1308 2412 1364 2451 10,
1391 2411 1475 2450 113;
1515 2412 1609 2443 Gom-

125 2461 215 2492 par..·
240 2452 517 2486 vehementi
540 2452 779 2487 remissius
803 2461 874 2498 atq.
902 2456 1243 2490 vehementius
1267 2454 1449 2488 invenitur
1470 2457 1527 2496 12,
1555 2458 1610 2496 10,

123 2495 182 2529 67.
215 2507 247 2530 v.
270 2497 462 2531 Rectus.
495 2505 736 2542 argumentum
766 2501 852 2533 veh.
877 2503 920 2543 7,
949 2501 991 2543 6,
1018 2504 1053 2535 7.
1087 2501 1172 2535 veh.
1205 2500 1387 2534 fluminum
1416 2511 1541 2534 cursus
1572 2502 1608 2542 9,

124 2539 160 2582 4,
184 2543 219 2575 7.
246 2552 321 2576 vox
345 2541 591 2579 vehementior
614 2556 655 2577 ac
676 2541 787 2589 magis
810 2545 910 2579 varia
936 2550 998 2587 11,
1023 2548 1065 2590 3,
1090 2545 1176 2587 145;
1210 2547 1305 2590 qnod
1330 2546 1361 2579 si
1384 2545 1540 2580 numeris
1565 2557 1607 2579 ac

119 2586 364 2666 gingis1gnest
397 2589 523 2632 quaed.
546 2589 698 2623 tacita
719 2590 801 2633 vis,
831 2590 868 2624 in
895 2591 1056 2625 oratione
1090 2597 1144 2626 est
1172 2591 1608 2626 vehementissima

147 2657 159 2672 O
207 2657 217 2675 2
289 2655 299 2666 ⁰

79 2673 383 2718 Vehementer·
418 2692 452 2732 1,
477 2691 511 2732 5,
538 2691 602 2732 21,
626 2692 736 2733 veh„
761 2691 988 2732 dulciter,
1015 2662 1405 2736 speciose'dictum
1424 2693 1460 2736 9,
1485 2691 1522 2735 4,
1547 2694 1605 2726 13.

124 2744 158 2766 v.
182 2732 426 2770 Concitae.
466 2740 634 2779 patronus
659 2736 697 2770 in
728 2737 800 2771 hoc
831 2739 915 2772 veh.
948 2737 1129 2782 incumbet
1161 2742 1205 2779 7,
1231 2741 1274 2782 2,
1303 2741 1360 2773 33.
1398 2738 1604 2783 pessimum,

125 2779 242 2813 Raro
266 2783 419 2824 evenit,
441 2783 522 2815 sed
542 2783 632 2816 veh.
656 2785 774 2816 venit
795 2783 832 2826 9,
853 2785 889 2827 3,
913 2786 980 2826 72;
1008 2783 1216 2828 (lombar..-
1243 2794 1392 2819 movere
1406 2785 1605 2819 vehemen-
