1728 3002
724 189 859 249 Opu's‘
1465 193 1552 234 603

65 307 217 347 mato-l·
237 310 327 355 op'uu
349 305 465 344 oratio
487 307 626 350 12:10,
651 307 688 341 1.
712 304 758 347 ej:
781 307 817 349 2,
841 306 900 349 17,
922 301 980 338 43.
1018 302 1277 350 oratio,opus
1306 313 1381 339 non
1411 310 1552 355 mate-

43 382 45 386 .
65 357 139 392 ria
159 356 358 392 rhetorices
379 357 416 397 2,
439 354 497 397 21,
521 355 557 387 1.
590 353 672 387 ΔΙειίει
697 351 816 386 fusum
839 361 901 395 op.
925 355 962 384 et
985 350 1175 395 multiplex
1203 356 1239 386 et
1262 351 1394 386 cotidie
1418 361 1554 386 novum

66 405 103 446 2,
127 405 184 445 13,
209 405 264 437 17.
309 401 348 435 ἱιι
371 399 559 435 efficiendo
581 399 681 433 velut
704 408 763 442 op.
797 397 990 441 proposito>
1006 398 1042 440 8,
1073 399 1109 440 3,
1137 398 1194 432 88.
1240 408 1307 431 nec
1330 403 1400 431 tam
1425 409 1554 432 aversa

67 444 224 492 unquam
247 446 429 481 videbitur
452 445 497 480 ab
520 454 580 488 op.
604 455 670 478 suo
706 442 935 488 providentia
966 444 1000 484 5,
1038 445 1096 485 12,
1136 444 1191 480 19.
1238 453 1349 488 opera
1381 445 1555 488 quaedam

68 494 174 528 nobis
200 491 446 536 inimitabilia,
477 489 593 535 qualia
616 495 698 523 sunt
722 500 883 523 cerarum
911 499 954 522 ac
979 489 1094 522 mellis
1120 491 1158 530 2,
1192 489 1249 531 16,
1286 490 1345 526 16.
1390 491 1435 533 β)
1467 503 1556 534 quae

66 553 166 573 mama
187 538 288 581 sacta
309 545 406 572 sunt.-
438 546 548 582 opere
570 537 663 570 male
685 536 808 579 juncto
835 538 890 577 12,
913 536 950 576 9,
979 537 1032 568 ¹7.
1059 546 1080 568 a
1098 534 1243 568 nummis
1268 536 1314 568 ad
1338 534 1411 568 ima
1433 535 1556 583 rigens

68 595 131 665 ‘1³21
153 588 204 675 Ξῖ,
214 580 832 674 ¹223113.¹’.²·¹¹;¹3¹¹⁰4·;³⁰11⁷·³2:³31³
858 579 1328 671 ssssz‘ffittssssffffffr
1343 584 1474 662 ,θ’θ’
1488 586 1558 662 ἔὲἑ

206 655 216 665 .
613 652 624 661 -
693 650 703 667 φ
832 649 843 660 ·
1222 652 1232 661 ·
1307 652 1318 668 v
1368 653 1378 670 v
1453 651 1464 661 ·

69 681 163 710 tusta
183 675 282 709 urbis
304 653 453 710 nostrae,
473 653 544 718 op:
560 675 594 716 1,
618 671 654 716 4,
676 673 742 716 16,
781 673 923 717 operis,
955 673 1053 716 quod
1076 672 1191 707 oculis
1229 672 1433 717 subjicitur,
1465 684 1557 708 con-

69 721 304 756 summatione
327 724 363 763 2,
396 721 454 762 18,
477 722 512 754 2.
559 729 705 763 operum
742 718 883 765 fastigia
914 724 1138 762 spectamur,
1186 720 1295 753 latent
1327 719 1558 754 fundamenta

67 768 128 802 Pr.
153 769 191 802 4.
238 767 328 801 haec
348 776 499 811 operum
523 775 656 811 genera
684 767 739 807 12,
766 767 823 807 10,
846 767 882 798 2.
914 764 1078 806 maiestas
1100 764 1221 809 operis
1246 767 1301 807 12,
1328 767 1384 808 10,
1407 766 1442 800 9.
1466 776 1559 810 ope-

70 823 155 847 rum
177 813 290 853 moles
318 815 374 855 12,
402 813 439 854 9,
463 813 486 844 2
508 822 543 844 v.
567 810 732 844 Moles.
779 811 898 854 operis
922 816 1168 844 ornamentum
1190 813 1227 852 2,
1253 812 1288 854 3,
1311 811 1353 854 6,
1393 811 1559 855 artifices,

72 869 155 892 cnm
177 859 279 902 plura
300 857 339 892 in
361 868 469 891 unam
494 856 650 890 tabulam
676 866 785 900 opera
808 856 1034 890 contulerunt
1058 857 1092 898 8,
1124 857 1156 897 5,
1189 857 1247 893 26.
1295 857 1339 890 ab
1369 856 1472 891 initio
1504 857 1558 892 sic

69 914 163 948 opus
189 904 320 938 ducere
345 905 401 944 10,
428 904 463 944 3,
489 902 534 935 18
560 902 608 935 Ν.
655 911 766 944 opera
790 902 1036 935 extruentibus
1059 901 1143 935 satis
1170 912 1245 936 non
1266 908 1344 943 est,
1371 913 1460 936 saxa
1483 910 1558 948 atq.

69 948 254 983 materiam
279 959 477 995 congerere
507 950 543 989 7,
577 948 636 980 Pr.
673 949 707 980 1.
752 946 909 991 pictores
941 957 1051 990 opera
1079 946 1241 990 priorum
1274 947 1314 981 in
1351 950 1558 992 exemplum

69 994 252 1028 intuentur
280 997 338 1035 10,
359 997 395 1036 2,
418 996 451 1027 2.
500 1002 651 1036 quorum
673 1003 784 1036 opera
806 1002 880 1026 non
908 991 1093 1027 vetustatis
1122 994 1235 1026 modo
1266 993 1380 1039 gratia
1409 994 1562 1030 visenda

70 1045 174 1083 sunt,
206 1039 292 1074 clari
315 1038 472 1083 pictores
499 1042 555 1081 12,
582 1040 639 1079 10,
664 1041 700 1073 3.
746 1038 809 1071 Est
830 1039 907 1071 laus
934 1043 971 1072 et
993 1049 1160 1081 operum,
1193 1037 1232 1072 in
1268 1039 1395 1083 quibus
1427 1041 1560 1084 honor,

72 1085 229 1127 utilitas,
257 1084 504 1129 pulchritudo,
539 1089 666 1118 auctor
687 1083 837 1127 spectari
864 1083 967 1117 solet.
1011 1085 1153 1127 Honor,
1177 1090 1216 1117 ut
1249 1083 1287 1118 in
1318 1086 1479 1129 templis·
1493 1094 1559 1121 eto.

70 1133 108 1174 3,
131 1134 168 1172 7,
190 1131 251 1166 27.
275 1130 316 1176 γ)
340 1132 383 1164 «le
405 1131 557 1172 scriptis.-
594 1141 668 1163 non
692 1130 991 1163 contemnendum
1014 1139 1075 1173 op.
1098 1132 1156 1171 10,
1181 1133 1216 1172 1,
1241 1129 1299 1165 54.
1323 1141 1383 1175 op.
1410 1142 1431 1166 a
1455 1132 1562 1166 nobis

70 1176 282 1211 destinatum
308 1179 344 1217 2,
364 1176 421 1218 10,
446 1176 502 1211 15.
527 1174 571 1216 eff.-
598 1177 655 1218 10,
680 1177 715 1218 3,
740 1177 803 1217 23,
827 1174 1019 1208 infaustum
1043 1185 1103 1219 op.
1127 1176 1162 1217 6,
1186 1177 1242 1210 Pr.
1256 1178 1291 1219 3,
1315 1177 1435 1220 operis
1458 1177 1563 1212 insti-

70 1222 139 1256 tuti
166 1222 232 1267 Ep.
255 1222 300 1256 ad
322 1221 460 1266 Tryph.
472 1224 507 1255 2.
518 1222 630 1267 vulgo
651 1221 758 1265 paulo
783 1220 1007 1255 numerosius
1034 1231 1094 1265 op.
1119 1221 1249 1255 dicitur
1275 1229 1563 1270 argumentosum

73 1268 109 1311 5,
133 1270 190 1309 10,
219 1269 274 1302 10.
318 1266 503 1312 proposito
526 1277 636 1310 opere
659 1267 775 1309 11,.3,
799 1266 844 1300 16
900 1266 1053 1310 puerilia
1084 1266 1162 1310 ejus
1197 1278 1307 1311 opera
1341 1271 1398 1311 10,
1434 1273 1467 1311 1,
1500 1271 1560 1305 89.

73 1313 112 1348 in
137 1313 200 1347 illo
227 1313 466 1358 pulcherrimo
491 1322 639 1357 operum
658 1313 694 1354 8,
721 1312 758 1354 6,
781 1310 840 1350 64,
886 1311 973 1346 tanti
999 1323 1059 1356 op.
1085 1316 1118 1355 1,
1141 1315 1175 1356 5,
1199 1314 1240 1355 6,
1266 1313 1303 1347 in
1327 1314 1562 1358 dispositione

73 1359 184 1394 totius
215 1369 275 1403 op.
310 1361 366 1400 10,
401 1362 436 1400 1,
469 1358 527 1393 50.
571 1357 756 1401 utriusque
791 1368 853 1402 op.
887 1356 1068 1404 ingressus
1107 1361 1149 1393 ib.
1185 1358 1244 1394 48.
1290 1359 1466 1405 interpres
1501 1372 1563 1406 op.

71 1403 181 1439 alieni
203 1406 245 1439 ib.
270 1405 328 1440 87.
373 1409 510 1449 partem
533 1413 592 1448 op.
617 1402 786 1437 destinati
807 1404 916 1449 longe
940 1403 1187 1450 gravissimam
1224 1407 1280 1448 12,
1313 1406 1372 1440 Pr.
1400 1409 1432 1441 1.
1456 1407 1501 1449 cs.
1526 1412 1562 1452 1,

71 1451 108 1492 8,
130 1452 167 1485 6.
189 1450 226 1493 6,
253 1452 288 1494 5,
313 1452 348 1484 1.
370 1451 406 1492 8,
430 1450 488 1483 Pr.
516 1451 573 1484 13.
617 1449 790 1483 varietate
813 1459 961 1492 operum
986 1453 1041 1492 10,
1078 1453 1110 1493 1,
1142 1452 1208 1493 83,
1245 1453 1465 1494 procedente
1491 1454 1563 1496 jam

70 1506 135 1541 op.
157 1497 216 1539 10,
241 1499 276 1538 1,
297 1493 344 1538 4,
369 1496 453 1528 dum
477 1514 524 1521 —
546 1494 575 1528 si
603 1495 688 1539 quid
713 1495 804 1528 desit
826 1495 939 1538 operi,
963 1497 1103 1540 supplet
1126 1507 1204 1542 vox⁴
1228 1499 1284 1539 12,
1308 1499 1344 1541 6,
1371 1500 1406 1532 3.
1430 1500 1562 1534 sufficit

71 1541 188 1586 operi,
210 1541 269 1575 cui
295 1552 336 1576 se
362 1552 483 1585 parem
507 1540 657 1575 credidit
685 1543 740 1581 10,
766 1544 799 1583 1,
823 1542 879 1575 55.
910 1547 948 1575 ut
970 1542 1006 1574 id
1031 1553 1175 1586 quoque
1207 1544 1437 1590 adjungamus
1461 1546 1564 1590 operi

71 1589 119 1621 ib.
142 1587 209 1629 37,
242 1596 310 1632 pro
331 1587 441 1620 modo
464 1585 594 1621 virium
618 1591 654 1620 et
677 1586 893 1639 exigendtun
917 1598 976 1631 op.
1001 1593 1037 1621 et
1066 1588 1317 1635 corrigendum
1353 1593 1397 1632 2,
1428 1589 1471 1634 4,
1506 1591 1564 1627 14.

72 1633 170 1677 quod
193 1642 252 1676 op.
275 1631 340 1666 tibi
362 1631 517 1665 dicamus
545 1633 598 1665 Pr.
625 1632 660 1666 6.
697 1644 831 1665 smnma
864 1632 901 1665 in
936 1634 1145 1668 excolendis
1181 1645 1240 1678 op.
1272 1646 1398 1670 manus
1432 1640 1487 1679 10,
1529 1641 1563 1680 1,

73 1679 133 1716 97.
177 1688 296 1721 neque
324 1676 363 1711 ei
387 1678 432 1711 de
456 1676 550 1719 risu,
585 1678 647 1711 sed
677 1678 722 1711 de
745 1678 942 1712 urbanitate
971 1685 1024 1713 est
1048 1689 1107 1722 op.
1131 1679 1332 1714 institutum
1357 1682 1393 1723 6,
1418 1684 1452 1722 3,
1481 1685 1563 1717 103.

76 1721 122 1764 qs.
150 1723 210 1760 Pr.
233 1725 291 1756 21.
336 1723 508 1766 perficere
529 1727 665 1755 tantum
688 1733 748 1766 op.
778 1726 834 1766 12,
859 1726 915 1766 11,
939 1725 997 1757 24.
1045 1730 1085 1757 nt
1118 1735 1178 1768 op.
1214 1726 1327 1769 poliat
1355 1726 1457 1770 lima,
1489 1739 1565 1763 non

76 1772 218 1802 exterat
241 1769 297 1810 10,
317 1765 354 1807 4,
378 1767 413 1801 4.
459 1766 564 1801 nobis
590 1773 751 1802 nostrum
784 1779 845 1812 op.
877 1769 1019 1803 interim
1052 1770 1144 1803 tueri
1176 1776 1231 1804 sat
1264 1772 1332 1806 erit
1368 1775 1425 1816 10,
1460 1776 1495 1816 1,
1528 1776 1562 1810 9.

75 1813 207 1855 multa,
239 1823 331 1856 quae
353 1813 398 1845 ad
423 1812 494 1846 hoc
518 1823 575 1855 op.
600 1813 821 1856 pertinerent
846 1815 906 1850 Pr.
938 1818 970 1849 1.
1004 1815 1182 1849 scribendi
1216 1818 1420 1852 facultatem
1445 1819 1565 1862 potius

78 1859 124 1892 ad
147 1856 217 1891 alia
239 1867 299 1901 op.
322 1863 510 1891 convertet
537 1860 594 1909 10,
619 1861 654 1900 7,
681 1862 723 1901 1,
757 1865 834 1894 toto
854 1860 933 1894 fere
955 1871 1013 1904 op.
1049 1861 1191 1895 executi
1224 1874 1346 1896 sumus
1378 1867 1434 1906 12,
1470 1866 1504 1906 9,
1533 1868 1568 1899 1.

77 1903 116 1938 in
138 1904 209 1937 hoc
232 1913 290 1946 op.
313 1905 371 1946 11,
395 1904 429 1944 3,
455 1906 513 1936 27.
558 1913 596 1935 ln
620 1903 691 1937 alio
718 1914 778 1947 op.
802 1906 837 1946 5,
863 1908 918 1948 12,
943 1909 1000 1940 23.
1027 1907 1063 1949 8,
1096 1909 1131 1950 3,
1165 1908 1221 1942 58.
1269 1908 1478 1943 manifestus
1512 1917 1567 1945 est

64 1948 185 1984 -efiam
209 1959 256 1982 ex
282 1958 342 1991 op.
366 1947 445 1992 ipso
473 1948 575 1981 labor
594 1951 650 1991 10,
673 1951 709 1991 3,
731 1951 766 1984 8.
813 1950 908 1994 Quid
928 1951 984 1986 his
1021 1951 1108 1995 ipsis
1143 1954 1219 1995 ejus
1256 1954 1424 1997 operibus
1454 1957 1569 1990 subli-

78 1994 193 2037 mius,
228 1994 387 2037 doctius,
424 1993 587 2027 omnibus
612 1994 765 2038 denique
800 1995 956 2030 numeria
991 1998 1227 2040 praestantius
1261 2002 1316 2042 10,
1354 2003 1387 2043 1,
1422 2002 1479 2035 91.
1528 1999 1568 2046 ὃ)

77 2042 121 2074 «le
145 2047 213 2073 toto
239 2041 349 2083 aliquo
372 2051 491 2081 genere
514 2041 698 2072 scribendi.-
734 2051 780 2074 ne
802 2040 841 2073 in
865 2042 1088 2076 oratione
1112 2046 1239 2086 poetas
1273 2045 1399 2087 nobis,
1433 2047 1473 2080 in
1495 2047 1567 2082 illis

76 2084 315 2129 operibus
342 2089 501 2118 oratores
531 2090 590 2118 aut
622 2085 890 2129 declamatores,
924 2086 1116 2122 imitandos
1149 2095 1312 2132 putemus
1347 2093 1404 2134 10,
1434 2094 1470 2135 2,
1506 2096 1567 2128 21.

79 2137 263 2173 totumque
291 2140 348 2173 op.
373 2129 556 2172 (Ιιίειοι-ἰιι)
590 2141 663 2163 non
687 2131 731 2164 ad
759 2136 877 2164 actum
898 2132 952 2166 rei
976 2144 1204 2179 pugnamque
1226 2142 1468 2181 praesentem,
1503 2140 1568 2174 sed

82 2178 127 2211 ad
153 2174 359 2210 memoriam
380 2175 593 2219 posteritatis
615 2183 676 2209 eic-
703 2177 929 2220 componitur
953 2181 1009 2220 10,
1035 2182 1068 2221 1,
1094 2181 1152 2213 31.
1197 2181 1305 2228 longe
1329 2183 1460 2216 clarius
1485 2184 1571 2218 illu-

67 2217 286 2256 ‚s'travemnt
308 2221 379 2254 hoc
402 2230 461 2265 op.
486 2221 535 2262 (ι’.
560 2234 590 2254 e.
620 2222 933 2265 tragoediam)
966 2224 1163 2267 Sophocles
1196 2232 1267 2270 atq.
1304 2227 1491 2272 Euripides
1522 2232 1567 2265 ib.

79 2268 140 2302 67.
186 2267 293 2300 Hunc
322 2264 570 2310 (Euripidem)
606 2273 641 2300 et
666 2267 856 2301 admiratus
880 2268 1038 2301 maxime
1071 2276 1146 2311 est,
1187 2277 1224 2305 et
1246 2278 1411 2316 secutus,
1454 2287 1571 2320 quan-

82 2323 188 2356 quam
210 2311 250 2345 in
274 2320 332 2354 op.
356 2311 523 2355 diverso,
555 2313 757 2346 Menander
784 2316 827 2347 ib.
850 2313 910 2349 69.
956 2314 1043 2348 mihi
1070 2315 1176 2362 longe
1199 2318 1311 2364 magis
1334 2325 1459 2354 orator
1483 2333 1572 2365 pro-

83 2357 162 2392 bari
185 2356 224 2390 in
248 2366 308 2401 op.
331 2366 397 2391 suo
420 2357 562 2392 videtur
587 2357 828 2402 (Menander)
864 2361 906 2393 ib.
945 2362 1002 2397 70.
1049 2361 1104 2395 M.
1140 2363 1292 2407 Tullius,
1324 2365 1384 2410 qui
1422 2367 1570 2412 ubique,

81 2403 188 2437 etiam
210 2402 251 2436 in
273 2404 343 2436 hoc
366 2412 427 2446 op.
450 2402 609 2438 Platonis
634 2405 793 2438 aemulus
821 2404 937 2439 extitit
968 2407 1012 2439 ib.
1047 2406 1131 2441 123.
1173 2407 1310 2443 iambus
1340 2421 1413 2445 non
1438 2424 1524 2448 sane
1548 2426 1571 2449 a

83 2447 252 2482 Romanis
275 2447 475 2482 celebratus
498 2454 571 2492 est,
607 2455 647 2482 ut
669 2451 851 2494 proprium
876 2460 934 2494 op.
963 2453 1006 2485 ib.
1031 2452 1088 2486 96.
1136 2454 1300 2489 omnibus
1324 2457 1483 2500 ejusdem
1507 2470 1567 2505 op.

85 2493 293 2528 auctoribus
315 2495 358 2526 ib.
385 2496 431 2527 72
453 2505 485 2528 v.
507 2494 697 2529 Auctor.
723 2506 816 2540 quos
839 2495 977 2538 (libros)
1004 2497 1047 2530 ab
1073 2497 1160 2541 ipsis
1185 2499 1326 2535 dicendi
1343 2505 1444 2538 velut
1466 2505 1570 2539 incu-

81 2539 243 2589 nabxulis,
271 2549 338 2583 per
361 2549 506 2582 omnoe,
531 2551 622 2584 quae
649 2542 758 2575 modo
783 2541 914 2585 aliquid
937 2543 1068 2581 oratori
1093 2544 1214 2580 futuro
1237 2549 1436 2592 conferant,
1461 2557 1554 2585 artes

82 2587 128 2619 ad
153 2595 326 2619 summam
354 2584 431 2627 ejus
454 2595 513 2628 op.
542 2586 737 2629 perducere
763 2587 1023 2622 destinabamus
1049 2590 1106 2622 Pr.
1145 2592 1188 2634 63
1223 2604 1422 2638 quanquam
1445 2578 1570 2630 omne}

83 2637 156 2665 tres
179 2636 289 2664 status
313 2631 440 2664 cadere
463 2629 502 2663 in
525 2631 594 2664 hoc
622 2641 711 2676 opus
738 2634 788 2676 (ι’.
813 2646 843 2666 e.
870 2635 1163 2669 laudativum
1191 2639 1350 2682 genus)
1381 2642 1518 2685 possint
1534 2645 1571 2685 3,

83 2679 121 2719 7,
142 2677 202 2711 28.
247 2685 320 2710 ιιοιι
343 2675 517 2719 patiamur
539 2676 732 2722 frigescere
756 2679 827 2712 hoc
849 2689 907 2722 op.
930 2678 982 2721 (ι’.
1008 2692 1038 2712 e.
1073 2684 1433 2727 miserationem)
1471 2689 1507 2730 6,
1535 2692 1569 2730 1,

19 2754 29 2766 ῃ,
83 2724 142 2757 29.
165 2722 237 2755 hoc
260 2731 320 2765 op.
347 2723 395 2766 (i.
426 2734 457 2757 e.
498 2723 900 2758 demonstrativum
932 2726 1100 2770 genus)
1145 2733 1295 2764 tractatu
1337 2732 1569 2768 honestorum

85 2766 292 2812 utiliumque
317 2772 480 2802 constare
508 2768 543 2811 8,
564 2768 620 2803 Pr.
646 2769 680 2804 8.
