1728 3002
167 245 290 283 LXIV
786 241 1097 301 Prolegomena

169 373 343 407 morsu
374 356 671 418 lacerasset,
706 357 1015 422 fingitur
1043 360 1098 408 in
1127 357 1309 408 scholis
1338 375 1501 425 supra
1533 378 1584 411 se
1615 378 1710 412 cu-

172 436 362 486 basse.
417 456 502 498 ιι,
539 455 589 497 1,
619 439 683 484 66
714 446 780 486 ut
802 438 1007 487 inviti
1031 440 1409 505 judicemur
1447 426 1708 490 dixisse.

150 568 155 585 ι
178 533 221 578 1,
252 534 326 578 10,
347 515 412 563 53
433 517 678 566 tibicen
707 518 984 581 ponitur
1005 548 1071 556 —
1092 519 1408 579 accusari,
1445 524 1597 585 quod
1619 538 1714 568 ex·-

172 598 409 662 emplum
432 595 692 644 immerito
717 596 1059 664 Spaldingius
1087 597 1456 647 soloecismum
1477 598 1721 664 putavit,-

170 692 300 723 nam
341 676 405 723 cf.
451 675 612 723 etiam
634 692 646 722 ε
702 675 810 723 Cic.
853 675 965 724 Mil.
1013 678 1071 724 18
1115 678 1344 742 primum
1380 677 1714 737 liberatur

170 754 357 815 Milo,
394 772 494 803 non
521 773 578 803 eo
611 755 818 803 consilio
849 759 1194 820 profectus
1224 775 1382 818 esse,
1418 765 1483 805 ut
1510 771 1610 805 ete.
1641 756 1712 806 id.

171 834 336 884 Tusc.
361 836 408 894 Ι,
445 836 526 894 48,
558 853 575 881 1
592 847 650 895 14
685 834 794 900 qui
815 863 881 870 —
911 834 1004 883 boc
1027 837 1079 884 ei
1099 837 1325 885 muneris
1347 854 1445 901 pro
1474 854 1568 884 sua
1596 836 1715 883 mis-

171 913 309 960 sione
352 913 601 961 dedisse
649 914 982 964 scribitur.
1050 916 1197 964 Curt.
1230 918 1333 976 VI,
1379 934 1429 962 11
1450 953 1462 971 ,
1496 913 1560 964 35
1604 914 1718 981 qui

165 992 400 1056 proximi
450 993 652 1040 sceleris
709 995 1048 1059 particeps
1098 1012 1230 1043 esse
1287 995 1710 1059 arguebatur.

166 1073 282 1119 Nec
310 1070 485 1119 minus
524 1067 631 1120 huc
663 1073 935 1137 pertinere
964 1073 1091 1121 mihi
1119 1074 1377 1124 videntur
1405 1072 1713 1138 Participia‚

171 1150 360 1197 omisso
384 1168 500 1211 esse,
525 1165 614 1198 ut:
647 1166 691 1212 5,
719 1150 763 1211 6,
793 1167 850 1198 12
874 1155 1002 1218 jure
1022 1154 1419 1217 interfectus
1440 1151 1715 1202 ostendi-

169 1237 292 1279 tur.
328 1226 511 1290 2,4,35
533 1231 589 1279 P.
615 1232 830 1291 Clodius,
856 1233 1082 1298 quinon
1102 1232 1203 1280 rite
1229 1240 1488 1280 creatus
1515 1230 1640 1279 trib
1652 1249 1713 1278 u-

167 1326 284 1357 nus
318 1310 733 1373 arguebatur.
791 1310 868 1358 Cf
899 1313 1115 1377 Zumpt.
1140 1311 1372 1358 Gramm.
1397 1312 1520 1358 Lat.
1549 1316 1582 1368 ᾗ.
1596 1308 1710 1373 607.

303 1388 555 1438 Tertium
589 1389 878 1439 Graecismi
911 1407 1080 1458 genus
1122 1403 1200 1438 est
1242 1388 1495 1437 omissum
1526 1387 1715 1451 Subie-

165 1482 315 1516 ctum
337 1468 653 1519 Aocusativi
675 1486 795 1517 cum
819 1468 1125 1523 Infinitive,
1160 1485 1330 1533 quum
1357 1481 1453 1516 aut
1470 1467 1613 1515 idem
1634 1479 1713 1515 est

162 1547 502 1612 Subjectum,
551 1552 703 1613 quod
734 1548 790 1595 in
820 1550 1002 1599 Verbo
1036 1546 1253 1595 dicendi
1282 1546 1392 1596 sive
1423 1545 1708 1600 sentiendi,

161 1639 226 1673 ut
253 1628 564 1674 Pronomen
594 1629 878 1692 personale
911 1629 1255 1693 suppleatur,
1287 1627 1453 1691 quale
1483 1643 1538 1687 7,
1565 1642 1614 1681 ι,
1643 1625 1710 1671 60

164 1705 383 1754 tentabit
421 1706 662 1766 dicere,
722 1724 784 1754 ne
830 1707 1111 1770 impetrare
1150 1706 1351 1770 quidem
1390 1705 1546 1753 aliter
1587 1720 1710 1769 po—

164 1791 231 1833 tu
242 1785 363 1832 isse
383 1802 595 1834 suorum
615 1787 991 1834 restitutionem
1013 1787 1083 1846 (v.
1104 1786 1262 1845 Not.).
1305 1803 1350 1844 7,
1371 1782 1418 1844 5,
1444 1801 1463 1829 1
1501 1784 1708 1848 quinon

160 1871 330 1927 potest
363 1865 602 1924 dicere,
648 1865 780 1931 nihil
797 1865 1075 1929 fecisse,
1115 1862 1412 1927 proainmm
1440 1862 1611 1921 babet,
1645 1869 1708 1910 ut

162 1943 366 2003 dicat,
413 1960 513 1990 non
545 1943 603 1989 id
628 1944 905 2006 fecisse,
949 1942 1406 2008 quod-objiciatur.
1461 1957 1519 2004 7,
1550 1945 1606 1994 4,
1639 1939 1703 1985 52

160 2038 282 2069 rens
306 2022 560 2086 fecisse
588 2031 796 2086 negat.
844 2021 897 2076 5,
926 2041 979 2084 7,
1008 2017 1065 2070 15
1096 2023 1441 2086 fingamus
1470 2020 1524 2074 in
1551 2009 1727 2084 prb--

161 2101 327 2149 sentia
357 2101 539 2149 scire.
584 2116 639 2164 9,
665 2114 720 2162 4,
750 2117 835 2149 101
874 2102 975 2150 duo
1005 2102 1219 2166 spondei
1243 2118 1343 2149 non
1359 2104 1487 2165 fere
1507 2097 1711 2165 jurtgi

156 2181 530 2242 patiuntur.
602 2179 680 2230 Cf.
703 2181 808 2228 Cio.
831 2180 943 2230 Mil.
970 2186 1037 2235 24
1071 2198 1239 2229 servos
1270 2180 1572 2228 Milonis'-
1609 2177 1710 2224 sibi

157 2261 485 2320 confessos
519 2277 671 2321 esse,
713 2261 774 2307 de
807 2261 1158 2316 interficiendo
1190 2263 1274 2307 Cn.
1300 2258 1539 2321 Pompejo
1569 2273 1702 2303 con-

147 2338 428 2401 jurasse.
480 2337 543 2386 id.
569 2341 718 2389 Verr.
739 2341 841 2399 IV,
875 2354 932 2386 12
970 2337 1328 2401 respondit,
1365 2337 1424 2383 id
1454 2336 1589 2401 quod
1617 2352 1702 2383 ne-

157 2431 287 2462 cesse
320 2424 458 2475 erat,
502 2417 694 2464 scilicet
732 2418 868 2465 dicto
911 2417 1103 2463 audie
1115 2423 1282 2463 ntem
1310 2417 1398 2478 fu
1410 2415 1550 2462 isse.
1577 2414 1697 2462 ibid.

152 2494 275 2541 Act.
308 2496 356 2554 I,
393 2495 423 2541 8
465 2496 567 2542 Hic
597 2495 726 2557 alios
772 2512 1060 2558 negasse,
1100 2494 1375 2553 audere,
1427 2494 1556 2542 alios
1591 2510 1700 2541 re-

152 2590 302 2637 spon
315 2575 353 2620 d
362 2574 510 2633 isse,
547 2591 647 2620 non
659 2591 745 2637 pu
759 2583 925 2633 tare,
962 2574 1019 2620 id
1030 2573 1221 2637 perfici
1226 2589 1386 2636 posse.
1411 2580 1482 2631 (v.
1509 2572 1695 2620 Garat.

153 2655 222 2698 ad
254 2655 302 2699 h.
325 2654 357 2698 l.
387 2667 440 2700 et
461 2656 531 2699 ad
552 2651 683 2699 Phil.
707 2654 770 2710 ΙΙ,
794 2657 872 2706 24.
908 2654 1107 2699 ΜϋΙΙεΓ
1126 2655 1196 2698 ad
1221 2651 1325 2700 Cio.
1349 2654 1415 2697 de
1439 2649 1528 2699 Or.
1548 2651 1587 2708 I,
1611 2666 1694 2710 22,
1711 2647 1724 2663 '

156 2731 307 2794 101.);
328 2760 395 2768 —
431 2745 527 2779 aut
550 2747 719 2795 quum
742 2730 984 2779 variatur
1008 2729 1344 2795 Subjectum‚
1380 2729 1454 2776 ita
1479 2742 1542 2775 ut
1563 2730 1728 2790 Pro->21

146 2827 347 2858 nomen
372 2807 856 2858 demonstrativum
882 2810 1246 2873 supplendum
1270 2807 1357 2858 sit.
1397 2821 1459 2856 ut
1485 2804 1532 2860 6,
1558 2822 1602 2864 3,
1625 2807 1688 2867 87
