1728 3002
180 181 265 222 264
892 180 1017 225 Duco

234 294 312 339 ipsa
335 291 553 339 comparatio
575 303 650 329 non
672 305 746 329 una
773 294 836 331 via
859 294 1002 331 ducitur
1022 299 1058 342 7,
1082 299 1119 341 2,
1141 299 1200 333 22.
1241 295 1391 333 latius
1429 298 1595 339 oratione
1624 301 1728 336 ducta

237 344 274 385 7,
295 343 330 384 3,
356 339 599 422 magnumst
621 340 831 389 ingredi,
861 342 958 378 lenia
984 343 1094 378 duci
1115 344 1152 389 9,
1176 343 1213 388 4,
1237 344 1319 380 139.
1343 343 1376 379 si
1397 345 1490 380 ratio
1516 346 1567 382 ita
1586 347 1728 383 duxerit

236 390 284 431 2,
311 390 373 430 17,
447 412 455 420 .

284 432 336 478 11)
360 432 397 476 α)
425 432 495 476 adj.
524 433 600 474 fine
632 440 693 466 aut
716 437 799 468 loco.
823 447 853 469 c.
874 436 989 470 Adme
1024 446 1115 480 quae
1139 434 1234 470 ratio
1258 439 1295 470 et
1329 435 1474 471 ultra-
1493 437 1591 472 ducit
1614 440 1647 481 5,
1674 441 1728 483 13,

238 479 296 515 55.
332 483 594 524 sequuntur
629 479 816 524 discipuli,
850 491 940 526 quo
975 481 1172 516 duxeris
1209 480 1271 527 (a.
1297 485 1319 516 1.
1338 481 1516 527 rexeris)
1546 485 1590 527 8,
1614 487 1672 519 Pr.
1695 488 1728 520 3.

237 525 412 570 plurimae
448 526 611 559 eodem
644 525 727 561 viae
761 527 896 561 ducunt
919 529 976 571 10,
1001 528 1034 571 5,
1059 531 1092 563 7.
1121 529 1220 562 nulla
1243 527 1477 575 distringente
1501 534 1606 574 atquo
1639 532 1728 566 alio

239 573 393 606 ducente
413 582 519 605 causa
534 574 591 614 12,
611 574 645 615 1,
662 574 696 607 5.
711 585 744 606 v.
758 574 787 616 I,
799 586 832 619 y.
883 572 927 618 β)
946 587 974 607 c.
987 577 1151 618 Praepos.
1170 576 1244 608 ad.-
1270 574 1428 609 humeris
1452 575 1507 609 ad
1530 575 1728 621 occipitium

240 618 358 652 ductis
387 621 442 660 11,
471 620 503 652 3.
532 619 620 660 160;
647 623 759 652 transl.
775 634 785 653 .-
810 620 991 664 popularis
1015 631 1118 654 error
1141 622 1204 665 ad,
1223 620 1374 655 meliora
1397 622 1581 656 ducendus
1599 619 1675 666 ’12,
1700 626 1728 667 1,

238 665 296 699 26.
324 666 378 698 ad
411 665 535 708 pejora
558 665 710 708 juvenes
735 666 841 700 laude
869 667 1046 700 ducuntur
1073 668 1107 710 5,
1133 670 1189 710 12,
1214 669 1272 702 22.
1311 667 1342 701 si
1381 669 1524 712 quando
1563 679 1647 703 eum
1681 670 1728 703 ad

238 711 488 745 defensionem
511 711 719 745 nocentitun
742 712 834 746 ratio
858 712 1001 747 duxerit
1025 715 1081 756 12,
1107 716 1142 756 1,
1162 713 1219 748 34.
1244 719 1372 748 natura
1397 713 1561 748 ducimur
1583 715 1638 748 ad
1655 725 1728 749 mo-

238 757 305 791 dos
332 758 367 800 9,
391 756 426 799 4,
457 760 512 791 10.
536 756 621 792 inde
646 759 701 791 ad
725 757 787 801 id,
815 760 911 803 quod
937 759 1063 794 extolli
1082 760 1271 804 volumus,
1307 759 1447 795 ratione
1472 761 1612 794 ducitur
1635 760 1687 804 (α.
1713 765 1728 795 ῖ,

238 804 388 845 deduc.)
415 804 452 846 8,
476 802 512 846 4,
538 806 592 839 15.
619 815 639 837 a
655 805 678 838 d
703 805 999 840 consentiendum
1026 805 1191 841 homines
1220 807 1397 840 ducuntur
1423 806 1678 851 experimentis
1701 809 1728 851 3,

237 851 273 892 8,
298 851 356 885 36.
380 851 435 883 ad
462 850 678 885 deferendos
706 862 789 885 reos
813 852 972 896 praemio
1000 852 1083 886 duci
1114 855 1170 898 12,
1193 855 1229 895 7,
1253 854 1286 887 3.
1339 852 1386 897 γ)
1411 866 1440 886 c.
1464 856 1628 896 Praepos.
1669 855 1728 887 in:

238 907 332 940 quae
362 895 538 941 (radices)
573 896 672 931 illam
703 897 851 942 (vitem)
895 898 945 932 in
977 910 1151 933 summum
1179 899 1295 933 solnm
1333 900 1465 933 ducant
1499 901 1555 942 10,
1578 902 1626 942 [7,
1667 901 1728 934 28:

237 947 356 976 transl.
370 957 380 976 .-
410 943 561 977 ducetur
582 943 630 977 in
658 945 931 979 advocationem
946 944 1101 980 maxime
1125 955 1232 980 causa
1254 944 1375 989 (bonus
1399 946 1530 988 orator)
1555 947 1612 987 12,
1637 948 1673 988 7,
1700 943 1728 979 4.

237 989 332 1023 haec
367 988 554 1031 (persona)
591 989 783 1034 aliquando
810 991 917 1026 etiam
943 991 982 1025 in
1009 990 1275 1027 controversias
1303 990 1445 1025 ducitur
1473 992 1508 1034 3,
1535 991 1571 1033 8,
1595 993 1651 1026 52.
1677 1002 1728 1036 qu·

239 1034 290 1068 in
330 1034 473 1070 diversa
505 1037 658 1070 ducatur
686 1040 732 1080 2,
765 1039 808 1080 8,
842 1038 874 1072 5.
918 1037 965 1072 in
996 1049 1087 1083 qnae
1122 1037 1279 1081 judicem
1317 1037 1432 1071 duci
1474 1036 1728 1082 formarique

236 1082 408 1116 volumus
433 1084 489 1124 11,
520 1085 553 1125 1,
577 1086 613 1116 2.
638 1082 684 1116 in
715 1083 806 1118 alios
834 1090 940 1129 atque
965 1085 1055 1118 alios
1082 1090 1198 1118 motus
1224 1085 1398 1118 ducerent
1419 1083 1619 1128 auditorem
1644 1083 1679 1126 9,
1703 1081 1728 1117 4

238 1129 297 1160 10.
324 1126 421 1160 ducti
456 1127 504 1160 in
540 1131 634 1162 hanc
667 1129 935 1173 persuasionem
958 1130 994 1173 4,
1020 1134 1053 1174 1,
1078 1131 1134 1165 63.
1161 1130 1211 1164 in
1247 1140 1324 1164 rem
1355 1134 1581 1175 praesentem
1603 1129 1728 1163 animo:

236 1172 426 1206 hominum
450 1174 584 1208 ducere
618 1175 653 1217 6,
680 1178 712 1217 1,
737 1178 794 1210 31.
827 1176 1005 1210 arcessitis
1043 1175 1365 1221 descriptionibus,
1399 1176 1554 1220 inqua-
1577 1175 1728 1220 pleriqu«

236 1217 438 1252 imitatione
459 1220 625 1262 poeticae
652 1220 817 1254 licentiae
841 1223 1018 1255 ducuntur
1055 1226 1091 1265 2,
1115 1222 1150 1266 4,
1175 1225 1209 1257 3.
1241 1223 1436 1266 populum,
1472 1220 1672 1256 exercitum
1695 1221 1728 1254 i1

239 1275 332 1308 quae
358 1265 449 1300 velit
473 1266 603 1300 ducere
627 1268 661 1308 2,
691 1267 746 1309 16,
774 1268 829 1304 19.
865 1268 1079 1301 sententiam
1103 1269 1180 1310 ejus
1203 1268 1336 1301 ducere
1360 1267 1407 1300 in
1438 1267 1492 1309 id,
1526 1267 1624 1311 quod
1651 1267 1726 1302 veli

235 1313 273 1352 2,
301 1311 357 1354 15,
381 1313 436 1344 12.
462 1311 569 1345 finem
594 1323 674 1346 esse
697 1312 920 1356 rhetorices,
946 1315 1078 1348 ducere
1101 1313 1265 1347 homines
1293 1312 1448 1346 dicendo
1474 1312 1523 1346 in
1551 1313 1607 1356 id,
1643 1323 1728 1356 quo«

238 1361 341 1390 actor
362 1357 453 1392 velit
477 1360 519 1391 ih.
550 1359 605 1392 10.
632 1358 821 1392 imbecillis
843 1359 996 1406 ingeniis
1021 1371 1107 1393 sane
1130 1359 1182 1393 sic
1206 1355 1478 1403 obsequendum
1505 1357 1575 1401 sit,
1597 1363 1637 1391 ut
1660 1364 1728 1392 tan-

237 1407 315 1435 tum
333 1402 380 1436 in
403 1402 465 1446 id,
492 1415 564 1448 quo
587 1410 695 1439 vocat
722 1412 868 1449 natura,
895 1407 1068 1440 ducantur
1090 1408 1126 1448 2,
1154 1407 1189 1448 8,
1215 1408 1272 1440 12.
1291 1417 1326 1439 υ.
1345 1403 1626 1448 Gompe1103
1664 1406 1728 1439 soh

237 1448 369 1482 mentis
395 1455 523 1483 natura
547 1451 644 1484 ducti
675 1457 758 1485 sunt
787 1451 834 1484 in
871 1453 982 1495 hoc,
1014 1457 1055 1485 ut
1077 1459 1138 1486 etc.
1164 1453 1221 1494 10,
1245 1453 1280 1494 2,
1306 1450 1341 1489 5.
1358 1450 1435 1484 'nec
1457 1461 1516 1484 me
1540 1451 1728 1495 quanquan

237 1494 360 1540 magni
390 1501 554 1530 auctores
578 1496 624 1530 in
648 1497 734 1531 hoc
767 1497 954 1540 duxerint,
985 1503 1034 1532 ut
1058 1505 1132 1532 'eim
1153 1496 1190 1540 4,
1221 1499 1256 1538 1,
1279 1498 1363 1538 37,
1381 1495 1451 1530 alia
1482 1496 1530 1530 in
1561 1495 1728 1531 diversun

240 1541 472 1587 ambiguitate
498 1543 674 1576 ducuntur
702 1546 759 1586 12,
773 1546 808 1587 2,
831 1546 887 1578 15.
905 1555 1007 1578 mens
1032 1543 1115 1577 duci
1138 1543 1247 1577 debet
1273 1542 1322 1576 in
1345 1541 1494 1576 dubium
1517 1542 1552 1585 5,
1581 1545 1637 1585 10,
1663 1543 1728 1577 118

237 1586 389 1621 consilia
414 1589 589 1621 ducantur
611 1588 657 1622 in
689 1589 792 1633 pejus
815 1593 850 1632 2,
877 1590 933 1632 16,
958 1592 993 1623 2.
1020 1590 1162 1623 ducitur
1184 1590 1397 1633 frequenter
1418 1588 1462 1622 in
1496 1593 1728 1636 argumentum

238 1633 379 1676 species
402 1633 584 1678 libidinis,
609 1636 722 1669 robur
744 1636 960 1679 petulantiae
984 1637 1020 1678 5,
1046 1638 1103 1678 10,
1126 1635 1183 1670 26.
1211 1646 1303 1679 quae
1326 1634 1376 1668 in
1409 1633 1556 1669 alterius
1579 1633 1633 1668 rei
1658 1639 1728 1678 pro

236 1679 420 1714 bationem
453 1680 617 1714 ducimus
648 1683 681 1724 5,
708 1684 764 1724 12,
789 1685 824 1715 2.
853 1687 1060 1728 argumenta
1084 1687 1120 1715 et
1150 1691 1208 1715 ex
1238 1690 1415 1725 persona,
1451 1685 1488 1714 et
1525 1690 1583 1713 ex
1613 1690 1655 1713 re
1678 1680 1728 1713 du-

237 1731 386 1768 cuntur,
413 1727 475 1759 sed
499 1726 545 1759 in
568 1738 677 1760 unam
698 1727 785 1761 facti
821 1727 1071 1771 quaestionem
1093 1730 1138 1769 7,
1166 1729 1209 1769 2,
1239 1727 1293 1761 16.
1321 1737 1363 1760 ea
1389 1725 1441 1767 (a.
1467 1729 1490 1758 1.
1516 1723 1550 1766 a)
1574 1736 1728 1762 mensur!

238 1772 345 1805 ducta
369 1772 415 1805 in
438 1771 674 1806 minutionem
702 1784 824 1806 rerum
850 1773 908 1817 (a.
938 1778 962 1807 l.
990 1771 1191 1806 imminutio
1215 1770 1299 1814 est)
1334 1772 1370 1812 6,
1394 1773 1430 1812 3,
1454 1770 1501 1805 52
1524 1771 1572 1804 Ν.
1599 1782 1656 1806 ex
1687 1771 1728 1805 iu

237 1824 423 1852 cremento
447 1818 588 1851 ducitur
610 1818 658 1852 in
684 1824 872 1862 utramque
897 1823 1036 1862 partem
1058 1818 1151 1851 ratio
1174 1816 1230 1851 rei
1257 1817 1291 1859 5,
1318 1818 1375 1859 10,
1401 1819 1458 1851 72.
1508 1813 1543 1860 δ)
1569 1830 1599 1851 c.
1633 1820 1728 1851 Prae

236 1875 311 1907 pos.
341 1876 435 1907 per.-
463 1864 645 1897 exercitus
668 1875 749 1907 per
776 1866 884 1907 plana
912 1870 949 1898 et
971 1874 1122 1898 amoena
1145 1863 1330 1897 ducendus
1358 1865 1415 1904 12,
1432 1863 1468 1904 9,
1491 1864 1527 1896 2.
1551 1873 1632 1906 per
1654 1873 1728 1907 quo

235 1909 370 1951 (pedes)
394 1909 581 1955 longitudo
607 1911 757 1942 ducetur
780 1913 813 1952 1,
838 1912 894 1952 10,
923 1908 988 1952 443
1015 1913 1153 1943 transl„-
1194 1921 1218 1953 p
1236 1920 1290 1943 er
1319 1909 1632 1953 quaedam‘parva
1656 1915 1728 1943 sant

237 1955 373 1989 ducunt
405 1954 585 1997 (futurum
618 1956 807 1996 oratorem)
838 1958 871 1998 1,
899 1958 955 1998 10,
982 1955 1016 1990 5.
1046 1967 1133 1999 per
1168 1954 1289 1990 omnia
1321 1954 1404 1988 duci
1426 1964 1533 1998 posse
1557 1954 1728 2002 analogia«

235 2000 414 2034 rationem
441 2004 474 2044 1,
499 2002 534 2043 6,
565 2003 619 2034 12.
647 2011 722 2034 non
746 2012 819 2035 una
845 2001 907 2037 via
930 2012 1015 2046 per
1040 2003 1113 2035 hoc
1137 2011 1231 2046 opus
1259 2000 1402 2046 ducitur
1427 2003 1463 2043 3,
1487 2003 1523 2043 7,
1550 2001 1611 2043 5,
1631 1999 1728 2042 decli

236 2046 337 2080 natio
361 2057 448 2090 per
472 2048 618 2081 eosdem
642 2046 783 2080 ducitur
807 2059 909 2082 casus
934 2051 967 2090 1,
994 2049 1031 2091 9,
1060 2048 1094 2083 5.
1114 2046 1162 2089 ef.
1190 2051 1224 2090 1,
1249 2047 1284 2090 5,
1310 2048 1366 2081 58.
1390 2047 1443 2079 ad
1469 2045 1507 2079 id
1529 2056 1706 2090 responsu
1726 2054 1728 2057 '

235 2104 318 2137 per
345 2093 476 2140 gradus
501 2094 608 2127 ducet
642 2093 784 2136 (actor)
816 2095 850 2136 5,
874 2097 910 2137 7,
933 2096 990 2128 20.
1015 2098 1056 2126 ut
1091 2104 1178 2138 per
1210 2093 1293 2127 illos
1319 2094 1422 2128 velut
1450 2092 1570 2126 sulcos
1595 2057 1728 2141 ducatJ

237 2138 339 2173 stilus
366 2142 399 2182 1,
428 2142 461 2182 1,
488 2142 545 2173 27.
595 2138 688 2183 [nec
712 2151 778 2183 per
809 2135 975 2184 ἒγκαίνια
1008 2140 1211 2174 ducendum
1234 2140 1352 2173 scelus
1375 2137 1529 2182 primum
1565 2137 1638 2181 (sic
1668 2140 1728 2182 Sp]

238 2197 281 2218 ex
317 2193 400 2229 opu.
439 2187 570 2226 Codd.,-
602 2189 646 2220 Ζ.
673 2187 716 2218 de
748 2186 833 2229 conj.
872 2187 1066 2221 Gesner-i
1094 2196 1161 2230 pro
1188 2184 1379 2228 encomio)
1413 2187 1454 2226 7,
1487 2186 1529 2227 2,
1554 2185 1600 2219 33
1628 2185 1678 2218 N.
1711 2188 1728 2230 ς

242 2232 290 2264 Ν.
315 2244 362 2266 cr.
1472 2231 1476 2235 ’
1713 2232 1728 2262 ,'

285 2276 352 2320 111)
369 2230 409 2310 lc.
431 2278 552 2310 Ablat.
577 2277 617 2320 α)
639 2276 736 2320 quod
762 2287 838 2310 non
861 2277 977 2310 solum
1000 2277 1108 2311 rebus
1131 2275 1218 2320 ipsis
1240 2275 1301 2311 vir
1324 2273 1636 2319 eloquentissimus
1659 2250 1728 2317 (d

240 2335 316 2355 cero
346 2336 408 2366 pro
432 2319 599 2365 Milone),
628 2322 796 2366 quibus
819 2333 939 2356 moras
964 2328 1000 2356 et
1023 2324 1160 2356 lentum
1182 2320 1420 2366 profectionis
1447 2319 1610 2364 ordinem
1634 2321 1682 2354 du

238 2369 303 2401 sed
327 2368 451 2403 verbis
476 2369 582 2402 etiam
609 2368 818 2415 vulgaribus
844 2374 880 2403 et
902 2367 1090 2403 cotidianis
1115 2375 1177 2401 etc.
1218 2373 1272 2402 est
1309 2371 1524 2401 consecutus
1553 2366 1590 2410 4,
1613 2368 1650 2410 2,

240 2412 404 2457 quisquis
426 2414 487 2449 via
512 2414 627 2457 dicet,
662 2416 813 2448 ducetur
838 2426 960 2449 rerum
986 2414 1063 2458 ipsa
1091 2413 1184 2447 serie
1199 2439 1210 2456 ,
1239 2414 1342 2448 velut
1365 2414 1456 2447 duce
1481 2413 1540 2455 10,
1563 2415 1598 2456 7,
1623 2412 1659 2447 6.

239 2460 262 2490 ἱ.
288 2471 318 2501 q.
348 2472 505 2493 moveo.
533 2459 572 2504 a)
597 2460 808 2495 auctoritate
834 2470 1053 2494 summorum
1077 2465 1262 2493 oratorum
1284 2459 1398 2506 magis
1423 2459 1538 2492 ducor
1563 2456 1600 2500 4,
1625 2459 1660 2501 1,

239 2504 446 2547 eloquentia
479 2506 635 2541 maxime
666 2506 847 2551 praesenti
877 2507 998 2539 fructu
1030 2506 1146 2539 laudis
1178 2505 1429 2549 opinionisque
1453 2505 1603 2538 ducatur
1627 2505 1684 2546 10,

239 2551 275 2582 7.
299 2560 417 2593 neque
445 2552 589 2592 publico
618 2564 734 2597 neque
759 2552 902 2597 privato
927 2550 1010 2584 duci
1034 2551 1169 2594 officio,
1193 2557 1241 2585 ut
1265 2559 1326 2585 eto.
1351 2553 1406 2593 12,
1431 2553 1466 2592 7,
1492 2552 1526 2583 1.
1551 2548 1621 2583 nisi
1645 2561 1665 2583 c

241 2594 341 2627 muni
366 2595 517 2629 utilitate
545 2598 695 2632 ducatur
723 2601 757 2642 3,
781 2602 817 2641 7,
843 2599 901 2632 25.
930 2596 1027 2630 ducit
1054 2597 1194 2631 animos
1217 2596 1368 2630 naturali
1390 2595 1578 2641 voluptate
1602 2597 1660 2639 12,

242 2638 301 2674 74.
327 2639 372 2680 cs·
397 2642 433 2683 9,
458 2639 493 2683 4,
520 2644 597 2677 129.
637 2647 693 2686 11,
724 2647 758 2687 3,
781 2645 849 2687 603
877 2643 933 2678 ad
959 2643 1082 2686 pejora
1106 2644 1214 2677 laude
1240 2643 1417 2675 ducuntur
1441 2642 1476 2683 5,
1505 2643 1562 2684 12,
1589 2643 1648 2676 22.

243 2685 384 2720 cessitis
417 2687 736 2733 descriptionibus,
771 2690 821 2724 in
844 2700 932 2734 quas
954 2688 1117 2733 plerique
1145 2687 1347 2723 imitatione
1378 2685 1545 2731 poeticae
1576 2686 1700 2732 licen,

242 2732 423 2765 ducuntur
445 2735 480 2774 2,
503 2731 538 2772 4,
566 2735 601 2768 3.
636 2734 679 2776 cs.
714 2747 830 2779 supra.
883 2733 1101 2778 b)Part1·c..·
1144 2733 1299 2778 obliquis
1332 2732 1474 2767 casibus
1506 2732 1605 2766 ducti
1636 2742 1657 2766 e

248 2777 382 2822 primas
414 2777 482 2812 sibi
513 2778 714 2822 positiones
746 2791 820 2816 non
850 2779 1035 2824 invenire,
1071 2779 1136 2816 sed
1170 2784 1308 2815 mutare
1338 2778 1546 2823 permittunt
1570 2779 1605 2822 1,
1627 2777 1689 2831 6„-
