1728 3002
130 211 212 250 22⁶
634 267 637 270 A
671 205 882 248 Diadema
919 229 975 238 —-
1014 206 1124 250 Dico

183 335 243 356 nun
285 328 368 355 esset
408 325 519 364 pollex
563 334 605 355 ac
640 323 762 364 digitus
802 347 827 364 „
842 321 976 367 quam?
1022 322 1164 367 quaeris
1178 321 1222 365 ,“
1273 324 1410 358 atterius
1438 328 1679 369 ‘rtbpondenta‘s

181 370 356 413 „dextrae
370 367 462 410 est,“
481 367 666 410 debentur]
690 379 847 414 unguem
858 368 1156 413 pollicissmnmo
1173 379 1239 404 suo
1259 369 1408 412 §ungens
1427 373 1483 414 11,
1500 374 1535 415 3,
1555 375 1618 408 101
1632 376 1678 408 N.

182 426 228 450 cr.
248 422 279 448 et
297 417 332 448 S.
381 413 426 461 β)
453 415 562 448 Subst.
579 417 599 449 i.
620 428 648 459 (1-
676 427 811 448 manus:
841 417 998 452 dexira
1022 415 1219 449 dextrae
1245 425 1286 450 se
1306 416 1514 460 frequenter
1537 430 1679 458 aecum,-

181 463 302 496 modat
340 459 536 494 sinistra
561 463 626 501 11,
652 463 695 504 3,
727 460 806 495 114.
842 461 973 496 bonam
1004 463 1246 505 dextram,
1275 463 1405 496 malam
1439 462 1676 500 sinistram

180 509 315 543 habere
346 507 386 548 6,
407 508 448 551 3,
473 507 538 547 69;
581 507 671 541 alios
699 517 833 541 nervos
867 509 1037 542 (lextra
1068 511 1282 553 percurrunt
1319 507 1397 553 (Sp.
1433 511 1675 555 percutiunt),

181 555 270 589 alios
301 554 434 587 laeva
461 553 628 596 trahunt,
657 554 865 598 continent,
889 555 1063 598 praebent
1102 559 1145 597 1,
1181 556 1246 598 12,
1269 556 1292 589 3
1310 558 1354 590 Ζ.
1386 566 1470 589 cnm
1497 557 1675 592 laevam

178 599 415 646 restringere,
456 601 595 644 prolata
630 599 772 646 longius
804 601 989 644 dextra,
1035 600 1082 635 sit
1115 599 1279 635 odiosum
1313 603 1375 644 11,
1412 603 1448 645 3,
1475 604 1554 636 131.
1593 613 1676 638 cum

181 649 360 682 dextra
384 645 436 690 (a.
465 650 488 679 l.
508 647 674 688 dextera)
698 646 815 680 sinum
836 658 950 692 usque
974 647 1017 680 ad
1041 647 1182 680 lumbos
1205 648 1451 691 reduxerunt,
1481 647 1679 684 sinistra

179 700 317 742 gestum
344 692 518 726 facientes
548 692 746 736 spatiantur
768 699 804 727 et
825 694 1031 727 subluantur
1057 695 1102 728 ib.
1127 689 1255 738 reliqui
1282 693 1426 739 (gestus)
1451 699 1489 728 et
1515 696 1679 730 dextra

176 742 401 783 laevaque,
425 744 461 772 et
481 750 620 772 sursum
637 744 672 772 et
696 740 863 773 deorsum
887 740 1019 785 aliquid
1045 741 1251 786 ostendunt,
1273 742 1319 776 ib.
1337 740 1416 776 105.
1463 738 1512 784 11)
1535 746 1678 790 transl.;
1701 745 1706 749 ’

179 788 345 820 dexter
379 795 427 819 ac
457 786 628 820 volens
664 785 749 819 assit
788 785 940 830 (numen)
964 787 1000 830 4,
1025 787 1082 820 Pr.
1113 787 1135 821 5
1162 787 1212 822 N.

129 833 356 875 Diadema-
388 862 436 870 --
458 841 626 886 imposuit
651 842 687 885 9,
712 844 747 886 3,
774 843 832 878 61.
1457 881 1462 883 ,
1580 859 1589 876 x

128 899 379 943 Dialectice.
425 912 542 945 ,ΑιΙυ.;
568 916 709 955 orator,
739 910 877 946 etiamsi
899 921 1003 956 raro,
1032 921 1109 948 non
1133 917 1253 948 tamen
1277 922 1482 958 nunquam,
1515 912 1680 958 probabit

176 959 260 992 dial.
290 961 324 999 1,
349 960 406 1002 10,
430 959 487 992 37.

130 1002 381 1047 Dialectice.
431 1016 559 1048 Subst..·
586 1014 617 1049 si
633 1025 690 1048 ars
710 1020 765 1049 est
786 1014 986 1059 dialectice,
1005 1015 1102 1060 quod
1118 1015 1197 1050 fere
1214 1020 1353 1051 constat
1368 1017 1413 1050 ib.
1426 1014 1486 1051 42.
1512 1027 1593 1051 cum
1609 1016 1683 1050 duo

177 1062 249 1096 sint
268 1072 400 1107 genera
417 1061 602 1105 orationis,
629 1063 740 1095 attera
758 1068 943 1107 perpetua,
961 1074 1051 1107 quae
1074 1064 1177 1097 rhet
1188 1062 1288 1097 oric
1300 1074 1322 1097 e
1345 1063 1555 1107 appellatur,
1568 1063 1682 1097 altera

179 1109 338 1150 concisa,
364 1119 455 1152 quae
479 1107 741 1142 dialectice
765 1112 800 1151 2,
820 1111 878 1152 20,
896 1112 932 1144 7.
947 1120 1027 1143 cum
1050 1108 1096 1143 sit
1121 1108 1326 1143 dialectices
1348 1108 1496 1144 materia
1511 1109 1557 1143 ‹le
1572 1109 1680 1143 rebus

180 1154 349 1196 subjectis
367 1154 545 1197 disputare
566 1157 599 1196 2,
613 1157 670 1196 21,
685 1156 738 1188 13.
762 1166 778 1187 s
789 1167 808 1188 e
819 1165 913 1195 rmo
924 1167 943 1189 c
954 1155 965 1188 i
976 1155 1217 1189 natricem:
1237 1166 1330 1200 quae
1348 1166 1369 1189 a
1389 1154 1527 1189 sorensi
1538 1155 1694 1191 ratione=

179 1200 392 1246 disjungitur
404 1226 414 1242 ,
438 1205 473 1233 et
489 1205 543 1232 est
567 1201 834 1234 accommodata
855 1201 1002 1244 privatis
1025 1201 1346 1245 disputationibus3
1363 1200 1464 1249 cujus
1479 1201 1538 1236 vis
1557 1202 1682 1236 eadem
1725 1204 1728 1206 ’

178 1248 344 1292 profecto
362 1252 428 1288 est,
450 1257 541 1290 quae
563 1245 604 1278 di
614 1247 683 1279 ale
694 1257 712 1279 c
723 1246 843 1280 ticae
860 1249 893 1289 3,
907 1246 943 1289 4,
959 1249 1014 1280 10.
1027 1247 1242 1281 Aristoteles
1255 1265 1299 1272 —
1318 1247 1352 1281 ei
1367 1246 1585 1291 (rhetoricae)
1602 1258 1683 1291 par-

180 1293 325 1326 ticulam
347 1291 552 1326 dialectices
578 1292 733 1339 assignat
752 1296 787 1335 2,
808 1289 865 1335 17,
888 1291 943 1326 14.
964 1294 1099 1337 plures,
1120 1294 1181 1338 qui
1205 1294 1229 1326 d
1239 1293 1252 1327 i
1263 1293 1334 1327 ale
1343 1304 1363 1326 c
1373 1298 1387 1326 t
1396 1292 1409 1326 i
1419 1303 1440 1326 c
1449 1304 1469 1326 a
1481 1304 1502 1327 e
1515 1293 1680 1337 similem,

180 1351 286 1384 quam
296 1339 354 1383 qui
371 1351 389 1373 r
398 1340 423 1372 h
434 1343 504 1372 eto
513 1350 532 1372 r
541 1337 553 1371 i
562 1348 608 1372 ca
619 1349 653 1382 e,
672 1339 850 1372 fateantur
859 1339 952 1372 hano
960 1344 1072 1373 artem
1085 1341 1165 1381 (Le.
1183 1353 1206 1382 g
1215 1351 1261 1374 eo
1273 1352 1304 1372 m
1314 1346 1353 1373 ei
1364 1337 1488 1384 riam)
1505 1341 1538 1383 1,
1552 1342 1610 1383 10,
1622 1341 1680 1375 37.

134 1394 412 1440 Dialecticus.
473 1404 508 1450 1)
532 1406 638 1448 Adia
663 1406 754 1440 haec
778 1418 861 1451 pars
885 1399 1157 1450 dialectica,
1189 1406 1269 1443 sive
1296 1406 1395 1440 illam
1419 1406 1542 1443 dicere
1564 1409 1683 1444 malu-
1707 1389 1728 1401 ..

180 1465 260 1487 mus
289 1453 472 1497 disputa
483 1452 644 1486 tricem
676 1455 731 1495 12,
757 1455 790 1492 2,
819 1455 874 1487 13.
900 1453 1096 1487 dialecticis
1121 1453 1419 1497 disputationibus
1447 1455 1488 1497 5,
1523 1452 1588 1498 14,
1623 1457 1683 1491 27.

179 1501 232 1542 11)
259 1502 389 1533 .511bst..·
414 1505 567 1533 assumta
592 1510 612 1532 a
634 1498 829 1533 dialecticis
847 1499 1114 1546 argumentandi
1130 1499 1270 1535 ratione
1293 1503 1330 1544 2,
1347 1498 1382 1543 4,
1396 1498 1455 1535 41.
1480 1501 1525 1534 ad
1544 1511 1685 1536 morem

181 1546 450 1584 dialecticorum
476 1546 629 1579 formata
658 1545 843 1580 conclusio
870 1549 905 1589 7,
930 1548 964 1588 3,
990 1545 1048 1579 41.
1229 1555 1231 1560 ’
1282 1555 1286 1564 ’
1522 1549 1524 1551 ’

134 1590 361 1648 Dialogus.
430 1601 563 1649 dialogi
589 1602 855 1637 Socraticorum
880 1603 914 1646 5,
940 1606 976 1646 7,
1001 1604 1060 1638 28.
1089 1601 1209 1645 (Bruti
1231 1601 1351 1647 patris)
1379 1603 1420 1647 6,
1448 1601 1576 1647 3,,44.
1606 1602 1684 1638 dia·

179 1652 346 1697 logorum
384 1648 549 1683 libertate
587 1651 653 1691 10,
679 1651 722 1692 5,
748 1652 804 1683 15.
829 1651 867 1683 in
894 1649 1114 1693 epistolis
1139 1649 1404 1696 dialogisve
1438 1651 1503 1692 10,
1529 1653 1571 1693 1,
1599 1652 1679 1685 107.

181 1696 224 1737 cfi
257 1700 322 1739 11,
353 1699 398 1738 1,
427 1697 493 1730 21.
531 1695 740 1741 dialogis
777 1702 813 1730 et
856 1695 1132 1729 dialecticis
1168 1695 1577 1739 disputationibus
1610 1695 1678 1730 erit

179 1742 331 1776 similior
361 1742 484 1787 (oratio
512 1744 774 1784 aggressionibus
803 1749 834 1775 ei
863 1739 1108 1784 enffzymematis
1135 1741 1278 1785 stipata)
1307 1742 1341 1784 5,
1369 1739 1426 1784 14,
1453 1744 1512 1775 27.

134 1785 366 1830 DicacitaS.
426 1798 495 1832 dic.
522 1798 600 1833 sine
627 1799 735 1832 dubio
761 1810 781 1832 a
806 1798 979 1841 dicendo,
1012 1799 1188 1842 quodest
1208 1797 1306 1831 omni
1329 1797 1454 1844 generi
1480 1808 1684 1842 commune,

185 1847 290 1878 ducta
322 1850 396 1878 est:
430 1844 576 1888 proprie
608 1850 728 1878 tamen
757 1843 936 1891 significat
961 1854 1163 1878 sermonem
1188 1842 1368 1879 cum'risu
1393 1843 1532 1889 aliquos
1562 1844 1683 1879 inces-

180 1898 318 1925 sentem
344 1892 390 1933 6,
414 1893 454 1932 3,
480 1894 538 1924 21.
572 1907 617 1915 -—
646 1889 804 1924 scurrilis
829 1895 865 1923 et
889 1890 1031 1924 scenica
1058 1892 1101 1924 ib.
1132 1891 1188 1926 29.
1227 1890 1424 1925 consistere
1448 1890 1680 1926 dicacitatem

176 1938 214 1971 in
238 1937 400 1981 jaciendo
425 1937 473 1981 (a.
499 1940 522 1970 1.
549 1935 730 1979 faciendo)
760 1939 803 1969 ib.
829 1935 876 1970 42
902 1938 949 1970 N.
1579 1940 1582 1944 ’

133 1981 290 2024 DicaX·
348 1993 480 2036 Siculi,
504 1999 543 2026 ut
570 1999 652 2027 sunt
675 1992 851 2028 lascivi
874 1999 911 2027 et
933 1992 1129 2027 dicaces
1167 1994 1280 2027 Coez.
1303 1992 1348 2035 6,
1377 1993 1421 2035 3,
1445 1992 1502 2028 41.
1529 1992 1567 2028 in
1591 2005 1679 2029 con·
1725 2010 1728 2011 ⁷

1714 1898 1728 1938 l

1714 1972 1728 1997 ⁴¹

179 2040 288 2075 viviis
321 2046 357 2074 et
386 2039 611 2074 sermonibus
644 2039 745 2074 multi
777 2039 918 2074 dicaces
965 2042 1007 2073 ib.
1046 2039 1102 2074 14.
1137 2039 1423 2074 Demosthenem
1452 2040 1597 2074 urban
1609 2040 1678 2075 u‘m
1721 2039 1728 2076 2³

179 2087 291 2120 fuisse
317 2086 458 2129 dicunt,
487 2086 689 2120 dicacem
717 2092 850 2133 negant
875 2089 917 2120 ib.
942 2089 1000 2120 21.

130 2130 388 2173 Dichoreus.
443 2149 563 2188 potest
594 2149 712 2177 tamen
752 2144 816 2178 vel
847 2154 940 2177 unus
970 2153 1050 2177 esse
1082 2141 1295 2185 dichoreus,
1332 2141 1364 2176 si
1396 2153 1489 2177 unus
1513 2148 1592 2188 est,
1617 2143 1678 2190 qui

179 2196 319 2223 constat
343 2201 363 2224 e
388 2191 528 2224 duobus
563 2190 704 2224 choreis
727 2190 762 2233 9,
786 2188 822 2233 4,
847 2190 905 2225 95.
932 2190 1073 2223 claudet
1099 2195 1136 2223 et
1158 2189 1252 2223 dich.
1277 2190 1321 2222 ib.
1350 2190 1430 2223 103.

133 2247 258 2293 Dico·
299 2257 357 2291 dic
376 2259 411 2300 6,
428 2259 461 2301 3,
483 2259 540 2293 86.
561 2259 596 2297 9.
616 2261 652 2300 2,
671 2258 728 2293 97.
759 2256 839 2292 dice
861 2259 893 2300 1,
912 2257 947 2301 6,
965 2259 1021 2291 21.
1052 2267 1127 2290 non
1144 2256 1233 2291 Cato
1254 2255 1448 2291 Censorius
1472 2255 1617 2291 dicam
1630 2275 1676 2284 —-

1710 2114 1728 2184 t

1703 2179 1728 2269 ἲ

1708 2279 1725 2296 '-

180 2304 323 2337 dicem
344 2304 508 2348 scripsit?
529 2306 673 2348 1,7,23.
691 2303 781 2337 dixti
798 2304 834 2346 9,
844 2305 878 2345 3,
891 2306 948 2337 22.
972 2303 1139 2336 dixere
1158 2303 1364 2347 pronuntiat
1382 2312 1514 2347 praeco
1529 2305 1560 2344 1,
1574 2303 1679 2347 5,43.
1723 2310 1725 2312 ’

179 2349 213 2391 l)
237 2352 428 2392 simpliciter
450 2354 471 2383 i.
497 2364 527 2395 q.
550 2355 735 2394 proloqu
747 2362 811 2383 or.-
839 2349 880 2393 α)
905 2360 1009 2392 cano,
1028 2355 1146 2392 canto,
1168 2349 1248 2382 dico
1267 2349 1303 2390 S,
1319 2349 1354 2392 6,
1371 2349 1427 2383 38.
1455 2348 1575 2383 dicere
1593 2345 1726 2387 θῐιῐθ-’.Ῑ

178 2395 298 2428 omnia
318 2402 370 2428 est
388 2398 542 2438 10‚1,3.
569 2397 628 2441 qui
653 2395 811 2429 dicere
836 2406 877 2429 ac
904 2397 1061 2429 facere
1086 2396 1213 2428 doceat
1235 2397 1270 2436 2,
1287 2396 1332 2437 3,
1355 2397 1409 2428 11.
1444 2405 1519 2428 non
1541 2395 1698 2440 judicio.-

177 2439 429 2483 discipulorum
444 2442 563 2476 dicere
584 2442 690 2476 debet
712 2441 891 2488 magister,
916 2442 980 2475 sed
1002 2440 1165 2484 discipuli
1182 2439 1341 2487 magistri
1357 2443 1436 2484 2,2,
1449 2443 1505 2475 13.
1531 2453 1612 2477 cum
1634 2441 1674 2477 in
1700 2439 1724 2465 -·’

176 2492 326 2530 angusto
352 2488 504 2530 quodam
520 2489 657 2532 pulpito
677 2493 774 2522 stans
791 2487 926 2521 diceret
945 2489 1000 2529 11,
1023 2489 1057 2530 3,
1080 2489 1168 2528 1033
1196 2493 1236 2521 ut
1252 2487 1354 2522 vivat
1370 2497 1546 2532 quemque
1566 2486 1672 2523 etiarn
1709 2485 1718 2497 ’

174 2532 294 2565 dicere
320 2531 488 2574 (proverb.
517 2533 656 2577 Graec.)
682 2537 737 2576 11,
764 2535 869 2577 1,”30
887 2535 934 2566 Ν.
963 2534 1046 2566 dum
1071 2533 1319 2576 discimus,
1347 2543 1420 2566 non
1436 2533 1538 2568 'dum'
1554 2532 1702 2575 dici-,-

174 2589 269 2611 mus
296 2578 487 2619 8,1‘1·.29
506 2580 551 2611 N.
576 2592 622 2613 ne
652 2580 771 2613 omnia
795 2579 1039 2621 ediscant,
1064 2584 1100 2612 et
1127 2585 1225 2613 certa
1249 2579 1307 2612 die
1331 2574 1548 2621 dicant2,
1573 2581 1608 2622 7,
1633 2581 1667 2613 1.

174 2635 256 2657 cmn
290 2629 436 2666 praetor
465 2624 665 2666 permiserit
701 2625 820 2660 dicere
857 2628 897 2659 11
914 2651 924 2668 ,
948 2627 995 2668 3,
1025 2627 1102 2660 157.
1127 2625 1157 2658 si
1193 2625 1323 2658 dicas
1347 2642 1395 2648 -—
1423 2624 1692 2658 antonomasia·

171 2675 243 2712 est,
269 2669 301 2702 si
330 2668 563 2711 adjeceris
589 2689 638 2696 —
663 2672 863 2714 appositum
889 2672 933 2714 8,
955 2672 990 2714 6,
1014 2670 1072 2706 43.
1107 2672 1263 2704 calculos
1286 2666 1409 2714 lingua
1431 2669 1587 2703 volvens
1609 2669 1695 2703 di-··

170 2726 254 2750 cere
277 2715 413 2749 solebat
439 2715 640 2759 (Demosth.)
669 2720 700 2756 1,
729 2719 764 2759 3,
789 2716 845 2752 54.
881 2718 943 2752 vel
970 2717 1040 2751 soli
1064 2716 1222 2750 dicamus
1245 2714 1380 2759 potius,
1409 2725 1516 2758 quam
1545 2715 1665 2749 omni-

1702 2540 1724 2564 ξι.

1702 2679 1708 2687 v

168 2772 217 2796 no
247 2771 322 2795 non
345 2761 502 2794 dicamus
529 2763 584 2803 10,
609 2764 644 2803 7,
668 2761 726 2794 24.
754 2762 785 2795 si
820 2773 1043 2807 quaeram
1069 2780 1116 2789 —
1145 2761 1334 2800 dicetur
1358 2762 1394 2802 2,
1417 2762 1476 2803 21,
1504 2762 1557 2795 10.
1585 2771 1661 2795 non
1699 2762 1703 2767 '

168 2807 262 2842 enim
291 2805 394 2840 dixi
420 2806 575 2850 quidem,
600 2809 664 2841 sed
686 2818 760 2842 non
784 2807 967 2852 scripsi
990 2809 1026 2852 9,
1050 2809 1085 2850 3,
1113 2807 1169 2843 55.
1199 2805 1245 2848 ej}
1272 2809 1330 2850 10,
1353 2809 1388 2850 7,
1413 2809 1454 2848 73
1484 2806 1546 2851 qui
1573 2806 1659 2841 dicit
