1728 3002
148 193 240 248 15'2»
268 239 273 247 ,
619 203 852 248 Conclamo
883 230 938 236 —
969 201 1202 248 Conclusio

193 325 294 354 tunt
321 322 356 363 9,
383 318 418 371 4,
446 320 500 354 11.
538 332 570 354 v.
604 318 807 354 Animus.
846 318 1115 363 compello.
1158 320 1388 359 concino.
1450 322 1488 368 γ)
1518 325 1580 359 ubi
1607 335 1688 361 eam

197 346 418 412 (actionemm)
432 367 530 402 calor
544 365 777 403 concitaverit
801 368 856 410 11,
879 368 1010 408 3,111.
1046 372 1081 401 et
1104 368 1390 404 concitanda
1407 375 1445 404 et
1467 371 1688 406 lenienda

196 414 407 466 frequenter
432 418 487 447 est
512 412 567 446 ira
591 414 626 457 3,
650 413 685 456 8,
713 415 768 448 12
801 411 979 446 concitare
1004 411 1198 457 invidiam,
1229 414 1370 459 odium,
1397 414 1487 450 iram
1509 417 1686 460 6,1,14.

198 458 306 493 totius
340 459 464 503 populi
495 459 600 493 Rom.
632 458 796 493 lacrimas
822 457 1022 493 concitasse
1049 461 1106 502 11,
1130 462 1165 504 3,
1187 439 1226 496 ’8.
1265 467 1432 506 quantam
1455 442 1544 497 mihi'
1566 464 1690 498 conci-

199 511 273 541 tem
294 516 451 552 pugnam
475 505 694 548 10,1‚105.
740 502 777 548 δ)
805 504 877 548 adj.
911 507 1050 540 Ablata
1087 516 1212 550 aspera
1237 505 1364 542 iambis
1386 507 1541 543 maxime
1565 509 1690 544 conci-

199 556 320 586 tantur
342 554 386 594 9,
414 531 567 593 4,1?}6.
606 550 638 585 si
662 551 772 585 modo
800 556 882 584 sunt
905 550 1025 596 aliquo
1051 551 1179 586 affectu
1202 553 1371 588 concitati
1394 556 1457 597 10,
1481 557 1524 598 7,
1554 557 1608 590 15.
1655 568 1688 589 υ.

201 599 288 632 Ira.
325 596 583 642 compositione
609 596 846 631 concitari
869 597 1065 632 sententiae
1083 598 1304 643 videntur9,
1318 598 1354 643 4,
1370 601 1404 635 9.
1431 611 1465 633 υ.
1485 601 1693 636 Intendo.

202 642 237 687 s)
266 644 551 687 adj.1³raep0s.:
583 644 687 677 dolor
713 642 850 678 victum
878 643 931 676 ad
954 644 1202 688 depellendam
1223 645 1457 699 ignominiam
1481 646 1694 681 concita-

202 689 283 724 bat
312 692 344 733 j,
372 692 407 733 2,
436 688 494 723 24.
533 701 568 723 v.
592 688 814 723 Remitto.
850 688 1005 733 judicem
1028 691 1078 723 ad
1100 690 1243 726 fortiter
1265 692 1492 736 judicandum
1513 692 1694 729 concitare

201 737 407 779 6,1,2.0
445 746 513 770 nos
546 736 614 769 ad
632 736 823 780 quaerend.
849 746 925 769 non
948 746 995 770 eo
1021 735 1101 780 ipso
1125 736 1365 782 concitemur,
1405 739 1502 783 quod
1535 738 1696 774 animust

205 784 271 825 10,
298 785 340 826 2,
367 782 413 824 53
456 781 518 826 qui
540 780 589 816 in
611 781 701 816 iram
724 780 879 815 concitat
904 792 952 816 se
976 782 1019 825 6,
1043 785 1086 825 2,
1112 786 1170 818 27.
1225 782 1262 828 ζ)
1284 786 1434 818 Partica
1467 783 1506 828 a)
1529 783 1696 820 Callicles

204 828 322 863 adhuc
339 827 553 863 concitatior
574 830 609 870 2,
634 828 691 870 15,
715 828 772 863 28.
806 827 970 862 Lucanus
1000 808 1181 863 ardens
1199 834 1236 864 et
1258 829 1423 865 concit.
1449 835 1486 864 et
1510 830 1697 865 sententiis

203 873 419 908 clarissimus
444 854 642 918 1o,1‚9’0.
671 872 987 927 (Jul.Africarrus)
1016 874 1332 920 concitatior,
1358 876 1423 910 sed
1445 875 1486 911 in
1509 888 1593 912 cura
1611 888 1697 912 ver-

206 920 333 954 borum
351 920 524 954 nimius
547 922 592 955 ib.
609 920 687 954 118.
712 919 969 964 paterinterim
986 921 1172 964 concit„
1195 921 1339 956 interim
1361 922 1484 956 lenis
1506 924 1561 967 11,
1577 924 1612 965 3,
1627 921 1696 965 743

206 966 402 1001 concitatos
426 967 480 1000 ad
501 965 578 1001 vim
599 965 751 1018 pudicae
774 965 896 1000 domui
919 966 1136 1001 afferendam
1160 968 1312 1021 juvenes
1336 970 1448 1012 1,1Ο,
1468 969 1526 1004 32.
1573 967 1614 1011 b)
1641 969 1699 1003 af-

206 1013 324 1047 fectus
361 1010 536 1048 concit.
570 1025 648 1056 opp.
683 1011 820 1046 mites
853 1017 961 1057 atque
993 1013 1284 1057 compositos
1317 1015 1354 1058 6,
1382 1015 1416 1057 2,
1437 994 1477 1049 9.
1511 1025 1547 1048 υ.
1571 1013 1699 1049 Com-

208 1069 345 1104 pono.
383 1071 461 1102 opp.
489 1057 678 1092 remissi
701 1060 757 1099 10,
784 1061 816 1101 1,
843 1060 901 1092 73.
934 1071 1014 1102 opp.
1038 1059 1232 1094 flebiles
1259 1062 1318 1104 11,
1342 1040 1473 1103 '3‚162.
1502 1071 1536 1094 υ.
1563 1059 1699 1094 Affe-

208 1110 320 1139 otus.
360 1102 527 1138 concit.
553 1115 599 1137 an
621 1103 872 1138 remissum
897 1104 1052 1139 animum
1077 1107 1112 1149 3,
1135 1106 1170 1149 9,
1194 1109 1229 1142 7.
1277 1106 1318 1140 in
1341 1106 1459 1141 causis
1484 1105 1614 1141 concit.
1643 1108 1701 1151 11,

210 1153 246 1193 1,
267 1152 303 1184 3.
348 1149 410 1183 illa
441 1150 669 1193 frequens
704 1154 740 1183 et
772 1149 940 1184 concit.
974 1150 1014 1183 in
1047 1131 1234 1204 uti-’amque
1255 1157 1393 1197 partem
1418 1151 1557 1186 nutatio
1584 1154 1640 1195 11,
1665 1154 1702 1196 3,

180 1222 189 1235 ,
211 1197 291 1232 129.
334 1195 464 1230 conoit.
492 1205 634 1239 semper
668 1193 784 1228 oratio
812 1197 856 1237 3,
883 1196 927 1237 8,
956 1195 1012 1230 58.
1050 1197 1181 1231 concit.
1215 1198 1413 1243 aequaliter
1444 1203 1534 1232 orat.
1569 1201 1615 1232 ib.
1629 1178 1702 1233 '60'

209 1241 522 1277 vibrantibus
548 1240 885 1284 concitatisque
909 1242 1096 1275 sententiis
1123 1245 1180 1285 12,
1200 1244 1235 1286 9,
1252 1246 1288 1278 3.
1319 1244 1433 1290 magis
1457 1244 1702 1278 concitata

212 1293 250 1324 et
281 1287 364 1322 alti
398 1286 600 1331 spiritus
631 1287 767 1330 plena
802 1285 881 1330 (vis
904 1286 1051 1330 ingenii)
1081 1289 1138 1331 10,
1168 1290 1202 1332 1,
1229 1287 1287 1323 44.
1323 1294 1487 1324 erecta
1515 1294 1551 1323 et
1576 1299 1721 1327 conc.¹

208 1344 305 1370 voce
337 1346 417 1386 opp.
453 1332 697 1366 summissa
724 1338 760 1366 et
783 1337 1041 1366 contracta
1069 1335 1126 1376 11,
1151 1335 1301 1378 3,175;
1340 1335 1524 1369 suadendo
1555 1334 1704 1369 subli-

207 1379 327 1414 mius
351 1378 485 1423 aliquid
510 1384 676 1420 senatus,
701 1377 997 1412 concitatius
1019 1357 1187 1424 populus
1195 1386 1349 1425 poscunt
1371 1382 1406 1425 8,
1430 1382 1466 1425 3,
1492 1379 1559 1425 14,
1597 1391 1703 1417 con-

214 1425 512 1460 citatissimus
538 1423 700 1470 corporis
721 1429 840 1457 motus
877 1426 913 1467 2,
938 1426 994 1465 11,
1019 1424 1056 1458 4.

168 1481 417 1525 conclamo·
459 1493 640 1528 indecora
655 1491 875 1526 exultatione
900 1492 1121 1527 conclamant
1143 1495 1238 1536 2‚2,
1265 1496 1320 1528 12.

169 1538 404 1582 concludo.
450 1550 485 1595 Ι)
518 1551 559 1584 de
586 1552 838 1583 terminatione.
881 1569 927 1575 —
957 1560 1100 1583 sensum
1128 1550 1173 1592 9,
1200 1548 1349 1593 4,125.
1385 1559 1511 1586 sensus
1536 1559 1612 1585 non
1638 1559 1706 1585 ex-

212 1599 312 1642 pleto
345 1607 495 1632 numero
531 1597 718 1630 conclusus
742 1596 783 1638 9,
806 1592 850 1637 4,
880 1597 958 1629 122.
1000 1606 1125 1629 sensus
1155 1596 1314 1631 numeris
1321 1597 1528 1631 conclusus
1556 1598 1706 1631 ib.123.

214 1663 262 1670 --
283 1645 500 1678 vocabulum
525 1647 651 1676 tenore
679 1647 783 1675 acuto
818 1643 860 1683 1,
885 1643 927 1683 5,
950 1641 1019 1684 263
1067 1652 1116 1675 ne
1149 1642 1256 1676 debui
1279 1642 1424 1687 quidem
1452 1641 1559 1677 istum
1583 1643 1705 1677 locum

215 1689 262 1724 ln
285 1701 394 1723 unam
418 1687 575 1734 speciem
599 1688 814 1723 concludere
838 1666 1154 1730 (3,2',1.11)
1187 1691 1222 1722 in
1252 1691 1453 1732 syllogismo·
1490 1689 1706 1725 concludere

216 1737 251 1778 3,
278 1737 313 1778 9,
338 1739 371 1770 2.
401 1737 435 1778 5,
461 1737 517 1777 13,
542 1734 600 1771 60.
636 1753 681 1760 --
706 1731 882 1767 astrictius
907 1745 984 1776 opp.
1005 1732 1112 1767 latius
1138 1735 1358 1778 10,1,106.
1390 1753 1435 1760 —
1459 1734 1621 1768 subtilius
1647 1737 1706 1780 12,

278 1781 341 1823 25ς
378 1793 459 1817 cum
482 1761 550 1814 al’ia
574 1778 794 1813 finitionibus
822 1780 1080 1813 concludantur
1103 1781 1160 1823 12,
1190 1782 1314 1823 2,15.
1357 1779 1608 1823 imperfectum
1629 1760 1709 1825 syl-'-

214 1799 403 1915 11‘333i⁸3¹¹;¹¹m
423 1852 433 1870 ,
484 1826 568 1871 quia
605 1836 677 1860 nec
711 1824 885 1859 distinctis
927 1835 996 1860 neo
1030 1825 1132 1860 totid.
1167 1825 1326 1870 partibus
1363 1826 1638 1882 concluderetur
1670 1826 1708 1870 5,

174 1899 504 1970 Conclusio.1)
530 1930 553 1962 ἱ.
579 1941 611 1973 q.
633 1926 777 1970 finis.-
808 1930 865 1970 12,
889 1927 976 1972 Cap.
997 1929 1052 1961 11.
1087 1931 1239 1963 vocatur
1261 1926 1395 1974 aliquid
1422 1932 1460 1963 et
1482 1928 1709 1963 clausulas

220 1987 328 2028 quae,
361 1975 391 2009 si
415 1980 492 2018 est,
526 1974 624 2019 quod
648 1953 998 2009 conclusionem
1027 1972 1176 2008 dicimus
1203 1980 1264 2008 etc.
1299 1975 1335 2017 8,
1362 1974 1479 2018 5,13.
1514 1984 1708 2019 perora-

219 2021 397 2056 tionem
428 2019 793 2058 conclusionem
803 2019 863 2054 alii
885 2020 1166 2063 vocant6,1,1.
1214 2018 1706 2065 11)1·.q.per1·0‹1us.·9,

220 2067 255 2110 4,
279 2071 339 2102 22.
374 2079 440 2110 ea,
472 2078 562 2112 quae
587 2066 741 2100 efficitur
764 2077 785 2100 e
809 2065 960 2110 pedibus
984 2077 1099 2109 aequa
1125 2066 1240 2100 conel.
1264 2067 1306 2100 ib.
1326 2066 1384 2101 57.
1419 2067 1577 2111 quando
1583 2066 1710 2110 incipit

220 2124 393 2158 corpus
422 2113 527 2148 esse?
567 2123 649 2148 cum
677 2111 778 2147 venit
811 2117 972 2145 extrema
998 2113 1347 2155 concionem,
1383 2119 1711 2158 quaeso,nos1rum

214 2158 360 2204 fefellit,
392 2162 427 2194 id
453 2172 511 2194 vos
535 2161 584 2193 ita
608 2170 677 2192 esse
694 2157 873 2199 facturos?
913 2157 1028 2203 Quam
1054 2156 1131 2191 Cic.
1154 2157 1399 2192 brevissimam
1421 2162 1535 2202 putat.
1583 2159 1709 2203 Itaque

219 2206 297 2239 fere
323 2205 473 2241 incisa
501 2210 537 2240 et
560 2204 759 2238 membra
782 2203 894 2237 mixta
921 2209 1022 2246 sunt,
1060 2209 1095 2237 et
1119 2203 1474 2238 conclusionem
1497 2202 1620 2248 utique
1643 2204 1709 2238 de-

220 2250 389 2286 siderant.
416 2255 458 2286 ib.
483 2252 563 2285 123.
606 2260 678 2284 ιιοιι
700 2248 739 2283 in
765 2249 912 2296 longum
935 2249 1042 2283 dilata
1070 2251 1184 2283 concl.
1209 2250 1252 2291 8,
1276 2252 1320 2292 2,
1346 2251 1401 2284 22.
1444 2259 1562 2283 sermo
1585 2249 1710 2284 brevis

221 2302 256 2329 et
277 2309 347 2331 una
364 2297 594 2332 conclusione
612 2295 730 2328 finitus
749 2297 782 2338 3,
808 2298 842 2338 3,
868 2298 900 2328 2.
937 2294 1140 2339 eloquentia
1164 2311 1208 2319 —
1231 2293 1518 2328 conclusionibus
1539 2294 1644 2328 certis
1672 2300 1710 2329 et

221 2343 355 2376 crebris
390 2349 424 2376 et
456 2343 495 2376 in
519 2353 625 2375 unam
651 2351 762 2385 prope
789 2342 942 2375 formam
970 2340 1177 2374 cadentibus
1204 2339 1348 2373 concisa
1371 2341 1405 2383 5,
1432 2338 1488 2383 14,
1513 2341 1570 2374 30.
1600 2351 1710 2385 prae-

223 2386 304 2420 cisis
328 2389 443 2422 concl.
468 2387 610 2423 obscuri
636 2389 832 2429 10,2‚17.
910 2385 979 2430 111)
1006 2386 1181 2428 syllogismi
1206 2387 1408 2429 complexio.-
1419 2416 1421 2419 .
1449 2385 1598 2420 rationis
1628 2391 1710 2431 apta

223 2434 337 2467 concl.
360 2435 424 2475 fig.
454 2446 510 2476 ap.
539 2436 620 2467 Cic.
648 2434 683 2474 9,
715 2434 748 2475 1,
772 2433 828 2466 28.
855 2431 890 2473 9,
917 2433 951 2474 2,
978 2434 1016 2466 2.
1049 2443 1105 2474 αρ.
1132 2434 1243 2465 Cels.
1266 2432 1302 2474 9,
1327 2433 1361 2474 3,
1387 2431 1444 2467 98.
1481 2433 1596 2466 concl.
1621 2443 1708 2476 pro-

224 2478 418 2520 positarum
445 2478 690 2530 ‹piaestionum
716 2480 748 2520 1,
776 2479 830 2511 10.
856 2480 912 2511 37.
955 2481 1051 2510 certa
1078 2477 1203 2520 quaed.
1232 2477 1430 2530 argumenti
1447 2478 1561 2512 concl.
1583 2479 1709 2512 velex

223 2524 545 2567 consequentibus,
586 2525 648 2557 vel
679 2534 727 2557 ex
759 2522 1036 2568 repugnantibus
1060 2521 1101 2564 5,
1130 2524 1185 2562 10,
1207 2524 1243 2556 2.
1285 2523 1421 2557 subtilis
1447 2528 1484 2557 et
1506 2523 1551 2556 ad
1573 2534 1710 2559 morem

226 2569 504 2603 Dialecticorum
527 2569 678 2602 formata
702 2570 818 2603 concl
842 2572 876 2610 7,
901 2570 935 2610 3,
960 2568 1016 2601 14.
1058 2568 1151 2601 hano
1172 2563 1481 2612 (ἀπόδειξιν)
1505 2569 1548 2601 ab
1572 2569 1710 2613 epichi-

194 2646 199 2650 .
223 2621 358 2648 remate
384 2614 525 2648 differre
549 2615 626 2647 solo
654 2624 785 2660 genere
811 2593 1050 2648 conclusionis
1077 2613 1112 2667 5,
1139 2616 1194 2656 10,
1216 2616 1251 2648 7.
1288 2615 1391 2658 quale
1417 2625 1451 2657 p.
1478 2611 1554 2667 Lig.
1546 2639 1568 2657 .,
1597 2617 1710 2650 Causa

227 2667 294 2693 tum
311 2662 414 2693 dubia
431 2679 476 2685 --
506 2642 972 2699 a‹lj1uverm1.-habetenim
996 2658 1224 2694 rationem
1251 2665 1287 2693 et
1311 2658 1708 2712 propositionem,

227 2706 427 2740 nonhabet
450 2716 500 2739 co
515 2704 913 2739 nolusionem.1ta
931 2711 984 2739 est
1007 2705 1068 2739 ille
1084 2705 1313 2749 imperfectus
1336 2704 1648 2751 syllogismus
1671 2707 1707 2748 5,

232 2750 285 2795 14,
312 2756 343 2785 1.
373 2757 432 2785 aut
460 2756 683 2803 expugnatur
709 2749 932 2793 intentio,
969 2756 1029 2785 aut
1055 2751 1301 2792 assumtio,
1335 2757 1393 2785 sut
1420 2753 1567 2786 concl.
1593 2754 1635 2786 fb.
1651 2755 1706 2786 21.

226 2810 259 2830 v.
285 2797 375 2832 Con
388 2808 439 2831 ne
452 2807 498 2831 xi
512 2806 545 2829 o.
587 2806 651 2839 per
676 2795 822 2830 brevem
848 2798 961 2833 concl.
983 2802 1156 2831 testantur
1191 2799 1234 2830 a>
1262 2799 1315 2830 11.
