1728 3002
122 166 204 206 232
601 184 606 196 x
838 160 949 204 Dico

174 275 426 323 (arcuerim-di)
452 279 508 320 11,
535 279 569 319 3,
593 274 652 309 44.
675 275 853 319 placuisse
877 274 1012 321 aliquid
1035 285 1080 310 eo
1105 275 1312 317 dicente,
1339 277 1438 323 quod
1459 278 1670 325 legentes

175 334 251 359 non
284 324 489 360 invenimus
519 325 560 356 ib.
599 323 644 364 83
678 322 839 356 dicentes
879 321 914 364 5,
952 323 1009 365 12,
1043 324 1098 356 17.
1128 321 1323 356 dicentium
1344 326 1460 366 83²1,
1484 326 1541 367 11,
1565 327 1600 359 3.
1624 336 1673 359 ex

176 377 337 415 tempore
372 370 531 405 dicentes
556 371 611 410 11,
641 370 676 410 3,
700 369 755 403 25.
784 373 820 402 et
847 366 1117 403 dicentium
1147 373 1184 402 et
1207 367 1502 415 audientium
1523 376 1672 405 nanu-ae

178 419 235 460 12,
261 420 318 460 10,
342 419 399 451 17.
433 427 502 450 nec
533 414 765 449 scribentium
790 425 937 457 curam,
963 425 1033 448 nec
1061 413 1255 448 dicentium
1278 413 1451 460 impetum
1474 418 1494 451 1
1554 419 1588 460 3,
1615 419 1673 458 20,
1695 434 1697 437 ·

176 463 306 508 quibus
341 462 458 496 modis
493 473 554 504 ea,
588 472 680 505 quae
719 467 800 494 sunt
831 466 958 494 natura
992 471 1116 504 parum
1147 460 1324 504 speciosa,
1358 471 1434 495 non
1512 466 1514 469 '
1552 473 1577 496 n
1602 463 1674 497 sint

175 509 351 544 indecora
375 508 574 542 dicentibus
604 510 667 550 11,
694 510 709 540 1
725 533 735 550 ,
760 508 818 540 66.
841 517 925 551 -quo
949 508 1029 551 plus
1054 506 1314 540 dicentibus
1350 507 1456 550 fidei,
1486 507 1673 554 minusque

176 562 364 600 suspectae
398 555 739 588 advocatorum
771 553 921 587 insidiae
954 554 1077 587 forent
1115 555 1178 595 12,
1209 553 1314 593 9‚'6.
1356 548 1471 598 ἦθος,
1515 555 1618 598 quod
1653 567 1675 589 a

177 602 379 636 dicentibus
410 601 654 635 desideramus
679 600 713 642 6,
737 603 773 642 2,
800 601 855 634 13.
903 597 946 643 β)
969 603 1048 633 Fut.
1077 602 1172 632 Act-2
1203 598 1294 633 mire
1319 599 1582 634 auditurum
1608 600 1676 635 ‹li-

178 648 312 683 cturi
338 659 424 681 cura
449 648 602 681 delectat
628 648 684 691 11,
709 648 743 689 3,
773 647 852 680 157.
878 651 918 679 ut
944 656 1008 680 eos
1033 643 1318 690 (commentarios)
1343 645 1501 681 dicturus
1526 645 1677 691 quisque

178 699 430 738 composuerat
461 696 527 736 10,
563 696 605 735 7,
643 694 701 726 30.
739 692 919 736 quomodo
951 697 1204 735 sequester
1233 691 1416 735 impendet
1443 692 1604 726 laborem
1638 692 1678 726 in
1719 720 1722 722 .

177 741 310 775 alienas
338 741 511 782 actiones,
538 750 620 772 cum
645 738 846 772 dicturis
871 738 960 772 tanti
983 750 1069 772 suae
1093 748 1169 772 non
1192 737 1262 771 sint
1293 739 1348 782 12,
1371 739 1408 781 8,
1431 737 1467 772 4.
1513 740 1554 784 y)
1581 737 1674 783 Pers.

178 790 301 821 Pass..·
336 786 455 830 aliquo
486 786 622 818 urbane
656 784 753 818 dicto
787 785 828 827 5,
853 787 898 827 7,
922 785 980 819 26.
1010 784 1097 828 qnid
1127 782 1338 828 exquisitius
1363 784 1496 818 dictum
1531 787 1589 828 12,
1620 787 1678 827 10,

176 833 235 868 75.
261 834 516 875 vehementer,
541 830 712 873 dulciter,
738 830 903 875 speciose
926 831 1060 864 dictiun
1083 831 1118 872 9,
1141 829 1260 873 4‚⁷13.
1281 835 1382 874 recte
1411 831 1448 864 d.
1470 829 1506 874 4,
1530 833 1566 874 2,
1591 831 1676 873 119;

178 879 342 926 analogia
365 889 508 922 quoque
531 877 664 911 dictum
680 878 866 911 tuebamur
889 879 923 919 1,
949 878 984 918 6,
1010 880 1066 911 11.
1093 875 1320 911 dictum-et
1342 877 1678 920 exceptionem

178 927 214 968 3,
238 926 274 969 6,
299 926 342 959 61
363 937 397 958 υ.
416 923 657 968 Exceptio.
683 935 702 956 a
719 935 758 957 se
783 923 877 957 dicta
902 925 935 967 5,
959 927 994 966 7,
1009 925 1066 958 32.
1091 922 1141 956 ita
1167 921 1287 956 dicta
1305 934 1350 956 ac
1374 922 1557 968 scripta
1578 934 1679 958 snm-

178 971 245 1006 mis
279 971 484 1005 auctoribus
525 974 563 1013 1,
588 971 629 1012 6,
654 973 717 1012 223
753 970 904 1004 factis
940 970 983 1003 ab
1014 980 1059 1004 eo
1093 968 1320 1013 dictisque
1348 969 1392 1011 5,
1417 971 1482 1012 13,
1511 972 1567 1003 12.
1605 975 1679 1004 tam

179 1018 425 1052 factorum
449 1028 554 1062 quam
578 1016 805 1050 dictorum
829 1015 921 1049 ratio
952 1018 986 1059 1,
1003 1017 1039 1059 9,
1054 1015 1086 1050 5.
1107 1014 1198 1060 quae
1224 1020 1308 1049 sunt
1331 1014 1525 1060 antiquitus
1551 1014 1680 1050 dicte

179 1075 221 1098 ac
245 1065 372 1098 facta
398 1065 582 1107 praeclare
612 1066 668 1105 12,
694 1066 728 1105 2,
754 1064 810 1097 29.
836 1061 940 1095 dictis
972 1063 1120 1096 credent
1143 1064 1178 1103 2,
1203 1062 1240 1105 9,
1263 1064 1296 1096 2.
1323 1061 1427 1095 dictis
1450 1067 1618 1098 movetur
1643 1063 1679 1104 5,

179 1113 216 1154 7,
241 1111 275 1145 8.
309 1109 487 1153 [emutatis
519 1109 557 1142 in
587 1120 799 1152 perversum
836 1108 940 1142 (lictis
975 1110 1020 1142 de
1045 1109 1109 1150 (Z.
1137 1106 1304 1151 dicendi)
1331 1107 1454 1155 figuris
1477 1109 1512 1151 8,
1536 1110 1572 1150 2,
1602 1105 1676 1152 19.]

179 1167 288 1200 supra
323 1155 427 1188 dictis
451 1156 564 1188 multo
592 1155 771 1188 difficilius
805 1155 840 1197 6,
866 1157 900 1195 2,
927 1157 959 1187 1.
986 1166 1033 1188 ex
1060 1159 1162 1198 parte
1193 1154 1337 1189 diversa
1360 1154 1455 1190 dicta
1478 1155 1513 1196 5,
1538 1156 1595 1198 13,
1621 1157 1678 1189 12.

179 1213 235 1246 ap.
261 1201 470 1236 Sallustium
505 1200 597 1234 dicta
625 1206 748 1234 sancte
772 1205 809 1233 et
834 1200 977 1243 antique
1006 1202 1041 1242 S,
1067 1202 1101 1243 3,
1135 1198 1194 1233 44.
1233 1201 1326 1234 bene
1359 1211 1380 1234 a
1410 1210 1556 1245 quoque
1585 1199 1680 1235 dicta

179 1251 215 1290 2,
237 1251 272 1290 7,
299 1246 334 1282 4.
360 1247 494 1291 optime
521 1247 615 1280 dicta
652 1249 708 1289 10,
734 1250 767 1288 1,
793 1246 848 1280 19.
874 1246 1057 1291 eleganter
1084 1245 1178 1279 dicta
1201 1246 1237 1288 6,
1265 1248 1301 1288 3,
1327 1248 1404 1281 102.
1429 1246 1520 1280 nihil
1543 1252 1680 1282 temere

179 1293 312 1327 dictum
338 1296 394 1336 12,
418 1294 454 1335 6,
478 1293 512 1328 5.
541 1293 715 1326 dictorum
735 1293 778 1325 ab
798 1292 927 1325 eodem
950 1292 1085 1325 urbane
1109 1290 1192 1324 libri
1218 1292 1252 1334 6,
1278 1293 1314 1334 3,
1337 1290 1396 1327 42.
1423 1291 1468 1334 cfi
1494 1292 1530 1335 6,
1558 1293 1592 1335 1,
1619 1291 1677 1328 46.

178 1341 270 1374 haec
292 1341 405 1387 vulgo
433 1339 528 1373 dicta
551 1339 586 1381 5,
614 1342 670 1382 11,
696 1341 755 1373 37.
778 1349 896 1381 neque
928 1343 1031 1371 acute
1065 1343 1202 1371 tantum
1225 1346 1267 1371 ac
1290 1343 1445 1372 venuste
1470 1339 1538 1372 sed
1560 1339 1680 1382 stulte,

177 1385 370 1429 iracunde,
403 1385 526 1419 timide
561 1385 683 1419 dicta
714 1390 774 1418 aut
806 1385 938 1417 facta
973 1384 1009 1425 6,
1032 1385 1067 1426 3,
1091 1387 1134 1425 7;
1160 1383 1263 1426 cujus
1285 1385 1396 1417 multa
1418 1383 1512 1419 hene
1548 1384 1680 1431 (licta

178 1443 483 1478 responsaque
505 1435 610 1465 erunt
632 1433 790 1465 Domit.
817 1432 954 1463 Mars.
978 1430 1014 1472 6,
1033 1429 1166 1472 3‚1o5.
1207 1425 1341 1471 3)Fu1.
1358 1433 1480 1465 Passa
1506 1440 1582 1464 non
1608 1441 1682 1466 co·-

179 1478 422 1525 gitandum
455 1479 519 1512 sed
554 1477 804 1511 dicendum
846 1475 965 1509 statim
998 1481 1052 1509 est
1072 1475 1107 1517 6,
1131 1474 1168 1517 4,
1187 1476 1230 1510 -8,
1259 1475 1338 1511 sive
1361 1475 1401 1511 in
1425 1477 1680 1521 respondendo

177 1525 289 1559 fuerit
319 1524 510 1559 dicendum
542 1527 598 1567 12,
623 1525 657 1566 9,
682 1525 739 1558 20.
772 1527 871 1556 tanto
907 1521 1045 1556 cautius
1080 1521 1272 1557 dicendum
1298 1527 1353 1556 est
1376 1523 1414 1565 9,
1441 1525 1478 1564 2,
1502 1523 1560 1558 76.
1583 1524 1682 1568 quod

178 1570 401 1605 timidissime
434 1571 486 1613 (a.
518 1573 541 1606 l.
574 1568 720 1612 tumid.)
751 1568 944 1602 dicendum
972 1573 1027 1602 est
1063 1570 1117 1610 11,
1153 1570 1189 1611 1,
1220 1571 1279 1602 77.
1312 1564 1519 1614 ubicunque
1551 1570 1683 1604 acriter

180 1617 270 1660 erit,
293 1617 471 1651 instanter
486 1643 497 1659 ,
518 1616 729 1662 pugnaciter
750 1615 942 1649 dicendum
965 1615 1000 1656 9,
1024 1612 1060 1656 4,
1085 1614 1166 1650 126.
1212 1613 1273 1649 An
1296 1625 1373 1651 non
1394 1615 1485 1649 haec
1508 1615 1566 1657 (Z.
1588 1617 1680 1648 dedit
1701 1611 1706 1618 ⁴

181 1663 271 1707 hoc)
303 1663 526 1698 misellus
550 1669 586 1697 et
609 1662 921 1707 pauperculus
946 1659 1131 1694 summissa
1159 1665 1266 1704 atque
1290 1666 1490 1704 contracta,
1524 1660 1680 1695 fortis

180 1715 218 1744 et
250 1711 507 1744 vehemens
545 1714 666 1750 erecta
697 1714 732 1741 et
767 1707 946 1741 concitata
974 1717 1068 1741 voce
1101 1706 1292 1740 dicendum
1328 1712 1383 1739 est
1407 1707 1456 1750 (a,
1481 1710 1503 1740 1.
1528 1705 1680 1742 dicende

179 1754 309 1798 suno?
345 1758 386 1789 11
403 1782 413 1798 ‚
447 1757 490 1798 3,
522 1755 602 1797 175,
635 1755 683 1791 N.
710 1767 755 1787 cr.
782 1761 813 1786 et
837 1754 931 1786 ΑιΙιΙ.
983 1763 1067 1786 cum
1090 1752 1158 1786 erit
1181 1751 1301 1785 subito
1324 1752 1495 1787 continua
1517 1753 1681 1787 oratione
1708 1761 1713 1763 ‘

179 1801 372 1835 dicendum
397 1804 455 1846 10,
501 1827 511 1846 ,
536 1803 594 1835 30.
621 1810 695 1834 non
731 1799 924 1843 aliquando
956 1798 1002 1832 de
1034 1798 1142 1831 rebus
1173 1808 1195 1830 a
1221 1798 1403 1851 zze-gestis
1439 1798 1576 1832 oratori
1601 1810 1682 1834 esse

178 1847 371 1881 dicendum
396 1850 452 1890 11,
499 1873 510 1890 ,
535 1850 593 1881 22.
623 1846 669 1890 cf.
699 1848 756 1888 12,
786 1849 818 1884 1,
844 1843 905 1886 143
942 1842 1012 1876 alia
1033 1842 1231 1885 concitate,
1259 1843 1330 1878 aha
1354 1843 1504 1879 remisse
1529 1844 1681 1882 dicenda

179 1895 240 1936 10,
267 1895 303 1936 2,
326 1895 382 1927 23.
415 1893 484 1927 alia
510 1890 742 1932 concitatius,
779 1889 849 1924 alia
870 1888 1008 1931 lenius,
1045 1889 1114 1924 alia
1141 1888 1347 1932 sublimius,
1379 1890 1448 1925 alia
1471 1902 1495 1935 p
1545 1891 1682 1935 nactus,
1719 1895 1721 1897 ’

183 1939 254 1973 alia
276 1939 450 1982 ornatius,
477 1939 548 1973 alia
571 1937 737 1984 gracilius
761 1936 811 1979 (a.
838 1940 859 1969 l.
886 1935 1032 1981 gravius
1055 1939 1102 1968 al.
1127 1933 1279 1982 gratius)
1300 1947 1381 1971 esse
1407 1935 1511 1971 dicen
1538 1949 1558 1971 a
1585 1939 1622 1982 9,
1644 1937 1682 1982 4,

181 1987 263 2021 130.
305 1990 366 2019 aut
401 1985 554 2019 dicenda
586 1994 666 2018 eam
703 1982 916 2024 (rhetoricen)
948 1981 1099 2023 docere,
1127 1987 1189 2015 aut
1212 1991 1287 2015 non
1315 1982 1464 2019 dicenda
1487 1986 1522 2027 2,
1543 1986 1601 2027 17,
1623 1986 1681 2019 30.
1704 1995 1709 1998 ·

180 2042 252 2066 nec
277 2030 453 2076 praecipit
482 2042 640 2075 unquam
673 2039 747 2062 non
777 2028 950 2070 dicenda,
974 2039 1044 2061 nec
1071 2027 1232 2062 dicendis
1259 2029 1439 2064 contraria
1463 2031 1508 2064 ib.
1530 2030 1588 2064 35.
1614 2030 1682 2064 ali-

182 2077 270 2122 quid
301 2088 352 2112 ex
379 2082 542 2124 tempore
572 2075 735 2112 dicendis
766 2073 878 2111 inseri
903 2076 959 2118 12,
985 2074 1022 2117 9,
1059 2076 1114 2111 17.
1137 2073 1372 2110 dicendorum
1394 2081 1585 2121 expectata
1606 2077 1684 2111 laus

183 2126 252 2165 10,,
267 2126 302 2166 7,
333 2123 392 2160 16.
617 2121 622 2127 ”

226 2168 330 2212 VIII)
368 2170 516 2204 Gerana.
558 2165 596 2211 a)
627 2168 761 2202 Genit.:
801 2164 946 2201 dicendi
976 2164 1112 2209 peritus
1146 2167 1213 2208 12,
1242 2167 1284 2209 1,
1315 2169 1348 2201 1.
1385 2169 1442 2202 27.
1465 2169 1523 2201 31.
1554 2169 1621 2210 12,
1647 2171 1684 2211 2,

182 2213 219 2250 4.
244 2233 289 2240 —
312 2226 387 2250 non
410 2213 596 2259 imperitus
620 2216 654 2256 1,
679 2217 713 2256 1,
741 2214 797 2247 11.
823 2229 868 2237 -
893 2211 1074 2246 studiosus
1101 2213 1137 2255 2,
1161 2214 1218 2254 13,
1245 2215 1288 2254 1;
1313 2222 1388 2246 non
1415 2218 1488 2246 tam
1512 2212 1582 2247 dic.
1606 2219 1683 2248 arte

183 2272 290 2305 quam
318 2261 448 2297 officiis
472 2263 529 2304 12,
553 2261 589 2303 9,
614 2262 647 2294 1.
672 2269 797 2293 omnes
831 2257 901 2294 dic.
925 2262 1019 2292 artes
1044 2258 1079 2300 8,
1108 2258 1143 2297 3,
1169 2260 1224 2293 11.
1249 2259 1349 2293 salva
1377 2257 1450 2294 dic.
1473 2259 1684 2296 auctoritate

186 2309 243 2348 12,
263 2309 320 2350 10,
332 2307 389 2342 46.
418 2325 463 2331 —
489 2307 612 2341 calore
640 2308 697 2348 11,
721 2307 756 2347 3,
786 2306 864 2339 130.
891 2302 1115 2350 cognituram
1138 2301 1190 2346 (a.
1216 2307 1238 2338 l.
1265 2302 1471 2347 censuram)
1492 2306 1586 2340 male
1609 2305 1680 2340 dic.

184 2351 304 2386 subire
342 2356 397 2389 12,
424 2354 460 2395 9,
486 2354 509 2388 9
538 2353 586 2387 N.
611 2353 715 2385 color
749 2350 826 2394 ipse
852 2349 922 2383 dic.
951 2350 987 2392 8,
1011 2349 1046 2390 5,
1070 2350 1127 2383 28.
1158 2347 1203 2389 cs.
1228 2349 1264 2392 6,
1289 2352 1324 2392 3,
1355 2353 1433 2386 107.
1459 2353 1683 2387 consuetudo

186 2397 342 2442 pessime
374 2398 442 2432 dic.
472 2401 508 2441 2,
531 2396 566 2441 4,
598 2398 654 2433 16.
685 2401 896 2431 contextum
929 2394 1000 2430 dic.
1030 2396 1086 2437 10,
1111 2397 1148 2437 7,
1172 2395 1230 2429 26.
1258 2401 1418 2439 paratam
1447 2397 1517 2432 dic.
1543 2397 1684 2442 copiam

186 2449 223 2477 et
248 2450 382 2478 certam
415 2446 479 2486 10,
503 2444 546 2486 6,
572 2444 608 2478 6.
647 2442 693 2484 cs.
718 2443 775 2476 Pr.
804 2444 858 2475 12.
892 2440 1003 2475 nimia
1037 2440 1130 2474 bene
1165 2440 1233 2475 dic.
1260 2442 1452 2486 cupiditate
1477 2445 1534 2485 10,
1561 2445 1597 2486 3,
1626 2446 1681 2478 12.

186 2500 312 2523 cursus
348 2489 415 2524 dic.
443 2489 478 2530 4,
503 2491 537 2527 3.
562 2492 618 2522 13.
651 2489 692 2524 in
724 2488 929 2532 exemplum
960 2485 1029 2520 dic.
1057 2488 1112 2528 12,
1142 2489 1178 2529 2,
1201 2489 1257 2522 27.
1285 2506 1331 2514 --
1355 2489 1520 2532 exempla
1545 2491 1602 2532 12,
1626 2491 1682 2531 11,

186 2538 243 2570 17.
271 2536 319 2568 Ν.
345 2555 391 2560 -
416 2534 627 2569 exercitatio
659 2538 695 2577 2,
722 2535 778 2577 12,
804 2537 858 2567 11.
886 2534 1017 2565 famam
1042 2531 1111 2566 dic.
1138 2532 1266 2567 fortius
1292 2537 1328 2576 2,
1356 2537 1412 2576 12,
1439 2535 1474 2568 9.
1498 2551 1544 2560 -
1567 2534 1683 2567 facul-

187 2587 241 2615 tas
265 2583 300 2624 2,
324 2582 360 2622 3,
385 2579 420 2615 4.
447 2591 494 2613 ex
518 2585 680 2623 tempore
707 2580 777 2614 dic.
806 2580 955 2613 facultas
982 2580 1038 2617 10,
1062 2580 1096 2619 3,
1121 2581 1152 2611 2.
1185 2589 1258 2613 non
1282 2578 1591 2624 persuadendi
1620 2581 1685 2614 sed
1703 2592 1719 2606 ³

188 2623 307 2661 bene
337 2624 525 2659 dicendi
550 2625 659 2659 finem
685 2629 739 2667 11,
771 2628 803 2665 1,
830 2628 884 2658 11.
914 2626 1049 2667 duplex
1071 2625 1188 2658 forma
1211 2624 1399 2658 dicendi
1425 2635 1467 2658 ac
1490 2635 1683 2668 respon·
1707 2647 1717 2669 χ

188 2671 326 2708 dendi
354 2673 389 2714 6,
414 2674 449 2714 3,
473 2669 531 2704 45.
559 2669 603 2711 cs.
628 2672 663 2712 9,
691 2675 724 2714 1,
752 2673 805 2703 14.
852 2672 910 2703 De
939 2680 1071 2716 genere
1098 2669 1241 2704 dicendi
1267 2673 1322 2710 12,
1347 2669 1431 2713 Cap.
1457 2672 1512 2704 10.
1541 2681 1623 2704 cum
1645 2671 1684 2709 id

186 2719 302 2763 ipsum
326 2728 432 2752 omne
457 2716 502 2750 sit
525 2716 700 2756 oratoris,
735 2717 830 2759 quod
856 2717 967 2761 vulgo
995 2726 1108 2760 genus
1135 2715 1276 2754 dicendi
1298 2721 1434 2750 vocant
1462 2718 1519 2759 12,
1543 2719 1600 2760 10,
1625 2718 1680 2753 69.

186 2776 252 2810 per
285 2774 391 2802 omne
423 2762 493 2798 dic.
529 2772 641 2809 genus
675 2763 710 2804 8,
742 2764 778 2804 3,
813 2762 868 2796 56.
905 2772 1037 2807 genere
1072 2760 1140 2795 dic.
1171 2771 1243 2806 qno
1272 2761 1318 2797 sit
1350 2772 1478 2803 usurus
1504 2763 1684 2807 perfectus
