1728 3002
94 177 174 214 822
638 172 812 229 Sepelio
843 197 898 204 -
929 172 1091 230 Sequor
1118 164 1120 166 V

93 324 96 325 ⁷
143 293 246 321 rata
270 293 323 321 est
350 286 566 331 (parabole),
590 287 731 322 interim
757 299 838 322 cum
863 299 905 322 re
929 288 1262 323 connectitur
1279 290 1316 332 8,
1340 291 1376 332 3,
1392 281 1461 331 177.
1485 301 1637 336 praepo-

145 333 292 367 sitiones
320 345 394 376 sep.
422 337 455 372 1.
478 337 514 379 7,
541 334 577 368 6.
603 345 678 379 sep.
702 346 724 368 a
751 335 944 380 complexu
973 345 1093 369 rerum
1117 343 1420 380 personarumque
1445 334 1637 382 (quaestio-

143 379 216 423 nes)
245 380 278 421 5,
303 381 338 421 8,
366 382 399 414 6.
426 378 470 421 os.
496 383 532 422 7,
555 382 591 422 6,
619 384 653 415 7.
676 380 931 425 imperatorum
954 392 995 415 ac
1018 380 1286 426 triumphalium
1307 387 1471 426 separata
1497 387 1552 419 est
1574 383 1638 424 ali-

144 438 213 471 qua
238 437 285 459 ex
310 432 409 469 parte
436 425 528 459 ratio
553 427 780 471 eloquentiae
808 430 863 472 11,
892 430 927 470 1,
951 429 1010 463 36.
1035 427 1080 469 cs.
1106 429 1143 472 8,
1166 426 1203 471 4,
1226 429 1284 464 29.
1309 427 1396 473 quid
1415 439 1532 474 sep„
1554 429 1638 475 quid

143 473 408 515 conjuncta
432 472 578 520 exigant
602 475 736 518 (verba)
761 475 797 518 8,
824 476 860 519 3,
889 473 946 509 15.

100 527 288 584 Sepelio.
324 539 381 573 cui
406 539 634 584 (Domitillae)
658 542 838 587 objectum
865 541 1013 586 crimen,
1037 542 1134 587 quod
1156 540 1294 586 virum,
1319 540 1380 586 qui
1402 541 1497 577 inter
1521 543 1640 578 rehel-

143 588 261 666 lgrgt'e's
283 587 429 674 qualtg·
453 586 725 631 sepelisset
751 590 792 633 8,
812 590 861 638 ν5,
887 590 941 625 16.
969 594 1119 623 matrem
1151 594 1271 623 tamen
1304 588 1407 632 pueri
1440 589 1638 634 sepelitote.

99 677 283 733 Sepono.
332 700 547 734 seponamus
570 690 607 725 id
621 717 632 734 ,
656 692 752 738 quod
775 692 928 738 primum
949 676 994 728 'se
1018 691 1206 736 obtulerit,
1230 697 1267 726 et
1288 690 1358 736 ipsi
1379 692 1565 728 nobiscum
1587 672 1640 730 s'ic

143 737 331 780 loquamur
359 740 394 779 7,
419 739 451 779 1,
475 740 534 771 27.
564 749 635 782 qua
657 739 703 773 de
726 750 767 774 re
791 740 968 784 sepositus
991 739 1095 774 nobis
1121 744 1176 773 est
1195 739 1298 785 locus
1323 741 1356 781 1,
1382 740 1438 783 10,
1465 740 1524 775 26.
1548 751 1640 786 quae

142 783 233 816 ratio
257 782 431 817 suadendi
458 789 512 817 est
537 784 581 818 ab
604 785 748 820 honesti
773 786 982 830 quaestione
1005 785 1162 831 seposita
1189 787 1252 828 12,
1275 787 1318 828 2,
1345 785 1402 820 16.
1522 794 1525 796 ’

100 837 380 894 [SeptentriO-
421 853 617 887 toleranter
647 853 774 889 videre
808 853 1184 900 septentriones
1217 852 1383 890 videmur
1413 842 1535 899 (locvs
1567 839 1641 901 cor}

145 895 375 941 ruptissimus)
402 899 444 942 8,
472 899 517 942 6,
542 902 587 934 33
612 901 659 935 Ν.
679 914 727 934 cr.
753 908 784 934 et
810 900 863 946 S.}

101 952 328 1008 Septimus.
373 966 465 1004 sitne
489 979 544 1013 ap.
571 979 639 1003 nos
664 968 731 1013 (vis
755 970 896 1015 quaed.)
923 968 1064 1014 septimi
1088 968 1216 1004 casus?
1246 971 1287 1014 1,
1311 965 1353 1012 4,
1376 967 1435 1004 26.

100 1020 344 1077 Sepultura.
392 1037 550 1071 membra
572 1037 796 1082 requirentes
820 1039 864 1072 ad
892 1039 1111 1082 sepulturam
1134 1039 1192 1081 11,
1216 1039 1252 1080 2,
1281 1038 1337 1072 13.

100 1089 341 1146 sequester·
391 1105 574 1148 quomodo
597 1111 856 1151 sequester
882 1106 943 1141 ille
968 1126 1011 1133 -
1038 1106 1223 1151 impendet
1253 1115 1371 1150 aequo
1394 1103 1514 1140 animo
1538 1096 1642 1140 tabo-

142 1159 225 1227 reuli
243 1149 281 1182 in
306 1150 439 1190 alienas
464 1151 643 1196 actiones,
675 1164 756 1187 cum
782 1152 1005 1187 dicturis
1028 1153 1117 1187 tanti
1140 1163 1228 1187 suae
1254 1162 1329 1186 non
1354 1150 1448 1186 sint?
1480 1153 1538 1195 12,
1559 1152 1595 1196 8,
1617 1151 1642 1186 4

143 1206 178 1229 υ.
232 1201 457 1240 nterpres.
725 1214 728 1215 ⁷

101 1237 278 1295 Sequor.
310 1253 354 1296 I)
379 1255 545 1286 ordine.
593 1255 640 1298 α)
665 1255 702 1288 iu
733 1255 832 1289 omni
860 1257 1030 1300 parabole
1061 1261 1121 1289 aut
1150 1233 1398 1300 praecedit
1435 1253 1643 1298 similitudo,

146 1309 205 1331 res
234 1298 465 1342 sequitur,
491 1305 550 1332 aut
577 1301 822 1343 praecedit
845 1313 916 1343 res,
946 1307 981 1335 et
1005 1301 1198 1334 similitudo
1221 1301 1449 1345 sequitur
1470 1301 1506 1343 8,
1529 1301 1564 1344 3,
1583 1303 1642 1339 77,
1703 1331 1708 1333 a

143 1356 176 1376 v.
203 1344 455 1379 Praecedo.
482 1345 643 1389 sequitur
665 1346 847 1390 pertinens
871 1348 917 1380 ad
938 1347 1087 1392 figuram
1110 1346 1201 1381 liber
1223 1347 1268 1390 9,
1294 1349 1335 1389 1,
1361 1349 1394 1380 1.
1422 1345 1576 1380 transire
1598 1347 1644 1380 ad

146 1389 434 1434 dispositionem,
462 1402 552 1435 quae
577 1392 756 1426 ordine
784 1393 888 1436 ipso
913 1393 1075 1436 sequitur
1096 1393 1132 1435 6,
1156 1390 1251 1435 5,‘1.
1288 1403 1322 1427 v.
1343 1391 1476 1427 Ordo.
1512 1391 1645 1438 Sequi-

145 1441 203 1469 tur
227 1436 451 1478 emendatio,
487 1448 569 1479 pars
603 1438 800 1472 studiorum
826 1440 933 1485 longe
958 1438 1145 1472 utilissima
1169 1440 1237 1482 10,
1261 1435 1306 1482 4,
1331 1440 1365 1472 1.
1394 1437 1559 1482 junctura
1587 1449 1644 1472 se-

145 1481 266 1525 quitur
287 1483 322 1524 9,
345 1482 380 1523 4,
403 1485 460 1517 32.
483 1484 667 1518 Peroratio
691 1485 992 1529 sequebatur
1014 1485 1050 1528 6,
1080 1487 1112 1528 1,
1139 1487 1157 1518 1
1181 1485 1252 1527 Ν.,-
1276 1484 1348 1527 adi.
1373 1486 1500 1518 Accus-
1522 1484 1645 1529 sequi-

145 1534 202 1560 tur
229 1530 468 1573 conjecturam
492 1529 605 1564 finitio
628 1534 664 1573 7,
688 1533 723 1574 3,
749 1534 782 1565 1.
809 1530 902 1564 sicut
924 1536 960 1564 et
987 1541 1036 1565 se
1059 1530 1160 1575 ipse
1182 1529 1342 1574 sequitur
1368 1527 1541 1573 (creticus,
1565 1532 1589 1564 ι’.
1613 1543 1643 1564 e.

145 1577 214 1607 his
238 1578 446 1618 ponitur)
475 1575 510 1618 9,
537 1575 572 1619 4,
599 1579 664 1611 107
673 1589 682 1619 3
709 1576 871 1621 sequitur
894 1577 1008 1617 enim,
1030 1581 1078 1610 ut
1099 1575 1318 1620 judicialium
1341 1586 1527 1610 causarum
1552 1577 1644 1612 ordo

145 1621 345 1664 explicetur
367 1620 409 1664 4,
436 1623 491 1655 Pr.
512 1622 546 1656 6.
595 1622 647 1666 β)
672 1624 910 1656 Romanorum
934 1623 1122 1667 primus
1154 1622 1314 1657 condidit
1345 1621 1461 1667 aliqua
1483 1622 1524 1656 in
1548 1624 1645 1658 hanc

145 1667 328 1701 materiam
352 1668 403 1701 Μ.
435 1667 525 1702 Cato
548 1668 609 1702 ille
635 1668 851 1712 Censorius,
875 1675 984 1713 post
1007 1670 1061 1703 M.
1085 1668 1264 1703 Antonius
1284 1667 1471 1704 inchoavit
1482 1689 1541 1704 —.
1575 1669 1644 1703 Se-

146 1713 219 1747 cuti
243 1713 360 1748 minus
385 1715 545 1748 celebres
571 1717 604 1757 3,
631 1717 664 1757 1,
692 1718 748 1750 19.
779 1715 940 1760 sequitur
965 1721 1149 1762 oratorum
1174 1712 1300 1762 ingens
1324 1725 1493 1759 numerus
1517 1716 1586 1758 10,
1609 1717 1645 1759 1,

147 1760 203 1794 76.
238 1772 387 1795 necesse
412 1767 488 1803 est,
526 1772 666 1805 semper
698 1762 744 1796 sit
768 1761 1030 1807 posterior,
1064 1761 1146 1806 qui
1180 1760 1400 1805 sequitur
1423 1763 1492 1804 10,
1517 1764 1562 1804 2,
1586 1762 1644 1796 10.

149 1806 259 1839 ceteri
284 1818 409 1841 omnes
434 1808 542 1853 louge
567 1814 762 1852 sequentur
787 1810 841 1851 10,
871 1809 971 1851 1.,87.
996 1809 1106 1852 quod,
1130 1812 1171 1841 ut
1193 1807 1365 1851 optimum
1381 1813 1448 1851 est,
1469 1807 1520 1842 ita
1535 1807 1645 1862 longe

149 1852 317 1896 quidem,
343 1855 406 1887 sed
434 1854 595 1898 sequitur
618 1860 737 1888 tamen
765 1856 799 1894 5,
828 1856 883 1897 1‘2,
908 1855 941 1889 9.
990 1853 1029 1899 y)
1058 1859 1093 1888 et
1119 1852 1252 1887 initia
1277 1859 1311 1887 et
1335 1854 1461 1897 quod
1489 1854 1647 1899 sequi-

150 1904 222 1932 tur
246 1902 308 1941 10,
333 1901 375 1941 3,
409 1902 463 1935 15.
495 1911 576 1933 cum
601 1906 655 1934 est
681 1901 924 1934 continuatum
953 1899 1018 1943 iis,
1043 1911 1135 1944 quae
1161 1905 1359 1944 sequuntur
1381 1901 1420 1942 9,
1444 1898 1486 1941 4,
1514 1901 1573 1935 70.
1596 1899 1644 1942 qs·

151 1947 207 1988 11,
233 1947 268 1989 3,
293 1945 348 1981 49.
376 1957 418 1979 ea
442 1947 618 1990 quaestio,
645 1958 736 1990 quae
761 1946 920 1991 sequitur
942 1949 979 1990 2,
1003 1949 1060 1989 17,
1090 1948 1121 1980 1.
1143 1951 1182 1979 ut
1206 1945 1244 1979 i'n
1269 1954 1333 1987 eo,
1362 1946 1459 1990 quod
1486 1944 1646 1990 sequitur

149 1992 193 2032 9,
219 1993 263 2033 3,
286 1993 320 2026 8.
361 1993 439 2036 plus
470 1991 619 2039 exigunt
649 1994 781 2027 laboris
807 1999 841 2027 et
870 2003 996 2033 curae,
1026 2002 1117 2037 quae
1141 1997 1338 2037 sequuntur
1360 1992 1404 2034 8,
1427 1992 1485 2026 Pr.
1514 1993 1567 2026 13.
1595 1991 1643 2033 ogs.

149 2035 191 2079 4,
217 2037 256 2079 5,
283 2038 338 2072 16.
364 2044 399 2072 et
426 2049 517 2082 quae
542 2042 807 2083 sequunturss,
834 2042 875 2082 1,
900 2037 936 2077 4,
961 2039 996 2082 9,
1022 2041 1058 2083 3,
1074 2039 1130 2074 65.
1155 2048 1227 2082 quo
1251 2036 1416 2083 graviora
1442 2038 1645 2082 videantur,

151 2095 243 2126 quae
272 2090 435 2118 secutura
465 2090 546 2118 suut
570 2086 604 2127 8,
632 2084 668 2128 4,
694 2087 749 2121 19.
799 2081 843 2127 δ)
868 2087 995 2118 Par-tio.
1031 2087 1074 2127 a)
1097 2083 1192 2118 idem
1216 2084 1321 2118 etiam
1345 2084 1391 2117 de
1413 2084 1645 2129 sequentibus

150 2129 251 2162 annis
281 2136 510 2174 praeceptum
535 2130 581 2164 sit
606 2135 621 2164 1
639 2158 650 2174 ,
676 2135 717 2174 1,
750 2133 805 2169 19.
834 2132 926 2165 haec
955 2129 1173 2175 sequenti
1199 2135 1361 2175 tempore
1388 2129 1646 2173 interciderunt

151 2178 191 2217 1,
218 2176 259 2218 5,
284 2178 339 2210 52.
375 2188 500 2211 sensus
536 2177 653 2211 omnis
686 2177 801 2222 poscit
835 2178 996 2212 naturale
1029 2176 1280 2220 intervallum,
1316 2186 1387 2220 quo
1419 2188 1441 2211 a
1463 2176 1645 2223 sequentis

149 2220 252 2255 initio
280 2222 460 2257 dividatur
484 2224 527 2265 9,
551 2222 595 2266 4,
622 2224 680 2258 61.
716 2223 760 2265 cf.
787 2222 855 2266 4ος
891 2223 949 2256 cui
984 2222 1271 2257 commodissime
1303 2222 1403 2270 jungi
1423 2222 1563 2258 initium
1585 2233 1646 2257 se-

149 2267 331 2310 quentium
363 2270 450 2313 (Sp.
477 2269 639 2313 conseq.)
674 2268 805 2314 poterit
827 2269 873 2311 4,
902 2272 944 2312 1,
967 2270 1014 2304 76
1038 2270 1084 2303 Ν.
1107 2282 1154 2303 cr.
1183 2277 1214 2302 et
1241 2270 1276 2303 S.
1312 2269 1440 2313 quaed.
1465 2269 1645 2304 clausulae

150 2314 378 2356 sequentibus
403 2315 534 2359 suscipi
558 2326 599 2349 ac
623 2315 789 2350 sustineri
814 2316 930 2349 solent
953 2316 989 2356 9,
1015 2314 1050 2357 4,
1074 2317 1131 2350 70.
1156 2314 1201 2356 cs.
1229 2318 1284 2358 11,
1308 2317 1343 2358 3,
1371 2315 1428 2350 36.
1451 2314 1491 2350 in
1519 2325 1591 2360 quo
1615 2313 1647 2348 si
1704 2326 1707 2329 ¹

149 2358 265 2392 victus
292 2361 412 2402 fuerit,
436 2361 539 2395 etiam
563 2361 601 2395 in
626 2361 856 2406 sequentibus
881 2361 954 2395 ruit
972 2362 1006 2404 5,
1035 2364 1090 2404 12,
1111 2363 1144 2395 3.
1171 2361 1209 2394 in
1233 2361 1463 2405 sequentibus
1485 2361 1648 2406 probabo
1705 2363 1707 2371 '

149 2407 190 2446 2,
218 2408 277 2448 17,
309 2410 361 2440 17.
396 2407 489 2441 sicut
519 2408 750 2452 sequentibus
779 2407 961 2451 apparebit
989 2410 1032 2450 3,
1057 2408 1103 2450 6,
1127 2409 1184 2441 30.
1217 2418 1370 2452 sequens
1403 2408 1512 2442 latum
1539 2407 1646 2442 etiam

150 2455 256 2493 atque
282 2452 400 2486 fusum
425 2459 500 2496 est,
532 2455 609 2487 Non
640 2457 724 2487 enim
751 2461 812 2487 etc.
842 2455 956 2496 11,.3,
983 2456 1040 2489 50.
1069 2464 1186 2498 neque
1210 2453 1306 2488 enim
1330 2453 1432 2487 aliter
1455 2451 1644 2498 pervenire

149 2496 193 2527 ad
219 2496 437 2532 intellectum
461 2500 687 2543 sequentium
709 2505 859 2544 possunt
879 2503 913 2543 1,
937 2499 974 2543 4,
998 2502 1056 2534 23.
1086 2498 1361 2544 sequentia,
1387 2493 1643 2546 παρεπόμενα,

148 2553 238 2583 quae
267 2550 438 2585 postea
465 2547 603 2579 sacta
628 2552 751 2588 sunt,
778 2552 837 2579 aut
866 2546 1029 2579 futura
1055 2546 1098 2590 5,
1127 2548 1190 2589 10,
1211 2546 1268 2580 75.
1291 2557 1326 2579 υ.
1356 2544 1641 2587 Consequor.

150 2597 197 2619 ex
222 2591 646 2634 antecedentibus,
673 2598 709 2627 et
739 2591 946 2635 junctis,
973 2597 1009 2626 et
1033 2591 1339 2636 sequentibus
1367 2590 1540 2625 trahenda
1563 2598 1643 2622 esse

150 2640 358 2677 argumenta
384 2637 424 2677 5,
454 2639 517 2677 10,
545 2640 632 2680 1Ο2;
667 2650 808 2681 semper
831 2639 876 2672 de
905 2649 949 2672 eo
975 2638 1073 2682 prius
1101 2639 1306 2682 loquemur,
1340 2637 1385 2670 de
1412 2645 1483 2680 quo
1509 2634 1642 2668 delibe-

151 2677 243 2719 rari,
276 2678 380 2711 etiam
407 2682 574 2715 detractis
599 2684 829 2726 sequentibus
852 2683 894 2726 (i.
920 2697 948 2717 e.
972 2684 1257 2718 intervenientibus
1280 2683 1480 2716 extrinsecus
1503 2678 1642 2724 causis),

150 2724 262 2767 possit
284 2727 328 2768 3,
356 2726 396 2767 8,
422 2729 486 2767 213
525 2726 764 2763 ἐπίθετον
798 2740 818 2762 a
842 2729 1023 2763 nonnullis
1055 2739 1254 2772 sequens
1287 2725 1416 2760 dicitur
1444 2727 1490 2769 8,
1514 2726 1561 2769 6,
1585 2725 1642 2760 40.

152 2770 191 2812 b)
222 2773 244 2808 ι’,
271 2783 301 2814 q.
325 2774 573 2805 secundus.-
605 2779 657 2807 est
686 2774 745 2808 hic
771 2776 872 2808 locus
899 2777 999 2810 velut
1029 2773 1210 2818 sequentis
1240 2772 1382 2807 exordii
1405 2770 1448 2815 4,
1481 2774 1523 2815 3,
1550 2774 1572 2808 9
1597 2773 1643 2806 Ν.
