1728 3002
61 618 79 628 a

131 152 219 203 ’248
613 129 849 197 Dissimilis
879 178 935 185 —
964 153 1203 198 Dissimilia

150 277 159 285 ²
186 271 382 308 dissideant
401 270 574 316 1,11,16;
602 268 731 312 oratio,
751 268 782 303 si
806 268 860 303 ab
885 267 1033 304 homine
1047 268 1174 304 —sia
1190 269 1318 315 restat
1337 273 1683 310 accommodari

187 320 302 354 debe
317 324 381 361 at,
415 317 623 352 dissidet
649 317 684 360 3,
709 316 746 359 8,
773 314 832 349 51.
1004 330 1005 333 “
1158 329 1162 336 ·
1283 326 1286 329 ’
1412 328 1414 330 ’

141 363 392 408 Dissimilis.
447 373 483 417 a)
510 373 680 408 Simile
714 376 780 407 est.
807 389 855 397 -·-
878 371 1155 408 Dissimile:
1191 372 1251 419 (ίη
1275 373 1458 422 exemplis)
1483 377 1531 418 5,
1560 379 1628 422 11,
1651 380 1688 413 7.

189 425 245 458 13.
274 421 445 467 quoniam
467 416 731 464 maximaffpars
758 428 882 452 eorum
916 418 1168 454 similibus
1205 425 1366 466 constat,
1396 421 1598 466 rimandum
1622 422 1691 458 erit

189 467 481 516 diligentissime,
517 466 604 511 quid
642 465 689 499 sit
719 465 758 498 in
791 475 953 510 quoque,
987 467 1083 510 quod
1121 465 1331 511 assumitur,
1367 467 1621 504 dissimile.
1653 472 1690 513 5,

191 518 247 559 13,
261 517 318 550 23.
343 514 497 549 forsitan
515 524 563 547 ne
579 512 649 546 sint
664 511 807 556 quidem
832 511 977 556 paria,
1001 523 1098 556 quae
1110 514 1185 547 ulla
1202 518 1304 559 parte
1321 519 1405 548 sunt
1429 513 1691 551 dissimilia

189 565 211 596 7
228 588 238 604 ‚
263 560 307 602 4,
332 562 355 595 6
382 573 414 595 v.
439 561 543 594 Par.
575 556 828 602 ὅμοιόπτωτον
859 563 914 592 est
935 563 1072 592 tantum
1105 570 1189 594 casu
1223 559 1398 605 simile,
1431 559 1571 595 etiamsi
1603 561 1693 595 dis-

192 607 373 641 similia
397 612 497 649 sunt,
523 616 614 649 quae
639 603 865 638 declinentur
885 605 919 642 9,
951 606 987 646 3,
1011 606 1070 640 78.
1095 611 1156 640 aut
1182 599 1377 650 similia,
1410 613 1471 642 aut
1492 606 1694 642 dissimi-

192 653 278 698 lia,
304 658 364 687 aut
389 650 637 687 contraria
662 651 706 693 5,
736 652 799 693 11,
826 650 859 685 5.
887 649 932 691 cf.
959 651 995 693 6,
1024 653 1059 694 3,
1083 651 1140 687 63.
1160 664 1193 686 v.
1213 651 1510 688 Contrarias.
1541 651 1696 688 dissimi-

191 700 279 733 lium
306 698 500 734 concordia
525 701 558 741 1,
587 699 643 739 10,
670 699 727 730 12.
766 695 1084 731 dissimilibus
1121 698 1242 733 inesse
1276 698 1438 734 simile
1472 699 1517 743 5,
1545 701 1612 744 11,
1637 701 1696 734 30.

194 752 486 791 argumentorum
509 745 611 778 locus
640 753 689 777 ex
712 741 940 783 dissimilibus
966 744 1013 787 5,
1039 746 1096 788 10,
1122 746 1187 787 733
1212 745 1283 779 hoc
1309 745 1349 779 in
1371 745 1515 780 testium
1539 745 1698 780 interro-

196 792 340 838 gatione
374 793 511 827 valet
546 789 814 834 plurimum,
851 789 890 823 in
915 790 1079 824 oratione
1101 796 1275 835 perpetua
1309 791 1560 826 dissimile
1584 797 1639 827 est
1661 791 1697 833 5,

196 837 259 879 11,
291 839 323 872 5.
366 842 415 883 ,βι
443 851 472 871 c.
506 837 675 870 Nominib.
708 835 880 879 junctum.-
917 847 1007 880 quae
1035 842 1119 870 sunt
1149 836 1291 878 simili
1332 849 1435 881 casu,
1474 837 1699 872 dissimili

196 885 374 919 sententia
397 884 438 926 9,
463 885 507 924 3,
534 884 590 917 83.
626 881 849 926 propositum
882 881 1121 917 dissimile
1151 884 1215 919 vel
1245 883 1542 918 contrarium
1571 886 1615 927 5,
1639 882 1698 927 14,

195 930 229 965 4.
261 930 469 964 dissimilem
494 927 735 972 componendi
759 929 937 962 rationem
964 930 999 972 9,
1023 928 1061 973 4,
1089 931 1168 964 133.
1194 940 1347 974 quorum
1369 930 1530 965 omnium
1561 929 1700 964 dissi..

196 977 322 1010 milis
349 982 455 1020 atque
481 975 638 1009 divisa
663 973 723 1017 (a.
753 979 776 1008 l.
801 974 974 1019 diversa)
1001 975 1124 1010 inter
1147 987 1187 1010 se
1210 975 1303 1010 ratio
1332 982 1386 1010 est
1410 978 1475 1020 10,
1501 979 1545 1020 2,
1567 977 1628 1012 23.
1651 975 1700 1018 cs.

197 1025 232 1066 8,
245 1024 278 1066 5,
292 1026 348 1058 10.
375 1021 563 1056 dissimiles
585 1027 695 1055 status
715 1022 749 1063 3,
767 1021 803 1064 6,
822 1023 879 1057 95.
904 1032 952 1055 ne
967 1021 1051 1056 diss.
1069 1022 1117 1056 sit
1133 1022 1319 1057 translatio
1334 1024 1370 1067 8,
1387 1023 1422 1064 6,
1436 1023 1493 1058 16.
1536 1020 1571 1068 y)
1588 1022 1615 1057 ii
1630 1021 1702 1066 ipsi

197 1070 244 1103 in
256 1076 267 1102 t
279 1080 328 1103 er
353 1080 392 1103 se
418 1067 607 1101 dissimiles
623 1068 770 1101 fuerunt
793 1068 829 1111 9,
838 1066 875 1111 4,
889 1070 932 1102 17
947 1080 956 1111 3
1003 1069 1101 1112 quod
1118 1068 1174 1102 his
1194 1068 1365 1103 dissimile
1382 1079 1457 1103 non
1475 1074 1571 1103 esset
1587 1071 1623 1112 2,
1642 1071 1701 1111 17,

198 1115 232 1149 4.
272 1117 349 1149 Nec
375 1120 458 1148 sunt
483 1114 539 1147 his
564 1112 749 1147 dissimilia
772 1111 824 1156 (α.
849 1118 872 1147 l.
900 1115 991 1148 haec
1015 1121 1099 1149 sunt
1121 1114 1179 1149 his
1202 1113 1316 1159 sim.)‚
1341 1114 1496 1160 ideoque
1514 1114 1598 1149 huic
1614 1115 1701 1148 loco

175 1175 178 1177 “
196 1161 419 1203 subjicienda
441 1163 475 1202 5,
490 1162 547 1202 10,
560 1158 619 1197 74,
649 1159 745 1203 quod
764 1159 936 1194 dissimile
953 1160 1084 1195 rationi
1102 1167 1157 1195 est
1179 1159 1216 1205 4,
1233 1162 1268 1204 5,
1280 1165 1317 1196 7.
1352 1161 1413 1195 cui
1429 1171 1506 1195 non
1521 1159 1703 1195 dissimilis

199 1202 385 1250 ἔξαλλαγὴ
412 1205 542 1239 dicitur
564 1207 600 1246 9,
624 1206 659 1247 3,
687 1207 740 1237 12.
770 1204 815 1245 cs.
843 1208 908 1247 11,
932 1208 978 1247 3,
1007 1210 1085 1240 102.
1120 1218 1195 1241 non
1224 1207 1396 1242 dissimile
1420 1207 1507 1242 huic
1534 1212 1590 1241 est
1611 1206 1703 1241 illud

199 1256 234 1295 7,
254 1256 288 1294 1,
317 1254 382 1294 283
411 1257 470 1285 aut
494 1251 671 1285 similes
697 1256 758 1283 aut
785 1251 1053 1286 dissimiles
1077 1253 1182 1287 bonis
1206 1255 1263 1295 10,
1278 1256 1315 1296 2,
1335 1255 1368 1288 3.
1394 1262 1510 1305 paene
1531 1263 1608 1287 non
1628 1252 1704 1286 dis-

200 1298 327 1333 similis
347 1298 413 1341 iis,
448 1297 510 1342 qui
533 1303 720 1341 poetarum
744 1296 877 1341 scripta
901 1298 1134 1341 pronuntiant
1158 1301 1215 1341 12,
1240 1301 1275 1338 3,
1303 1302 1336 1332 1.
1370 1297 1552 1333 dlssimilis
1572 1298 1703 1333 ceteris

199 1344 342 1388 (locus)
366 1347 410 1388 2,
435 1343 479 1387 4,
503 1345 562 1378 31.
595 1344 686 1377 haec
715 1342 832 1385 ratio,
857 1348 898 1376 ut
919 1349 974 1377 est
999 1343 1055 1378 illi
1091 1343 1158 1378 arti
1181 1355 1256 1378 non
1283 1344 1463 1379 dissimilis
1484 1347 1551 1388 11,
1574 1347 1621 1388 2,
1643 1346 1704 1383 33.

201 1402 312 1435 purus
336 1401 455 1425 sermo
481 1396 517 1424 et
539 1388 720 1423 dissimilis
745 1400 851 1423 curae
875 1390 910 1431 8,
935 1392 969 1432 3,
999 1389 1055 1424 14.
1089 1390 1256 1434 quotiens
1278 1391 1432 1426 verbum
1462 1391 1578 1425 verbo
1609 1390 1702 1434 (Sp.

201 1440 299 1471 inser.
327 1435 454 1478 simile)
480 1441 538 1469 aut
564 1447 641 1470 non
665 1435 898 1470 dissimile
926 1436 1035 1471 valde
1060 1436 1256 1481 quaeritur,
1283 1456 1330 1463 —
1354 1442 1416 1471 aut
1438 1442 1536 1472 certe
1558 1446 1644 1482 par
1668 1441 1705 1471 et

203 1483 375 1518 extremis
399 1481 547 1528 syllabis
580 1492 852 1516 consonans
880 1483 915 1525 9,
940 1483 975 1526 3,
999 1482 1046 1518 75
1074 1487 1120 1518 Ζ.
1158 1505 1160 1507 >

159 1525 493 1570 Dissimilitudo.
521 1553 579 1560 —-
608 1538 726 1584 aliqua
757 1550 887 1573 causae
923 1540 964 1581 5,
993 1538 1099 1582 2,‘3.
1127 1539 1278 1574 mutatio
1302 1532 1625 1581 dissimilitudinem
1647 1549 1707 1575 os-

205 1586 321 1631 tendit
345 1586 551 1629 hominum,
573 1596 720 1628 rerum,
744 1586 925 1619 factorum
947 1585 983 1629 9,
1008 1588 1044 1629 3,
1068 1587 1126 1621 92.
1416 1586 1419 1587 ⁷

118 1662 124 1664 —
159 1631 474 1674 DissimulatiO.
505 1655 562 1662 --·
589 1642 705 1677 aliena
733 1654 773 1676 se
797 1654 922 1687 parum
948 1642 1149 1690 intelligere
1169 1642 1336 1690 fingentis
1360 1644 1395 1686 6,
1414 1645 1451 1687 3,
1467 1643 1525 1679 85.
1551 1641 1597 1684 cs.
1615 1643 1652 1685 9,
1669 1645 1706 1685 2,

209 1689 263 1724 14.
291 1710 337 1716 -
364 1690 435 1724 alia
458 1689 610 1724 dicentis
635 1690 704 1723 alia
727 1688 960 1735 significantis
985 1690 1063 1732 (fig,
1090 1702 1147 1733 ap.
1177 1686 1282 1732 Cicl)
1306 1689 1342 1731 9,
1367 1691 1402 1731 1,
1423 1690 1483 1724 29.
1506 1685 1708 1767 εἷρωνείῖἷ,

206 1736 354 1779 inveni,
387 1736 447 1781 qui
474 1735 792 1770 dissimulationem
821 1734 871 1778 (a.
898 1739 920 1768 l.
947 1733 1286 1777 dissimilitudinem)
1308 1739 1484 1769 vocarent
1509 1735 1554 1776 9,
1581 1736 1625 1777 2,
1696 1757 1708 1769 .

207 1781 303 1815 utilis
329 1782 435 1816 etiam
459 1782 650 1826 aliquando
675 1780 810 1814 dissim.
836 1786 891 1814 est
917 1781 1011 1824 9‚‚2‚
1029 1781 1088 1816 95.
1118 1780 1291 1824 plurimus
1315 1779 1412 1814 circa
1444 1779 1654 1814 simulati
1664 1791 1708 1814 o-

209 1839 307 1862 nem
336 1834 371 1862 et
396 1827 829 1862 dissimulationem
860 1825 954 1859 risus
979 1831 1055 1869 est,
1086 1837 1179 1871 quae
1203 1831 1286 1860 sunt
1307 1825 1429 1860 vicina
1449 1832 1485 1860 et
1507 1836 1620 1871 prope
1647 1837 1710 1861 ea·-

210 1875 292 1907 dem
307 1875 342 1917 6,
358 1876 391 1916 3,
406 1875 462 1908 85.
489 1872 722 1911 dissimulatio
750 1882 856 1906 curae
884 1872 1090 1916 praecipua,
1121 1877 1162 1906 ut
1186 1871 1327 1906 numeri
1341 1877 1470 1917 sponte
1485 1871 1635 1906 fluxisse
1661 1887 1710 1897 -

159 1922 162 1925 ’
210 1920 412 1955 videantur.
438 1921 473 1963 9,
501 1918 537 1963 4,
565 1918 646 1954 147.
671 1918 889 1952 auferendae
914 1917 1206 1953 dissimulationis
1230 1917 1366 1963 (gratia
1390 1920 1531 1961 rogare)
1553 1919 1589 1963 9,
1612 1921 1648 1962 2,
1675 1918 1711 1954 9.

164 1961 486 2020 Dissimulator·
515 1988 574 1997 ·—
605 1973 698 2011 artis*
723 1977 770 2020 2,
793 1977 857 2019 17,
883 1975 922 2011 6.
955 1995 1003 2004 -
1036 1986 1188 2021 eorum,
1227 1987 1317 2022 quae
1352 1976 1586 2020 emendanda
1605 1979 1712 2020 erunt

213 2027 247 2067 2,
274 2026 309 2066 2,
337 2024 370 2058 5.
1216 2052 1218 2055 .

167 2065 422 2111 DiSSimUIO·
478 2078 533 2124 ἀ)
559 2082 732 2115 absolute:
766 2090 873 2125 saepe
897 2084 1108 2125 praeparat,
1144 2078 1362 2124 dissimulat,
1398 2078 1589 2114 insidiatur
1607 2077 1660 2121 (a.
1684 2081 1709 2111 1.

214 2125 377 2170 insidias)
402 2131 525 2161 orator
549 2128 606 2170 10,
631 2129 664 2170 1,
687 2129 746 2161 21.
776 2128 824 2161 Ν.
851 2140 899 2160 cr.
944 2126 1195 2161 Dissimulavit
1222 2126 1372 2168 Cicero,
1405 2137 1487 2160 cum
1513 2125 1551 2159 S.
1584 2122 1712 2158 Anna-

214 2173 259 2206 lis
287 2174 386 2207 testis
411 2184 513 2207 reum
537 2172 719 2216 laesisset,
755 2179 792 2207 et
813 2172 964 2207 instaret
996 2173 1192 2207 identidem
1225 2178 1414 2207 accusator
1445 2171 1498 2214 ei,
1531 2169 1623 2213 Dio,
1642 2170 1711 2205 ,Μ.

215 2219 347 2261 Tulle,
391 2219 564 2263 numquid
595 2226 699 2263 potes
733 2219 778 2253 de
810 2220 897 2253 Sex.
943 2218 1107 2253 Annali?
1148 2230 1275 2254 versus
1309 2218 1407 2255 enim
1438 2215 1714 2259 dicere-eoepit

217 2265 262 2303 de
286 2265 378 2299 libro
402 2266 510 2300 Ennii
537 2266 659 2300 annali
682 2271 799 2300 sexto.
823 2266 860 2308 6,
884 2267 919 2307 3,
943 2266 1001 2300 86.
1034 2264 1084 2298 At
1108 2265 1279 2299 credibile
1309 2270 1375 2304 est.
1399 2265 1470 2298 hoc
1495 2273 1580 2307 eum
1600 2262 1712 2297 velle.

200 2310 403 2354 ,Fortasse3
430 2311 630 2354 dissimulet
656 2322 766 2358 ergo,
789 2317 830 2344 ut
854 2311 988 2346 efficiat
1009 2312 1046 2354 9,
1070 2313 1106 2354 2,
1129 2312 1189 2346 83.
1233 2311 1271 2355 β)
1296 2324 1324 2345 c.
1355 2310 1471 2353 0⁶12.-
1509 2318 1715 2343 consonan-

164 2391 175 2397 ..
217 2354 306 2393 tium
341 2359 514 2401 quaedam
545 2357 759 2404 insequente
789 2358 912 2392 vocali
946 2356 1186 2397 dissimulatur
1220 2359 1284 2400 11,
1317 2354 1455 2399 3‚.34.
1491 2353 1716 2389 dissimulare

194 2427 197 2432 ,
215 2402 462 2445 ,eloquentiam
486 2407 542 2447 12,
566 2406 603 2448 9,
625 2407 660 2439 5.
680 2400 867 2448 ‚quaedam
891 2404 984 2437 bene
1008 2402 1533 2448 dissimulantur‘instrumenta
1554 2401 1590 2445 6,
1602 2398 1640 2442 4,
1656 2402 1715 2434 17.

219 2457 337 2491 neque
365 2449 595 2484 dissimulabo
628 2450 802 2496 judicium
831 2461 951 2493 meum
987 2446 1102 2493 4,,2,
1128 2449 1216 2491 116;
1255 2460 1324 2482 nec
1347 2447 1546 2482 dissimulat
1570 2443 1716 2480 tertium

163 2526 170 2529 ,
220 2492 291 2536 jam
314 2493 409 2527 diem
434 2507 512 2529 esse
543 2499 599 2538 10,
625 2497 659 2539 3,
685 2495 742 2530 14.
773 2506 850 2530 nec·
868 2495 945 2539 ipse
976 2494 1193 2538 dissimulat,
1229 2495 1439 2539 quibusdam
1465 2501 1634 2534 numeros
1655 2489 1718 2524 vi-

223 2538 300 2571 deri
323 2540 358 2580 9,
385 2539 423 2582 4,
446 2542 509 2582 80,
537 2542 622 2586 quid
645 2542 721 2587 ipse
746 2541 814 2575 sim
837 2547 999 2583 secutus,
1025 2551 1249 2586 promam,
1289 2552 1356 2574 nec
1382 2549 1538 2583 unquam
1572 2535 1717 2570 dissi-

169 2587 173 2591 '
222 2584 403 2618 mulavi
437 2589 472 2629 7,
497 2589 530 2627 1,
555 2590 586 2621 3.
617 2599 684 2623 nec
708 2588 868 2632 judices,
903 2599 925 2622 a
947 2597 1018 2631 quo
1043 2586 1115 2620 sint
1137 2587 1246 2630 moti,
1278 2585 1502 2620 dissimulant
1522 2585 1587 2624 12,
1610 2583 1654 2624 9,
1679 2580 1716 2616 4.

225 2620 449 2664 dissimulare
474 2631 536 2673 qui
552 2644 709 2675 possum,
735 2633 820 2678 quid
835 2633 897 2667 ille
917 2633 1050 2680 gratiae
1065 2632 1102 2666 in
1125 2634 1229 2667 vultu
1243 2639 1303 2665 etc.
1331 2627 1527 2665 ostenderit
1549 2629 1585 2671 6,
1599 2627 1662 2663 Pr.
1680 2631 1717 2679 ⁷}

224 2686 306 2721 non·
329 2681 382 2710 est
404 2676 719 2721 dissimulandum,
751 2691 831 2713 esse
847 2680 1060 2721 nonnullos,
1094 2678 1155 2722 qui
1182 2685 1244 2712 eie.
1271 2679 1304 2719 1,
1324 2679 1359 2718 2,
1381 2679 1417 2710 2.
1453 2674 1559 2719 quod·
1573 2674 1719 2715 defendi

224 2731 300 2755 non
316 2721 450 2766 possit,
480 2721 624 2756 silentio
645 2724 937 2759 dissimulandmn
954 2725 988 2767 5,
1013 2726 1068 2767 13,
1091 2725 1126 2760 9.
1159 2725 1250 2758 haec
1267 2721 1356 2756 mihi
1373 2719 1628 2755 dissimulanda
1646 2719 1720 2753 non

224 2768 382 2811 suerunt,
409 2767 536 2811 quibus
556 2786 598 2792 —
613 2771 721 2803 oredo
739 2770 774 2812 6,
790 2774 824 2813 2,
844 2771 901 2805 36.
925 2771 1028 2813 haec,
1054 2781 1145 2814 quae
1161 2781 1219 2804 me
1233 2768 1438 2810 movebant,
1462 2765 1718 2801 dissimulanda
