1728 3002
182 251 265 291 208
706 246 920 291 Defensor
947 247 1002 281 -ἓ
1032 248 1198 293 Deficio

225 361 297 396 def.
327 360 483 405 speciem
507 361 636 396 cadent
659 363 700 405 3,
726 366 762 406 7,
786 363 821 398 6.
857 374 931 398 non
956 370 1010 399 est
1033 364 1344 410 committendum,
1371 371 1411 400 nt
1437 366 1498 403 illa
1524 368 1631 403 dubia
1657 371 1713 405 fa-

223 408 314 442 ciam
337 406 556 442 defensionis
581 407 806 443 solicitudine
831 412 864 453 1,
891 413 947 454 10,
974 413 1031 446 30.
1086 415 1122 456 γ)
1145 415 1254 445 Dat..·
1284 411 1448 456 illormn‚
1477 426 1569 460 quae
1589 424 1711 462 egerat

224 454 262 488 in
288 456 492 495 consulatu,
521 455 690 498 frequens
715 458 1007 491 commemoratio
1031 467 1104 492 non
1131 458 1317 503 gloriae
1343 458 1476 506 magis,
1509 472 1614 506 quam
1639 464 1710 498 de-

223 500 439 535 fensioni
478 501 558 533 data
595 503 661 543 11,
698 505 737 544 1,
771 503 825 536 18.
873 504 967 547 quod
998 503 1243 538 insectationis
1276 515 1388 551 genus
1426 506 1710 544 defensioni

169 585 171 587 ,
221 547 438 592 permixtum
465 546 617 599 legimus
649 547 691 590 5,
725 550 768 591 7,
802 548 836 583 6.
906 545 940 592 δ)
970 553 1117 583 Accua:
1151 550 1354 596 attingenda
1383 552 1565 598 defensio,
1598 559 1647 588 nt
1672 555 1710 589 id

221 604 287 638 pro
311 595 396 637 Rep.
424 594 533 626 fuent
557 596 598 636 7,
634 596 651 626 1
668 618 678 633 ,
711 595 756 628 35
782 596 829 628 Ν.
872 606 920 629 ex
943 596 1059 630 causis
1082 596 1169 630 facti
1194 598 1299 630 ducta
1323 597 1486 632 defensio
1515 601 1555 643 7,
1593 599 1637 643 4,
1671 603 1706 637 9.

221 650 428 673 cummunes
452 639 524 673 loci
551 650 598 672 ex
625 639 750 673 mediis
774 646 857 674 sunt
878 641 1040 685 judiciis,
1073 648 1127 685 et,
1156 642 1187 676 si
1210 654 1311 677 reum
1335 643 1499 688 adjicias,
1529 657 1708 682 accusa-

220 685 387 720 tiones.
425 702 468 710 -
514 686 657 719 Habent
685 691 803 720 autem
829 697 1084 732 nonnunquam
1109 689 1215 722 etiam
1245 689 1575 725 defensionem
1598 694 1643 735 2,
1670 692 1706 736 4,

219 735 277 766 22.
310 731 370 776 qui
393 730 622 765 ultionem
646 733 782 766 malunt
808 744 913 777 quam
937 734 1256 769 defensionem
1281 738 1346 778 12,
1369 737 1413 779 9,
1439 739 1494 771 10.
1534 749 1581 772 an
1605 738 1708 774 aliter

217 778 465 812 defensionem
485 777 643 811 Socratis
669 778 868 822 scripsisset
893 782 1018 823 (Plato)
1041 784 1077 823 2,
1105 782 1160 824 15,
1183 782 1240 817 29.
1281 782 1528 817 defensionem
1550 784 1706 820 imitatus

215 830 269 859 est
291 825 334 866 6,
362 826 402 866 3,
427 823 482 858 74.
520 824 760 868 praefatione,
791 837 860 870 qua
885 827 957 860 def.
984 826 1209 870 promittatur
1232 830 1268 870 7,
1293 831 1333 871 1,
1359 831 1420 870 113
1456 831 1598 873 quando
1623 842 1704 866 eum

215 872 262 905 ad
289 869 535 904 defensionem
563 871 769 904 nocentium
792 872 882 906 ratio
909 872 1050 907 duxerit
1079 876 1141 915 12,
1168 877 1208 917 1,
1236 871 1294 908 34.
1331 879 1371 908 ut
1391 874 1470 918 ipsa
1492 887 1613 910 rerum
1637 888 1705 912 ne-

215 916 362 951 cessitas
387 918 431 950 ad
456 916 704 951 defensionem
725 918 878 952 deducat
901 922 936 961 7,
963 922 996 962 1,
1021 921 1077 954 35.
1131 918 1165 964 ε)
1188 922 1326 954 Ab1a1.:
1354 932 1438 955 reus
1461 921 1604 957 debebit
1625 933 1704 958 esse

212 963 251 997 in
277 962 488 997 defensione
512 964 716 997 moderatus
741 967 775 1007 7,
799 963 843 1007 4,
868 967 923 998 31.
955 965 998 1006 cs.
1027 968 1082 1008 11,
1109 968 1142 1010 1,
1167 967 1224 1001 51.
1255 968 1316 1010 12,
1340 969 1374 1010 1,
1398 967 1455 1002 36.
1491 969 1703 1003 confirmare

211 1009 249 1043 id
272 1009 350 1052 ipsa
374 1009 604 1051 defensione,
645 1011 743 1054 quod
767 1010 972 1044 diluendum
999 1017 1053 1045 est
1078 1012 1119 1054 9,
1145 1015 1186 1055 2,
1213 1013 1272 1047 80.
1318 1017 1358 1046 ut
1380 1032 1427 1037 —-
1450 1015 1600 1048 eandem
1624 1026 1702 1049 rem

210 1055 345 1090 nostris
374 1055 496 1090 verbis
528 1055 728 1090 mitioribus
757 1059 980 1100 proferamus
1013 1075 1055 1082 —
1088 1063 1124 1091 et
1150 1058 1313 1101 protinus
1341 1070 1422 1092 cum
1450 1060 1600 1103 quadam
1628 1061 1699 1096 def.

210 1102 246 1145 5,
273 1104 327 1145 13,
352 1102 410 1136 26.
449 1113 483 1136 v.
507 1101 778 1136 Accusatio.
810 1134 814 1136 t
836 1101 867 1145 ζ)
895 1117 923 1137 c.
950 1106 1074 1138 Auria.
1124 1104 1163 1148 a)
1186 1105 1291 1148 Adfi:
1320 1105 1510 1149 conjuncta
1537 1107 1700 1142 defensio

209 1152 245 1190 7,
272 1151 304 1190 1,
331 1147 374 1182 15
402 1148 449 1181 Ν.
488 1167 534 1173 ——
561 1149 696 1192 duplex
721 1147 756 1191 4,
783 1149 817 1190 5,
844 1153 900 1184 17.
935 1167 980 1175 -
1004 1149 1134 1183 nobilis
1159 1152 1193 1193 5,
1219 1153 1275 1193 12,
1300 1153 1356 1185 10.
1395 1152 1555 1198 -longe
1574 1158 1700 1197 poten-

207 1194 342 1228 tissima
367 1197 402 1235 7,
424 1192 460 1235 4,
488 1192 521 1226 4.
557 1213 604 1219 —
627 1194 759 1238 scripta
787 1197 849 1236 11,
877 1198 917 1237 1,
946 1198 1001 1229 11.
1035 1216 1081 1222 —
1105 1196 1227 1230 timida
1250 1200 1285 1239 7,
1313 1200 1354 1240 1,
1380 1197 1437 1231 36.
1501 1198 1540 1242 b)
1566 1201 1696 1234 (imit..-

208 1240 366 1281 Orestis,
397 1239 555 1282 Horatii,
584 1240 733 1274 Milonis
763 1241 926 1275 defensio
953 1245 988 1283 7,
1012 1240 1054 1283 4,
1078 1243 1112 1276 8.
1151 1259 1196 1266 -
1218 1242 1401 1277 sociorum
1423 1241 1466 1286 4,
1492 1247 1530 1287 1,
1556 1246 1613 1280 49.
1652 1265 1699 1271 —

205 1297 395 1320 causarum
422 1289 486 1327 12,
514 1289 554 1328 1,
580 1288 636 1321 36.
671 1298 704 1319 v.
731 1285 896 1321 Causa.
935 1306 982 1312 —
1007 1287 1165 1321 criminis
1191 1291 1226 1330 7,
1250 1287 1287 1330 4,
1312 1290 1347 1322 3.
1381 1305 1426 1313 -
1452 1289 1539 1324 facti
1565 1292 1608 1324 ib.
1639 1293 1696 1326 13.

201 1352 245 1358 -
273 1331 384 1376 ipsius
409 1331 545 1378 negotii
567 1330 602 1374 4,
626 1336 662 1375 2,
690 1335 748 1367 27.
785 1350 830 1358 —-
852 1332 1038 1377 probitatis
1063 1344 1105 1367 ac
1129 1333 1308 1380 dignitatis
1329 1333 1365 1379 4,
1389 1333 1424 1378 5,
1450 1336 1506 1370 19.
1543 1354 1590 1359 -
1612 1347 1696 1371 sen-

203 1379 336 1412 tentiae
361 1380 397 1422 2,
421 1382 478 1421 17,
501 1379 534 1412 6.
573 1396 616 1403 —
640 1378 882 1414 verecundiae
905 1379 941 1424 4,
966 1380 1000 1423 5,
1026 1382 1084 1413 21.

154 1434 386 1477 Defensor.
423 1449 458 1489 3,
483 1448 519 1488 6,
544 1448 601 1482 83.
632 1460 710 1492 opp.
735 1447 868 1492 petitor
888 1447 924 1490 4,
949 1450 984 1491 2,
1010 1450 1089 1482 132.
1124 1468 1170 1474 —
1193 1448 1310 1483 bonus
1337 1449 1373 1489 5,
1397 1449 1455 1491 13,
1479 1450 1514 1483 3.
1545 1465 1590 1474 -
1613 1448 1695 1484 ido-

199 1504 289 1527 neus
318 1504 403 1527 suae
427 1494 480 1527 rei
499 1492 534 1536 4,
561 1496 594 1536 1,
616 1492 675 1528 46.
713 1505 831 1538 neque
857 1493 909 1527 illi
934 1495 1070 1528 malunt
1091 1495 1224 1529 habere
1246 1499 1429 1528 tutores
1453 1500 1514 1529 aut
1537 1495 1694 1530 defen-
1723 1540 1728 1541 ⁷

201 1550 356 1582 soreS,
381 1551 585 1584 quanquam
612 1540 730 1574 sciunt
753 1539 932 1585 placuisse
957 1539 1096 1575 Catoni.
1134 1544 1255 1575 Brut.
1282 1543 1407 1585 epist.
1433 1541 1469 1584 9,
1491 1540 1529 1584 4,
1551 1543 1610 1577 75.

151 1593 329 1637 Defero·
387 1607 420 1651 1)
445 1611 597 1652 proprie:
627 1620 747 1651 casus,
777 1620 849 1654 quo
875 1609 916 1643 in
941 1616 1072 1644 terram
1101 1609 1312 1643 deferuntur
1337 1610 1379 1651 1,
1411 1610 1478 1652 12,
1506 1606 1560 1642 10.
1609 1601 1691 1644 acto

197 1653 261 1687 illo
286 1653 323 1687 in
347 1653 537 1697 insaniam,
565 1661 600 1689 et
623 1667 688 1699 per
710 1655 918 1702 praecipitia
942 1657 1060 1690 delato
1085 1659 1118 1698 1,
1146 1657 1201 1698 10,
1226 1657 1282 1689 33.
1339 1655 1386 1697 11)
1410 1658 1525 1688 transl.
1554 1653 1592 1695 α)
1617 1657 1639 1690 ἰ.
1655 1668 1687 1700 q.

199 1699 382 1741 affero.-
411 1701 471 1744 qui
497 1702 550 1734 ad
579 1703 755 1748 agendum
782 1702 871 1736 nihil
899 1702 1043 1748 cogitati
1070 1701 1237 1735 detulerit
1259 1700 1301 1743 4,
1328 1702 1373 1743 5,
1398 1702 1433 1734 2.
1475 1700 1614 1734 fabulas
1641 1700 1688 1734 in

196 1752 379 1780 certamen
403 1748 545 1781 deferre
570 1751 625 1790 10,
653 1751 685 1790 1,
709 1749 766 1783 66.
803 1759 870 1782 nec
894 1748 1201 1784 inveniuntur
1225 1746 1348 1790 (signa)
1374 1746 1418 1778 ab
1442 1752 1598 1788 oratore,
1623 1747 1687 1780 sed

195 1793 241 1826 ad
270 1804 350 1826 eum
379 1804 461 1826 cum
487 1793 564 1836 ipsa
591 1805 696 1828 causa
722 1795 1004 1828 deferuntur
1026 1795 1059 1835 5,
1084 1795 1119 1836 9,
1146 1796 1178 1826 1.
1229 1794 1272 1836 β)
1298 1795 1318 1824 i.
1346 1804 1378 1835 q.
1403 1793 1582 1834 mando,
1608 1794 1688 1825 tri—

194 1841 298 1872 buo:
337 1839 398 1882 qui
425 1840 524 1872 nullo
553 1841 738 1874 deferente
766 1840 821 1883 (a.
848 1844 869 1873 1.
895 1839 1023 1884 offer.)
1049 1841 1166 1883 jurare
1190 1837 1237 1871 sit
1262 1843 1405 1881 paratus
1429 1837 1472 1879 5,
1499 1837 1540 1880 6,
1568 1838 1600 1870 3.
1638 1849 1686 1872 ne

190 1895 348 1928 unquam
372 1885 613 1928 jusjurandum
638 1887 859 1920 deferremus
886 1888 929 1919 ib.
955 1886 988 1920 6.
1025 1884 1188 1930 quamvis
1205 1883 1239 1917 ei
1261 1883 1437 1917 secundas
1460 1883 1538 1917 fere
1566 1892 1687 1929 gram-
1726 1930 1728 1935 ,

191 1931 401 1964 maticorum
433 1941 627 1965 consensus
655 1933 793 1966 deferat
818 1934 875 1974 10,
904 1934 937 1974 1,
963 1933 1018 1966 53.
1079 1929 1114 1976 y)
1144 1943 1166 1963 z.
1193 1943 1224 1975 q.
1257 1941 1431 1963 accuso.-
1462 1934 1498 1962 et
1520 1929 1684 1963 minari

192 1982 230 2010 et
254 1977 442 2010 deferre
470 1977 577 2010 etiam
601 1987 675 2011 non
703 1983 824 2012 orator
850 1983 967 2021 potest
994 1977 1029 2021 4,
1056 1979 1090 2019 1,
1115 1979 1170 2011 22.
1213 1976 1340 2010 eadem
1364 1974 1458 2008 filius
1482 1975 1608 2009 detulit
1631 1977 1683 2011 de

191 2033 350 2057 noverca
373 2021 415 2066 4,
441 2025 476 2066 2,
502 2024 559 2058 98.
597 2034 680 2057 reos
705 2024 816 2067 ejusd.
845 2023 1004 2058 criminis
1033 2024 1238 2057 detulerunt
1266 2025 1322 2065 11,
1348 2025 1382 2063 1,
1405 2022 1462 2070 79.
1495 2033 1529 2055 v.
1553 2023 1682 2068 Reus.

141 2077 373 2121 Deferveo.
419 2103 509 2135 quae
534 2092 733 2127 defervisse
760 2098 922 2138 tempore
946 2092 998 2134 (a.
1022 2097 1044 2126 l.
1069 2089 1309 2135 deferbuisse)
1336 2093 1394 2134 12,
1417 2090 1453 2133 6,
1477 2089 1502 2123 4
1525 2091 1573 2124 Ν.
1599 2103 1650 2125 cr.

142 2145 326 2189 DefiCiO·
376 2159 407 2204 Ι)
433 2164 456 2196 i.
483 2149 663 2207 qsvires
686 2164 858 2196 amitto.-
886 2162 995 2196 facile
1019 2160 1188 2196 deficit
1213 2159 1378 2211 affectus,
1407 2157 1469 2203 qui
1493 2159 1680 2193 descen-

189 2205 254 2239 dit
280 2207 325 2249 6,
357 2210 397 2250 1,
429 2209 486 2243 29.
534 2208 653 2242 deficit
682 2207 821 2242 animus
849 2210 893 2251 1,
922 2211 984 2251 10,
1010 2209 1044 2242 8.
1090 2217 1243 2251 corpora
1270 2205 1434 2239 deficiant
1463 2207 1523 2247 11,
1551 2205 1676 2247 3„26.

186 2252 338 2287 deficere
364 2256 535 2287 mundum
563 2255 597 2296 5,
624 2257 679 2297 10,
704 2255 759 2289 79.
798 2254 917 2288 deficit
943 2265 1049 2288 omne
1077 2254 1174 2297 quod
1197 2251 1355 2285 nascitur
1377 2252 1410 2293 5,
1429 2253 1489 2302 ⁴10,
1515 2250 1589 2302 79..
1608 2261 1677 2302 nec

187 2307 231 2330 eo
254 2310 368 2342 usque
396 2301 555 2334 trahatur
581 2299 790 2345 (spiritus),
829 2302 946 2334 donec
972 2299 1112 2333 deficiat
1137 2302 1198 2342 11,
1222 2300 1264 2340 3,
1293 2299 1349 2331 53.
1386 2307 1482 2340 prius
1510 2296 1677 2348 audiendi

187 2343 355 2385 patientia
378 2358 484 2389 quam
507 2347 702 2381 memoriae
729 2346 817 2380 fides
845 2346 965 2380 deficit
992 2349 1057 2388 11,
1083 2348 1124 2388 2,
1148 2345 1189 2387 83
1223 2343 1329 2376 malle
1353 2347 1437 2376 euni
1463 2341 1676 2397 deficere

187 2400 291 2430 quam
317 2391 532 2427 desinere
562 2397 617 2436 12,
643 2396 698 2434 11,
722 2394 744 2426 3
771 2394 818 2427 N.
854 2392 961 2427 etiam
985 2391 1154 2425 deficiens
1181 2391 1226 2434 (i.
1248 2402 1274 2422 e.
1302 2389 1612 2430 moribundus)
1637 2390 1674 2432 b,
1710 2421 1714 2425 ,

183 2434 242 2467 Pr.
268 2437 333 2476 113
369 2437 511 2484 ingenia
536 2449 728 2482 puerorum
755 2438 862 2472 nimia
892 2436 1152 2472 emendationis
1176 2434 1368 2470 severitate
1391 2433 1544 2467 deficere
1567 2436 1609 2476 2,
1630 2431 1674 2486 ‚42

186 2482 240 2513 10.
276 2481 471 2516 deficientis
496 2486 622 2520 dolore
646 2491 682 2519 et
704 2483 912 2530 fatigatione
941 2486 997 2524 11,
1021 2485 1055 2524 3,
1084 2484 1162 2516 173.
1221 2483 1268 2521 ΙΙ)
1297 2484 1320 2514 i.
1346 2494 1377 2525 q.
1405 2481 1575 2512 desum.-
1603 2489 1672 2513 ms!

168 2525 311 2571 >lagena
339 2528 528 2564 defecisset
555 2532 589 2572 6,
614 2534 648 2574 3,
675 2533 729 2564 10.
768 2530 798 2564 si
825 2530 945 2564 omnia
972 2527 1169 2562 defecerint
1194 2527 1227 2570 5,
1253 2529 1310 2570 13,
1333 2526 1392 2560 24.
1414 2524 1467 2578 ps.
1495 2527 1551 2567 12,
1573 2525 1608 2567 9,
1634 2525 1668 2559 8.
1699 2533 1718 2574 ς

180 2582 255 2604 non
283 2579 442 2606 naturam
470 2576 646 2611 defecisse
675 2577 739 2611 sed
767 2587 887 2610 curam
912 2578 953 2618 1,
983 2577 1020 2617 1,
1047 2577 1081 2608 2.
1119 2573 1163 2615 cs.
1189 2577 1224 2617 7,
1251 2576 1290 2615 1,
1317 2573 1373 2607 59·
1412 2581 1451 2604 ¹¹²
1476 2579 1540 2612 00·
1573 2569 1717 2614 ‘1¹¹0d.,'³·‘

180 2618 275 2650 ultra
299 2624 373 2661 est,
403 2621 514 2654 verba
539 2623 691 2656 deficere
715 2623 749 2664 8,
774 2621 808 2665 4,
834 2624 867 2661 5,
927 2620 991 2662 111)
1018 2622 1039 2653 i.
1066 2634 1098 2665 q.
1123 2621 1327 2653 destituo.
1368 2615 1406 2657 α)
1428 2619 1506 2649 Act.
1521 2629 1531 2648 .·
1559 2626 1669 2650 nemo
1690 2657 1694 2663 ὓ

181 2662 235 2696 sio
257 2662 295 2696 in
318 2665 509 2707 majoribus
535 2668 688 2710 eminet,
723 2673 762 2700 ut
786 2679 866 2702 eum
894 2667 1032 2702 minora
1060 2665 1224 2700 deficiant
1250 2667 1292 2706 2,
1320 2665 1360 2704 3,
1391 2661 1425 2696 6.
1470 2661 1669 2695 laboratam
1684 2665 1713 2705 7¹2⁴

124 2744 126 2746 ,
184 2708 361 2744 actionem
387 2722 477 2754 aqua
504 2713 621 2746 deficit
646 2717 711 2756 12,
736 2714 778 2755 6,
806 2716 839 2748 5.
875 2715 989 2748 bonos
1015 2710 1072 2755 (a.
1095 2716 1119 2745 1.
1142 2710 1266 2751 bonis)
1294 2718 1473 2751 nunquam
1495 2707 1668 2759 honestus
1693 2720 1698 2727 ¹

181 2765 300 2789 sermo
324 2756 464 2790 deficiet
487 2761 543 2800 12,
568 2761 600 2800 1,
629 2760 684 2792 30.
723 2758 766 2798 cs.
795 2762 851 2801 12,
876 2761 910 2801 9,
938 2763 994 2794 21.
1047 2755 1086 2801 β)
1111 2761 1229 2789 Pass..-
1246 2754 1386 2808 ‘quibus
1409 2752 1439 2786 si
1464 2753 1668 2805 deliciamur
1681 2778 1700 2805 ς,

181 2803 224 2843 3,
248 2802 290 2843 6,
315 2803 371 2836 83.
414 2808 449 2837 et
475 2804 680 2848 affectibus,
715 2809 750 2837 et
774 2805 1008 2849 jucunditate,
1037 2808 1074 2837 et
1097 2801 1327 2852 dispositione
1355 2804 1390 2832 et
1417 2809 1564 2851 omnino
1591 2804 1668 2832 arte

182 2847 343 2881 deficitur
368 2851 430 2890 10,
459 2853 499 2893 1,
527 2851 582 2886 53.
621 2862 712 2894 aqua
735 2848 886 2894 ciboque
912 2849 1042 2886 defecti
1063 2849 1108 2891 3,
1129 2849 1174 2891 8,
1203 2849 1259 2881 23.
1295 2856 1325 2880 ει
1351 2845 1537 2879 deficietur
1561 2844 1616 2888 (a.
1641 2848 1666 2880 1.

1691 2591 1718 2683 ἡ
1706 2526 1710 2533 .
