1728 3002
539 235 720 288 Quando
749 261 805 270 —
834 234 1073 287 Quantulas
1485 238 1510 277 7
1513 239 1566 278 33

46 353 259 406 Quando-¹
282 365 326 409 1)
349 368 539 409 temporale.
586 361 629 406 α)
652 365 764 398 interr.
788 371 820 397 et
845 366 963 398 relat..-
989 362 1180 408 Quando
1209 361 1313 398 etiam
1339 362 1436 407 ipsos
1461 363 1571 407 ioqui,

91 411 288 455 quando
314 410 477 446 advocati
502 420 597 445 voce
619 409 673 443 uti
695 410 820 443 deceat
849 413 912 453 11,
940 412 980 451 1,
1006 410 1060 444 59.
1085 414 1300 452 expectans,
1333 421 1369 453 q.
1397 408 1573 453 incipien-

91 458 176 490 dum
202 457 247 491 sit
271 460 328 500 11,
350 459 386 499 3,
412 457 489 492 159.
537 457 582 501 Q.
608 465 720 500 ergo
743 454 867 500 incipit
890 465 1021 499 corpus
1044 455 1151 489 esse?
1184 457 1228 497 9,
1254 455 1290 496 4,
1316 457 1402 497 123;
1435 467 1470 499 q.
1497 465 1570 488 non

92 503 187 536 aliud
215 502 349 549 agimus
378 504 434 546 10,
452 505 489 545 ’7,
511 503 567 538 25,
612 500 652 547 β)
678 503 840 543 indefim:
863 501 900 536 si
929 501 1114 546 quando
1135 506 1273 534 nosmet
1298 500 1396 546 ipsos
1418 501 1573 546 alloqui-

92 555 178 584 mur‚
197 551 253 591 11,
277 550 312 591 3,
344 548 420 582 124.
445 549 539 593 quod
563 547 599 581 si
625 559 660 592 q.
686 547 750 581 fiet
773 550 818 582 ib.
842 542 886 588 2:12
910 549 945 590 3,
970 548 1006 590 8,
1032 546 1068 581 4.
1096 548 1131 590 5,
1157 546 1212 590 14,
1236 550 1292 582 31.
1317 548 1352 590 6,
1377 550 1412 590 3,
1433 548 1491 582 29.
1517 549 1574 590 12,

55 608 57 610 ·
91 598 125 638 1,
156 597 210 628 12.
235 606 266 629 v.
291 594 350 630 Si.
397 593 456 636 11)
481 598 632 628 causale.-
661 599 773 627 totum
795 593 903 640 igitur
922 593 1144 627 excutiamus
1169 594 1301 634 locum,
1328 594 1470 639 quando
1493 593 1573 626 uni-

33 651 60 663 1·
89 650 229 676 versam
253 640 509 675 institutionem
533 639 687 687 aggressi
718 650 840 673 sumus
865 639 908 682 5,
932 641 973 682 7,
997 639 1030 674 6.
1078 638 1123 680 cs.
1151 642 1191 683 1,
1213 640 1256 681 8,
1282 643 1317 672 9.
1351 643 1394 682 2,
1419 642 1486 682 12,
1513 642 1570 672 12.

90 688 278 731 quando
303 686 451 721 uberior
473 697 614 730 semper
636 691 738 720 extra
766 696 909 720 causam
940 684 1089 719 materia
1115 691 1190 728 est,
1226 684 1335 730 quia
1358 685 1396 719 in
1426 691 1574 720 contro-

92 733 211 768 versia
228 739 344 777 ‘pauca
365 738 467 774 sunt,
491 738 592 766 extra
617 731 735 766 omnia
759 734 793 774 3,
820 734 876 775 11,
900 731 955 766 25.
983 743 1047 765 cur
1070 741 1144 765 non
1167 731 1212 766 sit
1235 737 1369 774 orator,
1394 743 1448 776 q..
1476 732 1575 776 quod

94 778 273 813 difficilius
297 784 363 820 est,
388 783 567 812 oratorem
588 777 675 812 facit
699 780 755 820 12,
782 778 817 818 8,
841 779 874 812 5.
910 776 955 818 cs.
982 780 1015 820 1,
1040 778 1076 820 6,
1101 778 1155 812 18.
1183 780 1240 820 11,
1267 780 1302 821 1,
1326 779 1382 812 10.
1410 780 1465 820 12,
1486 781 1521 820 2,
1536 778 1574 812 6.

93 835 166 860 non
194 826 239 859 ad
264 824 421 859 officium
450 834 551 858 suum
574 823 754 868 pertinere
779 823 933 868 opinati,
966 835 1001 868 q.
1027 823 1163 859 divisae
1186 823 1450 868 professionum
1473 824 1575 858 vices

92 877 212 906 essent
247 871 305 905 Pr.
329 870 364 904 4.
401 869 445 912 cf.
470 873 512 913 7,
538 872 580 913 1,
602 870 659 904 61.
692 881 726 914 q.
749 880 834 903 nec
866 869 1034 913 sapientis
1068 869 1136 904 sibi
1158 880 1312 913 nomen,
1341 869 1487 904 minime
1519 870 1574 903 sui

91 922 312 960 contemtor,
336 915 485 950 asseruit
510 917 566 957 12,
593 918 626 958 1,
650 917 707 949 20.
736 926 800 949 cur
825 925 911 962 ergo
933 916 1032 950 vires
1054 915 1149 960 ipsas
1176 916 1297 960 specie
1320 916 1415 951 solvi
1435 921 1574 959 putent,

92 972 127 1007 q.
154 973 236 997 nec
258 973 317 997 res
344 963 417 996 ulla
439 961 517 996 sine
544 966 620 994 arte
645 960 729 994 satis
751 962 948 1005 valent,
988 967 1024 995 et
1048 961 1307 996 comitetur
1326 965 1382 1003 (a.
1409 966 1432 995 1.
1462 962 1575 996 comi-

92 1007 197 1051 tatur)
220 1019 361 1053 semper
383 1013 492 1042 artem
517 1008 626 1041 decor
649 1007 692 1047 9,
716 1005 760 1046 4,
780 1010 815 1041 7.
847 1007 937 1040 adeo
959 1012 999 1040 ut
1022 1007 1107 1040 mihi
1131 1018 1250 1041 sermo
1272 1007 1350 1052 ipse
1372 1009 1475 1042 Rom.
1498 1019 1572 1041 non

88 1054 250 1100 redpere
276 1054 441 1090 videatur
462 1053 559 1087 inam
581 1052 667 1087 solis
694 1063 899 1087 concessam
923 1051 1051 1086 Atticis
1072 1065 1263 1095 venerem,
1288 1065 1322 1097 q.
1349 1052 1400 1093 (α.
1428 1057 1451 1086 1.
1482 1064 1576 1098 quo-

88 1100 197 1144 niam,
221 1104 267 1134 at.
292 1099 419 1145 quum)
442 1110 519 1133 eam
545 1110 591 1133 ne
617 1098 743 1132 Graeci
768 1098 909 1143 quidem
933 1098 970 1132 in
994 1099 1066 1133 aiio
1090 1109 1222 1146 genere
1238 1099 1380 1146 linguae
1408 1099 1575 1134 obtinue-

88 1146 162 1182 rint
185 1148 252 1190 10,
277 1149 318 1189 1,
346 1147 422 1180 100.
461 1144 686 1189 quoniam
721 1146 792 1178 hoc
822 1155 967 1189 quoque
994 1145 1032 1178 in
1055 1156 1174 1179 rerum
1201 1151 1362 1179 naturam
1388 1145 1501 1188 cadit,
1535 1152 1576 1180 ut

89 1193 180 1228 duo·
210 1191 386 1237 sapientes
418 1191 607 1235 aliquando
638 1191 751 1234 justae
780 1201 907 1224 causae
930 1190 967 1224 in
993 1190 1173 1225 diversum
1197 1191 1338 1225 trahant
1362 1191 1573 1236 (quando

90 1238 236 1273 etiam
256 1243 475 1284 pugnaturos
499 1247 562 1271 eos
584 1236 678 1271 inter
699 1247 760 1279 se,
783 1236 813 1270 si
835 1236 927 1270 ratio
950 1236 999 1270 ita
1023 1237 1186 1279 duxerit,
1211 1238 1399 1280 credunt),
1422 1248 1575 1282 respon-

89 1284 185 1320 debo
206 1283 398 1329 propositis
422 1286 457 1326 2,
482 1286 537 1326 17,
565 1285 623 1317 32.
659 1281 703 1325 qs.
729 1285 844 1326 11,41,
872 1285 928 1317 32.
962 1294 999 1327 q.
1025 1288 1072 1317 et
1094 1283 1363 1326 jucundissimas
1387 1295 1435 1318 ex
1459 1284 1573 1326 Grae-

91 1330 145 1366 cis
178 1330 300 1365 literas
333 1341 406 1364 non
444 1329 615 1363 habemus
650 1329 709 1372 (et
736 1330 788 1361 hic
811 1330 897 1362 idem
922 1335 987 1371 est,
1022 1331 1111 1374 quod
1141 1342 1246 1375 supra
1272 1328 1401 1373 etiam)
1428 1333 1489 1373 12,
1515 1333 1574 1374 10,

88 1379 135 1413 27
162 1377 212 1411 N.
258 1377 304 1423 Q.
329 1375 483 1423 igitur
509 1381 630 1409 orator
652 1380 706 1409 est
728 1374 787 1410 vir
809 1375 925 1409 bonus
949 1377 1006 1419 12,
1030 1378 1065 1418 2,
1095 1379 1127 1410 1.

0 1430 20 1486 ’.ᾗ
43 1443 323 1537 ρξωὲᾱοὲῐέε
359 1465 434 1489 non
457 1460 511 1489 est
534 1453 717 1499 scriptum,
739 1460 779 1510 ut
803 1455 1015 1500 quandoque
1039 1455 1076 1499 (ι’.
1095 1467 1124 1490 e.
1149 1453 1336 1500 semper)
1355 1460 1454 1500 rapta
1476 1461 1575 1500 optet

117 1527 132 1546 θ
185 1527 197 1545 ’
304 1526 314 1535 '
1194 1530 1198 1534 ”

45 1566 311 1622 Quanquam·
345 1579 384 1621 α)
408 1581 533 1621 c.A‹11'.
558 1586 616 1612 aut
643 1582 793 1612 Panic..-
817 1579 1068 1614 immanitatem
1093 1579 1292 1623 parricidii,
1318 1590 1572 1624 quanquam

0 1665 2 1667 ‚
90 1635 158 1668 per
179 1634 219 1658 se
241 1623 483 1666 manifestam,
516 1630 662 1657 tamen
686 1623 824 1658 etiam
852 1632 914 1657 etc.
943 1627 988 1667 9„
1022 1628 1064 1667 2,
1102 1627 1159 1659 53.
1192 1627 1297 1660 etiam
1320 1626 1381 1658 illa
1410 1638 1444 1669 q.
1468 1628 1574 1669 piena

52 1684 56 1688 ⁴
91 1667 273 1715 sanguinis
297 1672 363 1709 11,
385 1672 428 1711 1,
450 1669 506 1702 34.
550 1681 584 1712 q.
610 1669 828 1702 circumcisis
858 1681 948 1713 quae
973 1670 1121 1703 dixisset
1146 1673 1210 1713 10,
1239 1675 1281 1714 1,
1307 1671 1386 1705 104.
1421 1683 1456 1715 q.
1483 1672 1573 1705 tusis

91 1716 257 1750 omnibus
278 1714 446 1748 membris
468 1717 503 1756 7,
527 1715 583 1748 Pr.
603 1718 638 1747 2.
685 1714 729 1759 β)
753 1728 782 1748 c.
810 1717 940 1748 Verbis.
976 1716 1013 1755 a)
1037 1718 1179 1750 Iudicat.
1194 1731 1205 1749 .·
1234 1729 1267 1760 q.
1294 1717 1325 1750 is
1349 1717 1573 1761 composuis-

91 1773 131 1796 se
153 1759 360 1802 orationem,
386 1770 477 1804 quae
500 1765 552 1794 est
578 1759 698 1793 habita
721 1765 845 1794 contra
867 1761 1062 1802 Socraten,
1098 1761 1226 1795 dicitur
1250 1766 1285 1804 2,
1309 1765 1365 1805 17,
1389 1762 1423 1795 4.
1450 1775 1486 1807 q.
1511 1774 1573 1797 so-

91 1809 166 1842 lent
189 1804 260 1840 hoc
283 1805 362 1850 ipso
382 1805 537 1839 maxime
560 1806 730 1848 haerere,
761 1807 855 1850 quod
880 1806 1092 1840 exciderunt
1115 1811 1171 1850 11,
1195 1812 1230 1850 2,
1256 1808 1321 1851 35;
1359 1809 1418 1842 cui
1447 1821 1484 1853 q.
1507 1810 1571 1843 tri-

90 1853 210 1888 buitur
231 1852 365 1896 palma,
392 1857 511 1885 tamen
534 1858 597 1885 etc.
623 1854 680 1894 12,
706 1854 760 1894 10,
784 1855 818 1886 7.
842 1851 887 1892 cs.
913 1855 948 1895 2,
974 1854 1008 1894 3,
1030 1853 1055 1886 4
1076 1857 1119 1887 Ζ.
1144 1857 1179 1896 2,
1202 1853 1236 1893 4,
1256 1857 1313 1888 21.
1337 1854 1373 1896 6,
1398 1858 1431 1896 1,
1458 1855 1504 1890 47
1527 1860 1571 1891 Ζ.

92 1899 328 1942 reprehensus
359 1902 414 1930 est
439 1897 479 1930 in
507 1898 575 1930 hac
609 1903 708 1941 parte
735 1907 810 1931 non
833 1898 1060 1932 mediocriter
1085 1898 1159 1933 Cic.
1173 1925 1184 1942 ‚
1216 1911 1252 1943 q.
1285 1900 1316 1934 is
1340 1900 1485 1944 quidem
1511 1912 1572 1935 re-

0 1958 30 1994 7·
91 1956 167 1978 rum
197 1955 217 1977 a
240 1954 280 1977 se
303 1948 478 1990 gestarum
501 1943 614 1985 major
640 1954 744 1988 quam
768 1945 992 1988 eioquentiae
1014 1945 1102 1987 fuit,
1131 1946 1169 1978 in
1193 1945 1412 1980 orationibus
1435 1946 1572 1991 utique,

0 2007 1 2011 ’
71 2043 75 2059 ι
92 1992 241 2078 {3⁰¹³132‘
258 1991 303 2069 ἑὲ
318 1992 372 2068 ’Νι
385 2013 396 2030 ’
409 1991 492 2068 ..¹2⁷3
511 1989 1054 2079 qssfflgssiiffdffssaffissziffi*
1067 1996 1079 2070 ἰ
1093 1992 1430 2073 5551‘3321‘53133‘5
1440 1993 1498 2071 ’2⁵
1508 1997 1569 2073 εἰ·

0 2109 18 2117 ,.
91 2081 138 2124 ff.
165 2083 202 2123 8,
227 2083 262 2123 3,
290 2082 333 2115 15
353 2084 396 2114 Ζ.
441 2079 491 2125 y)
521 2093 550 2114 c.
577 2081 694 2123 Gany..—
726 2087 850 2115 natura
873 2092 944 2115 non
967 2050 1091 2126 utiqmi
1112 2084 1182 2117 hoc
1207 2088 1277 2117 est:
1304 2063 1571 2127 quanquam

0 2126 16 2177 ξ
91 2134 128 2162 et
149 2127 299 2160 ridicula
325 2131 545 2170 oporteat
569 2137 648 2159 esse
674 2127 764 2160 salsa
786 2127 823 2169 6,
848 2129 883 2167 3,
906 2129 960 2162 18.
1008 2128 1135 2170 Adde,
1159 2130 1255 2172 quod
1277 2129 1330 2163 M.
1357 2130 1497 2163 Tunius
1523 2142 1571 2164 ne

0 2198 3 2210 .
92 2172 342 2217 Thucydidem
378 2171 520 2216 quidem
552 2177 611 2204 aut
644 2173 921 2215 Xenophontem
954 2174 1059 2207 utiles
1091 2174 1225 2208 oratori
1257 2180 1372 2219 putat,
1405 2187 1459 2220 qu
1470 2187 1521 2209 an
1531 2188 1569 2220 q.

0 2218 18 2256 ¹!-
86 2219 191 2254 illum
215 2218 381 2252 bellicum
413 2228 567 2259 canere,
598 2217 702 2261 hujus
726 2228 788 2251 ore
811 2219 934 2252 Musas
966 2230 1045 2253 esse
1072 2221 1209 2254 locutas
1241 2220 1487 2255 existimet
1512 2225 1568 2266 10,

69 2268 127 2309 x1,
150 2267 207 2300 33,
242 2263 286 2305 cs.
310 2267 344 2307 2,
370 2267 427 2306 17,
452 2267 508 2298 12.
543 2264 578 2304 3,
602 2263 636 2302 6,
663 2266 721 2296 21.
750 2265 783 2304 3,
806 2267 841 2306 7,
865 2266 921 2298 28.
955 2266 991 2307 9,
1015 2265 1051 2308 4,
1078 2269 1134 2300 το.
1155 2266 1212 2301 79.
1244 2265 1317 2309 [10,
1347 2270 1382 2310 1,
1408 2266 1484 2311 96.]
1511 2271 1568 2310 10,

0 2306 19 2342 i*
90 2314 134 2353 2,
160 2313 219 2344 21.
253 2313 318 2352 12,
345 2312 379 2351 1,
402 2312 458 2343 22.
485 2321 519 2354 q.
541 2308 705 2343 videatur
727 2309 790 2351 (a.
817 2313 840 2342 l.
863 2310 1027 2351 videtur)
1059 2314 1145 2345 Cic.
1170 2314 1211 2351 2,
1235 2315 1299 2353 21,
1328 2314 1350 2347 5
1376 2314 1423 2346 N.
1451 2326 1498 2347 cr.
1523 2314 1568 2355 cs.

0 2346 26 2391 Ρ..
90 2359 255 2390 Miiner
282 2364 340 2389 aut
367 2356 649 2389 Henrichsen
674 2356 720 2387 ad
747 2357 814 2388 Cic.
846 2357 906 2390 Or.
927 2357 962 2398 1,
986 2355 1019 2399 §.
1043 2360 1110 2397 213
1141 2358 1191 2398 (α.
1209 2361 1231 2390 1.
1261 2357 1423 2402 Iudicat.)
1450 2362 1485 2402 5,
1512 2363 1570 2403 11,

90 2404 126 2436 2.
158 2404 224 2445 10,
250 2405 296 2444 7,
319 2403 353 2435 5.
388 2402 435 2444 9,
459 2404 503 2444 2,
534 2403 620 2442 107;
655 2411 853 2444 quanquam
879 2402 949 2435 sint
972 2402 1047 2444 (sic
1073 2410 1152 2447 opu.
1182 2405 1309 2447 Codd.‚·
1344 2409 1436 2447 vulg.
1459 2405 1569 2449 sunt)

7 2449 31 2505 ,ζ
86 2458 211 2494 magna
231 2449 290 2482 Pr.
314 2447 349 2482 6.

21 2526 25 2530 ‚
47 2500 283 2552 Quantitas.
324 2514 367 2558 α)
389 2514 433 2548 lis
457 2513 511 2549 est
536 2513 652 2547 omnis
675 2518 734 2547 aut
760 2514 806 2548 de
822 2514 996 2558 praemio,
1023 2520 1082 2549 aut
1104 2516 1148 2550 de
1159 2527 1295 2560 poena,
1320 2523 1379 2551 aut
1390 2518 1436 2552 de
1448 2524 1569 2562 quant.

18 2572 65 2598 ‘12-
88 2562 131 2603 7,
155 2559 196 2603 4,
220 2563 254 2595 3.
278 2572 320 2595 ea
347 2561 516 2605 (quant),
548 2571 628 2593 cum
652 2559 697 2593 sit
720 2565 781 2594 aut
806 2571 943 2604 poenae
967 2567 1027 2595 ant
1054 2562 1223 2606 honoris,
1256 2573 1306 2598 ex
1330 2565 1568 2609 qualitate

38 2613 60 2637 ,Λ
90 2604 173 2640 facti
191 2606 417 2640 constituitur
439 2608 481 2640 ib.
508 2605 568 2647 163
592 2605 731 2648 vitium,
759 2608 854 2650 quod
877 2607 914 2640 fit
941 2618 1024 2650 per
1052 2613 1211 2651 quant.
1241 2611 1274 2652 1,
1304 2610 1336 2650 5,
1357 2609 1416 2645 46.
1468 2610 1512 2654 β)
1535 2613 1568 2643 in

31 2660 57 2680 ’τ
91 2653 220 2685 omis:
257 2654 299 2695 3,
325 2653 370 2695 6,
396 2653 453 2686 38.
475 2651 531 2686 53.
560 2654 796 2694 (Aristotelis)
827 2655 869 2686 ib.
905 2655 962 2687 23.
998 2658 1108 2687 status
1145 2655 1347 2699 quantitatis
1371 2659 1414 2699 7,
1439 2655 1485 2698 4,
1513 2657 1569 2691 15.

0 2771 14 2783 ,,
34 2759 37 2762 <
63 2762 67 2766 -
90 2742 134 2776 ib.
157 2740 213 2775 41.

0 2791 298 2856 ἓζαωῑῶΰὲ·
353 2808 559 2854 quantulum
590 2810 684 2846 enim
713 2811 837 2846 studiis
871 2812 1089 2857 impartimur
1123 2817 1186 2858 12,
1210 2816 1275 2858 11,
1302 2816 1357 2850 18.
1391 2815 1566 2859 homines,

91 2702 209 2739 quant.
240 2699 447 2743 plerumque
485 2697 599 2731 eidem
631 2697 833 2742 (qualitati)
868 2699 1052 2742 subjacet,
1095 2711 1157 2735 seu
1184 2701 1300 2745 modi,
1338 2713 1403 2736 seu
1430 2702 1568 2736 numeri
1636 2726 1642 2734 1
