1728 3002
127 117 207 157 888
678 113 821 158 Tarde
851 142 907 148 -
936 114 1119 159 Tectum

172 230 230 263 23.
263 228 308 270 cs.
340 231 402 270 11,
427 234 471 270 2,
497 231 565 273 38,
604 229 643 263 in
666 230 786 266 verbis
811 236 836 264 t.
864 229 913 276 (i.
937 244 966 266 e.
998 231 1243 275 tantulum)
1275 232 1485 269 distantibus
1511 233 1664 278 jucunde

172 280 347 309 consonat
370 286 447 311 vox
474 277 509 318 9,
534 278 567 318 3,
592 278 656 319 73;
680 287 750 311 nec
774 277 960 322 quisquam
984 283 1009 312 t.
1034 278 1120 314 fidat
1141 277 1299 329 ingenio,
1326 284 1375 313 ut
1395 299 1443 306 —
1464 285 1584 325 speret
1607 283 1664 325 10,

173 324 209 363 7,
235 323 291 356 18.
321 323 382 363 10,
407 323 448 364 6,
475 321 511 355 4.
538 324 601 365 11,
625 324 668 366 3,
693 325 728 358 5.
756 329 934 358 tantum
957 325 1002 359 ab
1029 335 1075 359 eo
1096 325 1320 370 defluebant,
1357 332 1580 370 quantum
1602 325 1665 362 ille
1726 330 1728 334 '

174 367 219 401 ab
243 366 397 412 antiquis
421 369 654 402 descenderat
682 372 737 413 10,
763 373 796 413 1,
823 371 900 405 126.
924 372 1072 416 expedit
1095 382 1172 406 non
1193 371 1240 406 in
1261 378 1288 406 t.
1313 374 1349 415 3,
1372 373 1408 416 8,
1430 374 1488 408 35.
1510 372 1550 407 in
1572 379 1666 414 tan·¹
1691 395 1694 399 ,

173 419 264 447 tum
290 425 443 449 evocare
470 426 550 449 eum
575 414 727 459 (tesiem),
754 422 972 460 quantum
999 429 1139 452 sumere
1164 429 1211 453 ex
1233 429 1306 452 uno
1333 418 1418 453 satis
1440 418 1487 454 sit
1506 419 1540 463 5,
1556 422 1591 463 7,
1607 419 1666 455 16.
1725 428 1728 429 ’

173 466 209 494 et
230 462 300 494 hoc
327 461 481 507 augendi
504 472 617 508 genus
641 467 716 505 est,
747 468 774 497 t.
801 463 991 507 aliquid
1015 465 1182 509 efficere,
1214 470 1264 498 ut
1299 476 1373 500 non
1404 464 1519 510 possit
1544 465 1666 512 augeri
1720 461 1724 463 ’

172 506 208 548 8,
238 505 274 549 4,
298 509 332 541 7.
358 509 434 549 ejus
458 509 587 552 scripta
613 514 638 542 t.
662 508 755 542 intra
778 510 909 543 famam
933 515 1026 553 sunt,
1054 517 1103 544 ut
1129 516 1299 556 appareat
1325 514 1382 554 11,
1411 513 1445 555 3,
1473 513 1506 548 8.
1535 511 1580 554 cs.
1610 514 1667 555 10,

172 552 208 594 6,
239 555 282 594 5;
312 566 342 586 c.
370 556 502 589 Genit..·
540 555 657 601 Quid
681 566 768 603 ergo
794 561 973 591 tantum
1003 563 1058 591 est
1083 556 1267 592 artis'in
1289 557 1523 603 eloquentia?
1549 561 1607 600 12,
1634 561 1668 601 1,

173 600 231 635 33.
269 600 372 634 Unde
396 606 565 635 tantum
589 601 720 644 boni,
743 608 789 635 ut
814 610 876 637 etc.
903 605 946 645 1,
970 603 1010 645 6,
1032 601 1090 637 44.
1123 609 1237 639 tant.
1271 603 1442 648 adjiciunt
1474 603 1668 652 gratiae
1724 626 1728 630 -

175 647 243 687 11,
268 647 308 688 3,
336 645 370 680 4.
419 645 465 690 b)
491 649 600 682 Genii.
623 651 745 692 pretii.-
773 649 845 683 hoc
867 649 994 684 tanti
1018 649 1114 683 fuit
1137 656 1302 694 vertere,
1328 656 1368 684 ut
1392 659 1453 685 etc.
1483 653 1517 694 1,
1540 651 1586 695 6,
1609 651 1668 697 38.

173 702 256 724 cum
279 691 426 728 dicturis
453 699 480 727 t.
504 705 589 728 suae
613 705 687 730 non
712 695 783 730 sint
806 695 988 740 (actiones)
1013 699 1075 739 12,
1101 698 1144 740 8,
1168 695 1205 731 4.
1235 708 1282 732 an
1305 696 1412 732 etiam
1439 696 1561 730 tanti
1589 708 1671 743 pu-

173 739 387 782 taverit,
411 750 564 784 poenam
588 741 708 774 subire
735 745 769 785 7,
793 745 828 781 2,
854 740 901 775 42
918 744 965 777 Ν.
1012 756 1042 776 c.
1063 745 1100 775 A
1109 745 1231 778 bla1.:
1260 754 1351 788 quae
1378 742 1576 787 speciosior
1597 747 1671 787 atq.

174 784 333 827 apertior
359 791 458 820 tanto
485 793 539 830 est
562 789 604 827 2,
631 790 698 831 20,
722 791 754 822 7.
791 789 886 832 quod
917 794 941 822 t.
963 788 1080 822 minus
1103 795 1184 823 'erat
1213 792 1277 832 12,
1302 792 1344 832 1,
1368 792 1427 823 21.
1463 800 1502 823 se
1531 794 1559 824 t.
1586 789 1668 834 plus

173 831 390 874 praestitisse
418 835 479 875 12,
503 836 545 876 7,
573 835 628 868 12.
662 835 759 878 quod
783 840 807 869 t.
831 834 1031 869 faciliorem
1056 835 1160 870 nobis
1184 834 1360 870 rationem
1388 834 1546 869 omnium
1571 835 1672 876 fecit,

151 888 306 925 ,quam
329 878 397 912 suit
415 878 471 922 iis,
501 878 562 923 qui
589 887 648 914 etc.
677 883 732 923 10,
745 883 779 923 2,
802 882 835 915 3.
863 880 907 922 cf.
932 883 990 916 28.
1016 886 1227 926 tantoque
1250 882 1330 926 plus
1352 883 1462 924 valet,
1487 887 1670 926 quanto

171 934 231 956 res
257 923 334 968 ipsa
360 925 480 960 verbis
506 931 560 960 est
581 926 716 961 firmior
732 929 775 971 ·8,
800 926 837 971 4,
861 928 919 963 26.
945 926 991 969 cf.
1013 929 1049 971 9,
1067 931 1102 972 2,
1122 929 1179 963 76.
1208 933 1345 962 tanto
1373 933 1482 962 ante
1504 930 1541 970 2,
1559 926 1672 972 4,.28.

129 977 285 1070 Till'de·
322 992 353 1027 si
376 994 622 1076 ,ςτεωὲιιᾶῖἱοεὲε
639 1007 767 1031 munus
786 1006 899 1043 usque
922 997 967 1030 ad
986 996 1164 1032 suasorias
1182 1002 1407 1046 prorogatur,
1428 996 1563 1031 tardius
1585 998 1672 1031 rhe-

186 1048 248 1072 ore
274 1050 363 1082 opus
389 1046 443 1075 est
492 1067 504 1085 ‚
555 1068 565 1085 ,
616 1066 625 1075 .
1035 1050 1043 1061 ²

126 1080 497 1180 'sagittam
518 1099 643 1179 Ἢ
664 1099 940 1181 &sedtum
963 1103 999 1142 2·
1018 1103 1082 1181 3³2
1109 1102 1152 1136 ¹⁶
1171 1098 1485 1182 &mazam
1507 1103 1672 1180 ”⁰253-

168 1187 322 1224 facilitas
357 1158 651 1226 temerintati}
682 1158 1052 1229 Crimine⁶lgggigssit'
1078 1159 1216 1235 3:539,
1251 1192 1308 1228 14.
1346 1205 1379 1228 υ.
1409 1156 1671 1245 ΟέΙΪὲξίῑαε..

169 1245 238 1286 uec
271 1237 609 1273 volubilitate
644 1238 754 1273 nimia
785 1240 1058 1283 confundenda,
1087 1251 1177 1285 quae
1201 1239 1351 1274 dicimus
1371 1258 1420 1266 -
1444 1249 1504 1273 cm
1528 1244 1671 1273 contra-
1700 1259 1704 1266 f

168 1292 262 1314 rlum
289 1288 343 1316 est
375 1283 503 1318 vitium
534 1284 664 1318 nimiae
700 1285 948 1319 tarditatis
974 1290 1038 1329 11,
1063 1289 1097 1328 3,
1126 1287 1182 1320 52.
1212 1291 1274 1319 aut
1303 1283 1343 1319 in
1364 1282 1430 1318 illo
1458 1284 1672 1320 lentiore
1710 1285 1715 1288 '

171 1327 481 1372 tarditatem,
506 1330 626 1364 autin
649 1330 711 1364 illo
735 1342 850 1372 paene
877 1331 1062 1375 praecipiti
1092 1330 1471 1365 concitationem
1495 1330 1671 1374 adjuvan-

172 1373 252 1406 dam
282 1375 447 1408 docendo
471 1378 513 1417 2,
540 1377 584 1418 8,
609 1378 666 1409 11.
702 1376 854 1409 afferunt
885 1379 1015 1421 quand.
1041 1376 1184 1411 dicendi
1210 1377 1300 1410 tard.
1325 1377 1364 1418 9,
1391 1374 1435 1418 4,
1462 1375 1522 1410 42.
1548 1375 1670 1410 infini-

169 1424 241 1453 tam
263 1420 374 1454 faciat
396 1420 473 1465 ipsa
497 1433 554 1455 res
579 1421 722 1456 dicendi
745 1423 834 1455 tard.
862 1422 896 1465 5,
923 1425 979 1466 10,
1008 1425 1086 1458 123.
1110 1424 1303 1468 plerosque
1324 1422 1488 1457 laborem
1512 1433 1555 1456 ac
1577 1427 1670 1456 tem-

170 1475 261 1510 pora
284 1467 448 1502 tarditate
471 1467 607 1515 ingenii
629 1469 780 1512 perdere
807 1471 840 1511 1,
869 1472 902 1512 1,
931 1471 966 1503 1.

124 1521 286 1564 Tardo·
335 1534 395 1579 qui
418 1537 562 1582 legente
589 1535 659 1569 alio
678 1536 816 1578 ediscit,
841 1535 880 1569 in
903 1542 1004 1580 parte
1028 1537 1246 1570 tardatur
1265 1534 1368 1569 —in
1389 1540 1490 1580 parte
1513 1535 1669 1580 juvari

167 1586 287 1624 potest
311 1584 369 1624 11,
394 1585 428 1624 2,
454 1581 511 1616 34.
545 1582 653 1616 animi
677 1582 910 1626 praestantia,
941 1594 1046 1627 quam
1074 1593 1142 1617 nec
1167 1599 1210 1607 —
1239 1581 1457 1616 audientium
1479 1581 1674 1626 auctoritas

167 1628 260 1660 ultra
288 1628 442 1662 debitam
476 1628 716 1662 reverentiam
755 1630 870 1662 tardet
905 1631 970 1672 12,
997 1631 1041 1672 5,
1071 1631 1114 1671 1;
1156 1630 1254 1662 nulla
1285 1627 1416 1663 tardati
1450 1628 1671 1678 verecundia

171 1675 204 1715 1,
231 1675 264 1715 3,
289 1672 324 1707 4.
350 1674 525 1708 velocitas
554 1676 714 1709 tardatur
740 1677 796 1716 10,
821 1678 857 1718 7,
882 1676 917 1709 8.

126 1715 310 1760 Tardus·
349 1730 383 1774 I)
409 1735 512 1765 Posit.
537 1732 578 1774 α)
598 1734 639 1764 <Ie
658 1734 827 1775 personis.-
852 1737 911 1773 ut,
936 1731 996 1776 qui
1013 1716 1252 1778 interrogatus
1272 1732 1317 1766 de
1339 1740 1404 1774 eo,
1430 1731 1491 1776 qui
1509 1727 1549 1765 in
1569 1707 1672 1768 adifi—⁴

170 1777 263 1810 terio
290 1778 534 1821 deprehensus
561 1783 672 1821 esset,
702 1779 861 1811 Tardum
888 1778 999 1811 fuisse
1022 1777 1208 1822 respondit
1230 1779 1274 1821 6,
1293 1779 1340 1820 3,
1365 1779 1425 1814 87.
1450 1777 1481 1811 si
1505 1777 1572 1812 erit
1593 1783 1670 1812 tar-

171 1823 236 1856 dus
261 1824 316 1857 ad
337 1825 409 1858 hoc
438 1826 494 1866 11,
520 1826 555 1865 2,
583 1824 641 1858 29.
695 1823 738 1867 β)
763 1825 806 1856 de
829 1826 944 1857 rebus.-
970 1823 1140 1870 gravia
1162 1833 1237 1857 non
1261 1825 1404 1859 tarda
1430 1824 1480 1866 (in
1503 1821 1582 1866 dic.)
1613 1826 1669 1866 12,
1705 1855 1707 1859 ,

172 1871 229 1911 10,
257 1870 314 1904 80.
351 1882 385 1903 υ.
408 1870 590 1916 Segnis.
621 1869 720 1912 cujus
745 1871 883 1903 nultum
908 1869 998 1913 erit,
1025 1869 1056 1903 si
1082 1875 1152 1904 tam
1175 1870 1316 1903 tardum
1338 1869 1469 1912 fuerit,
1496 1869 1668 1904 auxilium

171 1917 227 1958 10,
253 1914 288 1957 4,
313 1916 336 1949 4
369 1917 502 1949 tarda
528 1921 563 1950 et
591 1916 758 1958 supina
783 1915 1009 1960 (compositio)
1035 1917 1070 1957 9,
1093 1914 1129 1958 4,
1155 1917 1233 1950 137.
1259 1921 1284 1948 t„
1309 1915 1491 1962 ingenium
1516 1919 1549 1958 1.,
1574 1917 1608 1959 3,
1634 1919 1669 1950 2.

171 1964 190 1994 1
206 1987 217 2004 ,
243 1964 310 2002 12,
337 1960 393 1995 14.
428 1963 626 1996 membrum
650 1962 793 2008 longius
822 1963 917 2005 justo
943 1963 1082 1996 tardum
1105 1963 1149 2004 9,
1173 1960 1218 2003 4,
1245 1963 1324 1995 125.
1362 1972 1431 1996 nec
1456 1962 1517 2006 (sit
1540 1961 1673 2003 sermo)

169 2007 380 2050 trajectione
412 2013 484 2041 tam
509 2008 650 2049 tardus,
685 2014 727 2041 ut
749 2008 787 2041 in
811 2009 1038 2053 hyperbaton
1060 2008 1140 2041 finis
1172 2007 1247 2050 ejus
1272 2007 1456 2042 differatur
1477 2009 1522 2050 8,
1546 2010 1589 2051 2,
1616 2005 1672 2042 14.

170 2054 334 2087 tardus
364 2055 447 2087 dum
472 2053 680 2099 diligens
706 2054 807 2088 stilus
836 2057 892 2097 10,
917 2056 952 2098 3,
978 2054 1011 2090 5.
1040 2054 1250 2088 v.Stilus.
1305 2053 1348 2098 β)
1375 2057 1554 2098 Οοηιραρκ
1582 2059 1671 2094 tar-
1704 2075 1707 2079 ›

171 2099 277 2134 dior
305 2098 397 2143 (8)..
426 2103 555 2133 inser.
579 2099 640 2140 in)
663 2099 855 2135 scribendo
880 2106 940 2135 aut
963 2100 1206 2135 incertior
1232 2101 1386 2145 legendo
1413 2102 1470 2143 10,
1497 2102 1536 2140 3,
1560 2101 1669 2135 202.

171 2146 279 2190 paulo
303 2145 518 2180 tardioribus
550 2146 702 2191 ingeniis
732 2150 773 2180 11
788 2173 799 2190 ,
827 2150 874 2189 2,
897 2146 955 2181 42.
979 2152 1004 2181 t.
1026 2158 1152 2181 manus
1179 2148 1225 2189 5,
1251 2149 1314 2189 10,
1340 2145 1418 2181 124.
1444 2147 1556 2181 tard.
1580 2145 1671 2180 fir·-

171 2191 445 2237 mioremque
476 2192 683 2226 memoriam
708 2195 771 2236 11,
795 2195 842 2235 2,
866 2191 901 2226 4.
936 2194 1057 2227 tard.
1095 2198 1166 2237 atq.
1200 2190 1535 2227 modestiores·
1559 2193 1671 2236 pedes

172 2239 208 2282 9,
233 2237 267 2280 4,
293 2239 372 2273 134.
399 2239 461 2274 vel
485 2249 605 2283 poena
628 2238 746 2280 levi,
769 2240 831 2274 vel
857 2239 1066 2274 tardiore
1089 2242 1126 2282 7,
1149 2242 1183 2281 2,
1210 2238 1267 2274 42.
1294 2245 1320 2274 t.
1346 2239 1590 2284 pronuntiatio
1615 2241 1672 2283 10,

173 2287 214 2326 7,
245 2287 300 2318 22.

127 2327 237 2370 Tau.
287 2340 463 2376 cauimun
487 2342 522 2384 8,
547 2343 582 2383 3,
604 2342 652 2376 28
674 2341 721 2375 N.

127 2395 314 2439 Taurus.
350 2410 396 2443 T.
417 2409 545 2443 animal
569 2409 636 2451 sit,
661 2421 706 2443 an
730 2420 853 2452 mons,
879 2421 925 2456 an
949 2410 1089 2457 signum
1112 2410 1150 2445 in
1174 2413 1302 2454 coelo,
1332 2422 1378 2445 an
1401 2421 1532 2445 nomen
1553 2405 1672 2444 homi-

172 2454 349 2535 ²niszfiztiilxl
362 2455 484 2536 iiigix
518 2456 678 2499 arboris,
718 2455 788 2490 nisi
819 2456 1022 2492 distinctum
1054 2468 1128 2492 non
1167 2458 1386 2504 intelligetur
1411 2459 1457 2501 8,
1484 2459 1530 2500 2,
1557 2457 1607 2491 132
1620 2454 1669 2490 Ν.

129 2543 390 2588 TeChssiCUS·
441 2559 582 2594 decreta
607 2559 853 2593 technicorum
882 2563 918 2604 2,
947 2561 1003 2603 13,
1033 2562 1087 2595 15.
1563 2601 1568 2603 ,

129 2609 326 2653 Tectum·
367 2637 474 2669 prosa
502 2633 548 2661 te
562 2633 686 2662 ctum
709 2639 774 2672 pro
797 2629 929 2663 domo
951 2628 1102 2672 recipiet
1125 2632 1162 2672 8,
1185 2630 1218 2668 6,
1242 2631 1298 2664 20.
1331 2639 1412 2663 oum
1434 2631 1555 2661 aurata
1576 2630 1671 2659 tecta

175 2680 280 2702 aurea
311 2670 411 2713 (dico)
438 2675 481 2705 ib.
506 2675 563 2708 28.
598 2673 778 2708 ruentium
802 2680 978 2709 tectorum
1003 2676 1126 2722 fragor
1147 2677 1188 2718 8,
1213 2677 1257 2718 3,
1282 2675 1340 2711 68.
1374 2675 1553 2719 nunquam
1575 2676 1669 2706 tect‘a

173 2715 381 2760 subeamus3
411 2728 519 2762 super
545 2720 744 2755 habitantes
774 2720 966 2765 aliquando
993 2723 1232 2766 procumbunt
1253 2725 1299 2765 2,
1326 2720 1390 2761 16,
1411 2720 1448 2754 6.
1472 2724 1498 2753 t.
1526 2718 1670 2754 intuen-
