1728 3002
513 185 712 229 Nondum
757 209 811 217 —
852 183 1098 227 Nonnullus
1439 236 1441 240 Δ
1490 186 1572 228 575

83 303 217 341 anub
239 310 386 349 quoque
410 299 632 346 temporibus
654 309 748 334 non
775 305 813 334 et
837 298 990 335 fecerint
1010 298 1153 343 qnidam
1177 300 1250 334 hoc
1283 301 1340 342 10,
1371 302 1408 344 7,
1441 299 1497 335 19.
1534 310 1572 335 ιι.

81 349 190 396 quin
211 344 266 392 (α.
294 353 317 383 l.
366 347 466 393 quo)
483 347 635 382 affectus
658 355 696 380 n.
719 346 779 389 (a.
805 349 828 380 1.
863 343 973 391 quin)
1003 346 1048 379 sit
1081 347 1212 390 quaed.
1247 345 1399 391 qualitas
1430 347 1573 388 mentis,

83 397 164 431 sed
191 394 301 440 quia
329 394 441 440 figura
464 404 553 429 non
578 393 624 439 sit
659 392 813 436 simplex
841 391 895 426 rei
926 393 1169 437 cujuscunque
1191 391 1389 428 enuntiatio
1410 391 1446 435 9,
1472 394 1505 433 1,
1529 394 1577 427 23

85 443 136 478 Ν.
162 455 212 476 cr.
240 441 286 482 af.
310 442 345 481 8.
370 443 407 484 3,
428 440 488 474 42.
512 450 608 475 non
631 438 837 480 iccirco,
866 438 978 483 quia
1000 448 1089 472 non
1115 454 1160 464 —
1189 443 1322 484 putem,
1344 439 1424 473 sed
1452 439 1577 484 quod

88 488 202 534 mgis
231 487 470 522 necessariam
494 486 570 529 eius
603 485 657 520 rei
685 485 906 519 mentionem
941 483 1027 518 facit
1055 487 1103 528 2,
1135 487 1178 527 2,
1212 488 1248 519 2.
1295 495 1387 530 quos
1409 496 1446 520 n.
1473 485 1579 519 ideo

86 543 247 575 excuso,
290 531 399 578 quia
431 543 468 566 ιι.
503 533 669 576 probem,
709 532 794 566 sed
817 537 863 565 ut
885 530 956 564 sint
980 530 1093 577 magis
1116 530 1342 566 admirabiles
1370 534 1425 574 10,
1449 534 1486 573 7,
1510 532 1578 572 31;

87 591 126 614 n.
153 580 279 624 quod
299 581 363 620 (α.
388 583 409 612 1.
433 578 515 623 qui·
541 582 589 612 σι.
617 577 702 622 qui)
724 579 804 612 sola
827 583 977 616 ornent.
1013 579 1093 611 sed
1121 579 1245 622 quod
1267 577 1332 622 (a.
1368 582 1394 614 1.
1425 577 1508 623 quia
1532 580 1580 613 al.

86 625 170 670 qni!
198 626 379 660 excellant
404 627 495 659 Cic.
520 625 556 667 9,
584 626 617 667 1,
638 626 704 666 373
740 635 776 658 n.
802 623 916 668 quin
940 622 1094 659 sufficiat
1117 643 1165 650 —
1190 625 1269 658 sed
1295 623 1400 669 quin
1427 634 1578 658 necesse

89 672 138 709 nit
160 674 198 714 7,
225 673 260 714 3,
286 673 321 706 9.
369 681 405 704 n.
432 670 545 715 quin
570 670 624 715 (a.
654 674 678 704 1.
704 669 767 715 qui
799 674 844 704 al.
879 668 988 714 quia)
1018 671 1227 715 menter
1254 670 1302 704 sit
1334 672 1406 704 hoc
1436 670 1578 713 melius,

85 717 167 754 sed
188 717 296 762 quia
318 715 463 750 interim
484 717 563 760 plus
587 717 708 751 valent
743 722 824 750 ante
858 722 959 763 gesta
995 716 1031 759 9,
1064 717 1101 759 ⁴,
1130 717 1197 759 253
1242 726 1335 750 non
1359 723 1405 750 ut
1437 728 1486 751 ex
1520 716 1578 750 his

83 762 153 852 :Ji
163 774 252 808 que
272 762 519 807 improbentur
543 765 685 807 poetae,
715 763 798 797 sed
824 769 874 796 ut
898 767 1122 797 commoneat
1142 762 1377 797 artificialium
1399 766 1434 807 1,
1460 763 1497 805 8,
1521 760 1578 806 14,

32 838 39 845 .
120 833 130 843 .
159 813 194 852 ι,
218 811 276 851 10,
301 812 335 843 1.
359 812 396 852 7,
422 811 456 852 ι,
485 810 540 844 19.
772 816 802 846 ο

31 883 49 889 ..
178 855 232 897 Χ)
259 857 424 899 excipitur
447 857 627 888 Particum
645 855 818 888 adversat.
831 868 842 887 .·
868 859 909 887 ut
927 853 1006 888 sine
1028 853 1192 888 thalami·
1214 853 1328 888 vitam
1351 863 1438 887 non
1460 853 1582 888 Immi-

36 927 43 936 .
86 912 173 936 num
199 906 318 945 putet,
347 901 430 934 sed
453 901 611 934 ferarum
634 903 676 942 9,
699 903 735 942 2,
759 900 815 934 64.
843 899 889 941 cs.
914 904 978 941 12,
1005 903 1068 942 10,
1096 903 1153 933 12.
1188 911 1224 934 ιι.
1250 900 1465 943 dicendum,
1499 900 1581 933 ned

89 948 424 993 quodammodo
448 947 586 980 etiam
612 947 871 980 ostendendum
894 951 951 979 est
965 946 1002 988 4,
1022 949 1057 988 2,
1075 945 1135 980 64.
1176 957 1230 989 n.,
1254 952 1301 980 ut
1324 952 1582 980 consumantur

89 993 255 1031 affectus,
286 994 370 1025 sed
396 998 444 1025 nt
470 994 525 1034 (S
532 1006 566 1036 p.
593 993 680 1031 om.)
709 998 852 1025 tamen
875 993 978 1031 vehit
1000 992 1123 1036 primis
1149 991 1255 1026 lineis
1281 993 1515 1038 designentur
1537 993 1582 1028 ib.

89 1041 166 1074 120.
194 1045 231 1072 ιι.
254 1039 354 1072 firme
379 1038 588 1080 continere,
613 1049 766 1074 verum
791 1037 931 1071 etiam
957 1037 1031 1073 cito
1060 1037 1245 1082 percipere
1271 1042 1326 1081 11,
1350 1041 1386 1082 2,
1412 1041 1447 1072 2.
1484 1038 1583 1082 quod

88 1095 181 1120 non
206 1084 319 1118 ausim
342 1084 463 1118 dicere
488 1095 668 1128 nunquam
693 1094 772 1118 esse
794 1084 1017 1125 faciendum3
1046 1089 1180 1118 certe
1202 1084 1255 1125 (ιι.
1274 1089 1295 1118 1.
1322 1083 1499 1124 ceterum)
1521 1083 1583 1118 vi-

88 1132 236 1166 tandum
259 1135 336 1173 est,
362 1129 528 1174 quotiens
551 1131 653 1164 aliter
670 1131 728 1177 agi
751 1135 868 1174 potest
891 1133 927 1172 7,
945 1129 982 1172 4,
1001 1131 1071 1172 285
1096 1140 1187 1163 non
1211 1132 1363 1164 solnm
1384 1129 1584 1170 dissimilia.

90 1178 172 1211 sed
205 1175 339 1210 etiam
373 1175 564 1221 aliquando
590 1176 769 1210 contraria
798 1179 839 1216 7,
863 1178 905 1218 2,
928 1178 987 1210 29.
1010 1188 1042 1210 ο.
1063 1176 1216 1210 Solus.
1261 1187 1299 1210 n.
1330 1182 1515 1210 tantum
1544 1175 1585 1210 in

89 1223 229 1258 ratione
253 1221 407 1266 positum
435 1229 489 1256 est
513 1222 704 1267 loquendi,
742 1223 819 1256 sed
845 1221 932 1266 ipsis
958 1222 1121 1256 sensibus
1147 1233 1230 1256 cum
1254 1221 1403 1256 oratiam
1427 1230 1490 1256 etc.
1521 1233 1584 1256 ac—

90 1268 294 1304 commodat
314 1269 352 1309 9,
373 1271 408 1311 3,
432 1270 489 1304 28.
513 1281 547 1302 v.
572 1271 784 1309 Tantum3
813 1278 902 1302 non
932 1268 1164 1302 scribentium
1190 1250 1395 1312 qui’dem,
1422 1268 1506 1314 sed
1526 1267 1583 1302 le—

89 1316 247 1365 gentium
273 1314 311 1356 8,
334 1315 370 1358 3,
393 1313 452 1348 44.
482 1314 527 1356 οΙΖ
550 1318 584 1358 2,
607 1315 641 1355 9,
668 1317 700 1348 1.
738 1323 832 1347 ιιοιι
856 1313 1038 1358 quidem·
1056 1314 1231 1357 erit-(Sp.
1251 1325 1286 1348 n.
1304 1326 1354 1349 er.
1373 1313 1424 1359 q.)
1449 1312 1584 1358 orator,

89 1360 174 1399 ned
193 1360 303 1405 faciet
325 1358 388 1394 iun
411 1361 512 1405 qnasi
536 1366 659 1395 orator
689 1363 732 1403 2,
757 1363 822 1402 21,
848 1362 892 1394 17
907 1364 949 1394 Ζ.
998 1360 1067 1394 alia
1099 1372 1133 1394 n.
1166 1360 1355 1405 quidem
1384 1361 1586 1404 reticentia,

37 1423 42 1426 ·
89 1408 171 1443 ned
194 1413 345 1441 tamen
370 1405 531 1451 praecisa
554 1409 589 1450 9,
614 1410 649 1447 2,
673 1407 731 1441 57.
757 1418 790 1439 v.
817 1406 1011 1452 Quidem
1035 1407 1083 1440 11.

0 1457 70 1500 ”1
181 1451 356 1492 Χ1)ποιι
379 1459 481 1495 tum,
509 1452 730 1494 nonfere:
758 1462 849 1486 non
878 1451 1028 1485 tamin
1052 1451 1203 1499 singulis
1227 1451 1352 1494 dictis,
1384 1464 1519 1497 quam
1546 1453 1586 1486 in

89 1505 168 1534 toto
190 1500 312 1533 colore
337 1498 549 1542 fficendifi,
569 1501 615 1541 3,
641 1501 720 1533 107.
767 1509 804 1532 n.
830 1504 917 1531 tam
951 1509 1015 1532 sua
1055 1510 1159 1543 quam
1187 1497 1266 1539 rei,
1300 1498 1358 1532 cui
1385 1499 1587 1540 adhibetur,

39 1555 41 1557 '
92 1545 307 1581 condicione
331 1546 396 1587 11,
427 1548 468 1587 1,
492 1547 526 1580 7.
569 1545 658 1579 haec
683 1556 718 1577 n.
743 1549 831 1578 tam
865 1544 1010 1579 inventa
1035 1553 1055 1578 a
1077 1544 1393 1588 praeceptoribus,
1432 1557 1586 1590 quam,

91 1602 173 1627 cum
197 1591 346 1633 fierent,
380 1590 569 1626 observata
589 1602 668 1625 esse
691 1591 724 1630 8.
751 1591 808 1623 Pr.
832 1593 887 1623 12.
915 1589 962 1632 cs.
990 1591 1053 1634 Ep.
1078 1591 1123 1624 ad
1152 1592 1292 1634 Tryph.
1318 1594 1353 1634 2,
1377 1593 1436 1624 Pr.
1461 1594 1505 1634 33
1539 1594 1587 1625 il·-

13 1632 24 1641 *
90 1636 154 1672 lud
185 1647 276 1672 non
307 1637 352 1670 ud
386 1637 513 1671 orandi
545 1637 645 1671 fere
678 1636 887 1679 consilium,
926 1637 1008 1670 sed
1034 1637 1078 1670 ad
1102 1637 1257 1671 hominis
1284 1637 1439 1681 pertinet
1473 1638 1522 1680 6,
1550 1639 1586 1681 3,

52 1699 55 1703 ¹
93 1683 153 1720 34.
186 1694 222 1719 v.
253 1683 382 1718 Fere.

40 1723 264 1771 '‘noudum.
310 1739 376 1783 Ep.
393 1740 438 1773 ad
453 1739 592 1783 Tryph.
613 1742 647 1774 1.
670 1744 777 1782 atque
799 1738 884 1772 ideo
910 1739 1071 1772 nondum
1097 1745 1151 1773 est
1174 1740 1358 1782 perfectus
1381 1743 1505 1785 orator
1530 1741 1589 1782 12,

93 1788 153 1828 10,
173 1785 207 1819 2'.
247 1785 356 1818 rebus
380 1791 439 1818 aut
462 1784 650 1818 omnino
674 1785 811 1818 nond.
836 1784 1011 1828 repertis,
1038 1790 1098 1818 aut
1122 1785 1237 1819 dubiis
1266 1786 1304 1827 6,
1329 1786 1364 1828 5,
1389 1787 1423 1819 3.
1449 1785 1587 1819 nond.

45 1874 50 1875 ⁷
94 1837 253 1867 tamen
269 1831 341 1864 hoc
365 1831 510 1874 proprie
533 1830 667 1865 dixeris
690 1841 832 1864 causam
855 1832 895 1873 3,
919 1831 964 1873 5,
987 1831 1021 1865 9.
1060 1831 1200 1865 nond.
1223 1837 1390 1864 tamen
1413 1841 1500 1864 cura
1523 1832 1590 1864 de-

94 1875 191 1910 ficiat
213 1878 251 1918 7,
274 1878 310 1917 1,
334 1876 390 1910 59.

0 1964 5 1972 ,
49 1920 223 1966 Nonne.
247 1926 257 1936 '
279 1931 404 1978 Quid?
435 1931 475 1965 in
503 1931 625 1966 verbis
650 1939 712 1965 etc.
742 1942 867 1967 nonne
901 1932 1049 1966 humani
1079 1931 1216 1979 ingenii
1238 1933 1384 1966 modum
1412 1931 1588 1967 excedit?

71 2015 74 2024 ,
101 1982 158 2022 10,
183 1982 217 2020 1,
241 1978 298 2012 50.
335 1988 371 2010 n.
399 1975 456 2010 his
478 1977 583 2010 latior
608 1982 643 2011 et
671 1978 858 2012 audentior
885 1985 921 2012 et
948 1978 1156 2012 excelsior?
1187 1981 1243 2021 12,
1274 1981 1331 2020 10,
1356 1979 1413 2011 23.
1462 1979 1507 2012 Ν.
1531 1979 1588 2019 (α.

0 2022 4 2026 ’
99 2031 124 2061 ι.
150 2024 242 2067 ιιοιι)
265 2034 351 2056 usus
374 2028 430 2056 est
450 2021 720 2056 ratiocinatione
747 2023 782 2062 8,
804 2022 839 2065 4,
863 2026 921 2057 20.
950 2024 995 2064 cf,
1024 2027 1080 2065 12,
1111 2027 1144 2067 1,
1168 2023 1232 2064 43;
1271 2035 1309 2058 ιι.
1337 2024 1381 2056 ab
1404 2023 1591 2058 intellectu

100 2071 187 2106 artis
210 2069 386 2103 abfuerit?
417 2071 454 2110 2,
477 2071 535 2109 13,
562 2070 616 2101 10.
650 2079 685 2100 ιι.
711 2067 877 2111 quiddam
904 2069 977 2112 pati
1005 2068 1122 2103 furori
1145 2069 1260 2103 simile
1280 2069 1476 2104 videatur?
1503 2072 1537 2113 1,
1554 2073 1589 2114 2,

99 2121 158 2152 31.
192 2127 229 2149 ιι.
256 2125 366 2161 ergo
390 2113 623 2160 refrigeretur
645 2113 698 2146 sio
723 2114 847 2147 calor?
877 2116 913 2158 9,
939 2113 976 2157 4,
1001 2116 1080 2149 113.

11 2162 17 2164 -
50 2159 279 2206 Nonnihil.
325 2170 365 2211 α)
387 2170 450 2203 Est
475 2169 514 2203 in
538 2180 586 2204 eo
609 2181 752 2214 quoqne
773 2170 964 2212 nonnihil,
989 2172 1087 2214 qnod
1107 2170 1167 2204 hic
1191 2169 1340 2212 singulis
1365 2172 1488 2207 verbis
1513 2172 1591 2207 bini

0 2234 7 2242 ·
99 2220 211 2264 pedes
234 2217 462 2251 continentur
481 2219 520 2259 9,
539 2215 574 2259 4,
589 2217 647 2250 65.
680 2227 744 2249 cur
767 2221 805 2248 tu
828 2218 872 2250 de
896 2218 1099 2259 coloribus,
1122 2222 1158 2250 et
1182 2215 1380 2250 difficilium
1403 2229 1591 2253 causarum

17 2291 26 2303 Α,
105 2264 331 2306 defensione,
354 2261 518 2295 nonnihil
543 2261 690 2295 etiam
714 2263 759 2295 de
784 2262 1012 2296 confessione
1039 2263 1180 2296 locutus
1208 2273 1259 2304 es,
1282 2262 1352 2296 nisi
1366 2265 1458 2298 aa?
1489 2268 1592 2308 12‚1,

5 2323 18 2341 ι
104 2313 162 2346 33.
182 2309 227 2351 cs.
248 2312 304 2351 10,
326 2308 359 2347 5,
378 2310 436 2341 21.
467 2306 659 2350 12‚10,45.
683 2307 720 2351 β)
746 2321 775 2341 c.
804 2310 911 2342 Genii.
926 2323 936 2341 :
962 2308 1130 2352 qnoniam
1154 2308 1334 2352 aliquid
1359 2309 1399 2343 in
1423 2321 1463 2344 se
1483 2311 1593 2345 hahet

15 2379 17 2381 -
103 2350 369 2396 ἐπιδεικτικὸν,
396 2363 535 2387 ιιοιιιι.
565 2354 630 2387 sibi
655 2353 781 2387 nitoris
809 2365 988 2388 assumere
1012 2357 1047 2396 2,
1067 2356 1121 2395 10,
1142 2356 1197 2387 12.
1221 2366 1256 2388 υ.
1279 2354 1483 2399 Aliquis.
1520 2368 1592 2402 qua

103 2401 144 2435 in
167 2399 406 2440 disputatione
426 2411 463 2432 n.
488 2399 569 2434 veri
590 2405 646 2434 est
670 2402 726 2442 12,
758 2402 813 2442 10,
835 2400 894 2434 42.
918 2412 952 2434 v.
977 2400 1223 2443 Plurimus
1246 2402 1278 2432 ὶη
1300 2400 1497 2437 Multus.

57 2443 318 2490 Nonnullus.
365 2454 408 2499 α)
434 2457 559 2498 singul.
599 2455 635 2497 a)
660 2457 746 2500 Ejus
768 2457 941 2490 nonnulla
967 2455 1071 2490 etiam
1096 2467 1177 2490 cum
1198 2456 1361 2492 finitione
1385 2459 1591 2503 conjunctio

15 2528 18 2529 ν
104 2506 142 2547 7,
164 2504 198 2544 8,
227 2505 259 2536 1.
291 2503 363 2535 hoc
384 2503 593 2535 nonnullam
615 2503 905 2537 observationem
928 2503 1038 2536 habet
1062 2503 1106 2545 6,
1131 2505 1176 2544 3,
1200 2505 1255 2536 11.
1293 2503 1430 2539 etiamsi
1453 2514 1591 2540 rarus

106 2549 184 2594 ejus
208 2548 283 2590 rei,
308 2548 570 2582 nonnullus
595 2554 712 2582 tamen
740 2561 825 2582 usus
850 2550 884 2590 8,
904 2549 939 2591 6,
961 2550 1019 2583 30.
1053 2554 1090 2583 et
1111 2547 1230 2582 moliri
1252 2549 1404 2594 cubilia,
1429 2557 1466 2586 et
1484 2552 1591 2587 nidos

105 2601 233 2630 texere
261 2601 323 2628 etc.
347 2594 628 2628 nonnullius
651 2601 769 2628 tamen
790 2594 938 2628 rationis
961 2600 1016 2628 est
1038 2597 1073 2636 2,
1099 2594 1156 2637 16,
1178 2595 1232 2629 16.
1280 2595 1322 2638 b)
1342 2599 1436 2631 fem.
1460 2601 1591 2642 sirapti-

53 2644 58 2650 ‘
92 2643 209 2675 -cae‘tert
244 2639 409 2674 blandius
441 2639 535 2673 alia
567 2640 763 2674 ad'aurem
793 2641 1006 2683 invocabat,
1041 2640 1288 2674 vehementius
1323 2642 1428 2677 etiam
1461 2655 1592 2678 non—

19 2728 23 2730 ,
52 2686 75 2723 J
106 2687 237 2720 nulla
259 2686 409 2724 feriebat
435 2689 488 2720 Co
502 2690 549 2719 el.
572 2684 609 2728 4,
633 2688 668 2729 2,
694 2685 774 2720 124.
823 2688 984 2731 β)Ριυι-..·
1026 2685 1064 2730 a)
1091 2697 1127 2721 ιι.
1151 2697 1230 2721 esse
1247 2687 1434 2729 materias,
1473 2701 1590 2734 quae

55 2741 59 2744 ’
107 2731 316 2767 continuum
341 2731 545 2769 desiderent
567 2732 730 2766 effectum
755 2734 790 2776 6,
809 2735 844 2772 2,
863 2734 919 2766 10.
965 2732 1006 2768 1ιὶ
1034 2743 1140 2777 quam
1162 2743 1256 2767 non
1266 2733 1387 2768 nulli
1410 2730 1591 2779 ἐπίφρα-

107 2789 167 2815 σιν
189 2779 325 2814 vocant
346 2777 381 2821 9,
404 2780 439 2822 2,
463 2775 520 2813 47.
548 2776 594 2820 off.
617 2779 659 2813 a.
685 2777 743 2814 54.
766 2781 801 2823 ι,
825 2779 861 2823 a,
885 2781 942 2814 11.
976 2778 1012 2823 6,
1034 2780 1070 2823 3,
1090 2780 1149 2814 ¹70.
1180 2781 1240 2823 12,
1262 2778 1299 2823 6,
1323 2780 1357 2816 5.
1389 2783 1448 2824 12,
1467 2781 1508 2825 9,
1531 2783 1589 2817 11.
