1728 3002
588 265 702 307 Lixa
730 286 786 299 —
813 246 958 306 Locus
1493 263 1575 303 495

46 380 174 421 Lixa.
200 372 352 440 'agmini
378 389 528 426 totidem
549 387 645 424 iim
666 389 832 433 habenti,
866 392 953 434 quoe
974 385 1105 422 mnino,
1130 389 1168 431 s,
1186 386 1223 429 6,
1245 385 1305 421 42.

5 443 10 446 ’
45 435 241 478 Locafio·
289 446 414 493 [recta
438 447 567 492 quaed.
594 448 665 482 loc.
689 448 756 492 (Z.
787 443 1006 490 collocatio)
1039 443 1219 490 prioribus
1249 441 1437 488 sequentia
1469 452 1581 477 anne-

91 498 192 527 ctens
215 497 252 537 7,
279 496 312 536 1,
336 491 392 538 1.]
419 493 551 531 vitiosa
574 491 755 528 locatione
773 493 968 527 verborum
989 492 1026 535 9,
1049 490 1085 532 4,
1110 492 1168 525 32.

45 536 181 580 Loco.
224 550 260 593 1)
283 560 363 584 eam
389 548 583 591 (aemam
612 548 796 591 mamus)
831 549 962 592 juxta
995 558 1034 582 se
1065 548 1163 581 locat
1194 547 1229 589 8,
1267 545 1304 590 4,
1337 549 1395 580 22.
1441 546 1580 590 equites

89 605 175 640 pro
199 595 369 630 cornibus
394 596 513 630 locare
538 599 575 640 2,
604 597 660 639 13,
683 598 723 638 33
769 593 899 639 [quem
924 594 970 628 in
994 604 1144 627 numero
1178 598 1342 627 veterum
1366 593 1486 626 locare
1511 592 1577 635 (Z.

90 639 249 684 habere)
274 644 331 684 10,
356 643 390 684 1,
417 639 518 686 118.]
543 641 663 686 aliqua
687 642 902 676 locabuntur
922 639 971 674 in
992 639 1146 674 exordio
1168 637 1204 682 4,
1230 641 1265 682 1,
1297 638 1355 672 26.
1389 649 1478 682 quae
1498 644 1581 671 sunt

90 685 138 719 in
161 688 287 722 ultimo
310 689 428 722 locata
452 689 488 732 9,
511 689 547 731 3,
571 689 629 724 82.
674 689 726 732 11)
752 700 785 722 v.
809 687 971 722 Condu
981 696 1045 720 co.

44 740 272 797 Locuples.
316 753 349 797 1)
371 756 670 800 locupletem
692 767 714 790 a
738 755 948 789 locorum
971 751 1074 797 copia
1098 753 1132 796 5,
1156 753 1214 795 10,
1249 752 1304 787 55.
1350 750 1490 795 nuptias
1521 751 1579 784 lo-

91 799 245 842 cupletis
294 801 462 846 ropinqui
483 805 520 844 7,
546 805 580 844 1,
605 800 662 840 14.
707 800 822 836 virtus
844 802 979 834 bonum
1002 804 1078 841 est,
1120 800 1215 842 quod
1239 809 1280 832 ea
1305 799 1499 841 locupletes
1523 797 1580 830 sa-

91 845 162 879 ciat
185 846 220 889 5,
249 849 266 880 1
294 873 307 891 ,
330 849 388 880 21.
436 848 520 882 dum
546 848 593 881 sit
620 848 835 892 locupletior
865 845 992 890 aliquis
1023 844 1188 878 sordidae
1217 843 1346 877 mercis
1381 842 1580 890 negotiator

91 894 126 933 1,
154 893 212 935 12,
238 893 292 926 17.
319 891 367 935 11)
394 897 536 927 transl..·
571 894 745 928 Atacinus
770 894 887 928 Varro
912 893 958 925 ad
986 891 1183 937 augendam
1212 890 1414 923 facultatem
1439 888 1580 923 dicendi

88 947 215 979 parum
237 939 309 974 loc.
335 941 392 981 10,
418 942 450 982 1,
475 939 534 973 67.
577 939 766 973 nitidus
797 939 860 972 ille
892 943 928 972 et
962 935 1186 982 sublimis
1221 941 1258 969 et
1291 936 1384 969 loc.
1418 935 1579 978 (or-aior)

51 991 53 994 ’
92 984 149 1023 12,
174 985 231 1025 10,
254 985 322 1026 783
355 983 424 1017 alia
449 984 551 1028 copia
575 986 684 1027 loc.,
709 984 778 1018 alia
802 983 1018 1017 floribus
1041 983 1170 1017 laeta
1199 982 1236 1025 8,
1257 982 1292 1024 3,
1318 982 1375 1016 87.
1422 981 1507 1016 100.
1543 986 1580 1015 et

92 1028 318 1070 speciosa
347 1030 428 1064 vult
450 1041 531 1064 esse
557 1030 761 1074 eloquentia
785 1030 820 1073 5,
847 1028 903 1072 14,
931 1030 988 1063 30.

45 1080 205 1124 Locus.
240 1095 438 1130 stlocum
461 1098 495 1140 1,
519 1095 555 1140 4,
580 1098 636 1132 16.
682 1095 713 1140 1)
736 1098 871 1141 proprie
903 1108 933 1129 c.
963 1084 1112 1128 AEtrib..·
1155 1092 1202 1126 in
1229 1093 1313 1144 1000
1349 1092 1471 1135 cluso,
1503 1092 1582 1127 fre-

92 1139 218 1183 quenti
243 1144 280 1184 7,
305 1145 344 1186 2,
365 1141 424 1176 44.
470 1142 608 1177 inculto
630 1143 721 1187 (Sp.
755 1139 965 1184 inocculto)
996 1142 1021 1174 1.
1049 1142 1084 1182 7,
1116 1139 1153 1183 9,
1178 1140 1200 1173 5
1221 1142 1266 1173 Ζ.
1290 1139 1441 1172 liberum
1465 1139 1491 1172 1.
1521 1142 1579 1183 12,

91 1186 128 1227 8,
150 1185 188 1220 7.
230 1186 383 1222 liberum
404 1188 546 1223 arbitris
568 1190 592 1222 l.
616 1191 673 1232 10,
699 1190 734 1231 3,
757 1191 816 1222 22.
864 1198 903 1221 se
925 1187 964 1220 in
985 1186 1131 1227 locum,
1171 1195 1220 1218 ex
1250 1194 1323 1229 quo
1346 1186 1442 1218 nuua
1466 1195 1582 1218 exau-

43 1260 46 1269 ,
93 1229 163 1264 diri
186 1242 287 1275 voX,
318 1239 356 1268 et
378 1244 428 1268 ex
451 1245 522 1278 quo
547 1235 637 1268 nihil
660 1233 817 1279 prospici
847 1237 990 1277 posset,
1034 1231 1252 1265 recondebat
1282 1232 1327 1264 ib.
1363 1232 1421 1264 25.
1472 1231 1580 1265 loc-a

90 1286 196 1320 quam
219 1277 375 1314 maxime
398 1279 580 1324 spatiosa,
611 1282 723 1314 multa
747 1278 920 1314 varietate
947 1277 1084 1324 signata
1120 1279 1178 1319 11,
1208 1278 1243 1316 2,
1279 1277 1352 1328 18..
1375 1277 1441 1319 pe'r
1469 1277 1581 1311 loca

91 1323 171 1356 sola
190 1324 288 1358 'Cio-0
305 1325 339 1368 5,
364 1327 422 1368 13,
446 1327 503 1360 28.
548 1325 573 1359 l.
603 1325 808 1367 maritimis,
843 1323 978 1368 planis,
1011 1322 1189 1365 amoenis,
1224 1322 1445 1366 salubribus,
1476 1323 1582 1357 ferti-

90 1367 184 1402 libus
206 1370 241 1411 3,
266 1371 302 1414 7,
327 1373 393 1414 27;
417 1372 522 1406 loca
544 1371 699 1414 infinita,
729 1382 795 1415 per
822 1381 912 1414 quae
936 1369 1049 1404 verba
1071 1368 1300 1412 explicentur
1319 1369 1368 1411 (in
1383 1375 1456 1402 arte
1473 1369 1580 1413 mem.)

93 1415 201 1456 11‚2,
219 1416 278 1450 25.
330 1415 375 1462 β)
401 1418 571 1451 Nominat.
598 1424 629 1450 et
653 1419 784 1452 Genia:
808 1417 890 1450 loca
913 1415 1007 1449 inter
1033 1414 1217 1448 nominum
1241 1425 1365 1449 causas
1390 1417 1425 1457 1,
1446 1412 1483 1457 4,
1511 1417 1578 1456 26;

33 1451 49 1521 ’ζ
89 1458 254 1494 locorum
289 1462 485 1497 amoenitas
510 1465 572 1506 10,
596 1465 639 1506 3,
671 1465 728 1498 22.
775 1461 988 1497 condicione
1010 1462 1173 1494 locorum
1198 1462 1255 1503 12,
1295 1462 1352 1502 10,
1385 1463 1418 1494 2.
1464 1461 1580 1513 locor.

32 1545 43 1551 ἢ
93 1504 286 1550 descriptio
307 1508 344 1551 9,
366 1510 402 1551 2,
426 1507 484 1542 44.
530 1509 728 1543 differentia
750 1509 863 1543 locor.
891 1511 948 1550 12,
978 1509 1033 1550 10,
1067 1509 1124 1541 70.
1171 1507 1285 1541 locor.
1316 1511 1499 1540 extremae
1531 1509 1580 1540 11-

36 1582 61 1594 ἴ,
90 1560 182 1585 neae
205 1554 240 1594 1,
267 1555 324 1596 10,
352 1555 409 1589 39.
432 1553 506 1588 1001
529 1553 660 1599 positio
689 1565 731 1588 30
753 1554 902 1588 munitio
927 1553 961 1596 3,
987 1555 1024 1595 7,
1050 1553 1109 1589 26.
1133 1553 1246 1596 spatio
1271 1551 1345 1586 loci
1375 1553 1412 1594 8,
1445 1553 1479 1595 3,
1511 1551 1578 1595 843

93 1594 167 1632 loci
188 1598 359 1633 adverbia
381 1602 414 1643 1,
439 1601 473 1642 5,
498 1600 555 1635 50.
602 1601 638 1646 y)
661 1604 784 1634 Aecus.
800 1615 811 1634 .·
846 1602 966 1633 locum
993 1609 1120 1642 capere
1148 1597 1272 1631 castris
1298 1601 1355 1641 12,
1378 1599 1414 1640 3,
1436 1600 1470 1633 5.
1500 1599 1581 1632 exi-

38 1674 52 1687 Υ
88 1634 143 1683 lio
170 1642 349 1692 delegerat
376 1647 496 1680 locum
524 1649 581 1690 12,
612 1649 670 1690 10,
694 1648 750 1681 19.
796 1645 834 1679 in
858 1644 1141 1679 demonstrandis
1163 1645 1188 1678 l.
1216 1647 1279 1687 11,
1305 1645 1340 1686 3,
1376 1645 1433 1678 87.
1481 1644 1579 1688 ipsos

40 1687 49 1694 ⁴
71 1685 245 1732 intueri,
269 1696 306 1724 et
326 1691 444 1724 locum
469 1693 556 1736 (Sp.
578 1693 692 1735 orm),
716 1698 752 1726 et
774 1691 932 1725 habitum
954 1692 989 1733 8,
1012 1693 1047 1732 3,
1070 1689 1117 1724 64
1141 1691 1201 1732 S.,·
1235 1690 1414 1734 quomodo
1438 1690 1576 1723 Metro-

94 1733 203 1768 dorus
225 1734 265 1768 in
286 1736 360 1769 XII
385 1736 520 1783 signis,
544 1749 610 1781 per
633 1749 724 1782 quae
747 1738 811 1771 Sol
841 1742 949 1775 meat,
994 1742 1160 1770 trecenos
1188 1741 1224 1769 et
1248 1746 1450 1781 sexagenos
1473 1735 1580 1769 inve-

94 1778 189 1811 uerit
213 1781 351 1814 locos
373 1784 430 1824 11,
450 1785 485 1825 2,
510 1786 565 1816 22.
610 1783 649 1816 in
675 1783 740 1824 iis,
771 1794 861 1827 quae
888 1782 1111 1823 didicerunt,
1144 1780 1234 1814 locis
1256 1786 1396 1824 ponunt
1417 1792 1475 1815 res
1501 1781 1580 1815 illas

98 1823 152 1864 (fn
177 1831 249 1857 arte
272 1827 389 1867 mem.)
417 1829 461 1861 sb.
486 1829 542 1862 23.
567 1827 612 1869 ιζίζ
641 1831 700 1863 29.
747 1825 782 1872 ὃ)
813 1831 949 1862 Amat..-
979 1831 1026 1861 in
1054 1825 1253 1868 conviviis,
1293 1825 1391 1859 omni
1425 1827 1581 1871 denique

94 1867 179 1901 loco
202 1871 364 1902 Daunii.
389 1875 527 1906 Mars.
561 1874 597 1916 6,
622 1876 657 1916 3,
683 1875 762 1909 105.
814 1884 885 1918 quo
911 1878 1031 1908 essent
1052 1872 1092 1906 in
1119 1874 1224 1913 loco,
1256 1871 1401 1918 ignaros
1423 1873 1459 1914 8,
1483 1875 1518 1914 3,
1545 1872 1580 1906 4.

96 1912 276 1947 neminem
299 1915 402 1948 decet
423 1919 496 1951 ullo
520 1918 560 1951 in
583 1921 667 1952 loco
689 1919 840 1963 turpiter
862 1918 1020 1962 (dicere)
1051 1920 1107 1960 11,
1140 1921 1173 1959 1,
1206 1915 1261 1950 14.
1287 1928 1416 1960 corpus
1442 1918 1579 1951 inculto

95 1959 178 1992 loco
202 1958 288 2002 poni
316 1960 516 2005 (ambigue)
541 1966 576 2003 7,
602 1965 637 2004 9,
665 1965 687 1998 5
711 1969 753 1998 Z.
796 1966 879 1998 loco
903 1965 1054 2006 injuriae
1080 1963 1116 2003 4,
1138 1966 1174 2005 2,
1201 1964 1278 1996 113.
1307 1963 1471 1996 omnibus
1494 1964 1518 1996 l.
1543 1966 1579 2005 6,

36 2035 43 2038 .
98 2005 135 2047 3,
166 2006 225 2038 72.
273 2005 373 2038 nuno
396 2017 468 2040 non
503 2013 540 2041 et
561 2013 720 2052 tempore
744 2015 780 2043 et
807 2010 833 2043 l.
858 2011 915 2052 10,
939 2012 972 2049 7,
996 2012 1053 2043 25.
1089 2010 1171 2042 1000
1204 2008 1359 2041 alienum
1400 2008 1580 2052 (dictum)

95 2050 132 2093 6,
158 2050 192 2093 3,
216 2051 278 2092 333
308 2056 403 2084 artus
426 2052 531 2086 etiam
548 2053 677 2087 leviter
696 2055 779 2088 1000
801 2054 890 2089 moti
911 2058 948 2097 7,
971 2057 1007 2096 3,
1031 2053 1095 2095 34;
1122 2055 1273 2095 ambigue
1296 2055 1437 2087 dicium:
1469 2065 1579 2098 eques

94 2096 220 2137 Rom,
256 2097 300 2130 ad
325 2108 431 2140 quem
454 2098 493 2131 in
516 2099 725 2141 spectaculis
746 2099 926 2133 bibentem
949 2110 1029 2132 cum
1054 2099 1208 2132 misisset
1232 2099 1436 2145 Augustus,
1461 2099 1523 2144 qui
1546 2100 1580 2134 ei

97 2141 252 2183 diceret,
290 2142 368 2187 Ego
399 2142 430 2176 si
461 2145 636 2187 prandere
678 2146 786 2186 volo,
827 2145 970 2178 domum
1001 2154 1063 2178 eo:
1098 2145 1158 2176 Tu
1189 2143 1303 2183 enim,
1338 2144 1474 2188 inquit,
1505 2156 1579 2179 non

41 2224 46 2229 Ι
97 2186 212 2230 times,
236 2197 283 2220 ne
305 2188 425 2221 locum
449 2190 588 2232 perdas.
614 2191 648 2231 6,
679 2191 714 2231 3,
736 2191 782 2225 63
807 2191 854 2223 N.
882 2189 917 2232 e)
944 2193 977 2222 in
1001 2191 1264 2234 quaestionibus:
1293 2190 1395 2223 locus
1423 2190 1467 2223 ad
1494 2202 1582 2225 cau-

98 2243 173 2266 sam
200 2239 304 2267 extra
326 2235 478 2276 pertinet
501 2233 537 2277 4,
564 2238 597 2277 1,
622 2236 678 2268 31.
707 2235 751 2276 cs.
777 2236 808 2274 5,
837 2237 872 2277 3,
896 2237 940 2270 37
966 2237 1013 2269 Ν.
1037 2236 1071 2273 6,
1097 2236 1131 2276 3,
1157 2237 1233 2268 101.
1267 2235 1305 2277 9,
1340 2237 1373 2274 3,
1410 2238 1486 2270 102.
1522 2240 1579 2281 11,

52 2325 57 2331 .
91 2281 130 2359 (13,
151 2277 210 2312 46.
258 2279 303 2312 (10
329 2280 434 2323 1000,
472 2290 544 2325 quo
568 2291 628 2315 res
654 2287 755 2328 gesta
780 2281 926 2323 dicitur,
958 2279 1081 2325 quaeri
1112 2281 1204 2314 solet
1238 2283 1276 2324 2,
1306 2279 1343 2324 4,
1377 2282 1432 2318 19.
1462 2281 1508 2324 cs.
1541 2282 1578 2328 3,

32 2348 53 2374 ⁴-
124 2349 138 2368 ,
174 2326 234 2359 25.

39 2353 67 2423 ᾖ
188 2379 241 2424 11)
277 2383 320 2415 de
344 2383 472 2425 spatio,
507 2382 727 2427 adjunctoque
762 2383 871 2417 Genit.
899 2390 931 2416 et
953 2385 1037 2416 Dat.
1062 2384 1224 2416 interdum
1250 2385 1275 2416 i.
1299 2395 1332 2428 q.
1359 2382 1575 2425 facultas.

42 2422 135 2481 ξφα)
169 2426 337 2462 Nominat.
380 2426 418 2470 a)
450 2427 557 2462 debet
578 2439 707 2463 vacare
728 2429 853 2471 locus,
883 2427 922 2461 in
944 2438 1016 2472 quo
1039 2434 1228 2470 notentur,
1254 2439 1346 2472 quae
1369 2437 1431 2463 eto.
1459 2433 1516 2473 10,
1542 2434 1579 2475 3,

40 2478 69 2508 ..ἒ
95 2473 154 2506 33.
179 2471 224 2513 cf.
249 2473 283 2515 9,
310 2471 347 2515 4,
374 2474 452 2507 118.
497 2473 538 2515 b)
565 2475 635 2516 adj.
661 2475 791 2508 Genu„-
817 2473 847 2507 si
872 2474 1023 2507 actionis
1045 2474 1222 2517 supererit
1242 2475 1345 2509 locus
1369 2478 1403 2518 6,
1428 2478 1463 2518 1,
1485 2477 1509 2511 6
1528 2479 1576 2510 Ν.

40 2522 75 2567 ig,
97 2523 178 2551 cum
209 2518 427 2552 defendendi
455 2519 656 2565 negandive
690 2529 763 2552 non
799 2525 854 2554 est
882 2521 984 2554 locus
1013 2520 1056 2563 5,
1081 2522 1147 2562 13,
1170 2522 1205 2554 8.
1251 2531 1332 2554 cum
1364 2521 1451 2554 mihi
1484 2524 1578 2566 apud

39 2569 64 2605 ,Γ
95 2566 133 2596 te
170 2564 272 2599 locus
302 2564 349 2598 sit
383 2564 489 2598 etiam
515 2574 581 2608 pro
612 2565 724 2599 altero
752 2566 966 2609 deprecandi
995 2567 1035 2607 5,
1062 2568 1124 2608 10,
1149 2567 1204 2600 93.
1250 2572 1305 2600 est
1326 2568 1353 2601 l.
1381 2569 1577 2611 quaerendi

96 2609 138 2650 3,
161 2609 204 2651 8,
229 2612 288 2643 21.
360 2611 398 2652 0)
438 2610 507 2653 adj.
531 2613 638 2644 Dat..-
674 2611 836 2657 frugibus
864 2611 902 2644 in
936 2617 1030 2644 terra
1064 2611 1222 2645 sentibus
1251 2620 1422 2656 occupata
1456 2613 1576 2656 (locus

96 2664 160 2686 non
182 2652 247 2696 esi)
271 2658 339 2695 '12,
365 2658 407 2698 1,
435 2659 469 2690 7.
520 2655 648 2699 quibus
671 2656 818 2700 (poetis)
855 2658 972 2690 nullus
1005 2663 1058 2690 est
1088 2656 1126 2690 in
1156 2657 1380 2692 bibliothecis
1403 2660 1494 2700 100.,
1531 2660 1576 2692 sit

52 2733 59 2739 ,
97 2697 203 2732 etiam
239 2700 296 2734 fre
321 2711 411 2735 nens
451 2701 490 2735 in
532 2701 678 2735 theatris
713 2704 778 2744 11,
811 2704 857 2745 3,
888 2701 923 2735 4.
979 2701 1114 2746 primus
1153 2702 1200 2736 in
1252 2714 1298 2738 eo
1338 2704 1574 2751 grammaticis

62 2771 63 2774 ,
97 2747 152 2794 qst
172 2744 198 2777 1.
229 2747 270 2788 1,
294 2713 337 2789 41,
365 2750 397 2781 1.
451 2758 517 2791 per
543 2752 652 2781 totam
683 2757 826 2781 causam
857 2747 1040 2781 affectibus
1072 2754 1127 2782 est
1155 2749 1181 2784 1.
1211 2749 1258 2792 6,
1282 2751 1324 2792 2,
1351 2754 1385 2783 2.
1441 2750 1575 2794 cogita-

63 2803 65 2805 ·
95 2791 186 2825 ilem
215 2792 440 2835 temporis
476 2803 518 2826 ac
547 2791 640 2826 loci
660 2793 861 2836 ,plurimum
892 2799 946 2827 est
979 2796 1047 2836 10,
1081 2794 1125 2836 6,
1159 2797 1194 2828 1.
1234 2794 1282 2828 in
1311 2795 1367 2829 his
1391 2796 1573 2835 coniectu-

58 2871 61 2873 ,
95 2842 157 2867 rae
177 2834 203 2868 l.
224 2840 281 2870 est
301 2838 347 2880 3,
369 2839 416 2881 8,
433 2836 468 2872 4.
514 2849 685 2882 perquam
707 2838 754 2874 sit
777 2838 929 2886 exiguus
955 2838 1181 2884 eloquentiae
1210 2841 1235 2876 l.
1266 2843 1311 2884 2,
1339 2844 1400 2883 17,
1425 2843 1485 2876 28.
1533 2840 1572 2874 in
