1742 2964
180 120 288 159 1016

179 229 383 276 [Potitii
429 230 495 272 (Z.
525 230 568 262 de
591 228 698 273 conj„
734 230 800 273 Sp.
822 230 914 274 Pici,

225 292 330 326 codd.
355 287 516 334 Pythici)
542 290 577 330 1,
601 288 636 330 6,
661 289 707 322 30
731 287 786 334 S.]

176 348 501 386 Praenestini.
550 349 583 387 1,
610 346 643 386 5,
669 348 727 381 56.

175 399 463 444 Praxiteles.
492 410 639 450 sculptor
662 408 698 449 2,
722 408 778 450 19,
802 409 835 442 3.
866 409 910 443 ad

221 459 410 503 veritatem
423 466 555 511 optime
568 465 717 499 accessit
735 469 790 509 12,
806 469 861 508 10,
873 469 909 503 9.

175 527 378 564 Priamu
389 537 417 560 s.
451 526 528 570 ejus
559 526 673 560 verba
701 536 758 569 ap.
782 525 911 560 Achil-

221 588 293 620 lem
309 588 343 629 3,
361 587 395 628 8,
414 585 471 620 53.
499 583 544 626 cs.
561 586 618 628 10,
634 586 669 628 1,
686 585 742 620 50.
765 585 910 622 Priamo

224 645 422 679 assidentes
447 645 483 688 8,
509 643 544 687 4,
572 646 630 681 21.

175 703 462 739 Privernati
485 702 568 748 (in).
604 703 641 743 6,
666 704 701 745 3,
725 700 784 738 44.

175 762 477 799 Proculeius.
506 762 542 803 6,
566 763 600 802 3,
624 762 681 796 79.
705 763 738 804 9,
762 765 797 807 3,
822 764 878 799 68.

176 824 429 859 Proculus.
457 834 491 857 v.
516 820 695 856 Artorius.

176 884 458 921 Prodamus.
519 881 611 925 apud
664 880 831 925 Eupolim
874 887 911 917 et

221 940 385 977 musicen
417 946 454 976 et
484 940 620 976 litteras
645 940 752 976 docet
780 944 818 984 1,
857 945 914 987 10,

225 1002 283 1036 17.

177 1059 423 1097 Prodicus
444 1059 541 1095 Cius.
567 1060 691 1103 rhetor,
716 1071 798 1096 cum
820 1061 914 1096 Gor-

222 1120 281 1167 gia
311 1119 432 1154 floruit
468 1122 515 1162 3,
547 1122 593 1163 1,
629 1121 683 1154 10.
730 1122 822 1155 Inter
848 1133 915 1164 eos,

223 1179 285 1224 qui
325 1179 432 1224 primi
469 1178 615 1213 affectus
651 1183 822 1214 tractasse
858 1179 914 1215 di-

226 1242 356 1271 cuntur
380 1239 414 1280 3,
441 1239 474 1281 1,
500 1241 557 1272 12.
607 1238 689 1284 Quo
710 1239 811 1273 velut
827 1240 913 1273 dor-

223 1297 390 1330 mitantes
409 1296 546 1340 judices
567 1296 717 1331 excitari
733 1299 913 1343 putaverit

225 1353 261 1398 4,
289 1358 322 1398 1,
347 1357 404 1389 73.

177 1435 223 1443 ·—
250 1415 343 1458 apud
366 1413 650 1457 Xenophontem
672 1413 707 1456 9,
731 1416 766 1455 2,
791 1415 852 1449 36.

178 1473 438 1517 Propertiu
453 1485 491 1516 s,
527 1473 567 1507 S.
602 1471 692 1508 Aur.
740 1476 911 1508 Iudicium

225 1533 268 1565 de
299 1545 336 1566 eo
366 1535 422 1574 10,
449 1535 483 1576 1,
509 1534 566 1567 93.

178 1590 503 1636 Proserpinae
538 1596 661 1636 raptus
686 1593 742 1634 11,
768 1593 804 1635 3,
832 1590 911 1627 164.

178 1650 474 1697 Protagoras
511 1649 715 1685 Abderites.
764 1652 913 1694 sophista

225 1722 252 1743 s.
279 1710 390 1742 rhetor
414 1711 435 1744 3
451 1734 461 1752 ,
486 1707 532 1751 4,
559 1712 614 1744 10.
664 1703 754 1744 Cum
780 1710 913 1756 Gorgia

224 1767 348 1802 floruit
379 1770 426 1811 3,
459 1771 478 1803 1
495 1795 506 1812 ,
532 1771 587 1803 10.
634 1766 694 1803 Ab
719 1779 764 1803 eo
788 1770 914 1803 decem

224 1826 369 1861 milibus
402 1827 631 1862 denariorum
661 1827 828 1862 didicisse
855 1839 914 1861 ar-

224 1891 299 1920 tem
322 1887 493 1920 Euathlus
518 1886 646 1920 dicitur
670 1889 713 1921 ib.
753 1886 914 1928 Refertur

224 1949 258 1978 in
285 1949 344 1990 iis,
370 1949 427 1992 qui
449 1946 556 1991 primi
580 1957 788 1980 communes
811 1948 913 1980 locos

225 2010 399 2040 tractasse
424 2005 591 2040 dicuntur
615 2008 651 2049 3,
677 2007 710 2046 1,
738 2006 781 2037 12
806 2005 844 2037 S.

179 2063 495 2112 Protogenes.
526 2067 659 2109 pictor,
683 2073 769 2097 cura
793 2064 914 2097 excel-

226 2124 292 2158 luit
317 2127 374 2168 12,
401 2127 456 2168 10,
482 2123 517 2158 6.

179 2183 468 2220 Proverbia.
499 2181 669 2216 Indoctos
690 2192 710 2215 a
726 2179 842 2214 Musis
864 2184 915 2213 at-

227 2255 297 2288 que
324 2255 344 2278 a
370 2241 501 2277 Gratiis
531 2241 658 2275 abesse
689 2242 706 2273 1
723 2265 733 2282 ,
759 2242 828 2278 10,
855 2241 914 2273 21.

226 2303 325 2336 Dum
357 2302 499 2336 clavum
534 2305 672 2334 rectum
703 2304 844 2332 teneam
878 2300 914 2341 2,

230 2363 287 2403 17,
311 2359 368 2394 24.
415 2361 498 2394 Non
523 2364 684 2393 nostrum
709 2367 817 2390 onus:
849 2356 915 2390 bos

227 2419 378 2454 clitellas
412 2420 458 2460 5,
494 2419 558 2462 11,
592 2419 652 2452 21.
698 2416 781 2449 Non
804 2425 915 2451 ovum

228 2484 298 2513 tam
325 2477 440 2512 simile
465 2487 539 2511 ovo
571 2475 616 2520 5,
649 2477 715 2518 11,
741 2477 796 2509 30.
844 2473 915 2508 Ubi

229 2536 356 2580 amici,
380 2536 431 2570 ibi
455 2546 542 2579 opes
567 2535 601 2578 5,
626 2536 685 2578 11,
709 2531 767 2567 41.
816 2531 915 2567 Con-

231 2594 380 2629 scientia
414 2594 510 2628 mille
548 2598 658 2628 testes
704 2595 747 2626 ib.
795 2590 913 2627 Pares

233 2664 313 2686 cum
329 2653 473 2698 paribus
497 2651 668 2686 facillime
693 2661 914 2697 congregan-

232 2718 289 2749 tur
308 2714 351 2746 ib.
391 2713 473 2748 Non
491 2713 584 2748 male
600 2709 798 2757 respondit,
821 2710 914 2746 male

579 115 717 157 Index
750 113 984 157 Nominum
1014 116 1316 172 Propriorum.

1027 231 1123 267 enim
1146 232 1245 277 prior
1268 232 1328 268 ille
1345 239 1487 281 rogarat
1511 233 1549 275 5,
1569 235 1624 276 13,
1648 233 1705 268 42.

1027 292 1143 337 Quem
1167 299 1281 327 mater
1304 293 1469 328 amictum
1493 293 1602 334 dedit,
1631 295 1707 328 sol-

1023 349 1121 385 licite
1146 352 1323 386 custodire
1347 355 1392 396 5,
1417 351 1480 396 14,
1505 354 1563 386 31.
1610 352 1707 386 Nihil

1022 410 1181 453 facilius,
1205 423 1307 456 quam
1333 412 1512 455 lacrimae,
1540 411 1709 446 inarescit

1024 470 1060 512 6,
1085 473 1117 512 1,
1141 473 1199 505 27.
1246 473 1367 505 Tollat
1386 477 1442 514 te,
1469 471 1621 516 quinon
1639 482 1708 505 no-

1023 529 1079 566 vit
1112 530 1156 572 6,
1182 532 1230 574 3,
1252 532 1310 566 97.
1357 532 1532 566 Transeat
1553 531 1709 565 tibicinis

1025 588 1142 623 Latini
1159 590 1267 623 modo
1291 590 1324 632 7,
1351 592 1384 633 1,
1409 590 1466 625 51.
1515 589 1708 625 Cornicum

1025 650 1150 682 oculos
1174 649 1353 695 configere
1387 650 1430 691 8,
1460 651 1502 693 3,
1525 652 1584 684 22.
1631 649 1709 683 Au-

1025 707 1123 742 loedi
1160 713 1264 749 sunt,
1305 708 1366 754 qui
1400 707 1596 743 citharoedi
1631 708 1710 743 fieri

1025 777 1098 801 non
1122 773 1315 812 potuerunt
1344 769 1378 811 8,
1402 770 1439 811 3,
1460 770 1517 804 79.
1565 767 1711 812 Diony-

1025 825 1098 860 sius
1123 826 1286 861 Corinthi
1312 829 1348 871 8,
1371 828 1407 870 6,
1430 830 1486 863 52.
1531 829 1579 862 Ut
1595 828 1709 869 vivat,

1026 897 1202 931 quemque
1223 878 1335 921 etiam
1360 886 1480 922 dicere
1508 890 1564 930 11,
1594 890 1628 931 1,
1652 889 1710 923 30.

1029 944 1135 980 Omni
1163 947 1254 992 pede
1287 947 1451 981 standum
1481 951 1536 981 est
1567 949 1612 980 12
1623 970 1636 991 ,
1673 947 1710 992 9,

1028 1004 1085 1038 18.

980 1059 1036 1096 Ps
1049 1072 1071 1096 ο
1085 1074 1109 1107 p
1120 1063 1143 1097 h
1155 1073 1176 1096 o
1189 1062 1210 1095 d
1221 1072 1309 1097 ees.
1356 1061 1478 1098 fabula
1520 1062 1712 1098 Menandri

1028 1124 1084 1163 10,
1113 1125 1145 1163 1,
1167 1121 1226 1156 70.
1671 1132 1677 1136 ‘

980 1180 1123 1218 Ptole
1136 1191 1266 1214 maen
1278 1190 1316 1223 s,
1340 1177 1632 1225 qu'rPompejum
1647 1189 1712 1215 oc-

1027 1239 1115 1273 cidit
1137 1242 1172 1280 7,
1196 1242 1231 1281 2,
1255 1242 1289 1273 6.
1387 1263 1390 1273 ,
1528 1237 1531 1240 “

980 1297 1209 1334 Publilia.
1253 1297 1290 1340 6,
1318 1298 1352 1339 3,
1376 1296 1422 1332 75
1446 1297 1495 1332 Ν.
1521 1309 1569 1332 cr·

981 1357 1012 1393 P
1023 1368 1045 1389 u
1054 1357 1076 1389 b
1087 1357 1100 1388 1
1110 1358 1122 1386 i
1133 1367 1152 1388 c
1162 1357 1203 1388 ol
1212 1367 1242 1388 a.
1271 1357 1312 1387 ab
1342 1367 1379 1388 eo
1404 1356 1571 1389 traditum
1594 1357 1711 1391 fasces

1026 1414 1161 1458 populo
1187 1413 1406 1447 summittere
1430 1416 1464 1456 3,
1487 1417 1523 1458 7,
1549 1414 1593 1448 18
1618 1415 1667 1451 N.

978 1485 1284 1530 Publipores.
1333 1488 1366 1526 1,
1387 1483 1425 1529 4,
1447 1485 1505 1520 26.

979 1557 1127 1596 Punic
1139 1568 1162 1592 o
1197 1557 1294 1592 bello
1327 1556 1427 1593 servi
1463 1562 1645 1591 armentur
1675 1558 1709 1600 3,

1027 1618 1061 1660 8,
1089 1619 1145 1651 30.

980 1690 1012 1727 P
1023 1701 1075 1735 yr
1085 1701 1103 1723 r
1115 1690 1140 1723 h
1153 1699 1174 1723 o
1183 1700 1219 1724 n.
1243 1689 1415 1732 Scepticus
1442 1688 1499 1732 12,
1523 1689 1558 1730 2,
1581 1669 1641 1721 24.

980 1761 1202 1807 Pyrrhus.
1229 1772 1299 1804 qua
1322 1765 1441 1794 mente
1464 1760 1592 1794 foedus
1615 1764 1712 1803 petat

1026 1822 1063 1865 7,
1087 1823 1124 1860 2,
1148 1819 1181 1854 5.
1209 1818 1380 1852 deformis
1405 1819 1477 1863 ejus
1501 1829 1571 1862 pax
1593 1821 1628 1860 2,
1654 1819 1710 1861 16,

1026 1884 1060 1916 7.
1083 1880 1235 1924 juvenes
1261 1877 1447 1912 Tarentini
1471 1878 1579 1910 multa
1603 1877 1648 1910 de
1672 1890 1710 1910 eo

1028 1938 1189 1974 securius
1223 1936 1317 1971 inter
1352 1947 1501 1970 coenam
1535 1935 1647 1969 locuti
1676 1937 1711 1977 6,

1026 2001 1069 2043 3,
1098 2001 1152 2032 10.
1188 1994 1347 2030 mulieris
1374 2006 1483 2029 manu
1503 1994 1713 2029 interfectus

1029 2059 1062 2100 5,
1089 2060 1145 2101 11,
1172 2058 1228 2090 10.

982 2122 1011 2157 P
1023 2127 1069 2167 yt
1079 2123 1104 2155 h
1113 2131 1162 2166 ag
1173 2130 1194 2153 o
1205 2130 1251 2153 ra
1261 2130 1291 2152 s.
1313 2119 1541 2162 philosophus,
1559 2117 1618 2151 De
1629 2118 1712 2150 har-

1028 2179 1149 2215 monia
1167 2177 1291 2212 mundi
1316 2179 1357 2220 1,
1386 2180 1448 2221 10,
1473 2179 1529 2211 12.
1574 2177 1712 2220 Pytha-

1028 2237 1148 2287 goreis
1170 2236 1280 2271 moris
1302 2235 1395 2280 fuit,
1434 2241 1469 2269 et
1493 2246 1572 2269 cum
1596 2235 1714 2282 evigi-

1027 2300 1181 2341 lassent,
1213 2294 1350 2331 animos
1385 2295 1430 2331 ad
1461 2296 1575 2339 lyram
1611 2294 1715 2331 exci-

1028 2363 1123 2398 tare,
1161 2361 1196 2391 et
1229 2366 1310 2390 cum
1341 2364 1507 2388 somnum
1534 2358 1713 2401 peterent,

1029 2416 1074 2449 ad
1098 2414 1222 2449 eadem
1255 2412 1354 2457 prius
1379 2411 1493 2446 lenire
1518 2418 1657 2446 mentes
1677 2413 1713 2462 9,

1027 2472 1064 2517 4,
1089 2475 1146 2507 12.
1171 2472 1397 2519 Pythagoras
1419 2481 1493 2506 non
1517 2470 1714 2516 sapientem

1028 2542 1090 2577 se,
1123 2531 1186 2565 sed
1209 2530 1404 2566 studiosum
1428 2528 1624 2574 sapientiae
1643 2537 1717 2565 vo·

1028 2590 1101 2625 cari
1125 2588 1243 2624 voluit
1273 2592 1339 2630 12,
1372 2592 1389 2622 1
1408 2614 1419 2632 ,
1452 2590 1506 2625 19.
1558 2586 1714 2634 Contigit

1030 2649 1082 2684 illi
1119 2648 1212 2683 inter
1252 2647 1444 2692 discipulos
1483 2649 1565 2686 illuct
1578 2672 1588 2688 ,
1633 2646 1714 2688 Ipse

1030 2707 1121 2744 dixit
1156 2709 1220 2749 11,
1256 2711 1296 2751 1,
1321 2710 1378 2743 27.
1425 2705 1612 2753 Quomodo
1637 2705 1712 2748 Py-
