1728 3002
0 251 2 253 ·
0 62 21 244 *ww-221*
4 44 22 51 ·,
0 0 26 24 ἰῇ

526 179 797 226 Conflictatlo
826 203 884 214 —-
913 177 1138 223 Confundo
1507 183 1600 224 *15⁷

98 300 155 336 -id
178 297 322 345 qddem
351 295 710 334 confitebantur
734 312 779 322 -
802 299 923 330 tamen
944 292 1176 341 negabant
1203 296 1244 338 1,
1269 293 1316 336 6,
1340 294 1397 330 10.
1424 291 1472 335 ‹ffi-
1495 292 1543 336 6,
1563 295 1599 337 7,

118 349 175 382 17.
206 354 283 380 nou
307 343 455 379 videtur
476 343 516 377 iu
540 342 757 389 negando
781 341 1055 376 mentiturus
1085 340 1223 383 fuisse,
1263 339 1334 374 uisi
1363 339 1600 384 desperasset,

86 417 90 420 -
116 392 156 427 id
175 401 283 440 posse
309 389 473 432 defendi,
503 387 535 423 si
558 387 882 423 confiteretur
903 389 948 430 5,
971 388 1042 429 12,
1065 387 1108 428 ὃς
1149 386 1274 421 utilem
1294 396 1376 421 eam
1409 388 1600 428 (scientiam

116 440 198 473 bene
219 435 371 480 dicendi)
405 434 644 470 confitendum
667 439 722 468 est
747 435 791 476 2,
818 434 883 476 16,
906 436 966 468 11.
991 430 1039 474 cff-
1063 434 1128 475 10,
1150 434 1194 475 7,
1216 431 1250 466 4-
1327 429 1371 478 y)
1396 434 1421 465 ἰ.
1446 445 1478 477 q.
1506 445 1599 466 con-

116 484 276 525 tendo.-
305 482 383 528 Ego
401 491 494 516 vero
517 479 710 523 confiteor,
739 479 910 514 disertum
930 483 1198 524 praeceptorem
1220 478 1432 522 prudentem
1455 488 1601 523 quoque

116 546 163 554 -
180 539 261 568 esse
284 532 452 572 oportere
474 529 510 570 2,
525 528 562 567 3,
586 529 608 562 7
633 530 677 560 Ζ.
705 524 750 567 cs.
768 525 805 568 4,
829 526 866 567 3,
887 523 926 559 4.
1003 523 1012 532 ”
1037 525 1228 568 complexu
1247 524 1420 558 orationis
1437 524 1601 559 accidere

116 585 198 611 erum
222 571 447 619 (sulm-ism.)
472 572 687 607 confitentur
713 573 754 615 1,
780 572 822 612 5,
844 569 902 606 34.
1025 573 1150 604 Panic.
1165 585 1176 604 .-
1206 571 1370 604 confessa
1394 571 1428 613 5,
1457 573 1513 612 10,
1538 571 1597 606 95.

117 620 165 664 5,
187 622 255 663 13,
280 622 315 656 7.
348 624 653 655 controversa
678 615 917 652 confessis
940 617 1093 660 probare
1116 617 1159 658 5,
1186 615 1254 659 14,
1282 617 1335 650 14.
1364 614 1409 658 cs.
1435 619 1471 657 7,
1497 619 1536 657 1,
1561 617 1596 651 5.

115 667 162 700 ad
191 663 426 710 liquidum
455 665 805 708 confessumque
833 663 1034 707 perducunt
1064 662 1183 696 omnia
1217 663 1262 706 5,
1290 661 1354 705 14,
1380 662 1439 697 28.
1481 663 1601 698 adhuc

113 721 300 748 versamur-
323 709 363 745 in
388 709 565 745 confessis
590 712 626 753 7,
654 711 693 751 1,
719 709 776 744 48.
813 719 904 754 quae
928 717 984 742 ex
1008 709 1238 743 confesso
1262 708 1335 743 sint
1358 707 1474 752 turpia
1496 710 1542 750 3,
1563 709 1599 751 5,

113 759 158 800 ὃς
192 755 437 792 adversarium
458 755 560 802 quasi
581 756 789 790 confessum
809 760 971 789 tenemus
993 754 1038 798 6,
1060 753 1105 795 4,
1134 754 1190 789 18.
1219 760 1466 801 argumentum
1490 761 1599 789 con-

112 809 381 839 troversum
403 812 470 847 pro
493 802 711 836 confesso
736 803 771 845 5,
798 802 854 844 13,
879 799 937 835 34.
967 798 1012 841 es.
1037 800 1081 843 5,
1106 802 1171 843 12,
1194 802 1232 834 2.
1268 811 1501 844 apparens
1523 811 1600 834 ma-

111 848 167 896 gis
190 860 297 894 quam
318 849 438 884 conf.
459 848 557 884 fictio
579 849 614 888 9,
637 850 675 891 2,
696 846 757 882 46.
794 847 1068 882 confessum
1095 845 1147 886 (α.
1170 849 1194 879 1.
1220 845 1401 890 concess.)
1429 857 1479 881 ex
1498 852 1600 881 utra-

112 905 184 940 que
208 900 311 938 parte
336 894 392 938 ius
416 900 473 928 est
495 899 556 927 aut
581 892 768 926 dubium
790 895 836 935 7,
862 895 906 934 7,
933 894 956 928 7
982 895 1026 926 Ζ.
1070 891 1269 935 propositio
1296 897 1357 926 aut
1381 892 1511 928 conf.
1538 897 1600 926 aut

110 936 368 1028 315⁰?“dp‘0
376 937 635 1025 1⁵0⁹..¹‘};.{3·-
671 936 1599 1028 ffiseffffrasssffi'ilss‘ffifiuffiffnffessss

112 1041 212 1065 suam
237 998 453 1076 goufiteutur
476 1030 522 1074 9,
545 1028 589 1073 4,
612 1030 669 1065 39.
699 1040 842 1064 omnem
865 1035 1003 1071 artem,
1037 1039 1129 1072 quae
1153 1030 1300 1064 latere
1323 1030 1534 1074 plerumque
1559 1030 1599 1064 in

110 1075 251 1121 judiciis
271 1076 395 1119 debet,
430 1086 506 1110 non
531 1074 765 1110 confiteri
790 1075 923 1119 modo,
958 1074 1025 1109 sed
1052 1079 1320 1109 ostentare
1346 1075 1453 1109 etiam
1478 1075 1599 1110 homi-

110 1122 215 1157 uibus
237 1121 277 1156 in
294 1122 367 1156 hoc
389 1122 573 1156 advocatis
594 1123 638 1164 2,
663 1122 725 1162 10,
755 1123 820 1165 11;
861 1125 999 1156 motum
1030 1118 1139 1154 animi
1170 1120 1225 1155 sui
1250 1120 1406 1155 lacrimis
1433 1121 1598 1157 confiteri

108 1168 146 1212 6,
169 1170 204 1210 1,
224 1169 283 1202 23.
313 1166 583 1201 admirationem
597 1177 698 1200 suam
714 1176 788 1200 non
808 1166 1061 1201 acclamatione
1078 1171 1232 1210 tauhun,
1256 1168 1320 1201 sed
1341 1167 1448 1201 etiam
1469 1169 1596 1212 plausu

109 1213 337 1248 confiteretur
359 1213 402 1255 8,
425 1215 469 1255 3,
492 1215 526 1247 3.
563 1217 762 1247 commotus
789 1211 919 1256 judex,
947 1211 1035 1257 quid
1056 1211 1205 1256 sentiat,
1231 1214 1360 1247 sedens
1386 1215 1503 1248 adhuc
1523 1220 1596 1259 atq.

67 1300 71 1302 ¹
107 1259 255 1294 audiens
276 1258 466 1293 confitetur
487 1259 524 1302 6,
547 1261 583 1301 2,
606 1261 655 1300 7;
683 1256 876 1302 praeterito
899 1263 1061 1303 tempore
1083 1258 1185 1293 varie
1211 1259 1360 1293 formari
1385 1260 1498 1295 verba
1519 1259 1599 1304 ipsa

105 1304 272 1352 analogia
289 1304 502 1339 confiteatur
522 1307 558 1348 1,
580 1305 617 1347 6,
642 1304 687 1338 15
705 1308 750 1338 Ζ.
778 1303 823 1345 ej:
841 1303 877 1346 4,
899 1307 935 1347 2,
962 1306 1042 1339 122.
1069 1314 1113 1339 ea
1136 1304 1187 1348 (in
1210 1303 1362 1348 dicendo)
1387 1307 1597 1351 plerumque

109 1356 244 1385 recta
266 1356 392 1394 suut,
427 1361 497 1385 nec
522 1361 569 1384 se
594 1348 783 1397 fingunt
809 1355 846 1384 et
869 1349 1178 1386 confitentur.
1231 1350 1506 1386 Admittunt
1531 1364 1598 1386 au-

107 1402 181 1431 tem
203 1395 383 1442 figuras
405 1395 451 1439 9,
473 1399 513 1439 2,
536 1395 559 1430 5
581 1396 629 1429 N.
659 1393 831 1440 (ornatus)
853 1395 1058 1442 pressior
1080 1401 1118 1431 et
1142 1397 1358 1434 severior
1383 1403 1421 1432 et
1442 1398 1597 1433 miuus

106 1443 362 1480 coufessus
383 1441 421 1486 8,
448 1443 484 1484 3,
506 1444 550 1477 13
577 1445 621 1476 Ζ.

61 1497 344 1549 Conflictafio·
377 1526 424 1534 —
451 1508 623 1544 deformis
647 1514 686 1544 et
708 1508 936 1544 incommoda
959 1508 1085 1544 turbae
1107 1511 1144 1553 3,
1169 1510 1205 1554 8,
1221 1508 1293 1546 ’29.

62 1553 304 1598 conflictio.
339 1585 386 1592 -
410 1565 524 1610 prima
545 1577 734 1600 causarum
755 1567 870 1609 3,.6,
892 1564 929 1600 4.
951 1569 987 1602 7.
1020 1569 1077 1601 11.
1106 1568 1257 1601 duorum
1281 1566 1377 1602 inter
1398 1577 1439 1602 se
1462 1578 1595 1613 corpo-

105 1623 188 1647 rum
214 1611 322 1652 confi.
350 1613 394 1644 ih.
414 1612 448 1646 6.
480 1612 568 1655 juris
592 1611 819 1657 quaestiones
843 1613 962 1646 solent
984 1623 1064 1646 esse
1085 1623 1343 1659 nonnunquam
1364 1625 1414 1648 ex
1435 1614 1515 1649 aliis
1540 1619 1596 1650 at-

105 1669 177 1704 que
203 1657 280 1691 aliis
304 1655 589 1692 conflictionibus
612 1657 665 1702 (a.
689 1662 713 1692 1.
734 1658 947 1702 conflictat.)
973 1661 1011 1703 7,
1039 1662 1074 1702 1,
1099 1660 1156 1694 18.

62 1701 272 1766 Gouffigp·
304 1713 437 1758 duplici
456 1714 534 1749 acie
550 1714 754 1761 confligitur
773 1715 808 1759 5,
830 1718 867 1758 7,
892 1717 928 1749 3.
954 1714 1161 1751 conflixisse
1184 1726 1326 1750 causam
1349 1715 1446 1751 circa
1462 1715 1596 1761 primas

105 1765 332 1839 ξυέωιιουθε
356 1762 403 1804 3,
436 1759 478 1804 6,
514 1763 571 1796 12.
610 1760 776 1796 diversae
803 1771 947 1808 quoque
970 1762 1069 1808 leges
1093 1761 1291 1809 confligunt
1314 1768 1375 1796 aut
1398 1763 1533 1798 similes
1558 1767 1595 1804 7,

59 1829 226 1911 (ἶθῖὶῌῠο
242 1859 440 1913 ’Victorias
463 1873 587 1896 aureas
608 1861 648 1895 in
670 1873 774 1898 usum
796 1863 882 1898 belli
904 1861 1056 1899 conflari
1073 1862 1111 1907 9,
1133 1864 1170 1907 2,
1193 1863 1260 1907 92;
1288 1864 1465 1901 conflatos
1485 1871 1595 1900 testes

106 1907 214 1947 odlo,
238 1907 396 1949 lnvldla,
421 1907 552 1953 gratia,
575 1908 729 1952 pecunia
751 1912 795 1952 5,
820 1913 863 1953 7,
886 1912 945 1944 23.

63 1949 366 1994 conformatio.
412 1962 523 2008 figura
545 1970 600 1998 est
624 1966 722 2000 conf.
748 1965 879 2009 quaed.
908 1965 1082 2000 orationis
1107 1972 1246 2001 remota
1271 1965 1373 2011 (opit.
1400 1969 1504 2003 Codd.
1527 1980 1591 2002 om.

106 2018 160 2042 or.
185 2018 290 2059 rem.;
319 2006 365 2048 cf.
390 2005 426 2059 §.⁰
453 2010 508 2042 11.
538 2009 682 2052 proprie
708 2012 852 2045 schema
879 2011 1008 2046 dicitur
1035 2012 1152 2056 aliqua
1176 2024 1198 2046 a
1219 2013 1361 2060 vulgari
1384 2019 1420 2046 et
1441 2013 1595 2058 simplici

106 2064 227 2098 specte
251 2064 332 2087 cum
353 2057 494 2087 ratione
517 2054 683 2097 mutatio)
708 2067 729 2089 a
748 2056 928 2090 communi
950 2064 1013 2091 etc.
1037 2058 1177 2091 ratione
1201 2059 1236 2100 9,
1263 2061 1296 2100 1,
1319 2058 1344 2092 4
1367 2059 1414 2092 N.
1431 2071 1481 2092 cr.
1504 2067 1536 2092 et
1556 2062 1591 2093 S.

104 2099 211 2133 latius
238 2097 424 2142 complecti
446 2099 748 2134 conformationes
771 2101 967 2136 verborum
988 2113 1032 2137 ao
1053 2102 1308 2138 sententiarum
1329 2104 1367 2147 9,
1390 2106 1428 2147 2,
1454 2107 1486 2139 1.
1514 2110 1590 2139 tota

106 2155 234 2180 causae
257 2145 436 2179 conform.
465 2144 512 2189 (a.
535 2148 558 2178 1.
583 2144 757 2188 confirm.)
784 2149 829 2180 ib.
852 2146 912 2181 46.

59 2199 307 2242 conformo·
342 2213 537 2247 secundum
561 2212 738 2248 rationem
763 2213 1022 2249 conformanda
1046 2223 1127 2250 vox
1153 2216 1210 2258 11,
1232 2216 1268 2258 3,
1290 2213 1351 2250 45.

57 2256 362 2311 confragosus·
409 2270 705 2317 confragosis
736 2277 842 2316 atque
873 2270 1055 2314 asperis
1091 2271 1210 2306 evecti
1231 2272 1277 2315 6,
1309 2274 1351 2314 1,
1378 2271 1449 2315 52,
1484 2283 1592 2320 argu-

105 2317 227 2346 menta
246 2314 348 2348 velut
370 2316 486 2349 confir.
506 2317 540 2358 5,
562 2317 597 2357 8,
624 2319 657 2350 1.
687 2318 787 2352 velut
810 2315 1017 2363 confragosi
1038 2328 1165 2351 versus
1189 2323 1226 2351 et
1247 2317 1395 2352 nomina
1412 2321 1446 2361 1,
1470 2321 1506 2362 1,
1529 2322 1588 2354 37.

107 2369 199 2402 quae
225 2359 359 2392 crebris
385 2361 575 2407 parvisque
602 2362 788 2397 conatibus
819 2374 860 2398 se
889 2363 1058 2398 attollunt
1084 2362 1356 2410 inaequalia
1383 2369 1521 2403 tantum
1552 2371 1590 2400 et

102 2405 205 2439 velut
231 2405 514 2452 confragosa
537 2409 574 2451 8,
599 2409 635 2452 5,
657 2409 715 2444 29.

59 2446 284 2512 (ἷοῐὶᾗζὲὶθυ
322 2462 367 2495 ad
385 2473 509 2506 preces
533 2464 695 2511 confugit
716 2465 753 2508 6,
780 2467 814 2507 1,
837 2462 875 2498 4.
902 2464 999 2508 quod
1021 2482 1068 2488 —
1090 2466 1136 2499 ad
1159 2465 1353 2510 eloquendi
1376 2467 1503 2511 quaed.
1526 2468 1589 2501 de-

104 2507 277 2540 verucula
303 2509 506 2543 necessario
524 2511 712 2560 ,confugiat
738 2510 883 2553 (poesis)
909 2512 971 2553 10,
997 2513 1015 2544 1
1032 2535 1042 2553 ,
1065 2512 1124 2547 29.
1163 2523 1198 2546 υ.
1226 2512 1588 2547 Deverticulum.

104 2561 180 2584 non
201 2553 279 2586 fere
302 2554 347 2586 ad
372 2554 466 2589 hanc
487 2554 680 2602 (invidiam)
707 2555 775 2590 nisi
798 2555 992 2590 inferiores
1014 2557 1226 2604 confugiunt
1249 2561 1308 2602 11,
1330 2560 1366 2601 3,
1392 2559 1451 2592 63.

58 2607 296 2651 confundo·
344 2620 536 2656 triclinium
567 2635 674 2667 supra
703 2622 881 2659 ‘convivas
912 2623 1071 2667 corruit,
1107 2631 1178 2670 atq.
1207 2625 1258 2660 ita
1284 2623 1447 2660 confudit
1477 2623 1532 2666 (α.
1558 2629 1584 2660 1.

102 2666 283 2717 contusi),
310 2672 351 2700 ut
377 2667 536 2702 membra
557 2671 655 2703 nulla
680 2675 766 2703 nota
787 2670 1159 2714 possent-discernere
1188 2675 1227 2705 11
1241 2697 1253 2715 ,
1278 2674 1321 2713 2,
1348 2672 1403 2704 13.
1435 2670 1585 2704 fulmina

101 2721 178 2753 ipsa
201 2721 275 2763 non
294 2717 365 2746 tam
386 2722 454 2747 uos
479 2715 760 2758 confunderent,
794 2715 826 2749 si
847 2715 905 2750 vis
927 2726 1053 2750 eorum
1079 2722 1235 2760 tantum,
1273 2726 1350 2750 non
1376 2715 1483 2750 etiam
1506 2716 1584 2760 ipse

102 2757 223 2801 fulgor
243 2762 424 2793 timeretur
445 2759 488 2803 8,
514 2760 560 2804 3,
583 2761 617 2797 5.
660 2761 743 2806 quia
767 2762 1080 2798 confundatur
1110 2763 1246 2799 animus
1273 2773 1315 2797 ao
1347 2762 1582 2809 fatigetur
