1728 3002
471 167 627 211 Semen
655 188 711 199 —-
740 159 1162 223 senatusconsultum
1498 160 1579 200 815

94 298 200 325 nere:
237 291 300 328 ut,
322 283 355 319 si
382 283 509 318 multas
543 293 666 318 causas
693 279 871 323 faciendi,
904 278 1000 324 quod
1023 276 1161 324 arguit,
1190 285 1256 328 rep
1278 274 1374 309 dicet
1398 278 1584 308 accusator

93 334 226 369 fuisse:
262 342 348 372 nos,
375 340 450 365 non
477 327 693 364 enumeratis
717 324 945 375 singulis,
970 323 1117 358 semel
1139 324 1210 357 hoc
1232 320 1441 356 intuendum
1468 329 1581 366 nege-

93 393 172 415 mus
196 381 229 420 5,
255 379 311 421 13,
335 375 394 412 14.

45 426 219 468 88111811.
259 433 301 478 1)
328 422 424 478 quod
448 432 528 477 plus
555 441 659 476 quam
683 428 861 474 acceperit
887 426 1031 463 seminis
1055 426 1180 460 reddat
1205 425 1426 477 (solano-12,
1447 423 1503 464 10,
1519 422 1580 456 25.

92 489 189 518 terra
213 479 424 529 generandis
447 477 653 521 alendisque
680 475 874 510 seminibus
898 473 1087 509 secundior
1112 475 1177 514 10,
1201 473 1242 514 3,
1267 474 1302 505 2.
1336 474 1428 504 sicut
1450 469 1582 502 trustra

93 528 264 574 sparseris
288 526 446 568 semina,
472 523 542 558 nisi
568 523 628 557 illa
654 522 897 566 praemonitus
922 519 1056 555 foverit
1080 520 1198 553 sulcus
1221 520 1255 555 2.
1282 518 1318 560 9,
1346 517 1378 550 3.
1404 519 1467 558 ut,
1491 524 1582 559 quae

93 583 230 610 summo
255 573 335 607 solo
358 581 478 616 sparsa
499 574 581 604 sunt
604 580 691 603 sem.
706 594 716 611 ,
740 568 892 602 celerius
916 577 955 601 se
979 567 1159 600 effundant
1175 567 1208 607 1,
1229 565 1264 606 3,
1284 562 1317 616 5.
1364 557 1419 604 ῙΙ)
1444 563 1581 594 transl..-

47 652 52 657 .
92 620 124 655 si
140 620 292 656 virtutes
316 623 410 662 sunt,
434 617 487 650 ad
513 627 599 661 quas
623 613 725 648 nobis
746 613 947 648 -initia
971 613 1096 658 quaed.
1121 622 1162 645 ac
1186 619 1364 644 semina
1388 612 1470 641 sunt
1493 615 1584 659 con-

48 685 52 691 ·
94 677 195 702 cessa
221 667 256 708 2,
281 666 340 707 20,
365 665 400 698 6.
432 669 471 697 ut
493 673 581 696 sem.
605 661 731 706 quaed.
758 661 834 703 ejus
857 659 1036 694 facultatis
1059 658 1217 692 inessent
1242 659 1276 698 2,
1303 657 1362 697 20,
1385 654 1420 689 6.
1447 663 1583 687 semina

91 713 170 756 ejus
199 707 470 755 (aemnslationis)
495 708 624 753 quaed⁴
657 719 714 752 ap.
748 706 981 740 Aristotelem
1011 704 1239 750 reperiuntur
1263 703 1306 746 3,
1331 701 1375 744 6,
1398 700 1456 735 60.
1493 709 1581 733 sem.

90 758 217 803 quaed.
244 754 491 801 probationum
519 764 686 801 spargere
710 753 744 796 4,
769 756 804 796 2,
829 752 886 788 54.

46 801 354 850 semisomnus·
402 812 617 846 semisomno
640 821 771 855 sopore
798 812 913 844 Coel.
943 808 986 851 4,
1013 811 1058 852 2,
1082 805 1161 842 124.

4 872 11 880 “
45 859 272 950 δίέῐῦἱὸδὶἒε
313 880 394 904 cum
417 869 506 903 alter
528 881 545 903 s
558 880 578 903 e
589 867 644 902 mi
656 879 770 902 ssem
781 893 792 911 ,
816 868 905 901 alter
930 879 954 900 u
965 865 1010 900 ni
1021 876 1157 902 versa
1182 862 1270 907 (sibi
1292 858 1462 904 vindicet)
1486 861 1520 903 7,
1547 861 1579 902 1,

41 939 54 946 ψ
79 915 91 924 '
114 919 149 950 2.

46 960 221 1003 Semita.
262 968 479 1016 (eloquentia)
506 971 644 1004 feratur
665 979 740 1003 non
763 980 781 1002 s
790 980 811 1003 e
821 967 953 1008 mitis
979 969 1044 1002 sed
1067 979 1087 1001 c
1097 977 1116 1000 a
1126 978 1194 1010 mp
1203 964 1216 999 i
1224 976 1241 999 s
1268 965 1305 1007 5,
1330 963 1385 1006 14,
1411 965 1467 997 31.

45 1025 338 1120 ΒΘΙΙΙῘΞΟΟὸῙῗΙ·
394 1037 627 1073 semivocales
660 1047 734 1071 non
760 1035 959 1083 geminare,
987 1035 1047 1069 diu
1070 1034 1138 1068 fuit
1160 1030 1377 1068 usitatissimi
1406 1030 1517 1066 moris
1548 1034 1581 1075 1,

91 1089 127 1126 7,
151 1089 170 1119 1
199 1109 207 1118 .
235 1097 272 1118 v.
335 1089 458 1118 utus.
1583 1092 1591 1097 ·

47 1130 238 1186 Semper.
286 1140 383 1185 atqui
416 1139 549 1175 dixisse
583 1138 747 1174 homines
781 1149 847 1184 pro
881 1149 920 1172 se
951 1142 987 1172 et
1014 1136 1053 1171 in
1075 1136 1163 1170 alios
1188 1146 1388 1180 semper:
1414 1135 1580 1169 doctores

93 1189 178 1222 artis
212 1195 325 1222 sero
356 1188 438 1231 jam
465 1203 510 1211 —-
532 1191 693 1230 repertos
717 1188 760 1228 2,
789 1188 855 1227 17,
877 1187 912 1220 7.
949 1194 1040 1229 quae
1064 1180 1281 1227 (perceptio)
1305 1193 1336 1215 s.
1363 1192 1452 1216 vera
1477 1180 1521 1214 sit
1544 1184 1580 1224 2,

92 1237 149 1277 17,
174 1234 230 1268 18.
257 1231 303 1274 cf.
329 1233 440 1276 3,,5,
462 1233 497 1267 8.
520 1231 562 1275 4,
590 1235 632 1275 2,
658 1232 715 1266 61.
747 1231 916 1265 defensor
949 1236 1066 1277 autem
1091 1239 1232 1272 semper
1263 1227 1352 1271 (Sp.
1380 1226 1459 1268 om.)
1482 1226 1581 1272 prius

92 1279 239 1327 negabit
259 1289 339 1312 esse
367 1279 502 1312 factum
525 1281 558 1319 7,
583 1280 628 1320 2,
655 1278 698 1312 16
717 1281 760 1310 Ζ.
791 1277 836 1310 Et
861 1277 1012 1312 honesta
1037 1274 1179 1320 quidem
1203 1273 1363 1316 turpibus
1387 1273 1528 1317 potiora
1551 1284 1582 1306 s.

75 1325 135 1368 “8,
161 1327 204 1368 3,
227 1327 282 1360 17.
312 1323 521 1360 Communia
543 1324 633 1358 haec
659 1323 817 1368 pluribus
842 1322 979 1365 causis,
1009 1322 1227 1365 multumque
1250 1321 1379 1363 jactata
1407 1325 1512 1362 sunt,
1546 1325 1582 1353 et

92 1380 202 1415 semp.
222 1369 341 1405 tamen
370 1370 430 1414 (sic
454 1377 533 1414 opu.
564 1371 682 1413 Coela„
707 1374 796 1411 vulg.
817 1381 879 1403 om.
907 1374 960 1411 εἲς
996 1380 1029 1402 a.
1049 1372 1071 1402 l.
1098 1376 1307 1410 semperque
1327 1367 1372 1407 t)
1397 1366 1583 1410 jactabun-

91 1422 150 1451 tnr
171 1418 205 1460 5,
229 1417 264 1456 7,
290 1415 336 1450 34
358 1418 406 1450 Ν.
426 1429 473 1450 cr.
496 1423 527 1449 et
548 1417 583 1449 S.
610 1421 708 1452 certe
731 1420 812 1449 sunt
835 1425 1047 1459 semperque
1071 1414 1218 1447 fuerunt
1238 1423 1313 1445 non
1334 1423 1457 1455 parum
1480 1411 1581 1446 multi

91 1463 128 1506 6,
155 1465 190 1503 2,
216 1464 252 1497 3.
265 1473 357 1502 sum
379 1473 559 1506 semper
583 1467 618 1496 et
644 1461 840 1506 ubique,
874 1467 948 1494 tum
973 1460 1164 1505 praecipue
1186 1458 1225 1493 in
1249 1458 1409 1502 epistolis
1433 1457 1581 1492 secretis

91 1507 345 1542 —delectabit
372 1511 413 1549 1,
437 1511 483 1547 1,
508 1508 567 1543 29.
594 1507 638 1548 cs.
666 1510 709 1550 3,
732 1509 775 1548 9,
799 1507 834 1542 5.
871 1508 967 1551 quod
998 1517 1122 1540 omnes
1147 1511 1184 1540 et
1211 1515 1398 1547 semper
1420 1509 1457 1538 et
1484 1502 1594 1542 ubi—V

93 1552 179 1598 que
202 1554 326 1586 deceat
350 1556 407 1594 11,
429 1555 461 1595 1,
477 1551 531 1585 14.
554 1559 687 1600 pugnat
709 1552 772 1586 ille
795 1553 966 1595 acumine·
982 1563 1182 1595 semper,
1206 1546 1266 1584 hic
1289 1550 1580 1594 frequenter

23 1612 27 1616 ·
91 1604 129 1632 et
153 1599 313 1642 pondere
335 1600 393 1640 10,
423 1601 456 1640 1,
480 1598 559 1632 106.
586 1610 619 1631 v.
638 1599 950 1642 Frequenter.
983 1599 1271 1640 Plerumque.

48 1643 265 1686 senarius.
312 1659 478 1698 quattuor
498 1654 647 1687 senariis
672 1655 837 1689 versibus
856 1655 891 1697 9,
910 1653 946 1698 4,
969 1657 1046 1689 125.
1070 1653 1131 1687 ille
1156 1653 1313 1687 comicus
1338 1664 1354 1685 s
1366 1663 1386 1686 e
1396 1663 1432 1686 n.
1441 1677 1450 1692 ,
1476 1663 1581 1697 quem

93 1706 109 1735 t
118 1712 138 1735 r
148 1711 171 1734 o
180 1712 200 1735 c
208 1701 233 1734 h
245 1711 264 1733 a
274 1699 287 1733 i
297 1710 347 1733 cu
355 1711 391 1732 m
416 1705 549 1734 vocant
558 1726 568 1743 ,
605 1700 764 1746 pluribus
795 1701 936 1736 choreis
962 1721 1007 1726 —
1031 1699 1317 1745 pyrrhichiisque
1348 1699 1504 1732 decurrit
1535 1702 1581 1733 ib.

94 1745 164 1780 140
193 1759 228 1790 ¹?-
256 1745 566 1780 Octonarius.

48 1790 248 1832 Senator}
290 1801 378 1836 Cato
409 1804 584 1849 'eloquens
619 1813 695 1837 sen.
727 1802 796 1836 fuit
821 1805 886 1846 11,
912 1805 952 1846 1,
978 1803 1032 1837 36.
1067 1812 1136 1836 nec
1171 1801 1249 1835 ead.
1285 1811 1340 1844 ap.
1370 1800 1580 1846 principem,

92 1848 352 1894 magistratum,
387 1854 585 1882 senatorem
611 1855 673 1883 etc.
703 1848 796 1882 ratio
822 1855 877 1889 est
899 1851 942 1882 ib.
965 1847 1025 1882 43.

48 1893 313 1935 senatorius·
360 1904 515 1951 gravitas
542 1905 790 1939 senatoria
817 1918 895 1949 opp.
921 1917 1007 1939 aura
1030 1902 1277 1949 popularis
1310 1905 1425 1946 11‚;1,
1451 1901 1512 1938 452

48 1950 245 1992 senatus·
283 1972 363 1996 cum
386 1967 529 1996 senatus
552 1961 665 1996 senati
687 1973 734 1996 an
759 1968 902 1997 senatus
926 1963 968 2007 (S
977 1976 1011 2007 p.
1037 1967 1179 1996 senatus
1197 1965 1339 1994 senatus
1358 1960 1510 2003 senatui,
1535 1972 1581 1995 an

93 2013 235 2042 senatus
259 2006 371 2040 senati
393 2013 530 2047 senato)
557 2008 681 2050 faciat,
713 2007 888 2043 incertum
910 2010 956 2043 sit
981 2012 997 2042 1
1012 2035 1023 2050 ,
1048 2009 1092 2051 6,
1115 2011 1161 2042 27
1185 2011 1230 2041 Ζ.
1254 2007 1302 2044 Ν.
1323 2019 1368 2039 cr.
1395 2007 1581 2041 senatui

93 2064 226 2088 nomen
249 2052 387 2087 dederit
413 2058 528 2096 aetas;
565 2065 647 2087 nam
671 2053 779 2088 iidem
800 2055 964 2090 Patres
987 2060 1070 2088 sunt
1092 2056 1136 2087 ib.
1162 2055 1223 2094 333
1260 2053 1442 2086 suadendo
1466 2051 1580 2086 subli-

92 2099 184 2133 mius
211 2098 342 2143 aliquid
364 2105 566 2141 senatus,
592 2099 800 2134 concitatius
824 2102 1032 2146 populus
1055 2105 1207 2144 poscunt
1231 2099 1266 2140 8,
1290 2099 1325 2140 3,
1351 2097 1406 2132 14.
1444 2111 1475 2132 υ.
1498 2100 1580 2132 Ρο-

63 2152 65 2154 ·
93 2146 241 2190 pnlus.
274 2145 312 2178 in
345 2145 585 2191 cognitionem
619 2145 745 2180 venire
783 2152 977 2181 senatus
1016 2152 1075 2179 aut
1107 2144 1348 2189 principis
1382 2147 1422 2182 7,
1451 2147 1495 2186 2,
1519 2147 1576 2179 20.

93 2203 127 2224 v.
154 2191 390 2234 Princeps.
429 2191 482 2225 M.
508 2190 649 2225 Tullius
672 2203 778 2236 saepe
803 2193 888 2227 dicit
919 2194 965 2227 de
990 2203 1159 2236 oppressa
1183 2190 1429 2233 conjuratione
1455 2189 1579 2224 Catili-

93 2247 182 2279 nae3
217 2238 279 2270 sed
303 2237 410 2270 modo
434 2236 471 2270 id
494 2237 617 2273 virtuti
640 2243 802 2281 senalus,
836 2240 942 2273 modo
969 2246 1030 2272 etc.
1057 2237 1213 2282 assignat,
1234 2239 1289 2278 11,
1317 2239 1348 2278 1,
1371 2238 1433 2271 23.
1454 2247 1582 2283 regere

94 2283 252 2317 consiliis
276 2288 435 2316 senatum
461 2285 504 2326 2,
530 2284 590 2325 16,
622 2284 676 2319 19.
715 2294 778 2318 eos
812 2285 856 2318 ad
887 2290 1047 2319 senatum
1078 2282 1204 2316 adduci
1238 2281 1345 2325 jussi3
1381 2281 1420 2315 in
1444 2288 1580 2328 gsenatu

95 2337 177 2363 sunt
200 2328 305 2373 positi
337 2331 420 2363 Cic.
446 2329 480 2371 9,
507 2331 542 2370 3,
567 2331 623 2363 50.
662 2340 743 2362 cum
768 2330 824 2374 jus
850 2330 974 2364 mortis
999 2329 1141 2374 quidem
1164 2340 1184 2362 a
1207 2339 1284 2362 sen.
1312 2333 1436 2371 petunt
1461 2331 1517 2372 11,
1545 2333 1578 2372 1,

94 2376 150 2411 56.
182 2375 267 2410 editi
296 2374 334 2408 in
362 2374 614 2417 competitores
645 2375 727 2408 libri
755 2376 1053 2420 vituperationem
1083 2374 1288 2416 continent,
1330 2380 1365 2407 et
1395 2380 1515 2408 tamen
1539 2375 1579 2409 in

94 2433 172 2458 sen.
194 2422 277 2454 loco
303 2426 384 2454 sunt
405 2420 516 2454 habiti
542 2421 739 2454 sententiae
762 2423 802 2463 3,
825 2426 866 2463 7,
889 2425 922 2455 2.
952 2422 990 2455 in
1013 2432 1105 2455 sen.
1134 2426 1167 2454 et
1192 2419 1325 2464 utique
1341 2419 1378 2452 in
1403 2420 1578 2455 contio-

94 2468 237 2502 nibus
261 2467 339 2500 ead.
362 2465 466 2508 ratio,
490 2478 581 2510 quae
604 2478 660 2509 ap.
684 2466 831 2510 judices,
854 2468 1089 2512 acquirendae
1113 2466 1181 2500 sibi
1205 2467 1414 2510 plerumque
1438 2476 1577 2511 eorum,

18 2546 27 2555 ,
64 2516 69 2519 ’
94 2525 152 2560 ap.
176 2523 266 2557 quos
292 2512 480 2547 dicendum
505 2512 570 2554 sit,
601 2513 871 2548 benevolentiae
897 2516 943 2556 3,
973 2515 1013 2556 8,
1039 2516 1071 2547 7.
1103 2514 1147 2546 de
1171 2511 1346 2558 auguriis,
1382 2513 1577 2556 responsis,

8 2598 10 2601 .
94 2559 270 2606 religione
294 2558 446 2602 denique
473 2558 590 2601 omni,
622 2559 667 2592 de
692 2559 818 2603 quibus
839 2559 993 2593 maxima
1023 2569 1130 2603 saepe
1153 2557 1191 2591 in
1218 2569 1293 2592 sen.
1319 2557 1467 2592 consilia
1490 2570 1578 2594 ver-

64 2608 68 2611 '
92 2611 168 2640 sata
192 2610 273 2638 sunt
297 2607 353 2646 12,
378 2607 412 2644 2,
437 2606 495 2642 21,
1231 2607 1234 2610 ’

3 2689 6 2691 ,
50 2647 489 2692 SenatUSCDRSuItum-
514 2661 684 2695 funebres
698 2660 919 2695 laudationes
935 2672 985 2694 ex
997 2660 1303 2695 senatusconsulto
1318 2661 1579 2708 magistratibus

96 2719 204 2788 ξαειέθ
218 2708 440 2788 διξεῃᾶειῗω·
467 2708 508 2750 3,
533 2711 574 2750 7,
598 2710 632 2742 2.
664 2713 746 2752 post
773 2707 880 2743 civile
912 2708 1041 2741 bellum
1072 2708 1384 2755 senatusconsulta,
1398 2709 1579 2755 finguntur

121 2779 133 2796 ‚
182 2779 194 2797 ,
264 2777 276 2788 .
304 2765 339 2787 v.
405 2763 472 2787 ex.
