1794 2976
88 228 170 266 918
615 224 714 266 Una
742 248 797 257 -—-
828 224 1095 271 Universitas

50 341 51 344 ’
89 326 199 370 Una.
244 351 324 374 cum
350 351 421 374 una
441 330 725 373 declamabamus
754 341 798 374 Gi
807 352 837 374 ο.
861 341 896 384 6,
920 342 954 385 3,
979 343 1036 377 73.
1062 347 1101 376 ut
1126 340 1281 387 fluimus)
1303 341 1627 384 inventionum&

133 385 303 430 positioni
328 394 388 420 etc.
417 397 488 419 una
522 385 675 420 sufficiat
705 388 760 429 10,
786 389 820 428 7,
845 387 881 421 9.
1250 385 1277 391 ”“
1508 410 1510 413 .

92 429 261 472 Unctio.
309 443 405 488 quod
428 442 549 477 unctio
574 451 635 478 etc.
660 449 815 488 praestat
839 443 982 488 (oratori
1007 447 1052 479 ad
1073 447 1165 480 vocis
1180 444 1395 500 sir-mineum)
1413 448 1470 491 11,
1491 439 1600 492 3,19.

92 497 267 541 Unctffl'·
303 517 442 546 assueta
460 510 652 558 gymnasiis
671 521 822 554 corpora
839 528 882 535 —
909 518 1082 556 quaerant
1097 519 1266 548 unctores
1284 525 1370 549 suos
1389 515 1502 558 11‚{3‚
1519 515 1580 567 261
1634 546 1644 552 .

91 554 230 597 Unde·
275 570 316 612 Ι)
339 572 475 613 proprie
501 571 542 602 de
566 573 655 601 loco:
693 567 788 602 aliud
816 573 870 602 est
895 581 950 603 un
961 570 1012 604 de
1037 570 1161 614 venit,
1192 566 1299 615 quam
1331 581 1420 616 quo
1443 571 1547 607 venit
1566 574 1623 616 11,

135 616 179 655 3,
205 614 262 648 36.
297 614 342 656 cf.
369 617 410 658 8,
436 617 478 658 3,
507 616 573 657 533
605 624 691 658 opes
715 615 815 649 velut
840 615 1016 650 sanctiore
1042 618 1150 661 quod.
1179 617 1315 652 aerario
1337 617 1624 661 reconditaess‘u.

137 660 180 693 ad
204 660 338 695 subitos
364 672 506 706 quoque
533 672 634 695 casus
661 681 707 686 —
730 661 970 703 proferantur.
985 665 1049 705 10,
1075 665 1120 706 3,
1142 665 1185 706 33
1217 663 1264 697 sit
1286 665 1420 707 modo,
1444 675 1481 698 u.
1505 662 1624 707 (1ὶῶἀί

138 705 249 749 possit
275 710 310 749 2,
338 706 373 750 4,
398 712 431 742 7.
480 706 530 750 ΙΙ)
554 711 668 739 transl.
708 707 744 750 α)
769 709 811 740 de
838 710 929 741 initio
953 713 1007 742 vel
1031 712 1166 751 origine.
1209 708 1247 752 a)
1271 713 1341 752 εἰπερ
1368 711 1480 744 Verbo
1494 725 1508 754 .·¹
1531 704 1624 744 1111118

138 753 303 786 confusio
329 757 385 796 12,
411 755 444 794 5,
470 756 503 788 3.
531 754 626 786 unde
652 753 729 786 fere
754 753 833 786 lites
857 757 890 795 7,
915 755 949 793 9.
976 756 1010 788 3.
1040 754 1084 796 cs.
1109 757 1151 789 ib.
1176 756 1210 790 8.
1234 757 1268 798 3,
1291 756 1326 799 6,
1353 758 1410 790 13.
1440 756 1625 803 nequetab

138 799 211 831 ullo
239 799 322 832 satis
347 799 519 844 explicari
544 805 642 843 puto,
666 810 702 831 u.
726 799 818 833 risus
836 800 870 842 6,
888 802 921 843 3,
942 805 976 835 7.
997 813 1032 835 ιι.
1055 812 1149 834 nunc
1167 808 1308 848 quoque
1331 801 1423 836 aridi
1445 808 1481 837 et
1497 801 1624 837 cunoni

139 850 174 878 et
201 855 382 891 exangues
411 849 465 889 12,
492 848 548 887 10,
579 847 632 880 15.
668 846 764 878 unde
789 845 883 879 enim
906 852 1041 880 tantum
1071 847 1178 890 boni,
1202 853 1243 882 ut
1266 854 1326 882 etc.
1354 852 1392 891 1,
1419 848 1464 891 6,
1492 847 1550 889 44.
1578 845 1624 888 cf.

141 892 172 933 1,
200 893 259 931 10,
291 895 345 926 19.
396 892 434 935 b)
460 905 489 926 c.
520 894 650 926 Verbo:
683 893 778 925 uncte
802 891 940 926 initium
965 899 1019 928 est
1042 894 1084 936 8,
1108 896 1150 936 2,
1174 897 1210 929 7.
1241 905 1275 927 ιι.
1300 899 1381 928 sunt
1402 893 1546 928 uomina
1568 896 1625 937 11,

138 939 172 978 2,
199 939 255 974 31,
292 937 335 979 cs.
364 942 395 980 1,
423 940 457 980 6,
482 941 537 972 31.
567 949 603 971 u.
631 937 781 978 accidit,
809 944 848 971 ut
874 946 934 972 etc.
964 942 1019 982 11,
1045 941 1087 982 2,
1114 942 1168 973 10.
1206 939 1252 981 cs.
1275 941 1318 983 8,
1343 941 1400 974 Pr.
1427 934 1468 976 3:
1495 940 1626 983 uino,

138 994 173 1015 ιι.
199 984 357 1028 coeperit
380 987 423 1026 3,
450 988 490 1027 1,
518 988 550 1017 1.
576 995 612 1018 ιι.
639 983 851 1018 concilietur
873 985 988 1028 risus,
1014 991 1049 1019 et
1077 985 1248 1030 quibus
1281 997 1338 1020 ex
1373 986 1503 1021 locis
1529 982 1636 1030 ροὸίῧ

138 1029 252 1062 soleat
275 1031 316 1073 6,
342 1033 383 1073 3,
409 1031 464 1065 35.
493 1042 529 1063 u.
557 1040 690 1063 nomen
724 1030 780 1063 his
810 1031 1103 1076 pragmaticorum
1131 1033 1250 1066 datum
1281 1037 1335 1066 est
1362 1035 1426 1075 12,
1453 1034 1496 1075 3,
1521 1032 1571 1068 4..
1591 1038 1629 1070 ub

139 1075 243 1108 etiam
267 1077 408 1110 venusti
431 1076 598 1109 transitus
623 1076 711 1109 fiunt
735 1077 777 1118 9,
802 1079 843 1119 2,
868 1078 925 1112 61.
958 1090 993 1110 ιι.
1019 1077 1055 1111 id
1079 1085 1222 1122 quoque
1249 1075 1374 1112 vitium
1401 1077 1481 1112 fluit
1502 1081 1568 1121 11,
1588 1078 1641 1119 3,»

140 1122 217 1155 109.
240 1133 276 1156 ιι.
304 1134 342 1156 se
365 1123 404 1156 in
427 1123 581 1156 medium
605 1128 677 1155 tam
704 1133 832 1156 secura
856 1124 1061 1158 observatio
1084 1124 1209 1157 artium
1231 1124 1392 1158 miserit?
1431 1127 1486 1168 11,
1511 1126 1544 1166 1,
1562 1121 1627 1161 54.

138 1178 159 1198 ιι
174 1168 261 1201 nde
286 1179 474 1214 eousque
496 1179 705 1213 processum
731 1174 785 1202 est
809 1169 851 1212 9,
876 1172 998 1211 3‚‚12.
1024 1181 1060 1204 ιι.
1083 1180 1150 1203 nos
1174 1171 1286 1204 decor
1304 1170 1366 1204 ille
1395 1171 1628 1214 prosequatur

143 1218 151 1245 t
172 1239 182 1254 ,
212 1217 250 1246 11
267 1239 277 1255 ‚
308 1217 363 1250 19.
398 1227 454 1249 un
469 1216 524 1249 de
558 1221 593 1249 et
633 1225 877 1259 quousque
910 1216 981 1258 iam
1003 1222 1178 1260 provecta
1200 1215 1247 1250 sit
1269 1215 1394 1251 ora'ndi
1417 1215 1566 1251 facultas
1591 1218 1626 1257 2,

140 1260 204 1302 16,
234 1262 287 1294 18.
315 1261 443 1304 altius,
469 1267 504 1294 et
529 1273 563 1294 u.
589 1261 678 1294 nihil
705 1262 860 1304 suspecti
883 1262 948 1304 sit,
973 1262 1125 1306 repetita
1148 1262 1416 1306 percontatione
1437 1259 1542 1304 5,'¹7,
1568 1263 1625 1295 27.

138 1304 182 1344 cs.
211 1308 265 1344 12,
291 1308 325 1348 8,
355 1311 386 1341 7.
413 1318 447 1340 ιι.
475 1307 633 1350 sequitur
657 1309 746 1339 alter
770 1307 924 1340 dictandi
948 1309 1052 1341 labor
1077 1311 1109 1350 1,
1135 1311 1167 1350 1,
1196 1309 1251 1342 28.
1285 1319 1320 1342 u.
1345 1307 1451 1351 copia
1474 1317 1517 1341 ao
1535 1305 1628 1340 faei-

139 1351 215 1384 litas
239 1352 395 1386 maxime
419 1352 540 1388 veniat
565 1355 621 1393 10,
642 1353 676 1394 5,
702 1355 734 1385 1.
769 1351 814 1392 cs.
842 1355 894 1394 12,
917 1354 951 1395 9,
977 1352 1010 1386 4.
1057 1356 1101 1396 β)
1125 1355 1167 1386 de
1192 1365 1314 1387 causa.-
1344 1364 1377 1386 u.
1404 1352 1509 1387 etiam
1533 1352 1628 1387 aeni-

139 1397 202 1430 bus
228 1398 417 1432 auctoritas
443 1399 556 1441 major
582 1403 635 1431 est
660 1401 715 1438 12,
741 1396 776 1440 4,
802 1401 835 1431 2.
862 1410 897 1432 u.
928 1416 967 1422 —
993 1398 1061 1431 fuit
1079 1409 1226 1433 necesse
1247 1397 1283 1441 4,
1310 1400 1345 1440 3,
1370 1401 1426 1433 17.
1449 1409 1484 1432 ιι.
1513 1399 1628 1432 soluta

137 1443 215 1476 fere
244 1444 359 1478 oratio
384 1464 428 1470 —
453 1450 629 1478 structura
655 1449 751 1477 earet
774 1444 809 1485 8,
834 1444 868 1486 5,
897 1447 953 1478 27.
980 1449 1062 1478 sunt
1084 1445 1210 1488 quaed.
1236 1443 1467 1491 verisimilia,
1490 1455 1528 1479 u.
1552 1445 1627 1479 Va-

138 1488 245 1522 tinius
271 1490 364 1524 dixit
389 1492 459 1524 hoc
484 1490 616 1523 dictum
639 1490 683 1531 6,
699 1492 733 1531 3,
758 1490 813 1524 60.
848 1491 942 1533 quod
965 1496 1109 1526 vertant
1132 1490 1351 1533 orationem,
1375 1501 1412 1523 u.
1439 1492 1484 1525 εἰ
1511 1494 1630 1531 motus

138 1535 302 1570 dicuntur
324 1538 365 1579 9,
395 1540 411 1570 1
428 1539 496 1577 ,2.
523 1535 570 1577 cf.
599 1538 641 1577 3,
669 1536 710 1578 6,
739 1537 797 1569 30.
818 1538 887 1582 12,
913 1539 958 1578 2,
982 1538 1037 1571 19.
1060 1547 1097 1569 ιι.
1121 1555 1168 1562 —
1191 1532 1432 1571 esfistimatum
1456 1539 1518 1571 eut.
1535 1536 1572 1582 5,
1591 1532 1630 1580 9,
1657 1570 1663 1582 s

142 1583 193 1615 13.
221 1580 270 1624 [ιι.
294 1593 445 1616 moneor
470 1585 528 1623 (Z.
546 1592 677 1615 moneo
703 1581 863 1625 quoque)
888 1584 954 1625 11,
981 1583 1021 1622 3,
1049 1580 1145 1626 131.]
1169 1585 1206 1615 ιι.
1228 1580 1370 1626 plurimi
1403 1591 1546 1625 omnem
1563 1592 1630 1627 oo-

137 1633 258 1661 natum
291 1629 522 1673 perdiderunt
553 1628 593 1671 5,
619 1629 683 1668 10,
714 1630 792 1661 101.
820 1639 856 1661 u.
893 1639 949 1672 ap.
980 1627 1171 1662 historicos
1205 1627 1432 1671 reperiuntur
1463 1626 1630 1672 obliquae

136 1674 371 1708 allocutiones
400 1676 435 1718 9,
464 1678 498 1717 2,
524 1676 581 1708 37.
627 1676 664 1718 y)
694 1675 735 1706 de
758 1686 877 1715 genere
899 1677 922 1707 i.
949 1687 980 1718 q.
1011 1674 1288 1717 cujusmodi.-
1317 1674 1414 1707 unde
1434 1674 1575 1710 Burrus-
1593 1678 1630 1708 et

136 1721 275 1754 Brucres
301 1724 340 1763 1,
367 1719 411 1764 4,
439 1721 494 1755 15.
521 1719 566 1761 cs.
596 1722 626 1760 1,
651 1722 686 1760 7,
712 1721 767 1753 18.
805 1722 860 1760 11,
886 1721 918 1760 3,
942 1721 998 1755 35.
1025 1731 1061 1753 ιι.
1090 1719 1151 1753 illa
1171 1718 1363 1762 injucunda
1393 1719 1629 1766 schmnamss»,

138 1768 182 1810 5,
207 1749 239 1800 ξ.
268 1779 304 1800 ιι.
330 1767 391 1801 illa
410 1785 453 1793 —-
470 1764 620 1800 Domitii
648 1765 730 1798 Afri
754 1766 930 1800 sententia
953 1772 1006 1800 est
1029 1767 1177 1810 pulchra
1205 1767 1244 1809 5,
1270 1767 1331 1809 10,
1356 1766 1412 1801 79.
1447 1765 1492 1808 ej:
1516 1762 1628 1811 90AE

137 1814 178 1855 3,
206 1815 266 1856 10,
293 1814 325 1847 5.
353 1814 396 1856 9,
421 1815 464 1854 2,
488 1814 542 1846 26.
570 1812 648 1845 106.
678 1823 714 1844 ιι.
748 1817 790 1845 et
814 1812 874 1845 illa
902 1812 1032 1847 divisio
1060 1817 1114 1846 est
1137 1814 1172 1855 3,
1201 1812 1236 1854 6,
1261 1813 1304 1845 37
1325 1811 1372 1846 Ν.

96 1856 399 1914 Undecunque·
447 1881 514 1904 nec
535 1870 844 1912 undecunque
869 1880 974 1902 causa
1000 1869 1126 1913 fluxit,
1148 1868 1212 1902 ibi
1237 1869 1340 1913 culpa
1362 1872 1417 1902 est
1439 1867 1475 1911 7,
1500 1869 1545 1910 3,
1571 1861 1627 1902 33.

93 1925 374 2017 Πιὶἆθέξῦθηὶ·
423 1938 453 1972 si
484 1937 641 1982 porrecti
668 1936 834 1980 utrinque
865 1937 1082 1972 undeviceni
1106 1937 1233 1982 (pedes)
1265 1936 1414 1984 singulis
1437 1935 1569 1970 distent
1595 1937 1628 1980 1,
1685 1981 1691 1989 Ι

139 1987 193 2023 10,
244 1988 277 2018 4.

94 2027 463 2071 Undevicesimus.
508 2042 652 2084 expleto
673 2036 802 2074 'aetatis
833 2040 1104 2075 undevicesimo
1129 2050 1222 2074 anno
1250 2040 1286 2080 6,
1309 2041 1368 2074 Pr.
1396 2040 1432 2075 4.

92 2095 306 2152 Undique·
336 2109 388 2152 Ἰ)
414 2111 573 2153 proprie.-
608 2119 702 2141 nunc
728 2109 869 2141 coelum
893 2108 1096 2152 undique
1121 2114 1157 2142 et
1187 2107 1390 2152 undique
1417 2113 1547 2152 pontus
1573 2109 1628 2149 12,

136 2156 193 2187 Pr.
215 2159 247 2188 3.
283 2157 398 2189 soluta
429 2167 470 2189 ac
500 2156 600 2189 velut
630 2155 751 2187 labens
778 2155 865 2187 und.
891 2160 973 2200 toga
998 2158 1061 2197 11,
1087 2156 1123 2196 3,
1149 2153 1227 2188 147.
1282 2154 1342 2197 ΙΙ)
1370 2153 1630 2199 transtu-fund.

135 2200 226 2234 liber
250 2201 386 2235 animus
412 2204 468 2244 10,
495 2202 527 2242 3,
555 2202 611 2234 28.
637 2199 755 2235 virum
781 2220 827 2226 —
850 2202 1048 2244 perfectum
1073 2201 1155 2235 und.
1180 2202 1235 2242 12,
1261 2202 1294 2243 1,
1319 2200 1376 2235 25.
1402 2199 1447 2241 ff.
1467 2207 1498 2240 1,
1517 2200 1575 2240 10,
1594 2198 1626 2232 δὲ

136 2258 214 2288 res,
244 2259 334 2291 quae
357 2248 441 2281 und.
475 2247 669 2280 secundum
693 2257 759 2280 nos
787 2246 832 2279 sit
856 2248 898 2288 3,
925 2248 967 2289 8,
993 2245 1060 2288 34;
1101 2247 1185 2279 und.
1208 2251 1452 2292 >congerentes
1483 2244 1628 2289 nomint

138 2295 198 2334 10,
228 2297 269 2335 1,
299 2294 354 2328 56.
388 2292 711 2327 circumfluentibus
744 2294 827 2326 und.
857 2292 1082 2337 eloquentiae
1110 2291 1224 2336 copiis
1249 2295 1306 2334 12,
1334 2294 1389 2335 10,
1416 2293 1474 2326 78.
1505 2297 1561 2325 tot
1587 2290 1626 2324 se

136 2340 220 2371 und.
239 2340 349 2373 ‘rebus
373 2339 604 2373 offerentibus
631 2341 686 2380 10,
712 2338 743 2376 5.
770 2341 824 2372 10.
858 2339 942 2382 quid
966 2339 1044 2373 fere
1067 2339 1152 2372 und.
1177 2338 1318 2382 placet?
1347 2341 1379 2380 1,
1401 2339 1437 2382 2,
1463 2337 1519 2372 15.
1551 2345 1626 2370 non

137 2395 243 2417 omne
273 2391 517 2432 argumentum
541 2385 625 2417 und.
652 2383 754 2419 venit
777 2385 810 2426 5,
838 2387 899 2421 10,
924 2387 980 2418 21.

95 2428 272 2483 Unguis.
320 2453 457 2488 ungues
485 2441 599 2485 polire
629 2443 664 2482 8,
686 2442 743 2474 Pr.
773 2443 830 2474 22.
859 2441 896 2474 in
920 2452 1057 2487 ungues
1081 2440 1264 2487 eriguntur
1287 2442 1356 2482 11,
1383 2441 1427 2482 3,
1458 2433 1538 2486 120.
1578 2467 1582 2476 ,

90 2495 241 2537 Unice·
285 2510 385 2552 cujus
410 2515 546 2543 amator
573 2509 681 2542 unice
704 2509 876 2556 Virgilius
899 2509 969 2543 fuit
993 2511 1029 2553 9,
1057 2511 1092 2552 3,
1119 2507 1172 2542 14.
1204 2518 1249 2542 eo
1273 2511 1545 2541 ornamento—
1560 2511 1623 2538 un·

136 2560 188 2586 est
216 2567 302 2589 usus
330 2556 500 2601 Virgilius
524 2557 558 2597 8,
587 2558 621 2596 3,
649 2555 707 2589 24.
1309 2554 1315 2559 ⁴

91 2596 265 2640 Unicus·
311 2612 417 2646 unica
441 2623 522 2656 spes
546 2613 590 2655 6,
614 2613 672 2645 Pr.
694 2614 727 2646 2.

89 2663 369 2707 UniVGI'SflliS.
407 2680 633 2723 quaestiones
656 2692 717 2714 un.
742 2682 775 2720 3,
800 2683 833 2722 5,
860 2681 892 2714 5.
918 2682 972 2712 12.
1002 2680 1091 2712 haec
1115 2688 1192 2712 VOX
1220 2688 1303 2719 uno,
1328 2685 1417 2720 quae
1444 2671 1548 2708 etiam
1572 2672 1622 2724 fii-

134 2728 187 2755 tra
215 2725 441 2766 complexum
469 2737 598 2759 causae
625 2731 742 2769 potest.
767 2737 845 2759 esse
870 2725 1054 2758 laudabilis
1079 2725 1114 2766 8,
1139 2725 1173 2766 5,
1196 2724 1229 2757 3.
1255 2734 1288 2769 ¹3·
1314 2718 1624 2764 Perpetualns.

88 2765 367 2808 UssiVOI'SitflS·
414 2781 442 2813 si
483 2784 625 2825 quando
658 2783 696 2816 in
726 2782 952 2827 partibus
992 2779 1254 2821 laborabimus,
1289 2773 1621 2812 universitate

130 2826 355 2870 pugnandum
384 2831 436 2858 est
468 2829 507 2868 7‘,
533 2830 574 2870 2,
599 2831 656 2862 22.
