1728 3002
529 178 819 267 'Argumentor
848 230 904 239 —
933 204 1258 262 Argumentum.
1546 201 1557 210 '
1606 199 1661 240 71

7 362 19 368 ,
177 322 355 372 positio
386 329 425 359 et
457 315 707 372 argument.
740 320 786 356 ad
814 320 1016 356 docendum
1046 317 1227 363 pertinent
1251 318 1290 362 8,
1309 317 1370 352 Pr.
1390 318 1428 352 7.
1466 320 1668 364 argument.

181 370 467 407 consentientem
490 369 645 404 orationi
670 369 827 414 'postulat
850 372 989 415 gestum
1017 369 1071 410 11,
1096 368 1132 409 3,
1158 364 1237 400 164.

0 391 26 479 Ξ
136 418 441 474 Argumentor.
485 431 774 473 argumentantur
800 425 931 459 acriter
953 421 1137 467 (oratores)
1165 425 1221 465 10,
1247 422 1281 465 1,
1305 420 1364 456 35.
1399 430 1435 454 v.
1461 418 1669 454 Acriter.

13 472 29 488 ‘⁸
183 484 237 509 ne
382 472 496 507 entari
522 472 666 518 quidem
688 472 757 506 nisi
780 471 903 504 mixtis
929 469 1112 504 affectibus
1140 472 1195 511 11,
1221 470 1255 511 1,
1280 468 1337 502 58.
1367 478 1415 501 ne
1441 471 1671 512 argumente-

183 532 265 556 mur
315 523 348 554 ἰπ
373 518 587 562 narratione)
611 517 646 561 4,
668 520 702 561 2,
725 519 802 552 103.
841 517 878 551 in
903 517 1010 551 rebus
1038 515 1169 559 apertis
1197 511 1436 562 argumentari
1463 513 1608 546 stultum
1633 511 1670 564 5,

0 574 17 607 ,⁶1
50 587 54 593 ·
186 570 244 610 12,
262 567 299 600 8.
339 564 756 612 argumentabimur
782 574 987 607 nunquam,
1015 567 1329 608 argumentum
1355 569 1575 610 ponemus
1602 559 1670 610 ali-

0 627 3 630 ·
185 613 330 662 quando
353 610 389 654 4,
411 614 448 654 2,
474 612 562 653 1083
598 609 869 657 argumentandi
892 610 996 642 locos
1019 609 1055 650 8,
1076 609 1134 641 Pr.
1162 611 1218 641 12.
1251 612 1406 644 assumta
1429 617 1450 639 a
1474 605 1671 638 dialecucls

185 657 454 705 argumentandi
477 656 617 691 ratione
642 659 686 699 2,
711 656 755 698 4,
781 655 838 689 41.
878 666 996 699 neque
1020 660 1148 689 vetera
1172 659 1232 687 aut
1257 654 1338 687 ficta
1363 651 1477 688 verba
1501 650 1541 686 in
1563 661 1671 697 argu-

184 704 376 739 mentando
398 703 628 737 tractabimus
653 706 709 744 11,
735 706 770 745 1,
793 703 828 736 6.
864 700 909 742 cs.
938 702 974 742 8,
997 701 1032 743 6,
1055 702 1115 734 22.

139 746 494 806 ArgumentosuS·
543 760 656 806 vulgo
681 760 790 803 paulo
819 770 843 791 n
854 770 877 791 u
887 769 923 790 m
931 768 952 791 e
960 767 1010 791 ro
1020 768 1036 790 s
1046 756 1091 790 iu
1099 767 1117 790 s
1151 766 1244 801 opus
1272 754 1404 806 dicitur
1430 766 1452 789 a
1459 766 1480 789 r
1486 764 1544 802 gu
1551 747 1618 788 m'e
1627 764 1672 787 u-

184 813 334 842 tusum
358 805 418 850 (α.
442 810 465 840 1.
491 804 760 852 argumentum)
786 805 820 847 5,
849 807 906 846 10,
933 806 977 837 10
1000 804 1047 836 N.
1067 816 1116 836 cr.

0 862 2 926 1
44 888 46 890 ·
140 861 467 919 Argumentum·
525 874 584 906 De
624 871 840 925 argumentis
881 873 924 914 5,
948 882 1026 914 cap.
1055 872 1110 903 10.
1170 869 1228 902 De
1257 879 1327 902 usu
1361 872 1601 914 argumentor.
1637 867 1674 911 5,

187 930 267 965 cap.
292 922 350 954 12.
382 935 429 945 --
464 919 567 962 plura
593 918 767 965 significat
791 920 825 960 5,
852 919 907 959 10,
935 919 969 952 9.
1010 916 1103 959 ejus
1122 913 1278 956 finitio
1310 916 1352 947 ib.
1382 918 1438 948 11.
1466 919 1676 961 argumenta

186 966 225 1008 9,
243 964 279 1008 4,
298 966 379 998 131.
411 966 467 1006 10,
486 967 519 1006 1,
541 963 598 999 49.
627 975 691 997 cur
715 974 790 997 non
814 967 1059 1010 argumentum
1083 969 1144 995 etc.
1173 967 1293 1004 partes
1318 972 1447 994 causae
1470 959 1675 1008 vocentur?

189 1012 226 1053 3,
248 1012 284 1053 9,
309 1009 344 1044 4.
375 1010 477 1056 Quae
500 1021 580 1043 cnm
601 1010 746 1053 propria
769 1020 897 1043 causae
921 1014 1021 1050 sunt,
1050 1006 1214 1041 divina
1241 1006 1514 1041 testimonia
1536 1017 1677 1041 vocau-

189 1061 269 1099 tur,
295 1067 377 1089 cum
402 1055 543 1089 aliunde
567 1061 812 1098 arcessuntur‚
841 1058 1114 1100 argumenta
1143 1054 1178 1094 5,
1202 1054 1258 1094 11,
1277 1051 1336 1085 42.
1366 1065 1399 1085 v.
1428 1052 1676 1100 Argumen-

189 1101 331 1136 tatio.
372 1101 507 1146 alioqui
537 1092 810 1135 indubitata
844 1106 987 1143 essent,
1023 1109 1100 1132 non
1141 1099 1496 1144 argumenta5,
1523 1100 1590 1141 10,
1615 1100 1676 1134 19.

155 1180 158 1187 ,
183 1146 225 1191 1)
251 1150 495 1180 instrumentum
519 1149 730 1190 probationis.
785 1147 828 1188 a)
851 1148 1048 1180 Nominan:
1086 1145 1215 1178 stunmi
1242 1144 1316 1178 odii
1342 1155 1416 1199 arg.
1447 1150 1502 1179 est
1531 1147 1614 1183 Cic.
1639 1146 1676 1186 5,

189 1194 257 1235 13,
280 1195 338 1227 30.
376 1191 456 1226 talis
481 1194 675 1226 advocatus
697 1193 811 1226 malae
837 1203 967 1226 causae
993 1201 1068 1238 arg.
1098 1194 1160 1234 12,
1185 1195 1227 1233 1,
1256 1193 1311 1224 13.
1351 1193 1397 1232 cj.
1424 1189 1459 1231 4,
1489 1195 1522 1232 1,
1549 1193 1605 1224 11.
1638 1189 1677 1224 id

187 1237 251 1272 fiat
273 1248 346 1284 arg.
375 1237 506 1272 incerti
529 1239 563 1280 5,
585 1242 640 1281 12,
660 1241 694 1272 2.
724 1249 795 1285 arg.
825 1244 878 1272 est
902 1239 1127 1272 sacerdotum
1153 1255 1197 1262 —
1225 1236 1366 1270 saltatio
1395 1241 1427 1278 1,
1443 1239 1498 1278 11,
1513 1237 1569 1272 18.
1598 1247 1677 1283 arg.

189 1289 246 1318 eat
263 1283 438 1329 ‘dictatura
463 1284 624 1328 deposita
648 1286 682 1327 5,
705 1287 762 1326 10,
782 1287 840 1318 71.
868 1284 975 1317 fuerit
1001 1295 1095 1329 arg.,
1125 1284 1222 1327 quod
1245 1283 1279 1315 in
1306 1282 1426 1326 pueris
1452 1283 1570 1316 elucet
1595 1294 1680 1327 spes

213 1329 423 1364 liu-imorum
454 1333 494 1372 1,
523 1333 563 1372 1,
588 1333 622 1363 2.
663 1332 759 1375 quod
791 1335 827 1364 et
855 1330 971 1374 ipsum
998 1340 1072 1376 arg.
1098 1335 1172 1371 est,
1209 1330 1355 1362 subesse
1383 1334 1496 1362 artem
1523 1327 1680 1374 aliquam

214 1378 307 1418 1‚‘2,
329 1377 364 1411 9.
393 1375 576 1419 proprium
601 1387 648 1410 ex
674 1376 822 1410 materia
849 1387 922 1423 arg.
950 1381 1003 1410 est
1029 1379 1063 1417 5,
1092 1378 1148 1416 10,
1175 1377 1253 1409 105.
1290 1381 1497 1422 argumenta
1520 1376 1681 1419 plerum-

190 1432 261 1466 que
286 1428 480 1455 nascuntur
506 1433 554 1455 ex
581 1433 687 1456 causa
710 1423 753 1463 6,
781 1425 823 1464 2,
847 1421 882 1455 4.
922 1423 1096 1466 quaedam
1124 1431 1198 1467 arg.
1226 1422 1330 1454 turba
1355 1423 1496 1463 valent,
1535 1421 1681 1454 diducta

187 1467 329 1502 leviora
351 1473 434 1502 sunt
455 1466 491 1509 4,
515 1470 549 1510 2,
574 1469 620 1502 82
647 1470 695 1502 Ν.
733 1468 838 1509 furti,
867 1468 1039 1512 depositi,
1074 1468 1231 1501 creditae
1256 1467 1430 1511 pecuniae
1454 1473 1490 1500 et
1517 1478 1538 1500 a
1562 1468 1682 1501 facul-

188 1512 322 1547 tatibus
348 1514 613 1559 arg.‚veniunt‚
643 1519 679 1547 et
706 1526 726 1547 a
752 1514 915 1557 personis
939 1518 974 1556 7,
999 1517 1033 1555 2,
1061 1516 1106 1547 50
1132 1515 1177 1546 X.
1216 1515 1268 1546 ut'
1284 1513 1410 1546 animis
1446 1514 1494 1556 (S
1501 1527 1535 1556 p.
1563 1525 1584 1547 a
1611 1513 1682 1547 mi-

217 1557 227 1565 *
267 1558 275 1566 ⁸
305 1558 319 1601 )
347 1565 511 1593 crescant
536 1561 646 1603 (arg.)
672 1562 705 1603 5,
731 1563 784 1601 12,
814 1559 856 1593 14
881 1562 917 1594 S.
949 1565 1214 1606 argumenta
1242 1571 1283 1592 ac
1313 1565 1457 1597 testes
1483 1559 1570 1603 quid
1594 1570 1681 1606 ege-

188 1569 296 1647 Ιτιὶιῑιῖῗ
312 1605 557 1649 pronuntiatio
581 1605 736 1640 ostendit
761 1608 796 1648 6,
822 1609 856 1647 2,
882 1610 915 1640 7.
971 1607 1016 1650 ῥ’)
1046 1608 1177 1640 Gem't..-
1215 1611 1349 1638 certam
1373 1606 1503 1649 quand.
1530 1606 1682 1639 conclu-

189 1649 330 1684 sionem
354 1651 553 1697 argumenti
579 1653 622 1694 5,
652 1655 714 1694 10,
740 1655 772 1685 2.
815 1653 1043 1696 enthymema
1066 1669 1110 1674 —
1135 1652 1312 1695 appellant
1341 1662 1414 1696 arg.
1441 1651 1683 1685 elocutionem.

192 1695 227 1739 5,
253 1694 309 1738 14,
335 1699 368 1730 1.
407 1696 464 1732 Vis
492 1708 566 1743 arg.
594 1699 628 1740 5,
656 1700 710 1739 10,
737 1699 822 1740 118;
863 1708 935 1732 non
966 1710 1058 1731 unus
1094 1699 1197 1730 color
1231 1697 1489 1740 prooemii,
1523 1709 1684 1731 narra-

190 1741 360 1785 tionis,
400 1749 714 1788 argumentor.
753 1751 815 1781 etc,
847 1747 911 1786 12,
940 1746 999 1786 10,
1024 1747 1083 1778 71.
1121 1743 1352 1790 congregatio
1384 1754 1458 1789 arg.
1484 1743 1527 1786 5,
1551 1746 1594 1785 7,
1623 1744 1683 1778 18.

191 1787 514 1831 quaestionum
544 1794 580 1822 et
607 1795 857 1835 argument.
896 1789 1008 1836 frigus
1036 1793 1078 1832 2,
1104 1791 1163 1830 12,
1189 1791 1234 1825 6.Α
1262 1789 1460 1836 argument.
1493 1800 1606 1823 ‘renus
1633 1799 1683 1823 ex

192 1830 392 1867 remotione
415 1834 456 1874 5,
482 1836 544 1876 10,
569 1834 625 1869 66.
662 1842 858 1882 argument.
884 1842 1010 1868 natura
1036 1839 1069 1879 7,
1094 1836 1134 1876 3,
1159 1836 1215 1869 28.
1244 1855 1292 1861 —
1324 1835 1395 1868 loci
1419 1837 1461 1876 3,
1485 1817 1529 1878 ὅ,
1552 1835 1611 1869 24.
1646 1847 1684 1869 v.

193 1877 355 1911 Locus.
384 1880 486 1912 sedes
511 1890 573 1925 arg
609 1881 643 1922 5,
664 1884 720 1922 10,
742 1883 796 1914 ¹20.
826 1894 859 1914 v.
890 1882 1045 1916 Sedes,
1078 1887 1272 1926 argument.
1299 1880 1508 1927 pugnacitas
1531 1879 1568 1923 4,
1589 1883 1625 1924 3,
1646 1883 1684 1914 2.

194 1922 235 1967 y)
258 1925 364 1956 Dat..-
397 1924 489 1957 sitne
510 1925 631 1968 parvis
660 1927 875 1972 argmnenfis
901 1926 1147 1961 credendum?
1174 1930 1208 1969 2,
1239 1930 1271 1968 1,
1302 1929 1357 1959 11.
1396 1927 1604 1960 testibus
1636 1938 1684 1960 an

197 1969 491 2012 argumentis
526 1972 640 2013 major
666 1972 753 2005 fides
786 1973 976 2005 habenda?
1002 1975 1043 2014 3,
1070 1973 1107 2013 5,
1136 1975 1190 2005 10.
1230 1983 1304 2018 arg.
1338 1973 1566 2015 expositione
1593 1983 1684 2006 con-

194 2013 307 2044 traria
341 2013 594 2056 resistendum,
634 2015 812 2049 interdum
847 2018 1016 2064 singulis,
1054 2017 1233 2050 interdum
1271 2017 1450 2051 universis
1481 2018 1525 2059 4,
1553 2021 1596 2061 2,
1624 2018 1684 2052 14.

197 2053 237 2099 δ)
263 2060 446 2108 Accusat3:
474 2058 511 2091 in
535 2060 697 2094 oratione
724 2074 847 2105 sparsa
873 2065 1080 2106 plerumque.
1107 2063 1306 2108 colligimus
1335 2070 1563 2108 argumenta,
1592 2074 1685 2107 quae

197 2112 263 2145 per
285 2113 324 2136 se
349 2102 436 2135 nihil
458 2115 559 2136 reum
585 2116 778 2151 aggravare
801 2107 991 2140 videantur
1009 2109 1043 2150 5,
1059 2111 1093 2148 7,
1111 2110 1162 2141 18.
1195 2109 1395 2141 accusatori
1424 2118 1685 2155 congerere

184 2158 296 2200 arg„
325 2158 389 2181 reo
416 2149 685 2184 dissolvere
715 2152 883 2195 expediet
910 2154 949 2194 5,
976 2154 1039 2193 13,
1065 2155 1120 2186 15.
1157 2158 1278 2185 nostra
1303 2164 1376 2198 arg.
1405 2164 1486 2186 cum
1513 2156 1686 2190 adversa-

195 2203 333 2227 norum
360 2194 575 2240 argumentis
601 2197 827 2230 conferemus
853 2200 896 2230 ib.
924 2201 980 2230 12.
1010 2197 1199 2240 aliquando
1229 2198 1321 2231 dicet
1350 2200 1464 2232 malus
1489 2201 1599 2235 homo
1626 2212 1686 2235 ar-

197 2245 364 2286 gumenta
387 2243 422 2282 2,
446 2241 503 2282 20,
531 2244 585 2274 10.
613 2235 698 2289 *argu
725 2243 868 2276 diducet
898 2244 953 2286 (a.
980 2247 1003 2276 1.
1030 2244 1157 2284 ducet)
1185 2243 1222 2276 in
1250 2243 1379 2291 digitos
1410 2248 1466 2287 11,
1495 2249 1526 2290 1,
1552 2249 1609 2281 53.
1645 2247 1685 2281 in

198 2285 326 2331 digitos
359 2297 432 2332 arg.
470 2286 660 2332 digerimus
695 2292 760 2331 11,
787 2291 826 2332 3,
854 2287 932 2322 114.
980 2289 1040 2322 dat
1077 2289 1170 2321 aliud
1204 2300 1276 2335 arg.
1313 2292 1562 2326 controversia
1594 2293 1683 2336 (Sp.

198 2330 316 2372 -siae)
349 2333 383 2373 7,
411 2335 449 2374 1,
475 2334 531 2366 56.
572 2334 763 2377 aliquando
798 2345 871 2380 arg.
907 2346 955 2368 ex
981 2335 1067 2376 ipsis
1093 2334 1310 2377 positionum
1336 2337 1433 2370 vitiis
1460 2338 1621 2373 ducimus
1647 2341 1683 2382 2,

200 2378 256 2418 10,
272 2377 327 2408 15.
357 2388 429 2423 arg.
458 2379 562 2412 ducet
586 2390 634 2412 ex
660 2380 737 2424 ipsa
761 2382 840 2427 lege
865 2382 897 2421 3,
912 2382 1040 2422 6,10·2.
1073 2382 1244 2424 quaedam
1269 2381 1470 2416 subtilitatis
1496 2396 1582 2418 suae
1605 2395 1681 2431 arg.

199 2421 419 2468 excogitavit
444 2425 477 2466 2,
506 2427 558 2467 17,
585 2427 639 2458 14.
679 2427 750 2460 hoc
778 2438 850 2473 arg.
878 2428 940 2459 lex
966 2427 1052 2459 facit
1079 2428 1112 2467 5,
1142 2429 1196 2468 10,
1223 2427 1301 2462 104.
1340 2439 1474 2462 nomen
1499 2430 1683 2474 Polynicis

198 2472 239 2499 ut
261 2478 332 2516 arg.
357 2479 495 2502 morum
519 2469 663 2504 incessit
690 2475 732 2505 ib.
759 2475 815 2505 31.
847 2472 883 2504 in
911 2472 1038 2527 quilps
1061 2478 1231 2516 patronus
1257 2484 1330 2520 arg.
1357 2485 1405 2507 ex
1432 2486 1471 2508 se
1486 2475 1565 2519 ipso
1593 2477 1683 2518 petit

113 2555 116 2560 Ι
200 2514 257 2555 11,
276 2515 310 2555 1,
333 2515 390 2548 28.
422 2517 594 2558 quaedam
618 2527 692 2563 arg.
721 2529 902 2562 ponere
928 2524 1011 2551 satis
1034 2528 1107 2551 non
1137 2525 1211 2562 est,
1236 2521 1514 2563 adjuvanda
1537 2528 1620 2555 sunt
1643 2523 1678 2564 5,

154 2588 158 2592 ,
199 2560 265 2600 12,
289 2559 324 2593 6.
362 2560 515 2603 positum
540 2574 560 2594 a
586 2574 624 2596 se
648 2575 720 2610 arg.
750 2574 824 2597 non
848 2564 955 2597 solvit
979 2567 1020 2605 2,
1048 2567 1103 2607 17,
1127 2564 1184 2598 34.
1227 2577 1301 2611 arg.
1331 2576 1378 2599 ex
1402 2567 1549 2600 materia
1574 2568 1683 2602 sumit

197 2605 242 2646 7,
264 2602 307 2647 4,
330 2605 387 2638 24.
429 2617 502 2652 arg.
530 2609 629 2641 velut
652 2608 798 2643 horrida
832 2615 867 2642 et
894 2611 1108 2654 confragosa
1133 2610 1288 2645 vitantes
1315 2612 1358 2653 5,
1386 2613 1428 2653 8,
1454 2614 1487 2645 1.
1529 2624 1604 2660 arg.
1631 2623 1680 2648 ex

198 2659 305 2684 eausa
330 2651 436 2685 trahit
460 2654 501 2694 5,
527 2651 570 2695 4,
593 2657 639 2695 23
669 2667 726 2698 ap.
755 2659 886 2688 Passiv.
913 2658 945 2687 in
970 2658 1163 2690 Nominat„-
1193 2656 1426 2700 (supervacua
1449 2657 1547 2701 sunt)
1576 2670 1682 2705 argu-

195 2701 333 2739 menta,
364 2696 434 2731 nisi
458 2698 697 2742 praevideris,
732 2701 791 2734 cui
815 2701 868 2734 rei
892 2701 1090 2736 adhibenda
1114 2701 1185 2735 sint
1209 2703 1251 2744 5,
1279 2705 1341 2743 10,
1371 2704 1451 2738 109.
1490 2714 1681 2751 argumen-

193 2745 269 2775 tum
291 2742 407 2776 afferri
433 2748 557 2778 contra
580 2745 749 2789 scriptum
773 2748 808 2789 7,
826 2748 861 2788 6,
881 2749 914 2781 7.
945 2758 1020 2796 arg.
1049 2747 1165 2782 serius
1190 2748 1420 2783 constitutum
1446 2749 1480 2792 5,
1497 2751 1552 2792 13,
1567 2749 1615 2784 34
1634 2753 1680 2785 Ν.

193 2796 333 2831 semper
355 2798 428 2836 arg.
452 2800 618 2825 sermone
640 2803 730 2835 puro
755 2798 791 2827 et
814 2792 970 2827 dilucido
997 2801 1058 2828 etc.
1085 2792 1237 2828 dicenda
1261 2793 1296 2837 5,
1313 2794 1369 2837 14,
1382 2795 1440 2828 33.
1471 2805 1553 2829 cum
1575 2796 1679 2841 plura
