1728 3002
131 221 213 261 580
719 212 848 256 Nubo
879 239 934 247 —
964 212 1079 271 Num

130 331 279 378 Nubo.
332 350 397 383 ea,
428 351 518 386 quae
543 345 655 384 nupta
681 339 727 374 sit
753 343 788 384 7,
814 342 870 385 10,
893 341 928 378 6.

131 389 275 434 Nudo.
334 399 428 444 quod
460 396 628 441 (corpus)
651 397 714 432 illa
746 397 890 433 diducta
916 398 1115 434 nudaverat
1146 397 1268 433 tunica
1299 400 1336 442 2,
1376 398 1434 443 15,
1464 401 1502 435 9.
1548 401 1675 436 dentes

176 447 312 481 nudant
334 443 480 487 (labra)
513 447 569 488 11,
598 446 631 488 3,
657 446 715 480 81.
928 448 931 450 ’

133 502 300 547 Nudus·
349 513 382 556 Ι)
410 516 567 557 proprie.-
601 514 736 546 nudiun
759 512 798 546 in
830 523 947 548 nervo
979 513 1014 556 6,
1048 515 1083 556 3,
1120 515 1178 548 72.
1225 512 1312 546 nudi
1350 518 1446 548 artus
1477 514 1512 556 5,
1551 515 1609 556 12,
1639 515 1674 550 6.

180 562 308 605 quibus
338 560 535 603 (manibus)
558 559 723 595 vacuis
748 565 783 593 et
805 559 948 593 nudis
971 558 1010 593 in
1033 560 1227 594 certamine
1264 559 1435 594 utendum
1470 565 1526 594 est
1559 562 1615 604 11,
1639 564 1676 604 2,

177 607 235 641 42.
261 618 294 639 n.
322 606 491 639 sudorem
516 609 573 649 11,
602 607 635 649 3,
666 606 732 648 26;
767 607 885 639 nuda
919 607 1034 649 haec,
1071 605 1133 639 illa
1162 607 1321 641 velata
1344 611 1427 640 sunt
1461 604 1608 650 (signa)
1639 609 1676 650 2,

179 655 237 696 13,
267 654 323 686 10.
371 650 422 695 ΙΙ)
451 656 566 686 transl.
607 651 649 695 α)
673 662 721 686 ne
744 653 816 686 hoc
844 651 986 697 quidem
1011 653 1144 685 nudum
1167 657 1221 686 est
1243 651 1453 686 intuendum
1478 655 1534 696 12,
1560 655 1593 696 1,
1618 654 1677 690 37.

180 699 257 733 sine
283 709 354 742 quo
384 704 504 732 cetera
535 699 631 732 nuda
654 705 725 739 pto.
762 703 844 732 sunt
878 699 913 741 6,
943 701 978 741 2,
1009 702 1043 733 7.
1080 710 1114 732 v.
1152 699 1385 732 Infirmus.
1434 709 1525 742 quae
1557 704 1678 733 tamen

179 756 254 779 non
277 750 381 778 erunt
403 745 498 779 nuda
524 745 708 789 ponenda,
735 746 799 779 sed
821 750 860 778 ut
883 750 919 778 et
941 751 1062 778 nostra
1090 744 1208 789 aliqua
1231 743 1535 790 argumentatione
1558 744 1680 779 firme-

180 803 259 826 mus
286 790 321 834 4,
345 794 381 833 2,
408 793 486 828 102.
535 794 576 836 β)
601 802 637 824 n.
663 796 757 825 artes
786 792 843 826 Pr.
866 789 925 825 24.
972 792 1068 824 nuda
1103 790 1352 835 quaestionum
1381 790 1550 835 asperitas
1579 791 1615 834 4,
1643 793 1678 835 1,

180 840 238 873 25.
263 849 298 872 n.
323 835 487 871 infitiatio
511 837 546 880 5,
572 838 627 880 13,
653 841 687 872 7.
736 850 772 871 ιι.
802 836 1005 871 nominibus
1029 838 1064 878 8,
1089 839 1122 880 3,
1154 838 1212 872 38.
1258 837 1375 871 nuda
1411 841 1447 870 et
1476 837 1578 871 velut
1610 836 1678 871 in-

181 889 334 918 comta
357 883 472 917 oratio
499 885 534 926 8,
559 883 594 926 6,
617 882 674 917 41.
701 889 756 918 est
782 889 818 918 et
842 885 959 917 nuda
989 883 1188 928 propositio
1215 887 1263 905 —⁴-
1285 888 1340 918 est
1361 881 1554 918 ratione
1577 884 1678 917 sub-

179 931 311 975 jecta
334 927 368 972 4,
393 928 427 972 4,
452 930 485 963 8.
507 940 567 964 res
591 930 741 964 nudas
766 935 834 974 atq.
862 929 1113 964 inornatas
1138 932 1173 973 2,
1196 927 1232 973 4,
1259 929 1293 966 ὅ.
1317 939 1430 974 prope
1454 929 1550 963 nuda
1573 940 1680 974 prae-

177 981 364 1020 ceptorum
384 975 529 1010 traditio
553 977 588 1019 3,
614 979 646 1019 1,
671 978 706 1010 2.
1198 975 1208 991 ’“

132 1032 304 1077 Nullus·
354 1042 395 1088 α)
419 1045 553 1077 nullam
581 1043 717 1091 ingenii
741 1049 924 1088 sperantes
952 1044 1101 1090 gratiam
1124 1045 1181 1078 Pr.
1205 1041 1242 1078 4.
1289 1054 1465 1088 quamque
1486 1043 1607 1078 nullus
1635 1043 1681 1080 sit

177 1092 248 1125 hoc
274 1090 460 1134 proposito
484 1090 643 1134 praemio
666 1091 770 1124 labor
794 1091 1013 1125 recusandus
1039 1093 1095 1131 12,
1123 1093 1180 1134 11,
1211 1092 1266 1125 10.
1310 1091 1450 1124 nullum
1473 1091 1681 1134 cujusquam

178 1137 233 1171 rei
256 1137 458 1170 habuerunt
486 1137 694 1182 magistrum
719 1139 774 1180 10,
787 1139 821 1180 2,
839 1137 873 1171 6.
892 1138 992 1170 nullo
1015 1138 1123 1171 modo
1148 1135 1236 1180 (Sp.
1268 1135 1358 1175 alio.)
1384 1137 1428 1170 ab
1451 1135 1520 1178 his,
1549 1147 1681 1180 quam

178 1193 355 1227 persona,
391 1181 497 1215 distat
520 1185 555 1224 3,
579 1184 615 1225 8,
640 1183 686 1216 52
709 1187 751 1216 Ζ.
799 1184 937 1216 nullum
960 1183 1068 1217 affere
1092 1182 1217 1217 animis
1252 1188 1388 1217 motum
1415 1185 1472 1225 11,
1497 1184 1532 1225 3,
1555 1182 1615 1216 41.
1640 1188 1680 1216 ut

179 1226 258 1262 sine
282 1228 328 1262 iis
350 1239 386 1262 n.
415 1227 567 1274 intelligi
590 1229 669 1262 fere
691 1228 806 1272 possit
828 1228 944 1263 oratio
969 1231 1005 1271 9,
1035 1233 1082 1273 2,.
1102 1233 1140 1264 Ἰ2.
1187 1229 1364 1262 nullum
1386 1233 1592 1270 nostrum
1615 1238 1680 1263 us-

178 1286 286 1319 quam
312 1285 392 1308 esse
415 1273 656 1320 negligentem
681 1285 883 1308 sermonem
913 1277 968 1317 10,
998 1279 1033 1319 7,
1058 1276 1115 1309 28.
1162 1274 1193 1309 si
1223 1286 1260 1308 n.
1297 1286 1398 1319 spem
1434 1274 1544 1308 faciat
1572 1277 1609 1318 9,
1641 1277 1678 1318 2,

176 1322 235 1356 91.
282 1331 317 1353 n.
343 1319 495 1354 verbum
522 1325 762 1363 permutemus
785 1322 821 1361 9,
850 1321 886 1363 4,
916 1319 996 1354 144.
1030 1322 1198 1364 voluptas
1223 1320 1314 1354 nulli
1337 1320 1557 1355 audientium
1579 1321 1678 1355 bono

177 1371 279 1414 grata
303 1367 360 1409 12,
384 1368 418 1408 9,
445 1367 501 1399 10.
528 1366 659 1398 nulla
682 1377 739 1400 res
763 1365 875 1406 alia,
910 1377 1041 1410 quam
1069 1368 1290 1400 consuetudo
1319 1370 1352 1409 1,
1380 1368 1416 1409 6,
1442 1367 1498 1400 16.
1523 1378 1556 1400 v.
1579 1365 1681 1400 Ali-

177 1423 240 1445 us.
289 1410 327 1456 β)
355 1425 384 1445 c.
410 1413 445 1444 vi
473 1413 638 1456 quadam.-
674 1412 774 1455 cujus
800 1413 937 1444 nullum
961 1411 1048 1453 erit,
1089 1411 1120 1444 si
1152 1418 1224 1445 tam
1257 1413 1395 1445 tardum
1419 1412 1547 1454 fuerit,
1570 1411 1678 1446 auxi·
1726 1419 1728 1422 ⁴

176 1458 264 1493 lium
290 1460 345 1500 10,
371 1455 407 1498 4,
435 1455 469 1490 4.
514 1456 553 1490 in
576 1456 737 1501 epistolis
762 1457 905 1501 quidem
930 1459 1027 1490 nulla
1051 1457 1235 1491 contentio
1269 1463 1323 1491 est
1358 1459 1413 1500 10,
1435 1460 1479 1500 ,1,
1511 1459 1591 1492 107.
1638 1458 1679 1492 in

179 1506 304 1539 decem
327 1502 482 1537 millibus
506 1514 542 1537 n.
569 1504 818 1539 controversia
841 1509 895 1537 est
918 1506 953 1546 7,
983 1502 1019 1546 4,
1040 1502 1099 1537 42.
1147 1503 1276 1548 quibus
1311 1502 1460 1537 sublatis
1492 1505 1677 1539 contentio

178 1562 215 1585 n.
241 1552 288 1584 sit
311 1552 346 1592 3,
381 1552 438 1593 11,
474 1550 530 1584 18.
576 1555 617 1582 ut
651 1561 742 1595 quae
774 1551 837 1584 vel
880 1551 1060 1591 nullos,
1101 1551 1163 1584 vel
1203 1549 1358 1583 falsos
1392 1550 1503 1583 duces
1544 1550 1677 1584 habeat

179 1600 237 1640 12,
261 1599 296 1639 2,
325 1597 382 1629 20.
430 1595 671 1640 eloquentiam
693 1597 827 1629 nullam
855 1606 935 1630 esse
962 1594 1182 1630 existimabo
1207 1595 1241 1639 5,
1277 1598 1333 1635 12.
1363 1598 1422 1630 20.
1467 1597 1613 1629 modlun
1641 1603 1677 1631 et

177 1643 305 1684 linem,
338 1640 400 1686 qui
423 1653 502 1675 esse
527 1641 615 1675 citra
639 1641 856 1677 divisionem
879 1643 999 1675 nullus
1022 1647 1140 1685 potest
1169 1643 1227 1684 10,
1258 1642 1294 1684 7,
1317 1644 1352 1676 7.
1398 1640 1552 1686 jndicem
1573 1653 1676 1686 prae-

177 1699 326 1733 parare,
362 1687 422 1731 qui
444 1689 563 1721 nullus
591 1693 646 1722 est
669 1691 704 1731 2,
730 1690 787 1731 10,
813 1690 847 1723 8.
896 1689 972 1732 ejus
1005 1687 1061 1721 rei
1088 1687 1225 1721 nulla
1250 1687 1463 1722 exercitatio
1486 1694 1553 1730 est,
1577 1690 1675 1722 nul-

177 1735 213 1768 li
236 1739 487 1779 praeceptores
511 1735 545 1776 6,
582 1736 616 1777 3,
652 1733 708 1768 14.
756 1734 795 1767 in
829 1745 898 1779 qua
937 1735 1066 1767 nulla
1097 1733 1276 1777 varietas,
1314 1735 1480 1768 nullus
1515 1733 1676 1779 affectus,

178 1782 309 1815 nulla
329 1790 507 1825 persona,
540 1781 680 1813 nulla
701 1781 907 1824 cujusquam
930 1780 975 1814 sit
1004 1779 1118 1814 oratio
1146 1782 1200 1818 10.
1228 1782 1260 1821 1,
1283 1779 1340 1815 55.
1387 1780 1425 1826 y)
1448 1782 1565 1814 Masc-
1593 1782 1618 1815 ι’.
1645 1794 1678 1826 q.

178 1839 327 1860 nemo:
363 1827 463 1859 nullo
488 1832 679 1860 accusante
704 1827 737 1868 5,
769 1829 824 1869 11,
854 1828 909 1864 13.
956 1826 1063 1860 etiam
1089 1836 1126 1860 n.
1155 1827 1298 1860 colente
1330 1828 1366 1868 2,
1406 1828 1463 1869 19,
1506 1829 1543 1860 2.
1588 1827 1679 1861 nulli

176 1874 256 1918 plus
282 1884 338 1916 ap.
364 1883 403 1906 se
427 1872 511 1906 fidei
533 1872 658 1906 haberi
682 1873 717 1915 6,
731 1874 765 1915 3,
776 1875 831 1906 50.
858 1883 904 1906 an
926 1872 966 1906 in
986 1873 1086 1906 nullo
1107 1872 1249 1906 crimen
1265 1871 1437 1907 credibile
1465 1871 1511 1906 sit
1525 1875 1562 1914 7,
1573 1875 1608 1916 2,
1618 1873 1691 1909 39.-

177 1925 345 1964 quantam
370 1917 528 1961 (vocem)
547 1918 585 1951 in
609 1920 708 1952 nullo
734 1918 894 1965 cognovi
921 1921 977 1959 10,
1003 1921 1036 1960 1,
1063 1919 1142 1954 119.
1157 1920 1228 1952 hoc
1256 1919 1435 1961 nullus,
1467 1917 1563 1952 nisi
1587 1924 1676 1962 arte,

177 1964 348 2009 consequi
370 1964 490 2008 potest
512 1966 547 2006 8,
572 1965 629 1998 Pr.
658 1965 713 1999 16.
743 1977 774 1998 v.
804 1966 837 1998 N
849 1964 924 1999 isi.
950 1962 989 2007 ὃ)
1011 1967 1126 1998 Amat.
1153 1966 1298 2001 Neutra,
1335 1963 1553 2009 epichirema
1577 1966 1680 2000 nullo

177 2011 293 2045 differt
317 2022 337 2044 a
363 2010 597 2057 syllogismis,
631 2010 700 2044 nisi
743 2018 802 2045 etc.
838 2013 872 2053 5,
910 2010 966 2054 14,
1008 2010 1064 2044 14.
1111 2012 1211 2045 nullo
1243 2010 1354 2058 magis
1390 2011 1546 2058 gaudent
1576 2013 1613 2054 2,
1641 2011 1676 2054 4,

177 2060 219 2092 13
245 2058 290 2090 N.
341 2058 428 2090 deus
452 2077 497 2082 —
520 2058 621 2090 nullo
644 2057 758 2104 magis
781 2057 966 2091 hominem
988 2057 1170 2101 separavit
1201 2067 1222 2090 a
1243 2056 1372 2091 ceteris
1405 2073 1450 2080 —
1483 2067 1590 2100 quam
1619 2057 1675 2091 di-

176 2103 282 2144 cendi
308 2103 476 2137 faeultate
499 2105 535 2145 2,
562 2103 618 2146 16,
654 2105 706 2137 12.
755 2103 789 2146 ε)
822 2103 893 2147 adj.
918 2116 1018 2138 non.-
1053 2104 1151 2147 quod
1183 2102 1302 2136 nulli
1327 2112 1446 2144 non,
1484 2101 1592 2136 etiam
1614 2102 1674 2136 in-

172 2148 450 2190 nocentissimo,
484 2148 597 2192 possit
623 2149 787 2183 accidere
820 2144 861 2192 5,'
884 2151 919 2184 3.
966 2149 1087 2183 nulli
1111 2160 1205 2183 non
1229 2148 1407 2195 agentium
1428 2153 1552 2192 parata
1573 2149 1675 2196 vulgi

173 2205 310 2229 corona
333 2200 388 2229 est
410 2197 466 2237 12,
492 2197 548 2237 10,
576 2194 643 2238 74;
679 2196 809 2229 horum
832 2196 963 2239 pedum
990 2196 1109 2229 nullus
1132 2205 1206 2229 non
1231 2195 1269 2228 in
1292 2193 1490 2227 orationem
1515 2195 1616 2229 venit
1641 2197 1674 2238 9,

172 2240 208 2282 4,
234 2242 291 2276 83.
337 2240 500 2284 quaestio
524 2241 622 2274 nulla
644 2252 719 2274 non
742 2241 850 2275 habet
877 2241 1002 2286 utique
1026 2247 1155 2275 statum
1186 2241 1220 2282 3,
1253 2240 1289 2282 6,
1323 2243 1356 2274 7.
1389 2238 1435 2280 ej:
1470 2242 1512 2282 9,
1547 2243 1579 2282 1,
1615 2242 1673 2276 19.

175 2289 231 2329 12,
257 2289 313 2328 11,
339 2290 396 2320 21.
443 2287 600 2320 nullas
624 2298 713 2321 non
737 2288 844 2321 debet
870 2289 1024 2330 habere,
1057 2287 1209 2322 virtutes
1234 2286 1337 2328 dico,
1369 2295 1462 2320 non
1496 2285 1586 2320 vitia
1616 2289 1672 2329 12,

176 2335 231 2374 10,
260 2333 347 2411 51.Ν
364 2343 454 2376 quae
480 2333 610 2366 nullo
638 2344 733 2368 non
757 2339 804 2367 et
824 2339 986 2378 tempore
1011 2339 1054 2368 et
1080 2333 1164 2366 loco
1188 2331 1362 2376 explicari
1395 2337 1515 2376 potest
1547 2334 1603 2375 10,
1635 2335 1670 2375 7,
1719 2355 1722 2357 Δ

174 2379 231 2411 25.
257 2390 290 2410 υ.
360 2389 484 2422 eque.

129 2431 257 2473 Num·
301 2446 334 2477 in
359 2447 516 2489 interrog.
558 2447 597 2487 α)
624 2448 688 2480 dir.
706 2461 716 2480 :
761 2447 878 2493 Quem
911 2445 1029 2490 ipsum
1060 2456 1146 2479 num
1178 2444 1351 2479 Asianum
1384 2443 1681 2490 appellabimus?

174 2490 312 2540 12,.10,
335 2489 372 2524 4.
417 2503 453 2525 n.
482 2492 644 2536 protinus
670 2493 708 2527 in
731 2493 803 2527 hoc
830 2492 876 2532 sit
914 2491 1108 2526 instructus
1141 2491 1175 2534 5,
1209 2494 1266 2534 10,
1293 2493 1370 2526 102.
1418 2492 1528 2525 Num
1560 2491 1668 2536 quid

172 2534 276 2567 omisi
299 2536 333 2577 9,
358 2539 393 2578 2,
417 2539 475 2572 60.
523 2549 629 2572 num
653 2539 711 2584 (a.
735 2543 756 2572 l.
784 2539 884 2578 non)
911 2549 1022 2586 ergo
1058 2537 1204 2571 dubium
1229 2538 1311 2572 est?
1355 2539 1411 2580 10,
1436 2539 1469 2580 1,
1495 2537 1529 2571 5.
1578 2537 1667 2570 Nam
1726 2538 1728 2541 ’

170 2583 296 2623 poetas
321 2587 418 2615 certe
442 2585 613 2630 legendos
640 2584 773 2619 oratori
801 2586 923 2619 futuro
949 2584 1209 2619 concesserint:
1242 2595 1351 2617 num
1373 2582 1531 2629 igitur
1553 2581 1591 2615 hi
1619 2582 1664 2616 si-

168 2625 402 2677 rie-musice?
436 2631 469 2671 1,
497 2631 552 2671 10,
578 2631 634 2666 29.
683 2632 797 2665 Num
821 2631 974 2679 igitur
995 2642 1087 2665 non
1114 2632 1204 2665 haec
1239 2629 1358 2664 omnia
1383 2627 1517 2662 oratori
1536 2637 1666 2662 neces-

169 2671 288 2705 saria?
327 2674 370 2705 ib.
392 2675 455 2714 22.
480 2686 513 2707 υ.
539 2677 654 2710 Non.
690 2688 792 2711 num
815 2683 970 2711 tamen
994 2677 1056 2712 ine
1081 2682 1196 2711 totum
1219 2675 1257 2709 in
1282 2685 1356 2709 uno
1381 2674 1475 2708 diem
1495 2683 1667 2708 consum-

169 2721 270 2750 turus
304 2717 384 2751 est?
423 2720 456 2760 1,
489 2722 523 2762 2,
564 2724 616 2755 11.
653 2735 687 2756 v.
728 2723 826 2757 Aut.
874 2735 978 2757 num
1009 2724 1191 2768 quando
1215 2722 1254 2755 in
1273 2722 1409 2755 bonum
1433 2719 1660 2755 verterisvi-

168 2762 245 2796 fia?
279 2761 375 2806 (Sp.
407 2774 504 2798 mmo
539 2764 594 2809 ‘1·)
630 2771 663 2810 1,
700 2771 731 2810 1,
766 2769 799 2804 5.
845 2768 890 2814 β)
915 2772 1034 2804 ἰηαὶν.;
1078 2769 1264 2804 videamus
1295 2776 1404 2813 ergo,
1448 2777 1535 2800 num
1571 2766 1663 2799 haec

176 2808 355 2853 expositio
380 2808 523 2856 longior
550 2812 691 2847 demum
716 2814 843 2848 debeat
868 2825 946 2850 esse
970 2814 1007 2859 4,
1031 2818 1066 2859 2,
1090 2815 1136 2850 79
1158 2818 1204 2848 Ζ.
1251 2813 1314 2847 Est
1344 2818 1378 2846 et
1414 2811 1493 2847 talis
1526 2810 1661 2846 finitio-
