1728 3002
7 158 18 225 ζ
517 170 765 215 Obtioentia
792 193 848 200 -
879 168 1062 212 Occasio
1482 169 1566 209 589

29 277 290 328 OM
334 284 612 332 ἅπωιῶπηοιε,
653 297 760 332 quam
801 285 879 321 Cic.
910 281 1244 327 reticentiam,
1284 281 1413 318 Celsus
1442 282 1567 318 obti-

73 335 294 379 nentium,
325 333 489 369 nonnulli
514 330 920 378 interruptionem
951 330 1131 376 appellant
1152 330 1188 373 9,
1214 331 1251 373 2,
1278 328 1336 365 54.

0 405 1 410 ’
30 378 235 427 obtineo·
289 403 371 427 cum
397 391 480 426 dico
505 389 730 434 obtinuit3
769 389 961 424 secundam
989 387 1086 422 euim
1109 389 1129 421 b
1162 386 1302 421 literam
1323 386 1415 421 ratio
1439 385 1569 430 poscit,

203 438 316 486 magis
339 437 485 472 audiunt
514 449 538 481 p
571 437 604 480 1,
640 439 678 479 7,
703 439 740 471 7.
786 434 815 479 l)
848 438 871 469 ἰ.
906 447 940 480 q.
982 441 1138 468 teneo.-
1180 434 1282 468 Haec
1313 430 1565 478 (ὖπαλλαγὴ)

74 485 323 529 subjectas
346 495 406 519 res
430 483 526 527 (Sp.
549 481 733 528 subjecta)
757 483 801 516 ab
825 479 1169 516 obtinentibus
1198 479 1374 526 significat
1399 480 1436 522 8,
1457 479 1495 523 6,
1520 479 1566 514 23

75 533 122 565 Ζ.
167 531 264 575 quod
288 531 403 566 adhuc
425 529 647 564 obtinent
684 528 825 571 Graeci,
863 540 884 562 a
918 526 1056 561 Latinis
1088 526 1309 561 omissum
1353 530 1430 560 est
1458 527 1495 569 2,
1532 527 1569 569 1,

77 578 135 614 13.
155 616 162 625 1
182 576 228 610 ίιι
251 575 515 621 comparatione
537 576 711 609 malorum
736 574 823 609 boni
849 575 967 609 locum
991 571 1128 607 obtinet
1153 572 1271 608 levius
1297 575 1333 616 7,
1359 571 1395 615 ¹¹5
1427 573 1486 606 12.
1519 569 1566 613 cs.

79 623 138 664 12,
158 620 196 666 4,
225 625 248 656 2
270 635 306 657 ν.
329 620 505 656 Locus.¹
541 631 709 655 summam
734 620 784 654 in
821 620 954 655 scholis
989 618 1196 663 opinionem
1232 618 1406 653 obtinenti
1442 619 1498 659 10,
1532 619 1567 662 5,

78 669 135 704 18.
181 667 259 703 vin
280 668 456 713 prooemii
479 667 687 702 obtinebant
712 665 748 711 4,
770 670 806 710 2,
829 667 887 702 26.
924 665 969 708 es.
995 668 1030 708 1,
1054 666 1090 709 5,
1117 667 1175 702 37.
1220 665 1296 702 vim
1322 664 1474 699 similem
1501 665 1571 699 ob-

75 714 200 749 tinent
214 715 248 757 5,
275 716 331 757 10,
354 715 412 750 91.
456 713 505 748 in
532 712 814 748 demonstrandis
844 712 936 747 locis
967 711 1217 756 pronominum
1250 711 1416 746 obtinent
1447 709 1570 746 vicem

77 758 225 804 (mnam)
242 762 299 803 11,
313 761 348 803 3,
357 761 415 795 87.
443 761 585 805 quando
601 771 679 794 eam
695 758 875 804 (sennem)
895 770 943 794 ne
958 758 1087 793 Graeci
1108 757 1253 804 quidem
1275 758 1324 792 in
1349 758 1420 791 alio
1433 767 1567 803 genere

73 805 217 853 linguae
241 805 458 840 obtinuerint
483 808 539 849 10,
565 809 599 848 1,
625 807 703 843 100.
740 805 793 849 11)
816 808 849 838 in
874 807 940 839 dic.
965 808 989 841 ἰ.
1011 818 1041 850 11.
1068 804 1283 846 defendo.-
1322 805 1384 838 diu
1405 813 1566 850 pugnare

74 852 114 886 in
135 851 208 896 iis,
243 863 334 896 quae
358 852 522 886 obtinere
546 862 620 886 non
642 851 756 895 possis
779 852 816 894 6,
841 850 878 894 4,
913 853 969 887 15.
1022 863 1080 895 ap.
1115 857 1238 895 turpes
1271 856 1371 884 recta
1404 851 1568 884 obtinere

74 901 111 942 3,
136 899 173 941 8,
199 899 256 933 38.
303 899 485 944 Quaedam
507 896 644 942 (leges)
674 909 719 931 an
746 897 901 931 obtineri
931 897 1070 940 possint
1092 899 1127 939 2,
1161 896 1196 939 4,
1228 897 1285 932 39.
1334 896 1372 930 in
1395 907 1570 940 personas

73 944 185 980 incidi
209 945 299 978 tales
319 949 356 978 et
377 944 416 978 in
439 956 516 978 rem
543 954 707 988 quoque,
740 954 831 987 quae
854 942 1028 983 obtineri,
1058 942 1126 976 nisi
1155 944 1224 976 hac
1247 947 1347 984 arte,
1385 952 1461 976 non
1483 954 1572 987 pos-

77 996 134 1026 set
155 991 191 1033 9,
212 992 248 1032 2,
272 991 333 1024 73.
380 989 411 1024 si
434 990 537 1024 aliter
561 989 715 1024 obtineri
740 1000 828 1023 vera
851 994 887 1023 et
909 990 1000 1033 jum
1025 996 1087 1022 etc.
1116 998 1190 1022 non
1226 987 1367 1031 possint
1395 989 1432 1031 6,
1466 992 1501 1032 1,
1533 992 1568 1023 7.

74 1035 126 1079 ef.
151 1039 187 1077 2,
211 1036 246 1079 5,
274 1036 329 1070 18.
377 1037 473 1080 quod
495 1036 580 1070 inde
604 1039 652 1078 (ἰ.
681 1048 709 1068 e.
739 1048 761 1068 ιι
784 1037 858 1068 div
874 1047 979 1068 ersa
1010 1034 1165 1078 parte)
1204 1034 1432 1067 obtinebatur
1459 1033 1522 1078 (ιι.
1546 1038 1570 1069 1.

75 1079 336 1126 objiciebatur)
360 1084 396 1124 7,
425 1085 457 1123 1,
485 1082 511 1116 6
537 1083 586 1115 Ν.
611 1095 658 1115 σν.
685 1081 781 1125 quod
805 1086 927 1116 orator
947 1080 1139 1125 praecipue
1162 1079 1230 1114 sibi
1254 1079 1486 1114 obtinendum
1512 1082 1570 1121 (α.

78 1134 101 1163 1.
123 1129 423 1173 proponendum)
444 1127 609 1174 intelligit
636 1130 670 1169 3,
694 1128 730 1170 6,
753 1128 776 1161 9
799 1129 845 1160 Ν.
871 1140 920 1160 cr.
946 1127 991 1160 ad
1019 1126 1267 1168 obtinendum,
1290 1127 1388 1171 quod
1413 1126 1572 1161 intendi-

75 1186 156 1209 mus
180 1177 237 1217 12,
268 1175 324 1217 10,
352 1175 416 1215 53;
451 1173 490 1208 Si
515 1173 712 1208 defecerint
738 1172 878 1216 omnia,
901 1179 976 1206 tum
1001 1173 1196 1207 videndum
1223 1171 1312 1214 erit,
1346 1184 1393 1206 an
1416 1172 1574 1208 obtineri

76 1219 213 1266 possit,
257 1229 303 1254 ne
341 1218 429 1253 illud
462 1219 607 1263 quidem
641 1224 739 1253 recte
768 1219 902 1252 factum
945 1219 980 1261 5,
1023 1219 1082 1260 13,
1128 1218 1187 1251 24.
1234 1218 1304 1260 111)
1330 1221 1353 1254 ι’.
1377 1232 1408 1263 q.
1434 1222 1573 1263 impe-

77 1275 174 1300 tro.-
209 1266 255 1299 ad
277 1265 489 1309 obtinenda,
526 1275 620 1310 quae
642 1267 810 1300 volumus
840 1265 876 1306 6,
909 1266 946 1306 2,
982 1267 999 1296 1
1014 1277 1024 1305 ;
1066 1264 1204 1298 factum
1239 1264 1317 1308 ejus
1339 1284 1387 1290 —
1411 1262 1570 1300 fortasse

75 1318 124 1348 ut
145 1313 191 1346 sit
213 1316 326 1345 tutum
349 1311 398 1352 (ἰ.
425 1321 455 1345 e.
479 1324 533 1345 ne
557 1310 821 1355 puniatur),
854 1309 1029 1344 obtinebit
1051 1310 1088 1353 4,
1114 1313 1149 1353 2,
1186 1312 1262 1345 loe.
1309 1309 1465 1355 primum
1497 1311 1569 1347 hoe

77 1356 484 1399 constituendum,
520 1358 591 1391 hoc
615 1356 925 1391 obtinendum
951 1361 1022 1399 est,
1057 1362 1097 1390 ut
1120 1368 1229 1401 quam
1259 1356 1394 1400 optime
1429 1357 1569 1393 scriba-

0 1426 5 1430 >
72 1405 234 1446 musto,
258 1405 294 1445 3,
317 1405 352 1438 9.
401 1402 665 1445 Obtinendum,
700 1414 759 1436 ne
782 1401 868 1446 quid
890 1402 928 1436 in
952 1414 994 1436 ea
1022 1402 1133 1445 desit,
1159 1414 1214 1437 ne
1237 1402 1323 1447 quid
1347 1404 1501 1447 supersit
1530 1403 1568 1448 4,

26 1464 36 1470 ⁴
71 1451 113 1495 5,
134 1453 193 1486 27.
214 1444 327 1494 quue
347 1449 537 1494 praecipue
566 1461 587 1483 a
603 1449 723 1492 pueris
738 1448 984 1491 obtinendum,
1003 1453 1073 1492 atq.
1099 1449 1136 1482 in
1155 1450 1250 1483 hanc
1272 1450 1570 1485 oonsuerudinem

15 1495 32 1499 ”
70 1495 244 1532 memoria
265 1494 525 1530 exercitatione
546 1495 755 1542 redigenda,
782 1505 838 1528 ne
861 1494 966 1528 nobis
989 1495 1168 1528 discamus
1180 1496 1370 1542 ignoscere
1388 1499 1446 1540 11,
1460 1500 1497 1541 2,
1510 1496 1570 1533 45.

0 1543 234 1598 Jthil'lgo·
281 1563 374 1597 quae
403 1546 516 1596 (voit,
549 1556 637 1601 latus
664 1551 748 1591 etc.)
773 1551 803 1585 si
835 1552 977 1585 modica
1009 1552 1215 1598 obtigerunt
1226 1546 1241 1595 ,⁸
1282 1559 1434 1596 possunt
1462 1553 1569 1589 etiam

73 1601 213 1636 ratione
235 1598 395 1643 ampliari
418 1599 476 1632 Pr.
501 1601 557 1632 27.
606 1610 697 1642 quae
720 1597 925 1631 hominibus
947 1594 1043 1632 forte
1067 1598 1270 1646 obtigerunt
1293 1601 1329 1643 3,
1351 1601 1387 1642 7,
1413 1602 1469 1635 13.

0 1645 464 1742 ἶοξὲξξῐίὶίῗ.2ἓοιιαα
486 1654 697 1688 inimicos
724 1660 795 1699 atq.
825 1655 1194 1690 obtrectatores
1222 1657 1303 1701 plus
1338 1657 1407 1691 sibi
1446 1657 1571 1693 vindi—

0 1728 7 1744 r
224 1725 236 1742 s
369 1726 378 1734 ·

0 1746 247 1815 'Obtundm
294 1755 384 1808 Quis
406 1766 483 1789 non
509 1755 658 1790 obtundi
680 1756 813 1801 possit,
839 1756 871 1791 si
894 1769 960 1800 per
980 1762 1095 1791 totum
1120 1758 1214 1792 diem
1239 1759 1484 1803 cujuscunque
1511 1770 1571 1793 ar-

0 1818 2 1824 r
71 1811 120 1840 us
139 1813 252 1837 unum
273 1807 480 1848 magistrum
502 1802 621 1836 ferat?
659 1804 692 1844 1,
717 1805 775 1845 12,
803 1804 844 1845 5;
887 1806 1037 1837 Partic..·
1070 1805 1196 1838 clara
1220 1811 1256 1838 et
1279 1805 1450 1838 obtusa
1476 1803 1568 1849 (vox)

0 1851 9 1899 ξ
66 1851 191 1913 ,1,ρὃ
215 1847 272 1928 33.
318 1849 443 1881 sauces
465 1852 706 1882 tumentes
728 1851 948 1896 strangulant
975 1860 1127 1894 vocem,
1150 1851 1349 1886 obtusae
1375 1851 1570 1885 obscurant

0 1897 230 1986 ἱιὸῖξέιιὲῐῖδ.
256 1918 403 1984 ’obtutu
426 1948 600 1983 continuo
626 1951 661 1992 1,
685 1951 721 1992 2,
747 1951 803 1988 11,

26 1993 264 2042 obumbro.
317 2007 402 2050 illa,
434 2017 527 2051 quae
552 2016 673 2039 curam
695 2006 872 2050 fatentur,
903 2017 1029 2041 sensus
1055 2009 1268 2042 obumbrant
1294 2009 1329 2052 8,
1356 2010 1414 2043 Pr.
1436 2011 1496 2044 23.

13 2053 241 2108 ἱΟὖνθιιίθ.
296 2063 425 2098 sinon
448 2061 779 2107 expectaverimuz,
817 2063 932 2107 quid
958 2064 1214 2107 obveniat,
1245 2067 1309 2100 sed
1343 2066 1463 2110 quid
1488 2078 1567 2102 res

104 2116 238 2146 oscat
260 2117 322 2144 etc.
349 2109 469 2144 intuiti
496 2112 553 2152 10,
576 2111 611 2150 3,
636 2109 693 2143 15.

26 2125 209 2201 obvius·
247 2165 283 2210 1)
319 2169 477 2210 proprie.-
514 2171 554 2198 ut
585 2164 715 2199 obvios
744 2176 819 2199 non
848 2164 1035 2199 videamus
1065 2169 1123 2209 10,
1159 2168 1194 2209 3,
1224 2168 1281 2202 29.
1314 2179 1396 2201 cum
1420 2167 1568 2203 obvium

74 2215 170 2258 (Sp.
196 2211 397 2255 Ovinium)
421 2213 587 2246 libertum
612 2211 689 2254 ejus
712 2211 968 2256 interrogasset
990 2212 1026 2254 6,
1050 2214 1085 2254 3,
1120 2210 1167 2247 84
1191 2216 1233 2247 Z.
1282 2214 1430 2248 obvium
1451 2215 1567 2248 habu-

73 2264 179 2294 erunt
199 2264 335 2302 patrem
357 2261 393 2300 7,
418 2261 451 2298 1,
474 2259 533 2293 29.
582 2257 677 2291 sorte
700 2267 769 2291 vos
793 2256 966 2291 obvios
993 2268 1096 2291 casus
1125 2257 1278 2292 miserae
1313 2260 1455 2294 mulieri
1489 2262 1568 2294 ob-

0 2302 38 2368 5'
71 2298 193 2338 tulit
217 2306 341 2336 Dom.
368 2303 443 2345 Af.
467 2304 502 2346 9,
530 2305 565 2346 2,
589 2305 647 2337 20.
679 2302 731 2345 11)
760 2306 784 2336 i.
809 2311 1120 2348 qrpromptus:
1152 2304 1299 2339 minime
1327 2306 1457 2340 obviae
1479 2318 1567 2351 pro-

5 2346 39 2388 ‚t‘
71 2349 235 2384 bationes
258 2350 294 2389 5,
318 2350 374 2390 10,
399 2351 476 2382 103.
524 2359 659 2383 necse
686 2348 849 2384 obvias
874 2347 987 2383 fuisse
1023 2349 1176 2393 dicenti,
1221 2351 1287 2385 sed
1320 2352 1567 2397 conquisi-

0 2395 18 2442 ἱ]
74 2400 146 2428 tas
169 2394 344 2436 (figuras)
367 2394 402 2433 9,
426 2395 461 2435 3,
486 2393 518 2428 5.
567 2399 606 2427 ut
629 2394 799 2428 virtutem
822 2395 925 2428 obv.
961 2400 998 2428 et
1030 2395 1186 2430 illabo
1201 2402 1349 2431 ratam
1373 2400 1566 2434 habeamus

0 2463 6 2491 ξ
73 2442 132 2482 12,
154 2441 191 2481 2,
216 2441 252 2471 2.
298 2444 371 2472 tam
396 2438 543 2473 obvia
567 2439 644 2482 ejus
666 2441 922 2474 voluntate
945 2441 980 2484 8,
1008 2440 1044 2484 4,
1065 2444 1130 2485 233
1156 2453 1214 2476 ex
1237 2443 1378 2479 obvio
1401 2445 1480 2480 fere
1505 2446 1565 2482 vi-

0 2492 38 2535 ⁵³1·
73 2491 151 2520 ctus
171 2482 418 2540 ςαιιὶπιιιῑίὃιιε)
452 2486 487 2526 2,
512 2484 569 2527 16,
594 2483 651 2518 14.

54 2543 226 2592 ἢοαιειο.
274 2539 318 2584 α)
343 2553 371 2574 0.
400 2541 533 2575 Geram:
555 2540 868 2576 Occasionem
891 2543 1117 2578 factorum
1140 2542 1242 2588 (inter
1263 2558 1379 2580 novem
1405 2549 1565 2582 elementa

62 2611 67 2618 2
143 2587 309 2630 ‹es-tionis),
334 2587 431 2630 quod
455 2592 510 2620 est
532 2586 701 2631 apertius,
734 2598 839 2631 quam
865 2594 905 2622 ut
926 2590 987 2624 vel
1010 2589 1326 2635 interpretandum,
1353 2594 1415 2628 vel
1439 2605 1565 2629 exem-

77 2635 84 2638 ⁴
157 2632 205 2667 sit
229 2633 566 2667 demonstrandum:
598 2637 719 2667 tamen
752 2629 978 2678 ἰφορμᾰς
1006 2634 1158 2681 ἔργων
1188 2645 1324 2672 vocant
1356 2641 1392 2682 3,
1433 2640 1469 2682 6,
1504 2643 1562 2674 27.

2 2683 34 2730 ’17
121 2703 133 2713 .
174 2677 250 2713 litis
271 2689 352 2713 occ.
374 2682 411 2722 7,
433 2680 469 2721 9,
494 2679 529 2713 5.
576 2688 656 2715 occ.
680 2679 908 2724 turpitudinis
931 2682 966 2724 8,
990 2682 1025 2724 3,
1048 2679 1105 2716 47.
1131 2692 1210 2718 occ.
1243 2685 1418 2718 clamandi
1444 2688 1500 2727 12,
1525 2687 1562 2728 8,

28 2718 113 2760 5²⁹!-
151 2732 234 2759 occ.
263 2723 393 2759 laetius
418 2725 632 2759 decurrendi
658 2727 716 2767 12,
741 2726 778 2767 9,
801 2728 835 2760 2.
883 2736 961 2761 occ.
992 2727 1133 2762 dicendi
1156 2730 1192 2771 9,
1219 2732 1254 2772 2,
1277 2731 1335 2766 96.
1358 2734 1416 2774 12,
1444 2733 1499 2774 10,
1526 2733 1561 2766 3.

67 2764 136 2805 *illu
154 2769 350 2805 mentiendi
379 2770 528 2815 propior
559 2780 639 2804 occ.
666 2773 723 2813 12,
747 2773 804 2815 10,
829 2773 886 2807 13.
929 2771 974 2817 β)
1005 2774 1193 2810 Νωηὶιιστ..-
1230 2776 1471 2821 Inspiciuntur
1493 2776 1562 2811 uti-
