1728 3002
111 209 192 249 338
670 204 825 248 Fibula
864 229 918 238 -—
957 205 1084 249 Fides

110 320 145 364 F
146 317 277 365 ibula,
331 332 372 367 P.
400 332 548 385 Blessus
567 331 740 386 junium,
778 331 960 368 hominem
982 331 1123 382 nigrum
1157 339 1194 370 et
1220 345 1387 372 macrum
1415 342 1452 373 et
1477 341 1646 386 pandum,

155 379 476 414 fibulamsferream
501 380 604 413 d1x1t.
629 379 665 422 6,
693 380 728 423 3,
757 379 814 415 58.

110 424 146 467 F
147 426 264 467 ictio.
313 437 429 471 adhuc
454 441 508 470 est
532 435 698 470 subtilior
719 435 780 470 illa
807 447 865 470 ex*
881 435 987 471 simili
1013 436 1221 482 translatio,
1257 449 1360 485 cum,
1396 441 1492 485 quod
1513 440 1553 478 in
1577 444 1646 479 alia

156 494 198 518 re
224 482 302 517 fieri
325 484 438 525 solet,
470 482 508 516 in
531 482 636 516 aliam
662 487 874 517 mutuamur,
902 483 956 517 Ea
974 482 1112 517 dicatur
1137 494 1222 519 sane
1248 485 1360 521 fictio.
1385 487 1421 530 6,
1444 490 1479 531 3,
1503 488 1559 523 61.
1582 489 1645 525 illa

157 540 205 564 ex
229 529 347 563 ironia
370 530 397 562 s.
423 531 468 563 ib.
496 529 553 563 91.
579 528 730 563 lam-eati
754 534 876 573 postes
911 540 959 563 ex
996 530 1122 564 eadem
1154 530 1299 566 fictione
1330 539 1414 567 sunt
1446 535 1482 577 8,
1517 535 1552 578 6,
1586 537 1643 571 32.

157 575 264 610 etiam
287 587 307 609 a
330 574 474 609 fictione
499 574 581 609 duci
606 581 815 622 argumenta
841 575 875 619 5,
905 578 962 619 10,
994 576 1052 612 95.
1087 586 1260 621 apparens
1290 579 1403 625 magis
1428 591 1533 624 quam
1558 591 1646 616 con-

154 623 251 656 fessa
280 622 306 655 f.
334 622 369 664 9,
398 624 433 664 2,
460 620 519 656 46.
546 633 636 666 quae
659 623 831 656 haberent
853 621 1007 666 aliquam
1032 628 1207 662 remotam
1241 624 1298 669 (a.
1325 629 1346 659 l.
1375 625 1469 671 om.)
1503 627 1546 660 ab
1577 639 1646 661 usu

157 667 337 703 communi
360 667 541 701 fictionem
568 670 604 712 9,
631 671 664 711 1,
688 670 745 703 25.
771 663 1039 710 ὅνοματοποιΐα.
1061 669 1158 703 fictio
1191 676 1246 705 est
1278 671 1433 706 nominis
1465 674 1510 706 ib.
1538 674 1572 708 5.
1598 673 1644 715 cs.

156 716 192 757 8,
217 717 251 758 3,
279 714 331 749 19.
357 719 429 747 tam
456 714 586 760 frigida
614 726 719 759 quam
744 720 799 749 est
823 714 1007 749 nominum
1042 715 1094 758 f.‚
1138 715 1308 761 adjecti-⁴3,
1349 718 1539 762 detractis,
1566 731 1647 753 mu-

155 760 238 795 tatis
261 759 373 794 literis
402 761 437 804 6,
465 763 498 803 3,
516 757 580 795 53.
606 761 769 796 fictiones
802 771 1048 805 personarum,
1076 773 1168 806 quae
1191 762 1483 807 προσωποποιΐαι
1519 764 1646 800 dicun-

156 814 215 842 tur
239 808 276 852 9,
304 811 339 851 1,
364 807 422 842 29.
447 806 494 849 cs.
520 809 556 851 9,
584 809 619 851 3,
642 809 698 844 89.
727 810 783 852 11,
808 810 842 851 1,
865 808 922 844 39.
950 808 1147 843 voluntatis
1173 809 1202 844 f.
1218 810 1266 854 ³9,
1293 811 1329 853 2,
1356 809 1414 845 46.

110 863 254 906 Ficus.
294 876 392 920 quod
414 886 508 909 uxor
531 886 596 909 sua
623 887 672 910 ex
694 875 764 910 fico
788 886 868 910 sese
892 876 1136 920 suspendisset
1165 876 1200 920 6,
1224 879 1259 921 3,
1287 878 1345 913 88.

109 921 523 963 Fideicommissum·
570 935 604 976 3,
628 933 664 976 6,
691 936 737 969 70
763 934 809 971 N.
827 941 900 977 ‘per
926 935 998 968 hoc
1023 935 1169 968 tacitum
1190 935 1251 970 fid.
1273 936 1310 979 9,
1337 937 1372 978 2,
1397 932 1455 969 74.

110 977 288 1021 Fidelis.
313 1007 359 1016 -—
385 989 535 1024 libertus
563 993 597 1033 1,
624 993 659 1032 2,
683 990 718 1026 5.
747 990 893 1025 minime
917 990 1058 1026 fidelem
1083 1003 1163 1027 esse
1184 993 1292 1037 paulo
1306 991 1523 1026 tardioribus
1545 991 1648 1040 inge-

156 1037 225 1070 niis
250 1042 433 1071 recentem
459 1035 669 1071 memoriam
698 1040 754 1079 11,
782 1040 819 1080 2,
840 1037 899 1072 42.
929 1039 1041 1072 multo
1065 1050 1106 1072 ac
1132 1038 1229 1073 fideli
1251 1038 1335 1073 stilo
1360 1039 1417 1082 10,
1446 1041 1482 1082 7,
1508 1041 1543 1073 7.

109 1081 329 1129 Fideliter.
378 1095 475 1138 quod
501 1094 654 1129 fideliter
675 1089 816 1127 firmum
842 1100 896 1128 est
918 1095 955 1138 6,
978 1095 1014 1138 4,
1040 1094 1096 1130 14.
1123 1096 1151 1129 f.
1185 1096 1372 1130 continere
1397 1097 1432 1139 1,
1460 1097 1495 1138 3,
1523 1098 1555 1129 1.
1579 1093 1650 1129 nisi

156 1140 388 1174 fundamenta
410 1141 436 1174 f.
463 1140 591 1184 jecerit
615 1143 648 1183 1,
664 1138 700 1182 4,
728 1141 760 1175 5.
779 1151 870 1185 quae
894 1141 996 1175 reddi
1022 1142 1049 1176 f.
1073 1141 1212 1186 possint
1239 1145 1295 1186 10,
1322 1142 1359 1184 6,
1381 1143 1424 1185 33
1449 1141 1649 1176 studiorum

155 1187 295 1220 fructus
319 1186 460 1220 fidelius
487 1186 649 1221 continet
674 1188 731 1230 10,
755 1188 790 1230 3,
814 1190 849 1221 2.
876 1187 1070 1222 memoriae
1103 1189 1269 1223 inhaeret
1294 1187 1435 1222 fidelius
1471 1189 1528 1230 10,
1552 1187 1589 1231 6,
1612 1190 1650 1226 2.

110 1242 145 1285 F
146 1242 253 1284 ides·
282 1252 317 1298 Ι)
339 1239 380 1297 οἷ)
399 1255 440 1287 de
465 1256 567 1287 animi
590 1257 731 1288 virtute:
755 1253 840 1288 hinc
857 1261 940 1288 sunt
962 1254 1088 1298 pietas,
1115 1255 1223 1298 fides,
1250 1253 1470 1290 continentia
1495 1259 1531 1289 et
1564 1254 1650 1290 talia

157 1304 200 1344 7,
231 1299 276 1342 4,
310 1300 345 1334 6.
384 1299 430 1341 cs.
465 1302 530 1342 12,
556 1302 598 1342 2,
627 1302 686 1334 30.
726 1310 765 1333 se
791 1311 865 1334 non
891 1302 937 1334 de
961 1301 1143 1347 ingenii
1167 1302 1262 1335 fama
1285 1302 1350 1334 sed
1373 1302 1418 1335 de
1442 1299 1543 1335 fide
1568 1312 1648 1335 esse

156 1346 338 1380 solicitum
362 1348 418 1389 11,
447 1347 478 1388 1,
503 1344 558 1380 74.
586 1345 756 1383 Clitarchi
778 1346 952 1390 probatur
973 1346 1244 1393 ingenium,
1285 1347 1305 1380 f
1312 1346 1420 1381 ides
1456 1345 1649 1381 infamatur

158 1395 215 1437 10,
241 1395 273 1436 1,
298 1390 355 1431 74.
385 1403 454 1426 nec
476 1391 645 1427 advocati
669 1392 894 1435 studium,
922 1394 987 1426 sed
1006 1392 1107 1426 testis
1127 1397 1187 1427 aut
1203 1391 1332 1437 judicis
1356 1393 1481 1427 afferat
1504 1393 1572 1426 fid
1585 1404 1648 1427 em

156 1441 201 1473 ib.
229 1441 309 1472 111.
337 1437 381 1480 cs.
412 1442 447 1482 7,
475 1440 508 1482 1,
533 1442 556 1472 7
585 1440 631 1473 N.
661 1444 701 1471 ut
724 1443 823 1472 tanto
848 1439 979 1472 clarior
1001 1439 1122 1472 futura
1147 1438 1194 1472 sit
1235 1438 1363 1472 fides
1397 1450 1439 1474 ac
1473 1438 1646 1485 religio

155 1485 195 1519 in
217 1484 485 1529 pronuntiando
516 1487 573 1528 11,
599 1488 632 1527 1,
655 1487 712 1519 75.
739 1484 769 1518 si
792 1484 898 1518 fidem
926 1485 1032 1519 debet
1058 1490 1178 1528 tutor,
1224 1490 1260 1519 et
1282 1490 1495 1529 procurator
1530 1486 1564 1529 5,
1589 1487 1648 1529 10,

155 1533 214 1567 73.
239 1531 351 1574 fides,
375 1542 481 1576 quam
502 1542 571 1565 nec
596 1530 769 1574 cupiditas
795 1537 1019 1575 corrumpat,
1057 1542 1127 1566 nec
1150 1530 1263 1578 gratia
1291 1537 1452 1574 avertat,
1475 1542 1545 1566 nec
1568 1542 1648 1565 me-

155 1583 213 1611 tus
236 1578 378 1624 frangat
394 1581 450 1620 12,
464 1579 498 1620 1,
522 1577 579 1611 24.
594 1578 683 1611 fides
695 1576 885 1621 patrocinii
896 1580 952 1620 11,
967 1580 1000 1621 1,
1012 1578 1069 1612 86.
1088 1590 1121 1611 v.
1143 1579 1170 1611 P
1181 1582 1252 1611 atr
1263 1588 1286 1611 o
1299 1576 1479 1612 oinium.
1497 1579 1647 1610 multum

155 1623 310 1669 positum
336 1629 389 1658 est
413 1623 452 1657 in
474 1629 536 1657 tua
565 1624 635 1658 fide
668 1624 733 1667 Ep.
765 1624 811 1657 ad
833 1624 973 1668 Tryph.
1004 1626 1036 1658 3.
1057 1635 1175 1668 neque
1194 1634 1234 1657 se
1267 1623 1362 1657 bona
1384 1624 1455 1657 fide
1477 1623 1515 1656 in
1537 1624 1648 1657 multa

156 1670 262 1705 simul
285 1671 472 1704 intendere
494 1669 631 1704 animus
658 1675 773 1704 totum
794 1675 917 1715 potestv
938 1672 994 1713 10,
1021 1671 1056 1713 3,
1078 1672 1135 1704 23.
1162 1670 1278 1703 bonae
1300 1668 1384 1703 fidei
1402 1667 1434 1712 ³(
1441 1682 1473 1703 α.
1502 1673 1525 1703 1.
1550 1669 1647 1703 bona

155 1717 241 1757 fide)
264 1716 347 1752 viro
378 1719 434 1759 10,
458 1719 493 1759 7,
522 1719 555 1750 1.
584 1727 627 1750 ea
653 1716 771 1750 aliena
796 1716 867 1749 fide
891 1716 988 1750 dicet
1004 1718 1059 1759 12,
1085 1718 1120 1758 3,
1138 1718 1172 1750 2.
1197 1725 1270 1760 quo
1284 1716 1422 1759 majore
1442 1715 1512 1748 fide
1526 1715 1647 1748 dicant

155 1763 190 1806 5,
215 1767 250 1806 7,
276 1765 333 1797 21.
358 1768 438 1797 uter
460 1757 497 1796 id
524 1763 594 1796 fide
629 1762 780 1796 meliore
803 1761 849 1796 sit
870 1763 1029 1796 facturus
1053 1765 1089 1804 7,
1116 1760 1151 1805 4,
1175 1761 1235 1797 34.
1258 1773 1368 1806 quam
1390 1759 1645 1806 (voluntatem),

155 1809 218 1854 qui
253 1820 340 1844 vera
373 1809 445 1843 fide
483 1808 640 1843 induerit
671 1812 730 1852 12,
770 1811 825 1851 11,
864 1811 918 1842 11.
960 1808 1029 1842 fide
1075 1814 1229 1855 cogente
1259 1808 1382 1842 facere
1419 1809 1476 1849 11,
1514 1809 1548 1850 1,
1578 1806 1646 1850 653

153 1857 246 1889 hanc
274 1850 351 1899 ejus
375 1861 492 1901 terrae
516 1855 623 1889 fidem
648 1857 704 1898 12,
730 1857 787 1897 10,
810 1855 857 1889 25
891 1855 939 1889 N.
1005 1854 1050 1899 β)
1078 1857 1102 1888 ἰ.
1138 1868 1170 1899 q.
1203 1855 1363 1896 fiducia.-
1397 1853 1535 1897 majore
1566 1863 1649 1886 cum

153 1902 222 1936 fide
247 1902 410 1936 audiatur
433 1904 489 1943 12,
514 1904 548 1945 1,
574 1904 630 1935 12.
657 1900 804 1935 facilior
818 1900 887 1935 erit
910 1900 948 1935 in
964 1900 1093 1935 ceteris
1117 1901 1205 1935 fides
1228 1901 1264 1942 6,
1278 1898 1314 1943 4,
1342 1900 1396 1934 16.
1410 1910 1456 1933 311
1482 1899 1650 1932 habenda

155 1947 261 1983 etiam
288 1948 411 1993 parvis
433 1948 522 1982 fides
545 1950 579 1989 2,
609 1947 644 1987 4,
671 1951 728 1982 27.
759 1947 805 1989 cf.
830 1947 866 1990 4,
891 1950 926 1990 2,
951 1947 1010 1982 86.
1039 1952 1194 1991 utroque
1227 1945 1408 1981 utentibus
1446 1944 1486 1978 in
1517 1950 1648 1979 neutro

153 1994 276 2029 haberi
303 1995 409 2029 fidem
432 1992 469 2036 4,
495 1995 530 2038 5,
562 1996 617 2028 13.
648 1993 739 2027 nulli
761 1995 842 2038 plus
867 2005 924 2037 ap.
949 2004 989 2028 se
1011 1992 1097 2027 fidei
1119 1992 1245 2027 haberi
1270 1992 1305 2036 5,
1331 1994 1388 2035 11,
1410 1990 1468 2025 43.
1496 1989 1544 2032 11)
1569 1993 1591 2024 i.
1613 2003 1643 2035 q.

154 2044 344 2076 veritas:
380 2039 422 2084 α)
446 2040 508 2075 fid.
535 2051 723 2074 causarum
750 2044 783 2083 1,
813 2042 848 2084 8,
878 2042 932 2074 10.
962 2049 1039 2074 non
1073 2039 1280 2083 speciem
1315 2035 1552 2082 expositionis
1579 2036 1648 2087 sed

153 2087 293 2121 fidem
320 2089 377 2130 10,
402 2090 435 2130 1,
466 2088 524 2121 32.
541 2102 588 2109 --
607 2086 777 2121 narrandi
799 2089 834 2129 2,
863 2088 897 2129 5,
926 2088 961 2119 7.
984 2103 1029 2110 —
1053 2087 1294 2125 oraculorum.
1321 2083 1523 2128 aruspicum
1535 2083 1643 2123 eta-5,

153 2136 187 2176 7,
198 2135 253 2168 36.
274 2132 579 2178 —probationum
601 2131 637 2176 4,
660 2133 717 2166 Pr.
733 2134 768 2168 6.
796 2133 830 2175 5,
842 2135 875 2174 3,
890 2134 1198 2178 37-argument
1212 2130 1379 2165 atione
1406 2129 1546 2172 aliaque
1561 2124 1647 2174 (51²2

152 2182 251 2223 inser,
278 2179 394 2223 omni)
418 2179 516 2213 fide
549 2190 670 2213 rerum
698 2179 733 2223 5,
756 2180 791 2222 8,
815 2181 838 2213 3
863 2182 905 2213 Ζ.
937 2176 981 2218 cf.
1005 2179 1040 2219 8,
1065 2178 1122 2212 Pr.
1152 2180 1208 2212 10.
1240 2176 1341 2220 cujus
1365 2174 1421 2210 rei
1442 2175 1540 2223 *fides
1574 2175 1643 2213 88¹,

154 2225 249 2269 quod
275 2233 336 2259 etc.
363 2228 420 2268 11,
446 2227 479 2267 3,
505 2226 538 2260 8.
566 2225 775 2259 difficillima
804 2230 858 2259 est
880 2223 1084 2271 gravissimi
1120 2224 1293 2268 cujusque
1325 2222 1476 2269 sceleris
1493 2216 1583 2268 fides
1604 2214 1641 2258 4,

151 2273 185 2313 3,
209 2272 243 2305 6.
271 2271 433 2307 veritatis
459 2272 486 2305 f.
516 2273 551 2314 3,
573 2272 609 2314 8,
637 2273 694 2306 51.
720 2272 755 2314 9,
779 2274 814 2313 2,
843 2272 899 2306 19.
924 2269 1111 2305 vetustatis
1129 2269 1156 2304 f.
1185 2272 1240 2310 12,
1264 2267 1299 2308 4,
1319 2267 1354 2299 2.
1378 2261 1425 2308 β)
1448 2273 1479 2296 81
1504 2267 1641 2308 mtegra

150 2316 194 2349 sit
220 2317 251 2350 ei
267 2318 294 2350 f.
322 2319 355 2361 5,
367 2321 402 2360 7,
420 2321 454 2351 2.
482 2326 553 2361 quo
577 2319 657 2361 plus
682 2317 881 2352 dicentibus
908 2316 945 2350 fi
961 2315 1056 2360 dei,
1083 2315 1272 2358 minusque
1298 2313 1553 2354 suspectae
1577 2307 1643 2360 ad-

147 2368 360 2397 vocatorum
384 2363 594 2397 insidiae
617 2364 739 2398 forent
763 2366 821 2405 12,
844 2364 880 2406 9,
909 2362 943 2397 5.
969 2372 1042 2395 non
1073 2359 1344 2394 auctoritas
1381 2355 1490 2389 modo
1519 2353 1642 2407 yerbls

149 2413 185 2440 et
210 2409 229 2440 f
235 2408 337 2443 ides
365 2409 456 2444 desit
481 2411 537 2451 11,
565 2411 599 2452 3,
627 2411 684 2446 67.
712 2415 752 2443 111
779 2409 836 2443 his
861 2409 967 2444 etiam
990 2418 1080 2442 vera
1112 2406 1311 2440 dicentibus
1347 2401 1436 2436 fides
1463 2401 1554 2434 destt
1582 2400 1639 2440 12,

150 2456 184 2493 1.
212 2455 275 2495 13;
315 2467 405 2498 quae
428 2456 476 2489 ita
502 2457 644 2489 demum
669 2467 689 2489 a
714 2456 784 2489 fide
807 2465 883 2489 non
922 2453 1115 2488 abhorrent
1146 2454 1182 2496 9,
1213 2454 1250 2493 2,
1283 2451 1339 2485 30·
1375 2446 1415 2493 y)
1446 2449 1570 2479 Accu-⁹·
1602 2442 1641 2492 8),

149 2498 318 2542 simplicis
341 2500 517 2535 sermonis
542 2502 649 2535 fidem
673 2501 826 2546 acquirit
848 2500 884 2544 4,
915 2503 948 2543 1,
978 2499 1034 2534 54.
1062 2499 1215 2533 afferunt
1236 2497 1342 2530 fidem
1366 2498 1427 2526 aut
1449 2490 1639 2525 deiraham

116 2560 120 2562 “
148 2545 183 2586 5,
211 2547 266 2586 10,
293 2548 351 2579 27·
381 2545 424 2586 Cs-
454 2549 489 2588 7,
513 2550 547 2589 2,
573 2550 628 2582 57.
666 2547 812 2581 incertis
845 2548 952 2581 fidem
980 2555 1057 2579 non
1087 2544 1228 2577 dubiam
1261 2541 1413 2575 afferens
1445 2537 1480 2579 5,
1511 2536 1568 2576 10,
1603 2534 1638 2567 8.

149 2589 338 2634 plurimum
355 2591 489 2624 oratori
502 2598 537 2625 et
562 2604 614 2625 an
627 2604 646 2626 c
661 2592 875 2627 toritatis
899 2597 935 2626 et
951 2589 1059 2623 fidei
1084 2589 1258 2630 affert12,
1272 2588 1307 2628 92
1325 2587 1380 2620 12·
1394 2594 1426 2616 υ·
1446 2580 1635 2631 Affssr⁰⁰

148 2635 387 2670 amittitfidem
401 2635 482 2679 9,4,
497 2637 576 2671 143.
591 2637 901 2672 matri—abstulit
926 2636 1069 2670 fidem
1096 2635 1131 2677 6,
1160 2637 1194 2676 5,
1219 2634 1254 2668 9.
1278 2628 1633 2681 11.·Αιισῑᾳτιῐαε.

145 2683 233 2716 fides
257 2682 459 2716 confirmari
482 2688 540 2716 aut
557 2684 675 2717 refelli
693 2690 811 2728 potest
835 2686 870 2726 5,
896 2687 931 2724 7,
957 2681 1011 2716 36.
1025 2681 1063 2714 in
1077 2691 1146 2724 qua
1155 2680 1234 2722 plus
1243 2671 1635 2724 fidexconsequetnrfi,

143 2729 179 2770 6,
203 2731 236 2762 2.
265 2740 344 2763 cum
369 2739 454 2761 cura
476 2729 674 2762 verborum
702 2731 851 2775 deroget
883 2725 1066 2762 affectibus
1097 2726 1204 2758 fidem
1241 2723 1276 2774 9,
1313 2721 1348 2762 3,
1383 2720 1460 2752 ¹02·
1494 2721 1637 2750 lmenm

141 2775 214 2808 hoc
238 2774 316 2818 ipso
340 2774 445 2807 fidem
474 2774 694 2807 detrahimus
715 2775 804 2818 illis,
845 2775 941 2819 quod
964 2773 1036 2806 sint
1057 2776 1128 2811 tam
1161 2779 1286 2814 gravia
1311 2766 1348 2808 9,
1371 2767 1406 2807 2,
1437 2765 1494 2798 53·
1529 2762 1575 2804 cf·
1600 2765 1636 2805 2,

145 2823 201 2863 17,
228 2821 283 2855 15.
309 2823 343 2864 5,
370 2823 408 2863 7,
429 2818 465 2855 4.
490 2821 546 2853 32.
575 2822 610 2862 5,
640 2822 696 2872 10,
722 2824 779 2855 27.
805 2824 841 2862 7,
867 2823 900 2862 1,
928 2821 983 2852 11.
1012 2819 1067 2859 11,
1093 2818 1127 2858 1,
1153 2817 1186 2850 8.
1213 2815 1248 2850 9.
1282 2815 1339 2854 12,
1369 2811 1405 2854 8.
1437 2811 1492 2842 ¹2·
1529 2809 1636 2842 debet
