1728 3002
452 287 456 290 ,
511 237 771 282 Fortunatus
809 259 864 269 -—
902 233 1075 292 Frange
1478 233 1563 277 3⁵3

74 353 204 401 ncipit
227 355 264 399 8,
287 356 325 400 5,
346 354 408 392 67.
432 344 520 388 fort.
545 362 689 398 quoque
711 361 819 395 saepe
841 348 1065 396 substituitur
1088 348 1214 392 culpae
1235 349 1272 391 7,
1286 345 1322 392 4,
1340 347 1404 391 15;
1421 347 1563 401 ‘frustra

74 403 170 436 mala
192 401 312 436 omnia
335 401 380 435 ad
402 399 536 434 crimen
568 401 731 432 fortunae
753 398 828 431 rele
854 407 953 430 amus
977 396 1023 438 6,
1050 395 1110 429 Pr.
1137 397 1203 436 133
1238 400 1278 428 ut
1304 404 1378 428 non
1400 400 1447 429 stt
1473 395 1562 429 dan-

74 449 143 482 dus
165 454 203 482 et
222 448 391 482 fortunae
415 447 515 480 locus
539 447 596 488 10,
622 445 659 487 6,
682 445 716 479 5.
751 442 796 484 cs.
845 469 856 486 ,
873 443 906 485 5,
923 441 979 476 14.
1001 439 1259 492 (Apollodorus)
1284 446 1462 475 oratorem
1486 444 1563 495 forj-

3 514 10 519 -
73 499 184 528 tunae
208 491 372 538 subjicit,
403 497 462 536 ut,
485 491 516 525 si
537 501 611 525 non
632 488 860 535 persuaserit,
886 497 1018 522 nomen
1040 498 1143 521 suum
1169 492 1326 521 retinere
1349 497 1423 539 non
1447 492 1562 531 possit

71 542 112 584 2,
130 541 190 582 15,
208 542 265 573 12.
286 540 441 574 fructum
461 556 509 564 —
530 541 816 582 perpetuum
839 534 939 568 illum
963 544 1033 568 nec
1053 533 1276 567 fortunae
1305 533 1561 585 subl-ectum

76 589 120 628 1,
143 587 207 628 12,
231 586 287 620 18.
362 583 424 628 11)
457 585 500 617 de
523 585 712 617 condicione
734 583 895 615 hominis.-
939 580 985 614 ad
1027 590 1193 631 quorum·
1222 579 1560 631 condicionem

73 631 312 676 vitamque
334 630 498 676 aptanda,
520 639 612 674 quae
630 627 851 669 dicebantur,
873 627 1031 660 fuerunt.
1055 642 1102 650 —
1132 635 1412 677 umuscumsque
1436 635 1563 659 eorum

73 677 339 720 fortunam,
366 675 582 724 dignitatem,
606 685 665 708 res
687 679 805 721 gestas
827 672 976 707 intuitus
1002 678 1065 705 etc.
1090 673 1125 714 3,
1151 672 1269 724 8,.50.
1297 671 1384 705 facit
1408 677 1444 705 et
1466 672 1562 706 for-

73 728 184 757 tuna
209 722 400 758 discrimen
422 727 459 757 et
482 726 688 766 potestas
711 722 769 763 11,
787 722 821 763 1,
839 718 897 754 43.
921 717 1317 765 tort.cumdigmtatem
1340 717 1454 761 affert,
1488 723 1564 752 tum

71 785 118 794 —-
143 768 294 815 gloriam
315 768 409 813 parit
433 769 478 811 3,
501 770 544 807 7,
568 769 626 801 13.
668 766 814 800 fortuna
843 763 944 809 (est,
970 765 1060 797 unde
1082 770 1310 816 argumentum
1332 766 1417 796 sumi
1443 764 1564 816 passis)

73 815 119 857 5,
136 816 211 858 ’10,
234 815 299 858 263
338 812 548 858 corporis
571 823 614 847 ac
635 813 859 846 fortunae
882 811 975 844 mala
1001 811 1045 853 3,
1069 812 1111 853 7,
1135 810 1192 845 19.
1226 809 1419 843 inhumana
1443 810 1562 845 videri

71 861 167 894 solet
190 861 358 895 fortunae
382 858 571 894 insectatio
593 859 635 901 6,
658 860 701 901 3,
724 859 784 894 28.
823 856 870 897 cs.
895 859 960 899 11,
986 858 1019 898 1,
1045 856 1114 898 863
1152 855 1276 890 Gallus
1300 866 1405 909 avem
1428 864 1491 891 etc.
1507 868 1563 910 ’an

72 905 255 941 fortunam
286 906 449 951 corporis
481 904 656 950 significet
687 907 733 947 7,
761 904 807 946 9,
843 906 886 945 23
923 906 1238 954 commoveatur-ne
1266 913 1452 954 quisquam
1485 914 1563 956 ejus·

72 951 220 987 fortuna
245 955 303 996 11,
327 956 363 995 1,
387 953 446 987 50.
479 962 549 985 nec
572 951 765 984 fortuna
787 950 896 982 modo
919 947 1063 992 judicii,
1091 948 1159 1000 sed
1177 958 1337 992 ipsorum
1360 953 1478 989 etlam,
1502 959 1564 993 qm

74 996 204 1040 orant,
237 997 462 1041 periculo
494 996 668 1030 afficimur
695 998 759 1038 10,
782 998 819 1034 1,
844 995 900 1029 16.
939 1005 988 1028 ex
1013 1005 1082 1038 qua
1109 993 1162 1027 iux
1185 992 1278 1037 (reo)
1299 994 1446 1028 fortuna
1467 1000 1505 1028 et
1526 994 1565 1029 in

74 1053 183 1086 quam
207 1043 438 1077 recidendum
460 1042 507 1076 sit
528 1042 573 1084 6,
599 1045 641 1084 1,
671 1043 730 1075 23.
776 1041 851 1082 111)
878 1042 903 1074 ἰ.
928 1053 959 1084 q.
988 1052 1121 1092 opes.-
1162 1039 1208 1073 de
1236 1040 1458 1084 fortuna,
1492 1051 1564 1086 qua

73 1093 226 1133 uterque
247 1089 449 1123 abundabat
471 1088 508 1132 6,
533 1090 568 1131 1,
590 1088 637 1122 50
662 1087 734 1129 Ν.;
771 1086 997 1120 fortunarum
1019 1086 1178 1130 pericula
1200 1084 1238 1130 4,
1258 1088 1297 1128 2,
1321 1088 1402 1120 122.

28 1141 66 1184 F
67 1152 301 1188 ormnatus.
344 1155 378 1192 0
403 1156 621 1191 fortunatam
646 1159 766 1188 natam
787 1164 846 1189 me
869 1152 1030 1189 Consule
1051 1154 1203 1188 Romam
1237 1154 1330 1189 cic.
1361 1154 1407 1198 9,
1431 1153 1478 1199 4,
1501 1153 1563 1190 41.

26 1227 210 1287 rotam-⁹
246 1257 290 1303 ι)
314 1259 448 1294 δοιὰ..-
475 1267 550 1291 non
575 1257 728 1291 eandem
749 1266 831 1291 esse
856 1254 1108 1290 condicionem
1136 1254 1239 1290 fori
1267 1259 1306 1291 et
1327 1256 1565 1293 auditorii

75 1304 133 1346 10,
157 1305 192 1346 1,
214 1304 271 1339 36.
289 1303 578 1338 adimitationem
601 1301 703 1336 fori
733 1300 1114 1346 consiliorumque
1135 1304 1172 1344 2,
1188 1301 1225 1346 4,
1243 1299 1302 1336 41.
1328 1302 1368 1337 in
1393 1304 1462 1338 hac
1484 1305 1568 1339 luce

70 1347 146 1382 fori
170 1351 239 1392 12,
261 1352 310 1393 2,
332 1350 366 1385 8.
392 1355 447 1383 est
469 1348 635 1393 proprius
658 1347 801 1393 quidam
823 1347 896 1382 fori
922 1348 1105 1392 profectus
1131 1351 1198 1392 12,
1225 1348 1266 1392 6,
1289 1346 1325 1384 4.
1367 1349 1568 1394 principem
1591 1375 1594 1377 -

71 1394 184 1429 fuisse
207 1395 280 1429 fori
303 1398 361 1439 12,
390 1398 447 1439 11,
474 1397 510 1429 3.
544 1394 658 1439 ipsam
681 1394 752 1428 fori
775 1393 999 1428 sanctitatem
1022 1397 1079 1436 11,
1103 1395 1140 1435 3,
1164 1395 1211 1429 58
1236 1395 1285 1428 Ν.
1325 1395 1398 1430 fori
1422 1396 1565 1431 severi-

31 1464 35 1467 *
71 1445 127 1474 tas
151 1441 195 1483 8,
222 1441 265 1484 6,
287 1440 347 1476 24.
399 1442 436 1484 β)
459 1444 568 1476 Dat:
592 1441 676 1474 foro
702 1440 800 1474 utilis
829 1443 863 1483 1,
887 1442 945 1483 10,
967 1440 1004 1474 4.
1034 1440 1095 1485 qui
1118 1440 1203 1475 foro
1227 1440 1462 1476 destinabitur
1481 1444 1567 1487 2‚8,

70 1485 106 1521 8.
129 1491 243 1521 totum
265 1486 489 1522 declamandi
505 1497 596 1531 opus
614 1505 663 1512 -
684 1486 715 1520 si
739 1487 823 1520 foro
846 1496 921 1520 non
944 1491 1130 1530 praeparat
1152 1489 1188 1529 2,
1215 1489 1272 1530 10,
1294 1488 1328 1522 8.
1365 1490 1422 1531 10,
1445 1491 1481 1531 7,
1507 1490 1564 1525 19.

71 1532 156 1567 foro
181 1539 346 1567 vacasset
370 1536 438 1576 10,
466 1536 509 1576 1,
538 1531 617 1566 114.
690 1534 729 1576 y)
752 1535 899 1567 Amas..-
929 1531 1057 1577 quibus
1081 1532 1279 1567 illustratur
1299 1534 1420 1567 forum
1447 1537 1505 1578 10,
1531 1538 1566 1579 1,

71 1580 130 1612 22.
164 1589 267 1612 musa
288 1579 351 1614 mn
373 1578 639 1624 pastoralis
677 1584 713 1612 et
747 1577 941 1612 rustica
970 1589 1045 1612 non
1078 1580 1241 1613 forum
1272 1580 1407 1623 modo,
1437 1591 1567 1615 verum

72 1622 188 1667 ipsam
219 1623 327 1659 etiam
366 1625 494 1659 urbem
522 1623 736 1660 reformidat
764 1626 809 1659 ib.
842 1625 906 1666 55;
939 1623 1000 1658 illa
1033 1625 1310 1660 scholarum
1342 1628 1567 1662 consuetudo

72 1668 175 1704 ituris
195 1669 235 1704 in
256 1671 411 1705 forum
432 1676 551 1715 potest
577 1681 711 1704 nocere
737 1673 773 1713 7,
799 1673 836 1713 2,
862 1669 921 1705 54.
958 1681 1064 1714 quem
1087 1671 1259 1715 juvenem
1285 1672 1499 1706 deduximus
1526 1673 1565 1707 in

73 1716 194 1749 forum
217 1718 274 1759 12,
297 1717 334 1759 6,
360 1717 397 1751 6.
431 1717 529 1760 quod
555 1722 678 1750 natum
701 1716 746 1750 ab
770 1716 1101 1751 ostentatione
1127 1718 1470 1752 declamatoria
1494 1719 1564 1763 jam

74 1760 116 1794 in
136 1761 290 1794 forum
311 1762 413 1796 venit
434 1761 471 1805 4,
493 1764 528 1804 3,
542 1765 575 1796 2.
602 1773 668 1806 per
687 1762 808 1796 forum
830 1763 1048 1796 reducuntur
1074 1766 1131 1807 12,
1153 1764 1190 1803 8,
1213 1764 1247 1798 3.
1271 1763 1442 1798 tabernae
1465 1770 1567 1799 erant

76 1807 175 1839 circa
189 1807 310 1840 forum
330 1807 367 1850 6,
390 1809 425 1850 3,
449 1809 506 1842 38.
558 1803 596 1850 δ)
618 1810 759 1842 Amat„-
786 1819 868 1842 cum
889 1807 1058 1842 loricatus
1082 1809 1120 1843 in
1142 1809 1227 1843 foro
1248 1810 1447 1845 ambularet
1470 1812 1507 1854 8,
1531 1812 1566 1853 5,

75 1851 133 1889 15.
162 1851 327 1885 columna
353 1858 526 1895 rostrata,
560 1864 652 1897 quae
677 1859 731 1887 est
756 1851 797 1888 C.
821 1854 968 1887 Duellio
993 1853 1032 1888 in
1054 1848 1139 1889 foro
1163 1853 1280 1899 posita
1303 1857 1345 1899 1,
1369 1859 1411 1899 7,
1437 1859 1494 1891 12.
1527 1855 1568 1890 in

76 1894 197 1928 medio
218 1895 302 1929 foro
335 1899 404 1939 10,
429 1899 474 1939 3,
496 1900 556 1932 20.
598 1910 681 1931 cum
710 1916 757 1922 —-
778 1908 855 1932 non
881 1898 978 1933 idem
998 1899 1039 1934 in
1060 1901 1168 1944 foro,
1194 1900 1313 1944 curia,
1346 1912 1472 1946 eampo
1500 1909 1563 1936 etc.

0 1965 1 1970 ,
74 1941 196 1974 facere
218 1940 411 1975 conveniat
435 1945 503 1984 11,
528 1945 571 1985 1,
594 1942 653 1977 47.
672 1944 771 1987 quod
794 1943 948 1988 (tempus)
971 1945 1010 1979 in
1033 1946 1240 1988 judiciis
1261 1957 1304 1980 ac
1325 1947 1437 1982 foro
1461 1949 1568 1982 datur

79 1988 147 2029 10,
171 1989 209 2028 7,
232 1987 291 2020 20.
328 1984 369 2019 in
390 1987 563 2021 castris
586 1998 632 2021 an
654 1988 758 2022 foro
785 1988 904 2033 dicas,
943 1990 1134 2034 plurimum
1158 1992 1309 2026 interest
1347 1995 1412 2036 11,
1440 1995 1483 2036 1,
1504 1992 1566 2028 47.

75 2030 118 2066 in
142 2032 251 2065 foro
276 2043 356 2074 opp.
379 2031 500 2066 domi
523 2035 580 2073 12,
605 2034 640 2075 8,
665 2035 720 2067 13.
751 2032 791 2066 in
816 2034 921 2075 foro
946 2035 1079 2078 judicia
1101 2050 1178 2081 opp.
1201 2037 1373 2071 inludo
1402 2040 1438 2080 3,
1457 2040 1514 2081 10,
1528 2040 1566 2073 3.

80 2089 161 2121 opp.
186 2076 224 2110 in
251 2077 410 2111 schola
430 2075 465 2115 4,
490 2080 524 2119 1,
545 2076 605 2111 46.
634 2075 671 2119 4,
690 2080 728 2120 2,
752 2078 810 2113 86.
835 2081 934 2123 quod
956 2080 996 2113 in
1013 2082 1096 2115 foro
1121 2093 1196 2116 non
1219 2083 1377 2126 expedit,
1399 2082 1476 2117 illic
1497 2094 1567 2118 neo

77 2122 187 2156 liceat
207 2123 243 2164 9,
268 2125 305 2164 2,
329 2123 387 2157 67.
431 2121 478 2164 qs.
503 2124 547 2165 3,
570 2124 638 2164 11,
661 2125 696 2157 7.
732 2122 769 2165 6,
792 2125 828 2166 3,
850 2125 910 2159 93.
944 2124 1016 2167 jam
1039 2125 1079 2159 in
1101 2127 1186 2160 foro
1210 2129 1327 2161 clarus
1350 2130 1414 2169 10,
1438 2130 1479 2171 5,
1508 2129 1566 2165 14.

77 2166 119 2202 in
139 2168 170 2201 f.
193 2167 316 2202 diserti
342 2170 400 2210 10,
424 2170 459 2211 1,
481 2168 538 2202 68.
566 2167 702 2202 tirones
724 2166 763 2201 in
784 2168 813 2201 f.
837 2171 872 2210 2,
897 2171 953 2212 10,
982 2171 1017 2205 9.
1052 2170 1091 2204 in
1112 2172 1140 2206 f.
1163 2178 1346 2206 certamen
1369 2176 1425 2213 12,
1446 2177 1483 2217 2,
1509 2177 1568 2209 13.

77 2213 118 2248 in
139 2213 169 2246 f.
194 2223 337 2257 quoque
363 2224 442 2248 ease
464 2213 521 2248 his
543 2212 666 2260 figuris
692 2214 813 2247 locum
838 2215 875 2256 9,
896 2217 933 2256 2,
956 2214 1013 2249 74.
1036 2215 1075 2249 ἰιι
1098 2217 1125 2251 f.
1148 2228 1215 2251 nos
1241 2218 1401 2262 experiri
1424 2222 1481 2263 12,
1510 2223 1567 2264 11,

79 2259 136 2294 16.
163 2257 224 2292 An
248 2269 324 2292 non
345 2257 383 2292 in
405 2259 433 2292 f.
455 2259 672 2293 narrandum
695 2259 777 2293 est?
802 2262 838 2302 2,
855 2262 890 2302 1,
909 2262 967 2295 10.
994 2272 1101 2295 causa
1123 2261 1161 2296 in
1178 2264 1206 2296 f.
1223 2265 1359 2298 oranda
1378 2265 1435 2309 10,
1452 2266 1488 2309 5,
1502 2267 1565 2303 18.

79 2301 116 2348 δ)
138 2307 254 2339 Pham
291 2303 345 2338 ini
366 2314 433 2348 per
457 2305 567 2340 fora
591 2310 698 2350 atque
720 2315 943 2352 aggerem
972 2306 1098 2341 circuli
1122 2311 1180 2352 11,
1204 2311 1262 2353 10,
1282 2308 1330 2344 74
1352 2311 1401 2346 N.

35 2357 193 2400 FOVOO·
227 2369 299 2404 nisi
320 2370 383 2404 illa
407 2370 562 2415 (semina)
587 2372 832 2416 praemollitus
854 2373 990 2408 foverit
1011 2375 1132 2408 sulcus
1153 2377 1198 2419 2,
1219 2375 1266 2419 9,
1290 2377 1324 2412 3.
1357 2382 1398 2411 ut
1420 2376 1564 2423 propria

82 2420 230 2450 naturae
258 2416 354 2450 bona
376 2416 538 2452 doctrina
557 2419 729 2454 foverent
756 2421 799 2463 2,
824 2420 861 2462 8,
883 2421 918 2453 3.

37 2458 215 2516 Fragor.
253 2491 301 2498 —
324 2473 503 2507 ruentium
524 2480 701 2509 tectorum
723 2476 759 2518 8,
787 2477 823 2519 3,
845 2476 904 2511 68.
940 2476 1138 2512 sublimitas
1162 2482 1200 2512 et
1219 2477 1480 2526 magnificentia
1503 2487 1565 2516 etc.

82 2516 260 2561 expressit
282 2516 383 2552 illum
408 2519 590 2566 fragorem
612 2519 660 2564 (ι’.
686 2521 1051 2566 e.‚p1ausum)ib.
1073 2525 1111 2558 3.
1149 2534 1255 2570 quem
1276 2525 1567 2560 fulminibus

32 2583 35 2585 -
81 2567 118 2596 et
140 2563 289 2598 coelesti
313 2565 501 2612 fragori
528 2572 735 2610 comparant
762 2570 819 2610 12,
846 2570 902 2610 10,
927 2567 987 2602 24.
1216 2598 1222 2602 .

34 2602 264 2663 Fragosus·
309 2620 520 2669 fragosis
554 2623 781 2657 offenduntur
813 2629 850 2658 et
872 2623 1051 2659 levibus
1080 2626 1281 2662 mulcentur
1309 2627 1445 2673 (aures)
1470 2629 1506 2672 9,
1529 2627 1566 2672 4,

83 2665 162 2699 116.
196 2665 392 2713 fragosa
418 2673 525 2713 atque
547 2667 815 2714 interrupta
841 2669 954 2704 oratio
988 2672 1033 2704 fb.
1057 2673 1094 2706 7.

0 2722 3 2765 J
36 2705 220 2765 Fmgoo
254 2722 387 2771 fregi
422 2726 468 2769 1,
490 2725 535 2768 6,
559 2726 615 2760 15.
663 2725 693 2768 1)
716 2728 871 2770 proprr’e:
909 2737 1047 2761 ‹zomam
1069 2726 1107 2761 in
1130 2728 1258 2773 gradus
1278 2728 1446 2776 frangere
1473 2733 1505 2773 1,
1529 2731 1574 2773 6,,

72 2763 142 2807 M.
169 2767 270 2801 velut
296 2769 453 2804 fracta
476 2776 538 2804 aut
560 2776 840 2806 transversa
867 2774 938 2805 tela
960 2774 997 2815 9,
1018 2772 1055 2816 4,
1079 2772 1135 2807 14.
1182 2773 1235 2818 11)
1262 2776 1287 2808 i.
1305 2778 1566 2820 q.1‘mminuo

63 2816 124 2850 ,et
144 2823 377 2858 corrumpo.
423 2815 465 2861 α)
486 2827 815 2862 equorumcursum
831 2817 976 2853 minutis
996 2818 1159 2864 passibus
1181 2820 1350 2866 frangunt
1371 2824 1415 2856 ib.
1431 2823 1498 2856 113
1514 2822 1565 2857 N.

119 2888 125 2893 ·
174 2881 257 2915 tex.
287 2883 403 2926 Quint.
1244 2887 1290 2923 23
