1728 3002
156 144 238 184 328
707 144 836 188 Facio
874 149 927 179 -ss-
967 146 1141 190 Factum

203 256 339 290 factum
363 263 439 300 est,
472 263 514 291 nt
542 258 583 300 5,
613 260 674 302 10,
702 262 783 295 120.
819 271 839 295 a
861 261 1160 306 philosophorum
1194 262 1351 301 leodem
1379 268 1423 299 ut
1440 271 1564 300 essent
1584 267 1697 302 multa

205 303 309 337 nobis
333 305 502 347 petenda,
537 305 627 339 vitio
653 307 787 340 factum
812 314 866 342 est
873 308 959 358 flio
983 315 1165 344 oratorum
1193 312 1260 352 10,
1289 312 1334 354 1,
1359 311 1419 346 ³5.
1454 323 1520 356 per
1541 323 1611 347 vos
1640 315 1697 348 fa-

206 356 302 384 ctum
327 349 379 393 (a.
400 354 421 383 l.
448 351 579 394 actum)
606 358 682 393 est,
716 359 755 386 ut
778 355 888 388 homo
911 355 1046 399 periret
1072 359 1114 397 7,
1148 358 1193 400 3,
1225 358 1290 399 323
1334 362 1376 396 ut
1395 363 1497 394 mete
1522 359 1697 403 finiamus,

205 396 256 431 ita
281 396 352 438 fiet,
383 397 412 430 si
437 405 498 430 etc.
525 401 559 439 7,
584 400 618 441 3,
645 401 702 434 21.
1126 428 1127 432 ,
1224 430 1227 434 ,
1524 426 1526 430 ,
1635 429 1638 432 .

302 443 346 487 μ)
373 445 520 478 Geruml.
547 452 606 476 aut
635 448 727 478 Part.
755 448 834 479 Fut.
861 449 979 480 Pass..·
1014 445 1228 481 faciendi
1251 448 1361 483 modo
1384 449 1700 495 opp-„patiendi

208 489 252 531 9,
278 490 319 531 3,
346 492 367 524 7
410 490 500 523 ratio
532 490 689 524 faciendi
719 492 752 531 5,
783 495 839 535 10,
864 494 929 534 333
969 494 1011 526 ad
1038 493 1179 528 fortiter
1201 494 1407 529 faciendum
1431 494 1466 537 5,
1491 497 1550 538 11,
1575 498 1630 530 10.
1654 497 1699 530 ad

208 534 382 579 quidquid
406 536 611 570 faciendum
638 541 681 580 7,
706 542 746 579 2,
771 540 828 573 35.
862 539 892 572 si
915 539 1078 574 homines
1105 540 1380 577 faciendum
1403 540 1472 576 sibi
1495 542 1700 589 31110081-

162 600 164 603 -
210 583 396 615 tandum
416 588 600 626 putassent
617 586 673 626 10,
689 584 774 626 2,4;
803 595 877 619 non
893 587 1010 619 solum
1032 586 1234 621 dicendo
1261 587 1324 620 md
1342 587 1447 621 etiam
1472 586 1700 625 faciendo

210 629 385 671 quaedam
408 631 444 671 6,
470 632 504 672 1,
528 632 595 673 30;
628 631 796 665 facienda
820 643 861 666 ac.
889 642 962 666 non
987 632 1160 666 facienda
1174 635 1210 675 2,
1233 635 1291 678 20,
1316 634 1350 667 5.
1374 634 1409 677 6,
1427 636 1462 676 2,
1477 636 1533 668 11.
1557 633 1640 677 24,
1657 635 1700 676 23

211 674 376 707 facienda
401 675 581 710 deditione
607 678 641 718 3,
666 679 701 720 8,
724 680 781 712 23.
816 679 860 711 ad
885 679 1085 713 faciendam
1113 679 1220 714 fidem
1243 679 1278 723 5,
1301 680 1336 722 8,
1361 682 1395 713 1.
1423 679 1462 714 in
1486 679 1623 715 invidia
1642 680 1703 714 ‚fa-

161 733 172 750 x
211 720 340 754 cienda
370 723 425 764 11,
451 724 486 763 3,
510 724 565 756 63.
596 724 639 756 ad
668 730 829 758 oratores
851 725 1037 760 faciendos
1064 727 1122 768 10,
1150 729 1183 768 1,
1208 725 1266 760 65.
1300 725 1379 770 quis
1403 726 1493 760 ordo
1507 725 1704 761 faciendum

160 784 163 787 ·
211 769 247 808 7,
274 770 330 810 10,
359 770 412 801 13.
445 770 487 802 ad
512 768 711 803 faciendam
736 771 881 814 phrasin
910 774 975 815 10,
1002 774 1040 815 1,
1067 771 1117 805 42
1143 775 1186 809 Z.
1221 771 1377 806 faciendi
1407 771 1554 807 sceleris
1580 772 1616 815 5,
1638 773 1702 815 «13,

211 811 269 847 14.
301 813 338 846 in
365 815 613 850 testationibus
640 817 815 851 faciendis
842 821 905 861 12,
931 820 976 861 3,
1003 819 1045 861 53
1082 819 1178 863 quod
1206 823 1264 852 est
1288 817 1412 863 utique
1438 818 1646 862 faciendum
1668 818 1703 860 5,

212 861 269 902 13,
283 861 339 894 28.
371 862 467 905 quod
490 873 572 895 cum
596 863 642 896 sit
664 864 811 906 factum,
835 870 1026 909 —quanto
1051 876 1146 898 nunc
1169 864 1375 899 faciendum
1389 864 1501 910 magis
1525 862 1562 908 4,
1573 866 1609 907 2,
1625 866 1704 899 122.

162 922 166 926 -
209 904 248 938 id
266 917 358 941 -esse
386 918 470 942 raro
498 908 703 943 faciendum
742 913 784 944 ib.
811 911 891 945 128.
934 911 1042 955 idque
1067 922 1154 945 sane
1179 910 1469 956 frequentissime
1498 909 1706 945 faciendum

211 958 267 986 est
290 954 325 995 9,
349 956 384 997 2,
408 955 466 989 93.
492 967 583 999 quae
605 956 773 991 facienda
796 962 879 999 sunt
903 959 958 991 12.
972 959 1005 1000 5,
1027 959 1061 991 3.
1090 957 1256 992 facienda
1277 958 1389 991 multo
1413 956 1496 992 stilo
1515 957 1632 990 forma
1651 960 1707 1008 est

212 1000 270 1040 10,
294 1000 329 1039 6,
357 1001 389 1034 3.
418 1006 458 1034 ut
479 1002 592 1049 magis
617 1003 794 1047 qualitatis
818 1004 952 1047 duplex
981 1004 1073 1038 ratio
1099 1004 1264 1038 facienda
1286 1003 1334 1037 sit
1357 1005 1401 1046 3,
1426 1002 1471 1046 6,
1493 1003 1555 1038 79.
1589 1002 1707 1037 etant:

211 1044 397 1079 faciendus
421 1058 528 1091 usus,
557 1054 604 1082 ut
626 1057 688 1083 etc.
723 1053 787 1092 10,
814 1052 856 1092 3,
885 1051 943 1085 28.
982 1051 1148 1085 facienda
1174 1061 1240 1084 sua
1265 1049 1394 1094 cuique
1414 1049 1486 1092 vis,
1512 1059 1600 1087 suus
1620 1058 1707 1084 usus

209 1092 294 1135 (Sp.
312 1091 402 1135 om.),
430 1105 494 1127 sua
519 1095 611 1129 ratio
628 1099 663 1140 7,
690 1099 745 1138 10,
767 1095 812 1130 14
837 1100 880 1130 Ζ.

311 1139 349 1179 ν)
386 1143 480 1173 Pari.
508 1141 625 1182 Pers..-
665 1141 919 1185 commodioris
946 1141 1161 1176 valetudinis
1187 1142 1301 1176 factus
1330 1141 1376 1184 6,
1396 1142 1444 1184 3,
1467 1143 1527 1176 77.
1560 1139 1707 1182 fantum,

172 1204 174 1206 v
211 1189 286 1216 non
311 1184 446 1219 factum
471 1188 514 1229 3,
544 1188 589 1230 6,
613 1186 669 1222 45.
707 1200 836 1222 causae
859 1189 1085 1222 factorum
1118 1189 1170 1230 (a.
1189 1192 1212 1221 l.
1241 1193 1403 1221 amorum
1428 1187 1493 1222 vel
1523 1186 1709 1238 faturq-

209 1227 303 1271 rum)
333 1232 367 1272 5,
397 1234 454 1275 10,
478 1234 535 1267 33.
568 1234 674 1268 factis
699 1235 744 1268 ab
770 1245 814 1267 eo
839 1234 1014 1278 dictisque
1041 1235 1076 1276 6,
1104 1237 1140 1276 3,
1166 1236 1223 1268 37.
1249 1234 1348 1278 quod
1372 1233 1506 1267 facum
1532 1249 1577 1256 —
1602 1232 1709 1266 eiustt

211 1275 247 1318 5,
278 1278 340 1318 13,
366 1276 423 1312 48.
461 1277 506 1318 cf.
530 1279 576 1322 6,
605 1279 644 1322 5,
675 1282 729 1314 10.
754 1281 929 1324 quaedam
956 1282 1046 1313 bene
1071 1280 1167 1312 facta
1197 1282 1261 1322 12,
1289 1281 1331 1321 1,
1357 1277 1417 1317 41.
1448 1283 1550 1313 recte
1574 1278 1709 1312 sachun

210 1322 340 1365 probat
365 1325 408 1366 3,
435 1324 478 1366 6,
502 1325 557 1360 85.
595 1331 770 1368 venuste,
802 1327 932 1368 stulte,
966 1325 1151 1368 iracunde,
1174 1323 1298 1358 timide
1330 1323 1462 1366 dicta
1495 1328 1556 1358 aut
1577 1323 1721 1359 facta,

202 1367 254 1410 ’6,
283 1370 327 1410 3,
351 1372 384 1403 7.
419 1370 571 1413 nasci,
605 1382 681 1405 non
709 1383 839 1405 manu
871 1373 1003 1405 facta
1035 1371 1130 1415 ((1.1.
1154 1369 1256 1414 ficta)
1289 1369 1482 1413 videantur
1505 1370 1542 1412 5,
1567 1368 1625 1411 14,
1649 1371 1708 1403 32.

210 1415 292 1458 plns
315 1416 411 1449 facto
434 1416 582 1450 dicimus
605 1419 640 1460 8,
653 1419 689 1460 6,
702 1418 759 1453 68.
784 1419 855 1452 hoc
877 1418 977 1452 facto
991 1416 1230 1460 ——incipiunt
1254 1418 1310 1458 11,
1327 1419 1364 1459 2,
1388 1417 1446 1451 20.
1471 1423 1592 1460 eoquo
1610 1415 1708 1450 facto

210 1460 357 1504 vitium,
387 1463 483 1506 quod
512 1469 588 1498 erat
612 1464 651 1497 in
673 1465 766 1507 fine,
793 1464 993 1498 emendatio
1017 1464 1184 1497 emendat
1207 1463 1243 1505 9,
1266 1461 1301 1506 4,
1325 1464 1385 1498 70.

162 1504 342 1597 Fassfito·
384 1518 482 1600 idegn
497 1521 673 1602 2(graecos
700 1522 884 1556 factitasse
909 1523 975 1564 12,
1000 1522 1042 1564 3,
1068 1518 1103 1554 4.
1143 1519 1188 1562 qs.
1210 1521 1270 1563 10,
1295 1519 1331 1565 5,
1357 1521 1392 1555 2.
1416 1502 1632 1553 medicinam
1653 1517 1710 1551 fa*

209 1570 352 1598 citasse
377 1568 412 1608 7,
438 1570 472 1610 ¹,
545 1593 553 1601 .

165 1607 357 1651 Factum·
406 1624 447 1665 α)
483 1624 619 1658 factum
645 1625 762 1669 ipsum
785 1636 851 1670 per
870 1636 910 1659 se
933 1628 976 1669 7,
999 1623 1049 1669 4,
1072 1625 1107 1660 9.
1138 1623 1275 1657 factum
1299 1632 1379 1674 esse
1403 1625 1565 1672 constat,
1601 1620 1708 1664 quale

212 1667 257 1700 sit
281 1669 437 1711 factum,
475 1671 656 1714 quaeritur
689 1674 732 1705 ib.
757 1673 790 1706 3.
830 1671 890 1715 qui
919 1676 1046 1706 statum
1073 1670 1226 1703 eundem
1260 1669 1333 1702 fac
1345 1673 1381 1701 t1
1417 1670 1708 1707 nominaverunt,

210 1719 377 1758 tanquam
403 1716 448 1749 de
476 1717 746 1759 praeterito
771 1723 926 1759 tantum,
965 1722 1001 1750 et
1025 1721 1160 1749 tantum
1185 1715 1229 1748 de
1255 1714 1384 1746 facto
1411 1715 1645 1758 quaereretur
1669 1712 1707 1753 3,

210 1760 246 1802 6,
273 1759 319 1793 40
343 1762 390 1794 Ν.
418 1763 602 1807 negotium
626 1770 680 1797 est
704 1763 936 1810 congregatio
961 1781 1006 1788 —
1034 1771 1198 1802 casuum,
1229 1759 1407 1793 factorum
1432 1765 1499 1812 etc..
1528 1758 1564 1809 3,
1588 1757 1624 1809 5,
1649 1757 1707 1791 17.

212 1806 257 1839 de
283 1806 422 1841 facto
452 1809 652 1852 disputent,
690 1820 770 1842 cum
798 1810 842 1842 de
866 1813 1012 1842 auctore
1039 1811 1231 1851 quaeratur
1255 1806 1290 1850 5,
1316 1807 1373 1848 13,
1395 1802 1452 1838 34.
1488 1803 1617 1857 judicis
1643 1809 1706 1836 etc.

212 1851 382 1885 dictum
414 1854 560 1898 aliquod
597 1861 658 1888 aut
688 1855 865 1888 factum
898 1855 941 1896 5,
967 1856 1033 1896 11,
1057 1852 1114 1886 43.
1150 1850 1195 1893 cs.
1222 1852 1267 1894 9,
1292 1853 1336 1894 2,
1361 1851 1479 1898 58311.
1502 1850 1706 1890 Dictum.

213 1898 358 1932 verba
388 1905 424 1932 et
452 1901 578 1934 fact'a
610 1903 654 1942 7,
678 1903 721 1942 2,
745 1899 802 1934 46.
852 1900 896 1943 β)
924 1899 995 1942 adj.
1022 1900 1152 1933 (ἐπῆκε
1193 1907 1345 1941 quorum
1367 1897 1464 1930 facta
1490 1895 1708 1930 celebrasset

213 1946 269 1986 11,
294 1946 328 1985 2,
357 1946 412 1978 11.
449 1957 530 1979 cum
556 1946 743 1980 hominufn
767 1947 942 1990 quaedam
966 1946 1061 1979 facta
1089 1944 1264 1978 laudanda
1287 1949 1370 1977 sunt
1398 1945 1456 1995 11,
1481 1945 1523 1984 1,
1548 1942 1605 1993 73.
1641 1951 1708 1974 110-

212 1995 362 2036 geturne
385 1991 540 2035 factum,
576 1993 672 2036 quod
695 1992 917 2027 intenditur?
951 2003 997 2024 an
1022 1989 1263 2024 defendatur?
1295 1989 1438 2041 annalio
1465 1997 1612 2022 nomine
1638 1997 1708 2029 ap·-

212 2033 389 2080 pelletur'?
419 2049 464 2071 an
488 2050 509 2072 a
533 2049 664 2085 genere
689 2038 840 2073 actionis
865 2037 1086 2082 repellatur?
1115 2038 1151 2080 3,
1179 2038 1234 2079 10,
1259 2037 1292 2071 5.
1322 2036 1549 2079 111οΧ0110ῃο
1572 2032 1708 2087 fficium

214 2082 421 2117 aestimetur
445 2087 479 2126 7,
504 2083 539 2127 4,
562 2083 611 2118 44
635 2086 682 2118 Ν.
714 2085 752 2118 in
776 2085 874 2129 ipsos
897 2086 1031 2118 sactum
1055 2082 1254 2116 deflectitur
1281 2085 1316 2123 7,
1340 2083 1376 2124 2,
1403 2082 1462 2115 23.
1506 2077 1546 2124 y)
1575 2079 1704 2134 Genii..-

214 2139 288 2162 non
313 2129 358 2163 de
382 2131 620 2174 appellatione
650 2131 714 2165 sed
742 2133 785 2165 de
810 2132 849 2166 vi
872 2130 959 2164 facti
983 2131 1059 2174 ejus
1086 2132 1129 2172 7,
1154 2131 1194 2171 3,
1219 2128 1253 2162 6.
1291 2131 1536 2172 argumentum
1562 2124 1649 2160 facti
1671 2126 1708 2167 7,

213 2177 248 2217 2,
274 2177 330 2209 32.
354 2187 427 2210 11011
451 2177 574 2211 actio
598 2179 825 2220 transfertur,
850 2178 913 2211 sed
941 2187 1083 2210 causa
1107 2173 1298 2227 sacti-3,
1322 2175 1357 2216 6,
1380 2173 1439 2208 79.
1462 2169 1522 2223 pf.
1551 2173 1587 2214 7,
1611 2173 1647 2214 2,
1671 2171 1707 2204 3.

214 2224 248 2263 7,
274 2221 309 2264 4,
334 2224 368 2257 8.
402 2223 489 2257 facti
515 2223 763 2258 controversia
787 2225 830 2266 3,
857 2223 898 2262 6,
923 2225 982 2257 70.
1008 2220 1330 2255 dissimilitudinem
1351 2219 1605 2259 hominum,
1631 2226 1708 2249 re-

213 2278 331 2310 rum,
358 2269 591 2303 factorum
616 2271 650 2313 9,
676 2271 710 2313 3,
732 2271 791 2306 92.
817 2268 903 2303 facti
931 2266 1112 2313 (quaestio)
1137 2269 1172 2311 3,
1194 2267 1229 2308 6,
1253 2266 1309 2299 50.
1335 2267 1370 2308 7,
1397 2266 1429 2307 1,
1457 2264 1513 2297 18.
1545 2272 1595 2296 ex
1618 2272 1709 2306 qua-

213 2312 312 2347 litate
340 2314 426 2348 facti
455 2319 490 2358 7,
513 2317 548 2359 4,
576 2317 631 2350 16.
660 2315 838 2350 rationem
859 2315 946 2349 facti
969 2315 1004 2358 6,
1028 2316 1063 2357 3,
1092 2315 1149 2347 10.
1194 2308 1228 2354 ὃ)
1250 2313 1391 2362 Ablata·
1422 2319 1514 2362 quae
1538 2318 1586 2342 ex
1608 2308 1708 2341 facto

216 2358 462 2404 ducuntur-5,
490 2363 534 2405 9,
564 2365 618 2397 12.
658 2373 725 2406 pro
755 2363 852 2396 facto
880 2361 929 2403 (α.
953 2365 975 2394 1.
1004 2356 1186 2404 profecto)
1218 2362 1291 2400 est,
1335 2355 1507 2411 quidquid
1539 2354 1707 2390 volumus

215 2403 251 2446 6,
278 2408 310 2446 1,
339 2405 396 2440 43.
424 2408 521 2442 facto
547 2409 667 2453 aliquo
691 2409 752 2443 vel
775 2407 853 2451 ipso
876 2407 981 2441 vultu
1007 2405 1112 2440 etiam
1133 2402 1244 2438 risum
1268 2407 1456 2437 moventes
1483 2402 1527 2435 ab.
1539 2401 1594 2435 38.
1617 2400 1708 2433 haee

217 2450 311 2482 actio
338 2453 460 2487 facto
489 2459 593 2498 atque
619 2453 772 2487 animo
798 2452 1001 2487 continetur
1023 2454 1058 2492 7,
1081 2450 1117 2492 4,
1139 2451 1196 2484 32.
1221 2450 1317 2494 quod
1345 2454 1464 2482 tamen
1487 2447 1620 2480 facto
1644 2445 1709 2478 de-

216 2495 316 2528 fendi
342 2508 414 2530 non
440 2501 595 2543 poterit,
623 2501 728 2543 jure
753 2499 885 2533 nitetur
908 2502 942 2540 7,
962 2497 997 2540 4,
1012 2498 1069 2532 26.
1096 2498 1140 2530 de
1164 2505 1243 2529 reo
1269 2498 1319 2538 (a.
1336 2498 1358 2528 1.
1373 2493 1430 2547 re)
1453 2498 1488 2527 et
1512 2493 1557 2526 de
1580 2492 1708 2524 facto

219 2542 400 2583 quaeritur
428 2548 461 2587 7,
487 2550 520 2587 2,
551 2549 605 2580 15.
639 2546 677 2579 in
700 2547 832 2580 faoto
857 2544 1047 2588 plurimtun
1070 2542 1165 2576 inest
1188 2555 1267 2586 opp.
1294 2541 1502 2592 qualitas
1525 2541 1562 2591 7,
1589 2535 1625 2588 4,
1649 2538 1708 2588 37.

218 2597 263 2619 ex
289 2587 360 2620 hoc
377 2588 568 2626 Simonidis
594 2593 690 2626 facto
709 2597 869 2626 notatiun
894 2598 956 2623 etc.
984 2591 1087 2631 11,2‚
1105 2591 1161 2622 17.
1190 2587 1229 2621 in
1252 2587 1399 2620 factis
1425 2596 1501 2627 opp.
1525 2593 1564 2616 ln
1586 2593 1709 2625 juris

216 2633 425 2675 quaestione
454 2639 487 2676 7,
515 2640 546 2678 1,
572 2641 628 2671 22.
657 2637 827 2671 humilius
852 2647 964 2683 genus
987 2635 1183 2669 illustrasse
1207 2632 1311 2666 factis
1335 2633 1371 2683 3,
1396 2633 1431 2672 7,
1443 2631 1509 2682 ,10.
1544 2639 1617 2663 11011
1635 2634 1719 2663 tam.

216 2679 373 2712 factis
411 2692 516 2723 quam
548 2683 710 2718 causis
745 2694 872 2718 eoriun
902 2685 958 2725 12,
985 2684 1019 2724 1,
1045 2681 1102 2716 36.
1151 2678 1186 2724 ι)
1217 2691 1245 2712 c.
1268 2678 1373 2722 Δᾶμι
1407 2675 1708 2727 aliquodtfactum

217 2724 406 2758 honestum
430 2727 464 2767 6,
491 2730 520 2767 1,
548 2730 604 2760 22.
630 2728 713 2762 fact.
737 2740 803 2773 per
828 2739 866 2762 se
890 2726 1126 2772 improbabile
1147 2728 1183 2768 7,
1206 2723 1242 2766 4,
1263 2727 1299 2758 7.
1323 2722 1602 2774 pulcherrimum
1622 2720 1707 2754 fact.

213 2771 249 2813 9,
275 2772 308 2813 3,
334 2770 389 2806 40.
425 2769 489 2815 [ex
513 2772 651 2806 insidiis
676 2774 847 2807 citissimo
871 2774 967 2807 facto
990 2774 1025 2815 6,
1049 2773 1092 2815 4,
1121 2770 1166 2804 14
1190 2771 1237 2804 N.
1266 2781 1297 2803 v.
1321 2765 1571 2811 Incur8100]
