1728 3002
114 145 202 192 168
555 146 811 202 constringo
841 168 897 175 --
926 142 1202 190 Consuetudo

162 265 284 300 facere
310 263 378 308 ipsi
403 262 555 301 velimus
580 264 645 305 10,
675 263 719 303 2,
749 262 793 304 23
833 258 979 294 nimium
1001 258 1094 295 risus
1119 260 1274 306 pretium
1297 268 1369 310 est,
1405 263 1436 298 si
1461 261 1649 308 probitatis

164 309 401 355 impendio
425 309 483 355 (α.
509 313 534 343 1.
561 306 776 352 compend.)
803 311 943 340 constat
965 307 1007 350 6,
1031 308 1075 350 3,
1099 309 1157 342 35.
1185 314 1225 344 ut
1250 309 1328 354 eius
1352 308 1493 345 nobis
1518 321 1651 358 magno

165 356 336 401 temporis
364 355 651 390 detrimento
680 358 821 388 constet
847 352 1131 397 experimentum
1153 355 1223 399 10,
1248 357 1289 399 1,
1312 353 1381 399 413
1417 354 1535 390 omnis
1563 358 1653 391 ordo

165 402 216 437 in
237 402 499 447 vituperatione
527 400 700 436 constabit
723 401 757 442 3,
779 402 815 441 7,
838 400 895 434 19.
927 398 971 440 qs.
998 401 1054 441 10,
1085 403 1118 442 1,
1147 401 1204 435 68.
1284 401 1353 446 111)
1378 404 1403 436 ἰ.
1427 414 1458 448 q.
1482 401 1649 446 firmus

168 456 243 482 aut
267 457 412 482 certus
434 462 532 482 sum.
580 449 621 489 a)
648 448 855 489 simpliciter.-
885 455 966 478 cum
987 446 1121 479 factum
1144 453 1350 490 constat,
1375 447 1439 482 sed
1462 459 1484 482 a
1513 458 1584 493 quo
1608 448 1654 482 sit

169 495 325 536 factum,
354 494 404 528 in
430 491 813 528 controversiam
839 491 975 526 venit
998 494 1034 535 7,
1051 494 1086 532 2,
1102 494 1135 527 8.
1160 492 1197 526 id
1213 491 1455 528 siconstiterit
1474 495 1531 537 12,
1549 495 1653 538 1,39.

169 540 216 585 β)
244 554 272 574 c.
299 544 403 574 Dat..·
427 546 468 574 ut
491 545 550 573 aut
573 543 791 574 constent
821 536 945 581 sibi,
973 543 1050 580 aut,
1079 538 1110 572 si
1137 538 1223 582 quid
1245 539 1572 578 titubaverint
1595 547 1655 574 etc.

172 587 206 625 5,
221 589 256 628 7,
272 590 328 620 11.
354 586 414 631 qui
429 586 652 621 constiterint
674 583 742 618 sibi
765 586 809 617 ib.
834 585 890 617 12.
940 583 975 627 γ)
1001 596 1028 617 c.
1050 587 1210 628 Praepos.
1236 587 1290 620 de
1313 592 1372 619 aut
1398 588 1536 620 inter:
1564 585 1595 619 si
1614 587 1659 619 de

171 633 270 666 facto
297 638 501 675 constet,
530 643 550 665 a
574 642 646 676 quo
669 632 802 663 factum
826 629 871 663 sit
893 629 1146 676 ambigitur
1169 634 1205 674 7,
1227 634 1263 675 2,
1288 634 1325 667 7.
1367 633 1412 666 de
1436 631 1535 666 facto
1559 641 1662 666 con-

174 683 287 721 stat,
315 680 359 713 de
385 679 504 712 animo
529 676 694 722 quaeri
718 681 837 720 potest
859 677 902 710 ib.
925 678 980 709 11.
1007 675 1051 717 cf.
1074 677 1109 720 6,
1133 676 1169 719 4,
1191 676 1225 710 4.
1259 677 1303 712 de
1318 689 1359 712 re
1375 682 1492 717 const.
1509 675 1545 721 4,
1568 680 1604 721 2,
1625 679 1661 715 5.
1689 680 1691 682 ’

176 723 220 765 cs.
242 727 292 758 ib.
320 725 376 759 76.
404 727 448 768 3,
473 726 515 767 6,
540 723 594 758 34.
636 723 731 768 quod
755 720 899 756 nomine
926 727 1087 765 const.‚
1117 723 1163 756 de
1185 733 1226 757 re
1249 724 1442 758 dubium
1465 729 1538 758 est
1557 726 1603 767 7,
1626 725 1662 767 3,

174 769 200 803 4
223 771 292 813 Ν.;
333 771 371 803 in
397 781 469 815 quo
494 771 627 804 factum
651 780 730 804 esse
755 767 890 812 aliquid
915 773 1122 812 constat,
1157 779 1178 802 a
1200 769 1344 814 quo‘sit
1364 771 1500 805 factum
1527 781 1665 814 quae-

177 815 299 849 ritur
321 820 356 859 7,
379 820 414 859 2,
442 819 497 851 18.
528 815 573 858 bf.
599 819 634 859 7,
657 814 692 858 4,
717 817 752 850 3.
779 814 820 857 5,
847 816 909 856 10,
935 816 1015 849 112.
1053 814 1150 849 circa
1173 816 1395 851 Demetrium
1415 817 1588 850 Phalerea
1607 815 1667 850 in-

178 861 338 895 stitutum
361 863 440 896 fere
464 868 576 896 const.
603 865 637 905 2,
664 860 700 905 4,
721 861 780 894 41.
818 871 908 903 quae
929 871 1019 895 vera
1044 868 1124 895 esse
1147 861 1325 896 constabit
1343 862 1379 906 4,
1401 865 1438 905 2,
1459 863 1517 898 90.
1551 864 1594 896 ib.
1620 860 1667 903 cs.

177 908 225 942 80
251 911 292 942 Ζ.
327 910 361 951 3,
386 909 420 951 5,
444 910 478 942 3.
515 908 544 942 si
569 904 704 941 studiis‘
718 907 860 941 scholas
887 906 1058 949 prodesse
1081 913 1265 943 constaret
1286 911 1323 951 1,
1344 911 1381 952 2,
1405 910 1441 943 3.
1475 907 1547 942 nisi
1569 906 1669 952 prins

178 963 259 987 esse
287 954 487 988 constiterit
508 956 554 997 3,
579 955 623 997 6,
647 955 702 988 80.
739 951 784 994 cs.
810 954 856 996 3,
878 953 923 995 9,
946 955 981 987 7.
1010 955 1051 997 3,
1075 953 1116 996 5,
1140 955 1206 998 13,
1242 953 1328 999 quid
1351 953 1479 1002 cuique
1504 953 1551 988 sit
1577 963 1670 998 opus

179 1006 345 1034 constare
369 1001 472 1034 decet
494 1002 528 1042 3,
552 1001 586 1043 9,
613 1001 646 1035 S.
683 997 728 1040 cs.
754 1001 789 1040 3,
813 999 848 1040 8,
873 998 918 1032 25
945 1002 1015 1042 Ζ.;
1056 997 1187 1034 inter
1217 1008 1342 1035 omnes
1367 999 1559 1044 scriptores
1583 999 1691 1033 con-s

180 1044 269 1079 stitit
302 1046 360 1086 (a.
386 1051 408 1079 l.
435 1051 594 1088 constat,
630 1058 663 1078 α.
690 1042 872 1086 consistit)
905 1047 948 1087 7,
977 1047 1021 1087 7,
1051 1047 1086 1078 1.
1121 1043 1165 1086 cs.
1190 1046 1232 1090 6,
1265 1049 1310 1090 1,
1334 1047 1374 1090 83
1417 1047 1567 1080 Panic..-
1602 1045 1670 1079 in-

182 1091 436 1125 credibilia
461 1103 506 1124 an
532 1091 658 1125 inter
684 1101 733 1124 se
761 1089 1029 1124 constantia
1053 1093 1096 1134 5,
1121 1090 1164 1134 4,
1191 1093 1235 1135 2;
1276 1092 1480 1136 prudeus
1506 1096 1543 1126 et
1567 1101 1672 1126 con·

185 1142 312 1170 stans
341 1135 460 1179 (testis)
492 1139 534 1170 ib.
559 1138 626 1179 263
670 1142 772 1180 pater
794 1140 896 1178 tuus,
924 1137 1033 1170 homo
1058 1138 1478 1182 constantissimus,
1506 1142 1543 1172 te
1568 1136 1673 1172 nobis

183 1182 364 1218 varium
395 1181 540 1227 reliquit
569 1185 654 1217 Cic.
681 1182 716 1224 6,
742 1183 784 1223 3,
813 1179 860 1215 48
882 1182 930 1214 Ν.

139 1236 411 1295 constringo.
462 1251 494 1291 1)
520 1250 674 1283 lacertos
698 1247 956 1283 exercitatione
984 1247 1228 1294 constringere
1252 1251 1309 1292 12,
1335 1252 1393 1293 10,
1418 1247 1477 1284 44.
1513 1248 1675 1293 superci-

182 1295 232 1329 lia
256 1296 406 1330 aliorum
430 1295 707 1338 constricta,
735 1294 889 1327 aliorum
912 1294 1190 1329 dissidentia
1212 1297 1246 1337 1,
1270 1298 1328 1338 11,
1353 1298 1415 1338 1ος
1445 1295 1675 1329 constrictum

183 1341 340 1376 vinculis
365 1342 438 1376 suis
461 1346 504 1385 7,
531 1343 576 1384 3,
604 1340 659 1374 14.
731 1340 785 1382 ll)
815 1339 1068 1383 superstitione
1092 1340 1276 1375 constricti
1299 1343 1367 1385 12,
1401 1344 1445 1384 2,
1475 1341 1532 1376 26.
1576 1342 1676 1388 leges

182 1387 392 1423 immutabili
414 1387 626 1422 necessitate
652 1386 862 1420 constrictas
884 1388 920 1427 2,
943 1388 1001 1430 13,
1025 1389 1068 1430 13
1098 1389 1123 1421 i.
1143 1400 1175 1433 q.
1198 1389 1368 1422 brevis.-
1394 1387 1685 1426 constricta,

188 1445 234 1467 an
264 1435 412 1468 latius
438 1435 538 1468 fusa
565 1431 720 1466 narratio
743 1435 779 1475 2,
804 1434 861 1475 13,
884 1433 920 1467 5.

145 1475 407 1523 Consueseo.
456 1494 676 1524 consuerunt
702 1487 762 1532 (α.
788 1492 811 1521 1.
837 1486 1038 1532 consuev.)
1067 1490 1147 1523 Cic.
1173 1489 1215 1532 5,
1238 1491 1302 1532 11,
1326 1490 1392 1532 223
1422 1489 1679 1524 consuescebat

186 1537 393 1571 contionum
423 1536 587 1571 fremitus
615 1545 689 1569 non
720 1543 963 1578 expavescere
996 1537 1060 1578 10,
1085 1536 1129 1578 3,
1157 1537 1215 1570 30.
1256 1534 1327 1570 nisi
1349 1534 1514 1580 qnibtud.
1538 1545 1677 1582 pugnae

190 1581 387 1617 simulacris
411 1584 464 1617 ad
490 1593 618 1618 verum
642 1580 834 1615 discrimen
855 1580 1040 1624 aciemque
1062 1580 1189 1624 justam
1213 1580 1480 1616 consuescimus
1501 1584 1538 1624 2,
1562 1584 1619 1625 10,
1641 1582 1676 1617 8.

146 1625 437 1669 Consuetudo.
498 1639 541 1682 Ι)
575 1637 661 1683 quid
693 1637 760 1680 sit,
801 1637 899 1682 qnod
931 1637 1227 1672 consuetudinem
1257 1647 1432 1674 vocemus
1463 1640 1509 1682 1,
1537 1638 1588 1681 6,
1619 1635 1680 1673 43.

189 1686 230 1727 α)
256 1686 446 1719 Nominat„-
485 1684 594 1719 Cons.
623 1683 822 1718 certissima
851 1683 1024 1728 loquendi
1048 1683 1216 1731 magistra
1243 1687 1262 1719 1
1277 1710 1291 1729 ,
1316 1684 1365 1728 6,
1391 1681 1426 1719 3.
1462 1684 1680 1719 celeritatem

191 1731 290 1764 dabit
309 1743 408 1766 cons.
430 1734 488 1775 10,
508 1733 543 1774 3,
566 1732 601 1766 9.
629 1741 696 1764 nos
720 1728 817 1763 ducit
839 1731 1043 1763 scholarum
1067 1741 1165 1764 cons.
1190 1729 1228 1774 4,
1250 1733 1287 1774 2,
1309 1729 1367 1766 28.
1388 1736 1435 1764 -ut
1454 1739 1570 1778 *⁰1¹1
1593 1739 1680 1764 ana-

188 1777 320 1824 logiam
344 1779 441 1811 nulla
463 1788 523 1811 res
549 1777 618 1810 alia
639 1775 790 1818 fecerit,
827 1786 934 1820 quam
962 1786 1063 1809 cons.
1088 1779 1130 1819 1,
1154 1776 1199 1819 6,
1229 1775 1285 1811 16.
1328 1777 1435 1823 longa
1465 1780 1680 1809 consuet.

192 1823 330 1857 fecerat
353 1825 509 1870 legem
534 1825 578 1866 2,
604 1823 638 1865 5,
662 1825 698 1856 2.
735 1831 827 1866 quae
849 1821 948 1856 vires
973 1821 1045 1855 cito
1071 1821 1176 1865 facit,
1203 1831 1302 1855 cons.
1327 1823 1385 1866 12,
1410 1823 1467 1865 11,
1492 1821 1548 1855 16.
1581 1821 1683 1855 fallet

191 1869 281 1903 haec
303 1880 369 1903 nos
394 1870 431 1903 in
452 1870 535 1903 foro
559 1879 660 1903 cons.
683 1870 717 1911 5,
745 1869 801 1910 13,
822 1865 878 1901 43.
912 1868 1009 1911 quod
1028 1877 1127 1901 cons.
1151 1866 1345 1901 obtinuerit
1367 1869 1401 1910 1,
1423 1870 1459 1910 7,
1483 1869 1543 1901 30.
1576 1877 1681 1901 con-

191 1920 306 1949 suet.
341 1921 376 1950 et
402 1913 711 1949 exercitatio
739 1912 948 1948 facilitatem
969 1913 1123 1947 maxime
1146 1912 1238 1957 parit
1263 1915 1332 1954 10,
1355 1915 1401 1957 7,
1427 1914 1463 1948 8.
1497 1913 1594 1947 aliud
1614 1914 1682 1946 ra—

193 1960 282 2003 tio,
310 1961 405 1995 aliud
430 1960 726 1995 consuetudo
748 1964 875 2003 poscet
896 1960 933 2002 9,
955 1957 991 2002 4,
1016 1959 1074 1994 59.
1108 1958 1355 1994 auctoritatem
1378 1969 1479 1994 cons.
1501 1958 1684 2003 superavit

195 2008 239 2049 1,
265 2009 304 2049 5,
328 2006 385 2042 64.
422 2006 575 2041 tenuit
602 2016 686 2040 con
697 2017 749 2048 s.,
787 2015 878 2050 quae
903 2003 1034 2039 cotidie
1063 2004 1173 2051 magis
1198 2004 1408 2049 invalescit,
1434 2010 1482 2038 ut
1502 2003 1682 2049 ,discipuli

193 2051 306 2086 serius
323 2054 548 2087 traderentur
569 2055 604 2095 2,
633 2054 667 2095 1,
690 2054 708 2085 1
736 2051 783 2085 Ν.
814 2048 861 2091 es.
887 2051 922 2093 8,
945 2051 979 2094 5,
1001 2053 1034 2085 2.
1059 2056 1241 2096 utcunque
1266 2061 1365 2085 cons.
1388 2050 1502 2087 vaiuit
1521 2051 1620 2094 9,13,
1644 2053 1683 2084 1.

195 2098 226 2131 si
250 2109 350 2133 cons.
377 2099 507 2133 vicerit
530 2101 565 2141 1,
592 2098 627 2141 5,
651 2098 708 2133 29.
774 2095 819 2141 β)
849 2098 957 2131 Genit.
984 2103 1016 2130 et
1038 2099 1120 2131 Dat.
1136 2111 1147 2131 .-
1175 2097 1352 2142 pessimae
1373 2107 1464 2132 vero
1489 2101 1683 2130 consuetu-

196 2143 309 2188 dinis,
340 2145 471 2180 libellis
498 2155 598 2178 esse
626 2147 893 2177 contentum
918 2145 984 2186 12,
1011 2143 1055 2185 8,
1083 2143 1128 2186 5;
1166 2141 1419 2178 consuetudini
1442 2141 1684 2178 serviebamus

197 2192 237 2232 1,
263 2191 308 2232 6,
337 2192 393 2226 18.
428 2203 462 2225 v.
489 2189 662 2225 servio.
731 2189 770 2233 y)
796 2191 978 2222 Accusat„-
1018 2188 1151 2222 utinam
1179 2188 1285 2233 adjici
1316 2189 1362 2222 ad
1393 2187 1685 2223 consuetudinem

194 2242 336 2279 posset,
362 2243 402 2270 ut
425 2243 487 2271 etc.
514 2239 550 2278 2,
579 2238 634 2278 10,
658 2235 693 2271 9.
722 2234 759 2267 in
777 2234 870 2268 hanc
893 2244 994 2268 cons.
1019 2234 1192 2269 memoria
1215 2234 1470 2269 exercitatione
1492 2233 1686 2280 redigenda

200 2283 263 2323 11,
290 2284 333 2324 2,
361 2281 417 2316 45.
467 2283 661 2316 secundum
693 2290 919 2314 communem
949 2280 1068 2325 potius
1103 2279 1274 2325 loquendi
1306 2285 1539 2322 consuet„
1577 2289 1685 2324 quam

199 2325 310 2368 ipsam
335 2327 498 2362 veritatis
520 2328 729 2374 regulam
752 2329 816 2368 11,
842 2328 883 2367 1,
909 2328 965 2360 12.
1002 2325 1047 2367 cs.
1077 2329 1140 2369 12,
1164 2329 1205 2369 2,
1230 2327 1286 2361 19.
1322 2325 1480 2359 oratoria
1505 2324 1684 2359 urbanitas

198 2389 244 2396 —
266 2372 312 2404 ad
335 2373 426 2406 hanc
444 2383 544 2406 cons.
571 2372 839 2406 accommodata
866 2370 884 2414 (
892 2372 919 2404 S
926 2384 960 2415 p.
983 2371 1245 2412 commendata)
1268 2372 1303 2414 6,
1320 2373 1355 2414 3,
1377 2370 1434 2405 14.
1481 2371 1521 2411 δ’)
1542 2373 1682 2405 ΔΝΜ..-

198 2417 290 2450 mala
314 2418 570 2451 consuetudine
585 2428 726 2462 semper
748 2416 903 2451 alienum
926 2416 1098 2460 sequendi
1120 2419 1156 2460 2,
1178 2418 1214 2460 6,
1238 2417 1271 2450 6.
1302 2415 1347 2458 cs.
1372 2418 1408 2461 8,
1432 2418 1467 2460 3,
1489 2414 1547 2451 44.
1582 2426 1682 2451 cons.

199 2462 372 2505 peccandi
400 2465 545 2496 allectus
572 2467 607 2506 7,
634 2467 669 2506 2,
694 2461 753 2496 44.
790 2472 908 2496 sermo
934 2462 1354 2496 constatconsuetudine
1378 2465 1420 2506 1,
1446 2464 1491 2506 6,
1515 2464 1549 2496 1.
1583 2471 1684 2496 cons.

200 2514 417 2541 excusantur
441 2508 530 2541 vitia
554 2511 597 2551 1,
624 2510 668 2551 5,
699 2509 732 2543 5.
777 2518 902 2541 manus
927 2507 1005 2552 ipsa
1029 2518 1130 2541 cons.
1156 2509 1200 2541 ad
1224 2519 1353 2555 graves
1377 2518 1486 2542 sonos
1509 2507 1623 2541 fertur
1649 2507 1684 2550 5,

203 2555 267 2595 10,
294 2556 372 2587 125.
404 2564 472 2587 nec
495 2554 672 2587 imbuatur
700 2551 818 2597 (vox)
845 2564 888 2587 ea
915 2564 1037 2595 cons.,
1073 2564 1179 2597 quam
1205 2553 1445 2588 desideratura
1473 2551 1566 2597 (Sp.
1592 2561 1684 2597 quae

201 2599 367 2632 duratura
391 2598 488 2640 non)
516 2598 559 2631 sit
586 2602 648 2641 11,
673 2599 717 2641 3,
745 2597 801 2632 24.
843 2610 877 2632 υ.
901 2599 1151 2633 Desidere.
1196 2599 1358 2633 incidunt
1386 2599 1424 2633 in
1456 2600 1528 2632 hoc
1559 2597 1685 2632 vitium

199 2654 301 2681 cons,
326 2643 576 2679 declamatoria
600 2645 640 2686 5,
666 2645 729 2685 13,
753 2642 810 2679 46.
850 2655 976 2689 cons.,
1011 2655 1080 2689 qua
1104 2645 1293 2679 difficultas
1320 2644 1434 2678 omnis
1460 2645 1600 2679 levatur
1630 2644 1686 2686 11,

201 2692 235 2733 3,
259 2689 326 2732 243
363 2701 384 2723 a
408 2700 505 2724 cons.
533 2689 726 2723 abhorrere
753 2690 787 2730 8,
811 2690 869 2724 Pr.
892 2691 949 2725 25.
986 2701 1006 2724 a
1033 2700 1133 2729 cons,
1158 2689 1300 2737 vulgari
1321 2695 1544 2725 recesserunt
1566 2692 1602 2732 2,
1626 2691 1685 2736 13,

202 2739 256 2770 11.
301 2747 358 2770 ex
385 2746 482 2770 cons.
511 2733 805 2780 philosophorum
835 2737 942 2771 ducta
964 2734 1118 2772 servitus
1144 2740 1188 2780 7,
1218 2739 1259 2780 3,
1285 2737 1340 2772 16.
1378 2733 1465 2771 illud
1494 2746 1551 2770 ex
1585 2744 1684 2770 cons.

1060 2852 1082 2859 ›-
