1728 3002
172 172 254 232 884
753 165 897 210 Taceo
909 167 918 180 '
929 193 982 200 -—
1012 168 1134 213 Talis

220 288 281 318 ant
306 293 385 327 per
412 283 595 316 tabulas
619 288 679 317 aut
705 294 725 317 a
754 284 1090 327 praesentibus
1115 284 1151 330 5,
1173 287 1209 330 7,
1239 289 1272 320 1.
1299 296 1406 321 nemo
1425 297 1494 331 per
1521 287 1706 321 tabulas

220 331 278 364 dat
303 328 649 372 testimonium,
677 329 747 363 nisi
782 341 846 364 sua
871 332 1055 365 voluntate
1086 333 1130 365 ib.
1156 334 1190 366 2.
1218 342 1295 367 non
1326 332 1365 366 in
1392 332 1520 366 tabulis
1549 343 1628 367 esse
1650 333 1708 376 jus

219 378 252 416 5,
279 378 335 418 10,
362 376 439 410 118.
465 386 510 409 au
529 375 566 409 in
589 375 717 410 tabulis
727 386 749 420 ‚²
765 388 852 421 quas
876 377 1101 421 proferebat,
1126 377 1383 425 chirographus
1408 384 1501 413 esset
1521 379 1558 423 6,
1583 381 1618 421 3,
1642 381 1710 413 100

219 423 266 456 N.
296 423 353 455 De
377 421 506 456 tabulis
532 423 554 457 5
579 421 667 466 Cap.
693 424 726 457 5.
773 425 823 468 β)
851 427 979 466 legum.-
1003 424 1040 458 in
1063 424 1192 458 tabulis
1215 426 1301 459 XII.
1325 428 1360 468 3,
1383 426 1418 466 6,
1443 424 1500 460 84.
1534 434 1567 459 v.
1592 426 1710 458 Duo-

222 468 386 502 decim.
434 467 477 512 y)
504 471 528 503 ἰ.
554 482 586 513 q.
612 476 936 504 testamentum:
970 472 1164 506 secundum
1191 472 1327 506 tabulas
1351 471 1550 506 testamenti
1579 471 1635 511 5,·
1653 469 1710 513 14,

222 515 277 549 15.
308 520 390 548 ante
421 514 514 548 diem
537 516 735 549 tabularum
760 516 802 559 5,
837 519 901 559 10,
925 515 982 551 44.
1013 523 1151 551 mutare
1175 518 1312 552 tabulas
1336 519 1380 563 5,
1404 519 1469 562 12,
1494 518 1528 554 5.
1563 527 1712 562 sperans

220 560 354 605 aliquid
377 572 428 594 ex
452 561 647 596 mutatione
674 563 871 596 tabularum
891 563 926 605 6,
950 565 984 606 3,
1007 564 1052 600 92
1077 565 1124 597 Ν.

175 603 336 648 Taceo-
383 616 418 662 Ι)
451 617 492 662 α)
516 621 722 662 simpliciter:
753 631 834 653 cum
857 619 990 665 loqui
1015 630 1087 654 non
1111 626 1232 665 posset
1249 645 1260 663 ,
1288 626 1448 655 tacere
1477 631 1551 655 non
1563 624 1713 666 ,poterat

223 667 305 699 Cic.
332 665 367 707 8,
394 665 428 708 5,
457 666 511 700 18.
538 665 614 699 illic
637 666 746 709 judex
770 671 862 700 tacet
887 669 943 709 12,
969 667 1004 710 6,
1032 669 1064 702 5.
1113 666 1156 713 β)
1181 676 1210 701 a.
1236 668 1335 710 Obj..·
1361 678 1436 702 non
1459 667 1601 710 tacebo,
1626 666 1712 712 quid

218 710 295 755 ipse
319 711 469 745 sentiam
493 711 536 754 5,
562 714 627 754 13,
651 712 707 747 60.
736 711 797 746 illa
822 712 905 757 quid
931 718 1066 757 taceat,
1087 713 1263 748 incertum
1288 719 1342 747 est
1365 715 1411 756 9,
1435 715 1476 756 3,
1500 705 1713 750 6οκοειῑὶὶάβ

220 756 305 802 quid
330 757 482 792 tacuisse
507 760 541 800 5,
571 761 626 801 13,
651 758 709 792 41.
735 769 817 792 cum
840 759 878 793 id
901 759 939 793 in
964 765 1136 794 contextu
1162 759 1358 803 sermonis,
1387 761 1484 804 quod
1506 764 1711 802 tacetur,

219 802 480 847 accipimus
510 805 554 846 8,
581 805 623 847 6,
649 807 706 839 21.
733 803 778 846 cf.
804 806 839 848 6,
865 808 899 849 3,
923 807 956 840 9.
988 818 1019 840 υ.
1047 806 1262 851 Accipio.
1293 805 1331 840 in
1356 800 1623 849 narratione—
1645 805 1712 839 ali-

219 861 289 894 qua
315 849 420 884 etiam
444 851 594 885 tacenda
622 849 657 894 4,
674 854 720 894 ,2,
744 852 799 886 67.
827 851 870 892 cs.
899 855 953 895 10,
979 856 1013 896 7,
1037 854 1094 888 28.
1147 853 1246 898 γ),σ.,
1265 855 1391 897 Praep.
1416 854 1491 886 de.-
1519 853 1643 886 Taceo
1662 851 1712 897 ,de

218 895 347 930 Tuscis
372 902 407 930 et
435 897 574 931 Sabinis
599 904 660 931 etc.
687 900 720 940 1,
750 900 784 940 5,
811 899 866 933 56.
901 898 945 940 cf.
973 901 1004 940 1,
1030 902 1064 942 2,
1089 901 1144 933 13.
1172 903 1212 932 ut
1233 904 1371 933 taceam
1394 899 1440 933 de
1462 898 1592 932 suturis
1618 898 1652 941 5,
1677 900 1712 940 1,

218 944 252 977 3.
278 947 318 975 ut
344 943 389 976 de
413 944 572 978 Homero
596 949 731 978 taceam
743 965 801 987 -—,
828 945 979 991 Gorgias
1003 956 1146 990 quoque
1170 946 1315 989 jubebat
1331 948 1388 989 12,
1414 947 1471 988 11,
1498 947 1556 979 21.
1583 943 1629 986 cf.
1654 945 1712 986 10,

220 991 254 1032 1,
277 987 335 1023 47.
362 992 427 1031 12,
452 992 496 1033 8,
525 993 559 1024 2.
591 990 620 1023 si
645 990 701 1033 id,
728 992 823 1035 quod
847 991 1024 1036 posterius
1048 997 1117 1030 est.
1142 992 1348 1036 dixeris,
1376 992 1421 1026 de
1446 991 1567 1036 priore
1589 996 1712 1025 tacere

219 1035 390 1079 optimum
422 1034 464 1079 4,
497 1039 542 1078 2,
577 1038 633 1071 87.
669 1039 833 1081 profecto
867 1049 942 1071 non
975 1037 1146 1073 taciturus
1181 1039 1225 1072 de
1258 1049 1323 1072 sna
1355 1037 1470 1086 gloria
1496 1041 1558 1079 11,
1582 1040 1627 1080 2,
1657 1037 1712 1071 16.

219 1082 279 1122 Il)
305 1084 432 1115 Panic.
470 1081 512 1125 α)
536 1086 677 1118 Ρναεε.,.·
711 1084 849 1128 pictura
875 1091 996 1118 tacens
1022 1095 1111 1129 opus
1138 1087 1193 1127 11,
1217 1086 1252 1124 3,
1276 1085 1335 1120 67.
1361 1085 1524 1120 oratione
1547 1084 1630 1119 ficta
1652 1085 1712 1118 dat

218 1127 418 1162 tacentibus
442 1127 503 1169 (a.
531 1133 553 1163 ῐ.
578 1129 807 1174 carentibus)
838 1142 966 1165 vocem
991 1130 1192 1174 (Demosih.)
1222 1133 1286 1175 12,
1313 1133 1378 1173 10,
1403 1133 1449 1166 23
1473 1132 1520 1165 Ν.
1544 1143 1592 1164 cr.
1619 1141 1712 1175 quae

217 1184 409 1208 occurrere
434 1174 538 1208 etiam
562 1187 620 1210 me
643 1182 783 1210 tacente
808 1183 956 1221 possunt
981 1181 1044 1220 11,
1070 1180 1113 1220 3,
1142 1176 1219 1211 134.
1274 1178 1318 1223 β)
1342 1176 1435 1219 Perf-
1468 1176 1507 1221 a)
1531 1179 1574 1211 de
1593 1189 1712 1220 perso·

218 1223 287 1253 nis.-
316 1220 443 1254 tacitus
469 1224 623 1265 appellat
645 1233 728 1257 eum
751 1222 791 1266 4,
818 1224 862 1266 5,
892 1226 947 1258 10.
978 1230 1047 1258 tac.
1074 1222 1313 1259 reverentiam
1336 1224 1492 1268 postulat
1513 1221 1561 1268 4,
1586 1226 1629 1270 1,
1655 1222 1712 1258 55.

217 1271 284 1300 tac.
311 1266 495 1300 dissentiet
522 1269 556 1310 7,
581 1270 615 1310 3,
646 1271 702 1303 15.
729 1269 827 1304 taciti
855 1276 1054 1317 repugnant
1075 1273 1110 1313 2,
1137 1270 1171 1312 6,
1200 1271 1236 1304 3.
1282 1268 1327 1313 b)
1353 1272 1396 1303 ‹Ie
1423 1272 1543 1304 rebus.-
1566 1263 1713 1303 tacitum

218 1313 288 1345 hoc
311 1313 545 1356 praeterimus
573 1317 635 1356 10,
664 1317 681 1347 1
697 1340 706 1356 ,
732 1316 789 1349 92.
815 1317 977 1358 (artes),
1011 1328 1100 1360 quae
1126 1315 1254 1350 tacitae
1277 1326 1422 1359 quoque
1445 1316 1655 1350 >sentiuntur
1677 1321 1714 1358 1,

219 1360 274 1400 10,
298 1360 332 1391 7.
360 1369 503 1401 eorum,
529 1359 589 1402 qni
613 1361 780 1403 aderant,
804 1366 870 1394 tac.
898 1372 1041 1405 quoque
1066 1361 1328 1396 aversationem
1350 1363 1386 1403 8,
1410 1363 1444 1403 3,
1469 1360 1538 1396 65:
1562 1367 1587 1394 t.
1612 1371 1714 1399 com-

217 1404 397 1438 mendatio
420 1403 455 1447 4,
481 1408 514 1446 1,
538 1406 573 1439 8.
597 1410 624 1438 t.
650 1407 778 1449 quaed.
806 1406 975 1453 cogitatio
1003 1407 1054 1449 (a.
1082 1412 1101 1440 l.
1127 1406 1343 1450 significatio)
1367 1407 1411 1449 5,
1434 1410 1469 1450 7,
1486 1410 1527 1442 2.
1563 1419 1597 1441 v.
1626 1406 1714 1442 Co-

218 1450 407 1496 gitatio.
432 1456 459 1486 t.
486 1450 687 1496 dedignatio
713 1455 753 1494 1,
777 1455 818 1496 2,
844 1455 900 1487 31.
927 1458 954 1486 t.
979 1452 1215 1487 eruditionem
1243 1453 1285 1493 6,
1309 1455 1355 1494 3,
1385 1455 1440 1487 17.
1466 1454 1573 1487 tacita
1594 1453 1712 1498 impo-

216 1496 347 1530 tentiae
372 1498 603 1540 exprobratio
626 1499 661 1540 6,
685 1501 720 1541 2,
747 1499 804 1532 16.
830 1504 856 1532 t.
881 1498 1194 1533 fideicommissmn
1219 1500 1255 1543 9,
1280 1501 1316 1540 2,
1339 1497 1397 1534 74.
1428 1499 1529 1535 velut
1548 1505 1576 1535 t.
1601 1499 1710 1544 quad.

218 1542 437 1577 verecundia
460 1545 518 1587 10,
545 1545 577 1584 1,
604 1545 659 1580 18.
689 1549 713 1578 t.
738 1544 796 1579 vis
820 1546 855 1588 3,
879 1545 914 1588 5,
941 1546 976 1581 9.
1006 1546 1042 1588 9,
1065 1545 1101 1589 4,
1127 1547 1171 1580 13
1195 1546 1231 1578 S.
1613 1575 1621 1577 >

171 1597 337 1641 Tacite.
387 1610 548 1646 ediscere
572 1616 597 1645 t.
628 1612 684 1646 11.
709 1614 744 1655 2,
768 1614 826 1647 33.

171 1667 346 1709 Tactus·
393 1690 473 1713 cum
510 1680 670 1714 omnium
702 1690 834 1716 vocem
863 1687 1068 1726 tactumque
1105 1681 1298 1716 noscitaret
1334 1683 1448 1717 Coel-
1471 1680 1526 1724 ’4,
1555 1683 1597 1724 2,
1628 1675 1726 1720 124.χ

218 1736 346 1768 corpus
376 1725 458 1760 visu
486 1732 654 1772 tactuque
680 1727 907 1761 manifestum
933 1732 974 1772 1,
997 1729 1043 1771 4,
1067 1730 1125 1763 20.
1161 1729 1262 1763 velut
1293 1729 1447 1773 quodam
1478 1732 1576 1762 tactu
1597 1725 1659 1770 (α.
1685 1731 1708 1761 1.

215 1770 322 1814 jactu)
346 1772 576 1806 resuscitatus
607 1774 690 1818 (Sp.
717 1773 909 1818 excitatus)
932 1773 973 1818 4,
996 1773 1040 1817 4,
1063 1775 1086 1810 9
1106 1778 1146 1808 Ζ.
1166 1776 1212 1809 Ν.
1239 1786 1271 1809 υ.
1287 1777 1499 1809 Tractus.
1638 1786 1645 1790 ⁴

171 1816 396 1858 Taedium.
431 1835 456 1864 t.
482 1830 614 1865 laboris
637 1834 672 1874 2,
696 1833 732 1874 2,
759 1831 792 1865 6.
818 1834 874 1874 12,
893 1833 927 1875 3,
950 1834 1005 1866 11.
1030 1836 1055 1865 t.
1074 1830 1164 1865 lucis
1184 1835 1216 1874 1,
1237 1834 1271 1874 3,
1293 1832 1354 1874 16;
1380 1835 1526 1865 Accua.-
1550 1830 1728 1868 taedium.

215 1874 366 1908 afferunt
392 1877 425 1918 5,
452 1878 507 1914 12,
531 1879 566 1911 8.
595 1883 618 1911 t.
643 1889 689 1911 ex
714 1877 943 1912 similitudine
968 1889 1008 1912 ac
1038 1877 1198 1911 satietate
1227 1883 1324 1912 creat
1347 1879 1384 1920 9,
1410 1877 1447 1920 4,
1474 1876 1553 1912 143.
1584 1878 1629 1912 ad
1653 1879 1728 1912 ef-=

214 1920 421 1967 fugiendum
449 1927 473 1956 t.
498 1929 582 1957 nota
607 1923 782 1957 audientis
806 1922 840 1966 4,
867 1927 900 1967 2,
925 1927 979 1958 22.
1004 1924 1152 1970 figurae,
1177 1935 1266 1967 quae
1289 1924 1463 1958 varietate
1488 1929 1514 1957 t.
1538 1923 1708 1970 effugiant

214 1969 259 1999 ib.
286 1969 363 2001 118.
391 1969 542 2003 devoret
565 1975 590 2002 t.
615 1969 703 2002 illud
734 1972 796 2011 11,
827 1974 868 2011 2,
897 1972 955 2008 41,
981 1976 1017 2003 et
1040 1969 1160 2005 verbis
1191 1969 1442 2003 remotioribus
1467 1974 1503 2004 et
1525 1970 1707 2005 liberiori-

212 2013 278 2046 bus
302 2014 422 2059 figuris
450 2015 616 2048 narrandi
640 2021 666 2049 t.
694 2016 803 2050 evitat
829 2018 883 2058 10,
910 2019 944 2058 1,
968 2018 1025 2050 31.
1050 2015 1191 2060 partitio
1219 2021 1242 2049 t.
1267 2017 1364 2050 levat
1389 2013 1425 2058 4,
1448 2018 1484 2058 2,
1507 2013 1564 2052 49.
1600 2016 1646 2059 cs.
1667 2014 1704 2060 4,

215 2061 247 2100 1,
270 2058 326 2093 49.
351 2065 376 2093 t.
402 2061 566 2095 lectionis
589 2061 730 2096 vicibus
753 2063 895 2096 levatur
920 2065 962 2105 1,
990 2065 1053 2104 12,
1078 2060 1110 2094 4.
1135 2058 1383 2106 Damnare«,
1407 2073 1499 2105 quae
1516 2063 1620 2098 ,nulla
1642 2074 1706 2098 va-

213 2105 347 2139 rietatis
371 2106 483 2153 gratia
503 2109 600 2143 levat
620 2113 645 2142 t.
664 2110 698 2148 8,
717 2111 752 2151 3,
779 2108 836 2143 52.
859 2119 918 2142 res
943 2109 1053 2142 altera
1076 2107 1192 2141 taed.
1212 2107 1365 2150 laboris,
1392 2109 1504 2145 altera
1529 2108 1706 2144 securi-

214 2156 354 2185 tatem
381 2153 472 2196 parit
500 2157 547 2197 2,
571 2158 614 2197 2,
639 2155 670 2189 6.
704 2166 784 2188 cnm
818 2154 969 2189 virtutes
1001 2154 1107 2188 etiam
1131 2153 1228 2197 ipsae
1253 2159 1277 2188 t.
1302 2153 1462 2197 pariant,
1498 2154 1567 2189 nisi
1591 2155 1706 2202 gratia

213 2197 479 2233 varietatis
513 2202 652 2244 adjutae
680 2203 720 2242 9,
749 2200 792 2243 4,
818 2199 873 2234 43.
903 2213 935 2234 v.
964 2200 1211 2242 Varietas3
1248 2202 1389 2233 Ablat..-
1421 2200 1539 2235 taedio
1570 2196 1704 2236 laboris

213 2246 277 2286 12,
301 2246 347 2287 3,
377 2248 432 2279 11.
469 2257 516 2280 ne
545 2247 713 2281 discentis
747 2246 904 2280 animum
935 2252 961 2280 t.
993 2251 1128 2282 avertat
1153 2248 1195 2288 1,
1222 2247 1284 2288 12,
1311 2247 1367 2279 13.
1401 2246 1571 2291 frequens
1594 2246 1704 2290 (usus

211 2293 435 2324 translationis
460 2293 665 2336 orationem)
698 2299 724 2326 t.
750 2294 907 2336 complet
929 2294 971 2336 8,
995 2293 1040 2336 6,
1068 2291 1124 2326 14.
1162 2303 1386 2335 supervacua
1413 2302 1495 2326 cum
1522 2298 1550 2328 t.
1574 2293 1703 2328 dicun-

209 2341 266 2369 tur
292 2335 340 2379 4,
369 2340 414 2381 2,
442 2336 501 2372 44.
525 2351 546 2374 a
568 2345 593 2374 t.
622 2338 782 2374 defendit
809 2339 1007 2373 orationem
1030 2339 1076 2381 6,
1104 2340 1144 2380 3,
1172 2339 1225 2373 19.
1260 2343 1299 2371 ut
1331 2337 1427 2372 omni
1458 2344 1533 2373 arte
1564 2341 1627 2375 vel
1652 2350 1728 2374 ex÷

211 2383 376 2425 spatio
401 2385 478 2429 ejus
505 2384 739 2429 (narrationis)
765 2386 988 2419 detrahamus
1011 2384 1157 2429 aliquid,
1184 2385 1246 2420 vel
1270 2395 1319 2419 ex
1343 2384 1510 2420 taedio
1532 2383 1570 2430 4,
1586 2387 1625 2434 2,
1640 2385 1701 2422 47.
1723 2399 1728 2425 ε

165 2434 348 2482 TalariS·
383 2453 549 2488 ludorum
573 2454 736 2489 talariam
758 2453 917 2509 licentia(
932 2455 996 2495 11,
1020 2454 1062 2496 3,
1092 2453 1148 2489 58.
1718 2477 1728 2507 „¹

164 2503 305 2548 Talio-
338 2520 394 2556 vis
426 2527 551 2557 contra
581 2522 656 2558 vim
687 2528 723 2557 et
754 2521 841 2556 talio
871 2522 933 2565 (a.
959 2525 982 2556 l.
1005 2519 1115 2565 talia)
1133 2521 1223 2555 nihil
1246 2522 1379 2556 habent
1400 2522 1483 2556 adv.
1508 2531 1609 2564 eum,
1638 2519 1700 2566 qui
1723 2520 1728 2562 ζ,

206 2564 304 2605 prior
328 2567 426 2610 fecit,
450 2567 571 2613 injusti
595 2572 630 2612 7,
654 2568 690 2612 4,
715 2571 748 2604 6.
774 2573 937 2615 agentem
961 2578 1041 2601 cum
1064 2579 1107 2602 ea
1129 2568 1274 2602 talionis
1294 2569 1329 2612 8,
1354 2569 1388 2608 5,
1413 2569 1470 2601 12.
1719 2567 1728 2628 3

162 2615 298 2660 TaliS·
336 2633 373 2675 α)
403 2638 449 2669 ad
473 2639 668 2671 antecedens
691 2636 855 2678 refertur.-
879 2647 976 2670 nunc
1001 2635 1141 2670 decebit
1168 2636 1219 2670 sic
1243 2637 1326 2671 adv.
1353 2637 1441 2670 tales
1465 2643 1585 2686 agere,
1607 2644 1699 2679 qno-
1722 2656 1728 2682 3

205 2679 312 2727 modo
339 2688 463 2716 contra
488 2694 554 2718 nos
579 2684 636 2731 agi
661 2685 705 2718 ab
731 2682 934 2717 hominibus
958 2682 1181 2717 condicionis
1205 2682 1320 2725 ejusd.
1347 2681 1471 2726 iniquo
1497 2690 1615 2714 ammo
1638 2686 1696 2714 tu-
1724 2692 1728 2722 g

205 2722 367 2757 lissemus
398 2730 452 2770 11,
484 2733 516 2770 1,
543 2731 602 2764 66.
631 2741 714 2764 nam
736 2728 820 2774 quid
843 2728 1014 2772 impurius
1038 2740 1144 2774 quam
1169 2728 1358 2763 retinuisse
1381 2728 1487 2761 talem
1509 2726 1543 2770 9,
1571 2729 1608 2769 2,
1635 2727 1695 2761 80.
1720 2731 1728 2748 ⁴

206 2769 320 2803 talis
345 2782 424 2806 esse
451 2775 557 2808 debet
580 2783 702 2810 orator
729 2781 765 2810 et
786 2775 901 2810 haec
928 2775 1022 2810 scire
1045 2778 1110 2818 12,
1136 2775 1177 2817 5,
1201 2775 1235 2809 6.
1261 2779 1301 2807 ut
1322 2773 1392 2816 jam
1419 2773 1589 2816 respondi
1612 2773 1692 2806 talt—
1726 2788 1728 2799 ι
