1728 3002
328 315 342 340 ι
503 259 662 303 Testor
690 282 748 289 —
778 256 1027 300 Thesaurus
1454 257 1536 298 897

4 366 176 411 Testor·
217 377 252 421 I)
276 378 321 411 de
342 377 458 423 quovis
476 371 672 410 fflmonio.
706 375 747 414 α)
772 378 812 407 ut
837 383 944 416 saepe
967 377 1118 406 testatur
1133 391 1179 397 —
1196 370 1397 405 Menander
1415 373 1474 414 10,·
1504 373 1536 415 1,

51 427 107 462 69.
141 424 235 461 sicut
263 427 410 458 testatus
437 433 519 463 ‚sum
553 421 647 456 libro
677 419 798 465 priore
826 421 871 462 2,
898 422 940 457 2,
965 421 1000 453 2.
1033 418 1134 463 quasi
1163 417 1446 452 inclamaret
1479 423 1539 452 aut

51 475 323 506 testaretur
349 470 489 504 locutus
511 473 566 502 est
590 470 655 509 11,
679 470 720 509 3,
746 468 823 501 172.
887 464 942 509 β)
967 477 995 499 c.
1030 465 1129 506 0b1‘..·
1162 462 1238 502 cic.
1271 474 1414 508 quoque
1443 463 1538 498 idem

51 517 173 552 testari
194 517 338 552 videtur
359 518 395 558 7,
408 513 445 557 4,
470 517 527 551 17.
551 514 648 559 quod
673 513 852 546 Homerus
874 510 1161 556 frequentissime
1187 515 1339 544 testatur
1364 513 1421 554 12,
1444 509 1480 553 4,
1503 513 1539 544 2.

49 563 99 605 cs.
125 566 160 606 1,
185 565 249 605 10,
271 561 308 596 4.
332 562 376 603 5,
401 562 468 604 13,
492 562 528 594 2.
560 560 655 605 quod
680 558 755 594 Cic.
779 557 941 603 pluribus
964 563 1001 590 et
1022 555 1122 590 libris
1150 562 1187 590 et
1211 555 1370 600 epistolis
1391 561 1541 590 testatur

45 612 120 652 ,12,
141 611 187 651 2,
212 611 247 643 6.
302 607 345 651 γ)
379 619 447 651 seq.
471 609 556 640 Ace.
584 619 614 640 c.
641 604 735 646 Ins.:
770 605 903 638 nullam
928 609 1041 637 terras
1065 602 1250 647 despicere
1275 602 1541 646 providentiam

50 654 187 690 tester?
210 655 247 696 6,
269 654 329 687 Pr.
351 651 388 687 4.
410 663 454 686 se
474 658 604 697 poetae
629 661 759 686 canere
782 656 957 685 testantur
979 652 1013 691 1,
1033 650 1070 692 8,
1094 652 1127 683 2.
1154 659 1221 683 nos
1243 650 1455 683 reducturos
1482 660 1543 683 re-

6 727 9 730 .
49 702 189 746 liquum
210 699 374 734 ordinem
395 703 565 732 testamur
585 698 621 741 4,
645 701 679 740 2,
703 698 748 731 83
773 695 890 737 N.'cs.
917 699 974 738 11,
1001 699 1033 738 1,
1060 697 1095 730 5.
1127 698 1183 737 12,
1211 698 1244 738 1,
1269 697 1324 729 20.
1352 698 1407 738 12,
1426 698 1461 738 2,
1481 697 1539 730 23.

49 747 138 781 illud
161 746 200 780 in
226 745 350 790 primis
373 745 572 778 testandum
598 749 663 787 est,
688 743 776 777 nihil
798 748 990 787 praecepta
1014 746 1085 786 atq.
1111 747 1204 775 artes
1226 742 1361 783 valere,
1386 741 1454 776 nisi
1478 742 1543 775 ad-

47 791 197 838 jurante
219 798 345 826 namra
367 791 424 824 Pr.
449 791 508 825 26.
534 790 579 832 es.
606 794 663 832 11,
689 794 721 832 1,
747 790 815 831 65;
846 789 1047 835 Virgiliano
1070 799 1179 822 versu
1202 793 1373 821 testamur
1397 795 1459 821 etc.
1486 790 1543 832 10,

7 852 19 860 ⁸
50 841 87 882 1,
113 839 172 876 92.
203 838 412 883 frequenter
435 837 575 881 quidem
605 841 819 870 testatus
843 841 878 869 et
902 836 940 869 in
963 834 1049 878 ipsis
1076 833 1184 868 etiam
1209 834 1280 868 illis
1306 834 1543 874 sermonibus,

49 896 109 920 me
134 885 280 918 nolente
303 882 479 929 vulgatis,
504 884 806 926 complexus,
830 881 897 916 vix
922 901 967 906 —
991 891 1096 923 posse
1121 879 1270 923 reperiri
1299 882 1342 923 3,
1364 880 1399 922 6,
1424 880 1471 915 68
1494 881 1542 914 Ν.

51 938 84 966 el
111 931 158 965 Ν.
186 943 234 964 cr.
293 926 342 974 ὃ)
374 932 536 963 Passive:
569 934 610 962 ut
645 929 784 962 Graeco
817 939 927 962 versu
959 932 1122 960 testatum
1147 931 1202 960 est
1222 927 1262 969 8,
1286 926 1345 959 Pr.
1369 929 1427 961 20.
1463 937 1544 960 cum

52 976 204 1012 aliorum
230 975 471 1009 monumentis
495 981 572 1008 tum·
594 973 739 1009 Catonis
764 973 926 1008 oratione
950 978 1115 1007 testatum
1138 977 1193 1006 est
1218 975 1262 1015 2,
1288 972 1352 1014 15,
1375 973 1410 1007 8.
1436 971 1482 1013 cs.
1508 975 1543 1012 2,

3 1028 6 1031 '
52 1026 116 1066 17,
141 1026 177 1056 2.
233 1021 292 1063 11)
324 1023 367 1055 de
397 1023 619 1054 1esmmemis:
650 1019 681 1054 si
709 1020 967 1063 exheredatum
992 1031 1017 1052 a
1039 1029 1091 1052 »se
1122 1018 1233 1051 filium
1262 1023 1363 1062 pater
1394 1023 1543 1052 testatus

51 1068 162 1103 fuerit
185 1067 304 1114 elogio
325 1070 371 1109 7‘,
394 1066 440 1111 4,
464 1069 522 1101 20.
546 1068 714 1102 voluntas
738 1066 899 1100 testantis
923 1069 965 1109 7,
988 1065 1034 1108 6,
1062 1067 1115 1098 10.
1141 1063 1350 1108 primipilari
1372 1064 1451 1098 seni
1472 1064 1544 1108 jam

14 1114 17 1117 ’
52 1119 183 1148 testato
211 1115 247 1156 6,
270 1115 306 1155 3,
329 1113 390 1149 92.
510 1134 522 1153 r
1208 1152 1214 1157 .

0 1154 316 1215 Jetrastichos·
361 1175 402 1203 ut
429 1168 582 1206 Ovidius
592 1178 656 1203 “ex
679 1168 913 1203 tetrastichon
935 1165 1052 1202 Macri
1075 1166 1232 1202 carmine
1256 1166 1389 1202 librum
1409 1167 1449 1203 in
1467 1179 1546 1202 ma-

0 1217 1 1220 ’
51 1219 107 1250 los
135 1221 260 1261 poetas
286 1216 529 1260 composuerit
554 1215 589 1258 6,
613 1217 648 1258 3,
671 1216 718 1250 96
742 1216 789 1249 Ν.
815 1223 847 1248 et
870 1216 918 1249 N.
941 1227 991 1248 σν.

6 1260 147 1305 Texo.
194 1273 300 1307 nidos
321 1278 448 1307 texere
473 1275 508 1314 2,
528 1273 586 1312 16,
602 1262 638 1307 6.
666 1271 967 1316 quis—texendi
990 1276 1099 1304 artem
1123 1275 1224 1314 putet
1249 1272 1287 1312 2,
1306 1273 1366 1313 17,
1382 1272 1426 1312 33
1460 1273 1547 1304 Pan-

52 1323 128 1353 tic„-
165 1327 294 1364 neque*
306 1317 397 1352 illud
423 1318 463 1352 in
483 1318 594 1362 Lysia
618 1317 762 1352 dicendi
789 1324 927 1353 textum
956 1323 1064 1352 tenue
1096 1322 1168 1361 atq.
1196 1327 1315 1350 rarum
1338 1318 1546 1352 laetioribus

52 1365 208 1400 numeris
231 1366 528 1409 corrumpendum
549 1365 586 1407 9,
609 1362 644 1406 4,
670 1367 727 1399 17.

49 1419 187 1452 extus·
231 1421 392 1464 interest,
415 1421 529 1456 verba
557 1421 637 1455 ead.
662 1432 731 1465 qua
756 1419 1017 1464 compositione
1039 1421 1103 1455 vel
1124 1419 1162 1453 in
1186 1424 1323 1454 textu
1346 1420 1548 1467 jungantur,

23 1500 27 1508 ,
48 1469 114 1504 Vel
138 1467 178 1508 in
198 1468 303 1505 fine
332 1468 543 1502 claudantur
567 1468 612 1507 9,
635 1465 679 1508 4,
706 1468 761 1500 13.
800 1479 834 1500 v.
862 1468 1107 1500 Intextus.
1149 1465 1315 1510 [praeter
1340 1467 1431 1500 haec
1461 1477 1549 1500 usus

52 1519 107 1548 est
130 1511 339 1560 allegoriae,
368 1520 408 1547 ut
433 1513 546 1546 tristia
571 1513 729 1546 dicamus
753 1512 961 1546 melioribus
984 1512 1105 1547 verbis
1131 1518 1192 1545 aut
1218 1513 1333 1546 bonae
1356 1512 1410 1545 rei
1436 1513 1549 1559 gratia

27 1595 29 1601 ,
52 1561 229 1604 quaedam
252 1560 439 1593 contrariis
462 1558 723 1605 significemus,
747 1558 843 1591 aliud
869 1564 989 1591 textu:
1015 1569 1108 1601 quae
1126 1563 1161 1589 et
1181 1558 1468 1592 enumeravimus
1485 1566 1548 1592 etc.

44 1607 176 1646 (locum
198 1606 286 1637 hunc
306 1606 451 1637 nondum
474 1605 679 1641 emendatum
706 1616 749 1635 ex
776 1605 931 1637 Codicum
950 1606 1102 1645 vestigiis
1125 1606 1174 1642 ita
1196 1605 1392 1637 constituere
1419 1607 1548 1638 ausim:

45 1650 314 1697 ,significemu83
337 1649 396 1683 cui
408 1655 444 1683 et
458 1647 770 1682 annumeravimus
781 1650 884 1691 haec,
899 1660 991 1693 quae
1006 1648 1037 1682 si
1052 1648 1130 1693 quis
1147 1649 1288 1694 ignorat
1300 1657 1375 1691 etc„
1388 1653 1550 1693 suspectis

30 1729 34 1734 ,
53 1700 119 1730 illis
144 1695 240 1743 aliud
263 1701 383 1738 textu,
411 1702 443 1728 et
462 1697 512 1728 bis
534 1696 673 1727 ‹litters-is
699 1698 779 1728 locis
802 1693 908 1738 posito
932 1700 1054 1738 specta
1078 1694 1209 1737 ejectis)
1231 1696 1268 1738 8,
1292 1695 1327 1738 6,
1346 1697 1392 1730 57
1409 1698 1459 1730 N.
1484 1694 1549 1740 cn]
1593 1726 1597 1731 ,

52 1739 261 1794 halamus.
316 1757 356 1785 ut
386 1751 464 1786 sine
494 1750 659 1785 thalamis
697 1751 810 1787 vitam
839 1761 914 1786 non
946 1750 1133 1785 hominum
1164 1757 1265 1796 putet
1293 1753 1358 1787 sed
1390 1753 1550 1787 ferarum

57 1797 183 1842 (Dido)
207 1799 257 1839 93*
273 1800 322 1840 2,
343 1796 402 1832 64.
1216 1815 1221 1819 »

54 1841 271 1884 heatralis·
314 1855 379 1889 lex
400 1854 451 1887 ιιι.
483 1855 519 1898 3,
541 1855 577 1898 6,
606 1855 650 1890 19
670 1855 789 1888 nav.
815 1854 1103 1889 Humanitas.

55 1899 264 1941 heatrum·
318 1909 359 1954 1)
386 1914 540 1954 proprie:
570 1921 645 1945 non
671 1911 768 1947 idem
790 1911 829 1944 in
855 1912 959 1954 foro,
994 1912 1112 1955 curia,
1146 1921 1295 1955 campo,
1319 1913 1461 1946 theatro
1487 1920 1550 1946 etc.

52 1959 180 1991 -facere
202 1956 396 1991 conveniat
420 1959 476 1998 11,
501 1960 536 1999 1,
558 1956 617 1991 47.
642 1957 673 1991 si
695 1969 885 2000 percussus
908 1957 954 1991 sit
975 1957 1015 1991 in
1039 1959 1091 1991 th.
1117 1964 1178 1991 etc.
1203 1958 1239 2000 6,
1264 1961 1298 1999 1,
1324 1959 1379 1992 16.
1417 1970 1451 1991 v.
1476 1958 1551 1992 Bi-

58 2003 305 2038 bliotheca.
334 2006 527 2036 exeuntem
550 2004 595 2036 de
618 2004 669 2036 th.
695 2005 739 2044 6,
769 2006 812 2046 3,
839 2007 897 2038 71.
931 2005 976 2038 de
1001 2004 1221 2037 aedificando
1244 2005 1295 2036 th.
1322 2004 1554 2046 (consultatio)

59 2051 102 2091 3,
124 2050 167 2088 8,
193 2049 241 2081 28
262 2054 333 2093 εες.
368 2059 450 2081 cum
473 2049 524 2082 th.
549 2049 663 2083 veluti
685 2050 816 2093 quodd.
842 2049 938 2082 illius
965 2049 1058 2083 sacri
1081 2049 1252 2092 templum
1274 2049 1484 2084 vocabimus
1506 2053 1551 2083 ib.

59 2095 119 2129 29.
165 2092 223 2135 11)
251 2095 295 2126 de
315 2096 575 2136 spectatoribus.-
614 2100 700 2128 tunc
724 2101 778 2129 est
801 2097 1099 2129 commovendum
1125 2095 1195 2137 th„
1223 2106 1304 2128 cum
1326 2101 1476 2129 ventum
1500 2101 1554 2130 est

60 2141 104 2174 ad
141 2139 256 2183 ipsum
287 2138 376 2172 illud
398 2159 445 2180 ,-
467 2139 640 2174 Plaudite.
665 2141 711 2182 6,
736 2144 777 2178 1.
805 2143 862 2176 52.
897 2146 972 2174 tota
1007 2152 1114 2185 saepe
1140 2141 1192 2174 th.
1220 2146 1256 2174 et
1289 2151 1432 2175 omnem
1467 2141 1552 2175 circi

59 2185 200 2220 turbam
222 2185 442 2218 exclamasse
465 2185 616 2220 barbare
641 2188 674 2228 1,
697 2186 733 2228 6,
756 2185 815 2221 45.
841 2187 965 2220 dulces
992 2186 1270 2220 exclamationes
1291 2187 1422 2222 theatri
1449 2199 1555 2222 causa

47 2232 260 2276 *producere
286 2233 341 2273 11,
365 2233 399 2272 3,
426 2231 503 2267 179.
526 2232 680 2275 optimus
704 2232 854 2276 quisque
875 2238 1090 2277 praeceptor
1113 2232 1388 2276 frequentia
1410 2234 1552 2280 gaudet,
1601 2255 1607 2258 -

61 2287 106 2311 ac
128 2277 311 2319 majore
340 2287 379 2310 se
407 2278 466 2310 th.
496 2277 641 2324 dignum
665 2283 765 2321 putat
788 2282 822 2321 1,
846 2281 880 2318 2,
903 2279 939 2313 9.

59 2321 179 2362 heca.
227 2331 448 2377 Chrysippus
470 2353 512 2359 —
539 2334 670 2378 oppida
694 2340 738 2358 —'
760 2334 862 2369 Fabii
887 2334 1041 2369 Maximi
1062 2334 1179 2382 lignea
1203 2335 1327 2368 thecas
1351 2345 1431 2369 esse
1452 2334 1556 2380 oppi-

59 2379 191 2412 dorum
215 2377 398 2421 Caesaris,
433 2378 523 2412 dixit
547 2381 581 2422 6,
605 2381 640 2422 3,
663 2381 721 2414 61.

92 2437 200 2464 ema·
242 2436 445 2469 scholarum
470 2437 715 2478 consuetudo,
738 2435 775 2469 in
802 2435 930 2480 quibus
955 2442 1052 2470 certa
1079 2437 1207 2481 quaed.
1230 2442 1437 2481 ponuntur,
1466 2449 1557 2482 quae

64 2479 219 2514 themata
246 2481 407 2524 dicimus,
429 2487 572 2526 praeter
591 2493 682 2526 quae
711 2482 802 2515 nihil
826 2488 881 2516 est
905 2482 1110 2516 diluendum
1137 2482 1173 2525 4,
1198 2486 1233 2525 2,
1258 2484 1315 2518 28.
1339 2483 1433 2517 haec
1451 2494 1559 2527 supra

67 2523 173 2568 fidem
196 2531 232 2558 et
253 2527 395 2568 poetica
417 2529 469 2560 th.
497 2530 539 2570 2,
566 2530 627 2570 10,
652 2528 686 2571 5.
708 2528 785 2567 sint
810 2528 959 2574 grandia
985 2534 1019 2561 et
1043 2529 1199 2570 tumida,
1226 2539 1299 2562 non
1322 2530 1427 2563 stulta
1449 2529 1557 2564 etiam

55 2571 106 2607 *nt
127 2569 322 2604 acrioribus
350 2572 464 2606 oculis
487 2572 643 2607 *intuenti
678 2572 828 2606 ridicula
862 2576 906 2606 ib.
931 2574 966 2607 6.
995 2573 1102 2607 etiam
1134 2574 1164 2608 si
1197 2580 1302 2608 erunt
1334 2581 1459 2609 contra
1490 2586 1558 2609 nos

60 2614 120 2654 Ἧι.
146 2617 190 2649 ib.
211 2616 258 2650 68
278 2617 324 2650 Ν.
353 2617 554 2653 orationum
586 2619 687 2653 velut
719 2620 837 2652 thema
859 2621 903 2662 5,
927 2621 994 2662 10,
1020 2620 1056 2654 9.
1091 2623 1139 2654 ue
1172 2621 1274 2654 color
1304 2626 1410 2655 extra
1438 2621 1558 2655 thema

65 2661 261 2706 filmeratur
284 2661 320 2704 4,
343 2665 378 2704 2,
403 2663 469 2699 91..
492 2664 594 2697 velut
619 2665 774 2698 themata
798 2664 835 2698 in
860 2664 992 2698 scholis
1015 2665 1131 2709 posita
1154 2665 1358 2701 custodiunt
1381 2669 1439 2709 12,
1461 2669 1497 2710 8,
1520 2668 1553 2702 6.

69 2706 207 2754 ῳηὶε,
235 2719 324 2752 quae
347 2708 385 2742 in
413 2710 567 2743 themate
594 2720 666 2743 non
690 2716 794 2754 sunt,
816 2721 883 2754 pro
907 2711 1010 2745 nobis
1034 2711 1195 2746 ducimus
1217 2715 1253 2756 7,
1274 2714 1311 2755 2,
1335 2711 1392 2748 54.
1416 2712 1455 2746 ὶιι
1477 2714 1558 2747 the-

67 2757 263 2795 mateest,
292 2753 444 2802 aliquem
466 2756 648 2799 postulare
674 2757 710 2798 9,
735 2759 770 2799 2,
794 2757 853 2791 85.
1040 2798 1042 2804 γ
1279 2755 1281 2758 ’

69 2852 74 2857 1
125 2810 291 2840 nulfus·
338 2812 514 2854 repositus
541 2813 591 2846 th.
616 2814 659 2854 2,
688 2815 733 2855 7,
755 2811 791 2846 4.
807 2806 917 2847 ‘velut
939 2811 1068 2846 clausis
1089 2814 1141 2847 th.
1164 2813 1344 2848 incubabit
1368 2816 1429 2857 10,
1456 2817 1498 2857 1,
1524 2817 1554 2847 2.

31 2891 35 2914 i
71 2853 258 2888 thesaurus
281 2855 341 2890 hic
364 2857 588 2902 eloquentiae
615 2858 744 2892 dicitur
766 2857 957 2901 (memoria)
982 2862 1038 2901 11,
1060 2863 1097 2903 2,
1121 2862 1155 2896 1.
1357 2875 1371 2882 -

122 2912 205 2943 er.
239 2913 354 2954 Quint.
1187 2917 1231 2951 57

0 2349 8 2394 ι’
