1728 3002
558 265 790 323 Aliquanto
817 286 872 294 -
901 260 1068 321 Aliquis
1517 263 1574 313 45

86 387 167 421 'dus
198 381 244 421 ss
292 385 334 428 8,
364 385 406 427 8;
458 384 492 417 ι’»
527 380 716 416 παπ-ωδε».-
768 375 945 412 mustum
982 375 1173 422 autmundo
1208 381 1380 421 patronus
1421 376 1577 421 puellm

97 434 139 476 6,
163 436 203 476 1,
226 408 282 471 33).
323 429 385 476 qui
414 429 495 475 aliq.
525 427 668 463 fortiter
697 425 832 459 fecerat
859 425 900 466 9,
925 426 966 476 2,
985 424 1044 458 85.
1139 421 1191 476 μ)
1222 426 1247 458 t.
1268 436 1302 475 q,
1342 425 1575 467 inuram,

100 489 421 522 nonnunquam:
455 479 491 509 Β
516 483 659 519 qnoque
685 470 726 505 in
756 471 875 504 locum
902 470 1049 503 aliarum
1072 469 1232 503 dedimus
1258 469 1447 512 aliquando
1474 472 1516 513 1,
1538 470 1575 512 5,

99 525 157 558 38.
198 522 294 557 utilis
322 522 427 557 etiam
457 520 538 565 aliq.
568 516 799 554 dissimulatio
832 521 885 550 est
919 515 959 556 9,
982 518 1023 558 2,
1047 515 1105 551 95.
1149 515 1316 548 labuntur
1338 515 1427 567 aliq.
1455 514 1576 563 magni

100 575 264 604 auctores
291 570 354 611 10,
379 571 418 610 1,
442 567 498 601 24.
534 565 577 608 ej:
603 566 646 608 6,
669 566 708 607 3,
731 562 789 597 47.
828 562 911 606 aliq.
935 566 1053 596 tamen
1077 560 1224 606 affectus
1247 571 1428 605 sequimur
1454 564 1574 614 ¹⁰⁹.3¹

101 616 157 650 18.
191 614 274 659 aliq.
306 615 351 648 de
381 614 488 648 rebus
514 624 534 646 a
559 623 599 645 se
623 610 730 657 gestis
758 607 893 642 oratori
918 618 998 642 esse
1019 607 1208 642 dicendum
1242 610 1305 649 11,
1331 609 1369 649 1,
1394 610 1451 640 22.
1489 609 1574 652 ahq.

99 661 206 695 etim
230 660 461 695 inferioribus
491 669 638 703 parcere
673 657 777 690 decet
814 656 857 688 ib.
882 654 938 688 58.
972 653 1059 688 nisi
1092 654 1428 705 aliquando-12,
1454 655 1492 695 1,
1516 655 1574 690 33.

98 719 134 742 υ.
155 706 263 741 Nini.
296 717 351 750 ap.
374 707 470 739 hunc
493 709 529 739 et
552 703 665 748 patria
686 702 764 746 ipsa‘
785 700 1008 742 exclamabit,
1035 699 1294 744 aliquandoque
1309 698 1520 733 Ciceronem
1535 700 1574 734 in

99 753 262 786 oratione
284 757 407 790 contra
428 749 611 785 Catilinam
635 748 673 783 in
698 752 822 781 senatu
846 747 1046 790 alloquetur
1074 749 1130 787 12,
1155 747 1210 786 10,
1231 748 1288 780 61.
1327 744 1371 786 cs.
1402 748 1435 787 1,
1460 746 1495 786 5.
1515 747 1574 780 38.

97 799 157 834 65.
187 798 270 842 1,6,
285 800 340 832 10.
365 800 447 840 1‚7,
470 797 526 831 16.
559 798 596 838 2,
612 796 646 833 5.
661 797 695 828 7.
722 796 758 835 2,
774 795 809 835 7,
825 793 859 826 5.
889 794 925 833 2,
943 794 997 832 10,
1011 793 1047 826 9.
1076 793 1110 833 5,
1126 792 1182 824 Pr.
1197 793 1231 825 5.
1267 793 1322 833 12,
1337 793 1394 832 10,
1409 790 1464 825 34.
1490 798 1572 834 ηας

97 847 122 878 ἰ.
146 857 177 888 q.
199 846 289 877 subi
297 844 399 876 nde.-
430 854 525 876 nunc
547 850 694 876 necesse
717 844 789 880 est,
818 838 862 871 ad
886 847 950 871 eos
973 837 1161 888 aliquando
1188 843 1351 871 auctores
1373 848 1574 882 recurrere,

99 890 161 934 qui
185 896 245 923 etc.
266 890 378 924 Pr.17
390 890 458 929 N.3
501 890 567 931 ¹311·
591 887 783 919 tandem.-
812 883 867 919 Sit
890 893 976 930 ergo
998 884 1199 927 aliquando,
1222 883 1317 926 quod
1341 883 1490 934 placeat,
1514 888 1576 917 aut

99 941 198 969 certe
225 934 377 968 sufficiat
406 935 462 975 10,
484 931 522 976 4,
544 931 587 974 43
620 931 814 974 frequenter
842 942 919 973 opp.
949 941 1126 972 semper.-
1163 932 1200 981 et
1231 933 1288 965 est
1317 929 1574 973 aliquando,

98 986 174 1014 'non
199 985 317 1014 tamen
346 989 518 1022 semper
538 979 579 1020 8,
603 978 645 1020 5,
668 975 702 1011 4.
747 976 800 1009 Ea
830 986 902 1008 non
925 978 1100 1018 semper
1123 979 1175 1007 uti
1200 984 1349 1008 necesse
1371 980 1438 1008 est.
1483 975 1575 1009 Ali-

101 1026 274 1070 quando
303 1024 399 1059 enim
426 1025 504 1058 sine
531 1021 775 1068 propositione
803 1031 947 1065 quoque
975 1020 1059 1054 satis
1084 1019 1310 1053 manifestum
1333 1026 1387 1053 est
1408 1019 1452 1063 4,
1474 1023 1516 1064 2,
1539 1024 1576 1057 2.

101 1070 148 1113 eff.
176 1072 217 1114 3,
239 1074 282 1115 7,
307 1073 362 1105 17.
405 1069 655 1114 Amphiboliae
690 1066 807 1102 omnis
840 1066 879 1100 in
914 1066 970 1099 his
1000 1065 1067 1100 erit
1102 1065 1281 1110 quaestio,
1320 1065 1574 1110 aliqnando,

54 1116 57 1119 ’
99 1122 180 1150 uter
209 1124 290 1159 etc„
322 1123 513 1159 semper,
545 1121 661 1148 utrum
686 1121 770 1155 etc.,-
803 1110 850 1153 cs.
882 1112 926 1145 Et
953 1111 990 1145 si
1019 1112 1259 1156 aliquando
1289 1112 1464 1147 concitate
1489 1113 1575 1157 itur,

68 1184 71 1186 -
98 1173 317 1206 nunquam
343 1172 427 1195 non
449 1160 577 1207 frigide
600 1159 735 1194 reditur
758 1159 814 1200 11,
838 1159 874 1200 3,
899 1159 977 1192 133.
1054 1159 1119 1198 ΙΙΙ)
1147 1161 1325 1201 repetitur:
1350 1160 1575 1202 praeparatio

99 1218 243 1253 quoque
255 1213 315 1240 aut
333 1206 552 1240 confirmatio
569 1205 804 1250 aliquando
819 1203 927 1237 totius
942 1213 1069 1237 causae.
1083 1210 1149 1246 est,
1167 1203 1405 1247 aliquando
1421 1205 1574 1248 partium

99 1254 135 1296 5,
151 1255 208 1296 13,
225 1254 282 1288 58.
306 1254 425 1297 Ipsum
449 1262 590 1297 quoque
613 1252 747 1284 factum
771 1249 870 1294 aliq.
895 1249 1092 1293 simplicem
1116 1249 1360 1294 quaestionem
1385 1251 1504 1294 habet,
1526 1271 1574 1278 -

98 1299 198 1344 aliq.
223 1298 398 1343 duplicem
423 1301 457 1341 7,
476 1301 512 1341 2,
533 1299 566 1332 8.
603 1298 694 1330 Illud
720 1295 854 1338 verius,
879 1307 959 1329 esse
981 1307 1057 1329 eam
1083 1294 1309 1339 (sententiam)
1334 1295 1574 1341 aliquando

118 1343 127 1351 ”
155 1382 161 1384 ,
189 1343 314 1388 licem,
336 1365 383 1370 —
409 1344 509 1389 aliq.
535 1343 673 1377 ratione
696 1343 873 1385 subjecta,
896 1352 1205 1386 nonnunquam
1230 1341 1406 1385 duplicem
1429 1344 1465 1385 8,
1486 1345 1522 1386 5,
1537 1342 1576 1377 4,

96 1389 144 1432 'ff-
176 1393 295 1424 diam.-
331 1391 421 1423 Nam
451 1396 488 1423 et
515 1390 680 1423 labuntur
713 1388 969 1432 aliquando,
998 1407 1045 1413 —
1077 1399 1145 1421 nec
1182 1398 1353 1430 semper
1386 1387 1576 1423 intendunt

97 1436 268 1470 animum:
311 1447 619 1480 nonnunquam
650 1434 842 1480 fatigantur
874 1436 937 1476 10,
965 1435 1001 1476 1,
1025 1436 1083 1467 22.
1147 1434 1237 1467 Nam
1266 1439 1302 1467 et
1332 1434 1575 1478 aliquando

98 1481 274 1516 excidisse
300 1481 523 1524 simulamus,
547 1499 592 1505 —
615 1486 651 1515 et
673 1479 851 1514 interim
870 1499 918 1506 —
942 1484 1124 1521 testamur,
1147 1498 1193 1524 —‚
1219 1479 1399 1513 interim
1422 1499 1465 1507 —
1488 1481 1576 1515 suh-

96 1527 274 1574 jungimus
297 1539 419 1562 causas
445 1526 486 1569 4,
509 1529 551 1570 2,
574 1527 632 1561 83.

51 1581 294 1640 Aliquanto·
317 1615 364 1621 —-
403 1594 580 1628 difficilius
605 1596 640 1636 1,
664 1595 722 1636 12,
743 1592 768 1627 4
791 1593 840 1627 N.
862 1611 909 1619 —-·
948 1591 1089 1626 facilius
1112 1593 1147 1636 5,
1171 1596 1207 1635 7,
1229 1591 1288 1627 24.
1330 1593 1456 1638 Neque
1479 1593 1575 1628 enirn

75 1641 252 1676 ..narratio
274 1640 312 1678 in
337 1642 408 1674 hoc
430 1645 571 1684 reperta
595 1645 668 1682 est,
699 1645 740 1673 ut
762 1645 898 1673 tantum
925 1645 1118 1685 cognoscat
1147 1641 1277 1682 judex,
1310 1641 1373 1673 sed
1396 1639 1576 1684 aliquanto

97 1686 227 1734 magis,
247 1692 289 1720 ut
312 1686 510 1721 consentiat
533 1685 569 1727 4,
587 1688 622 1723 2,
641 1688 698 1718 21.
725 1684 769 1726 cf.
798 1687 833 1727 3,
851 1686 886 1724 8,
906 1686 962 1719 39.
991 1685 1027 1726 6,
1043 1687 1079 1726 2,
1103 1687 1157 1719 15.
1205 1686 1309 1736 Quod
1334 1685 1576 1729 aliquanto

97 1735 211 1776 paene
240 1732 378 1766 etiam
408 1733 464 1774 (a.
487 1736 512 1765 1.
535 1731 723 1775 aliquando
745 1743 780 1776 p.
803 1730 892 1774 jann
925 1730 1036 1776 magis
1068 1732 1113 1765 de
1139 1732 1367 1775 synecdoche
1397 1731 1512 1765 dicam
1539 1733 1576 1774 6,

99 1780 141 1819 2,
163 1779 208 1812 15
230 1778 279 1811 Ν.
326 1778 423 1811 sinus
456 1777 746 1820 decentissimus,
794 1777 832 1810 si
866 1777 1108 1821 aliquanto
1143 1788 1277 1822 supra
1316 1777 1425 1810 imam
1454 1783 1575 1824 togam

97 1823 207 1856 fuerit
229 1825 282 1862 11.
305 1825 341 1867 3,
365 1822 444 1858 140.

53 1865 344 1923 AliquatemlS-
395 1880 477 1912 Hoc
510 1890 650 1923 quoque
687 1879 783 1913 idem
817 1878 1038 1923 aliquatenus
1071 1883 1182 1913 novat
1218 1879 1260 1922 3,
1283 1879 1322 1915 9.
1347 1879 1379 1914 5.
1423 1878 1461 1912 id
1491 1879 1575 1925 aliq·

98 1927 297 1966 temporum
325 1925 535 1958 condicione
558 1931 710 1958 mutatur
731 1924 765 1958 4.
791 1928 823 1967 1,
848 1927 904 1960 57.
941 1925 985 1967 cs.
1018 1927 1073 1967 11,
1099 1928 1132 1965 1,
1158 1926 1237 1959 137.
1267 1925 1402 1959 enitere
1430 1931 1466 1959 et
1488 1926 1573 1969 aliq.

102 1974 224 2002 extare
241 1970 277 2010 8,
289 1970 324 2010 5.
335 1971 393 2003 29.
419 1971 621 2004 defenditur
641 1970 723 2014 aliq.
750 1976 865 2004 aetate
889 1978 951 2004 etc.
975 1973 1076 2012 11,1,
1092 1972 1150 2005 28.
1177 1971 1302 2005 oculos
1320 1972 1475 2005 formant
1489 1971 1575 2015 aliq.

100 2013 317 2056 (supercilia)
350 2017 406 2056 11,
429 2017 463 2056 3,
486 2019 507 2049 7
509 2017 543 2049 8.
564 2017 701 2049 ‘eadem
725 2016 889 2058 (manus),
917 2016 988 2060 aliq
1023 2016 1169 2050 liberius
1192 2018 1357 2050 deorsmn
1384 2017 1577 2060 spectanti-

100 2059 166 2092 bus
190 2058 326 2104 digitis,
357 2058 533 2105 colligitur
554 2059 591 2093 in
614 2071 680 2094 nos
704 2063 747 2093 ib.
772 2062 829 2096 97.
860 2067 900 2094 ut
924 2063 1066 2094 multo
1094 2061 1286 2105 infirmior,
1313 2062 1363 2095 ita
1388 2062 1492 2106 aliq.
1517 2063 1576 2096 lu·-

102 2103 218 2138 cidior
243 2105 331 2148 (Sp.
357 2105 471 2147 conjic.
497 2104 749 2149 aliquanto)
777 2108 834 2148 10,
859 2109 892 2148 1,
917 2106 962 2140 74
986 2108 1033 2139 N.
1308 2120 1317 2127 ·

55 2147 235 2205 AliqUiS·
282 2162 324 2193 cle
347 2173 487 2203 persona
511 2168 568 2193 aui
594 2173 630 2193 re
652 2163 800 2194 incerta:
879 2163 924 2199 ll,
958 2160 996 2202 α)
1026 2164 1226 2204 simpliciter.
1274 2160 1311 2204 a)
1344 2163 1461 2204 Sing..·
1495 2163 1576 2197 Fuit

100 2205 268 2250 aliquis
294 2205 371 2240 sine
386 2206 441 2239 his
461 2204 634 2240 disertus&
661 2212 695 2239 at
712 2217 779 2251 ego
793 2211 969 2240 oratorem
988 2209 1074 2240 volo
1088 2210 1120 2248 1,
1134 2208 1234 2249 10,8.
1256 2209 1388 2242 vulnus
1406 2209 1577 2255 deligavit

101 2251 297 2296 aliquis,
321 2257 508 2295 antequam
531 2253 620 2286 haec
646 2262 701 2285 ars
725 2257 818 2285 esset
839 2255 874 2293 2,
899 2255 955 2294 17,
980 2255 1014 2289 9,
1061 2253 1150 2285 Nam
1181 2258 1235 2286 est
1265 2259 1362 2286 certe
1395 2254 1576 2301 aliquid

102 2303 340 2330 consummata
373 2297 575 2342 eloquentia
607 2299 663 2330 Pr.
686 2299 743 2331 20.
779 2297 814 2330 in
849 2298 916 2330 hac
951 2298 1029 2342 ipsa
1063 2308 1148 2331 cura
1189 2303 1242 2332 est
1277 2299 1457 2344 aliquid
1490 2301 1575 2334 satis

102 2342 138 2383 8,
162 2343 219 2379 Pr,
241 2345 297 2376 31.
332 2349 482 2377 vocatur
508 2350 543 2377 et
571 2342 752 2387 aliquid
777 2345 931 2376 clausula
946 2344 981 2385 8,
1003 2344 1036 2386 5,
1051 2346 1107 2378 13.
1132 2344 1162 2377 si
1184 2344 1352 2388 asperitas
1376 2345 1420 2379 iis
1443 2347 1576 2390 placuit

103 2386 296 2430 alicujus
320 2385 381 2430 10¹,
404 2392 448 2431 2,
475 2391 533 2423 23.
573 2395 612 2422 ut
642 2388 789 2422 alicui
816 2389 861 2422 sit
883 2389 1024 2423 furandi
1050 2401 1155 2426 causa
1177 2397 1383 2434 paupertas,
1419 2402 1493 2425 non
1519 2398 1575 2426 est

99 2431 195 2466 “niem
227 2432 264 2466 in
297 2432 405 2468 curio
429 2435 662 2479 Fabricioque
689 2440 908 2468 momentum
937 2438 972 2477 7,
994 2439 1029 2477 2,
1051 2437 1108 2470 38.
1136 2447 1217 2470 cum
1248 2437 1286 2469 in
1318 2438 1472 2471 themate
1505 2443 1573 2480 est,

101 2476 315 2522 aliquem,
341 2485 381 2512 nt
404 2479 471 2513 sibi
498 2481 590 2514 mori
613 2480 738 2522 liceat,
766 2481 945 2524 postulare
967 2482 1003 2523 9,
1028 2484 1062 2523 2,
1087 2482 1143 2516 85-
1177 2492 1292 2526 neque
1319 2482 1407 2515 illud
1432 2489 1486 2516 est
1509 2495 1575 2517 ne-

99 2523 173 2566 fas,
196 2530 235 2557 ut
261 2523 457 2568 aliquem
482 2528 543 2560 vel
570 2526 688 2560 omnia
710 2527 771 2560 vel
791 2526 942 2570 plurima
965 2527 1114 2560 deceant
1139 2530 1195 2569 11,
1220 2530 1255 2570 3,
1280 2529 1404 2562 181.ad
1426 2529 1574 2563 modum

101 2569 272 2613 aliquid
298 2571 509 2614 portantium
533 2575 589 2613 11,
613 2574 647 2613 3,
673 2574 750 2605 120.
788 2572 886 2614 cujus
909 2571 1027 2614 (Iovis
1049 2575 1080 2605 in
1104 2572 1222 2615 Elide)
1257 2574 1481 2616 pulchritudo
1509 2576 1574 2607 ad-

98 2613 226 2656 jecisse
252 2615 427 2659 aliquid
456 2617 590 2652 etiam
620 2623 784 2661 receptae
806 2617 972 2664 religioni
992 2618 1135 2652 videtur
1163 2621 1217 2660 12,
1244 2622 1299 2660 10,
1322 2621 1352 2654 9.
1386 2619 1431 2660 cs.
1457 2621 1514 2655 Pr.
1537 2621 1574 2654 6.

101 2659 205 2693 distat
237 2661 392 2705 aliquo
424 2665 458 2705 7,
482 2665 517 2704 3,
540 2663 595 2697 26.
631 2669 670 2696 nt
702 2663 748 2696 in
781 2663 967 2708 aliquo,
1010 2666 1103 2708 quod
1132 2666 1194 2698 vel
1218 2670 1319 2697 extra
1348 2675 1490 2699 causam
1514 2665 1573 2708 sit,

100 2706 390 2749 deprehendamur
413 2710 452 2749 5,
481 2711 523 2750 7,
550 2711 602 2744 19.
674 2707 709 2748 b)
746 2712 862 2742 Plun:
897 2715 938 2742 ut
967 2709 1117 2753 aliqui
1153 2710 1323 2753 putabunt
1360 2714 1404 2753 2,
1436 2713 1477 2753 1,
1514 2714 1576 2744 12.

101 2750 146 2789 of.
179 2751 220 2793 8,
245 2755 286 2794 2,
314 2755 367 2786 12.
406 2753 558 2798 aliqui
590 2754 834 2798 reperiuntur,
868 2755 947 2799 qui
979 2768 1045 2799 seq.
1086 2756 1177 2796 Conj.
1205 2757 1245 2797 6,
1270 2757 1312 2796 3,
1338 2758 1394 2789 32.
1429 2767 1477 2790 ex
1503 2757 1573 2790 hac

103 2795 289 2841 (materia)
330 2797 548 2842 potissimlun
591 2799 741 2843 aliqua
781 2800 818 2833 in
858 2812 961 2835 nsum
997 2800 1162 2844 principii
1196 2800 1339 2844 decerpi
1379 2800 1421 2844 4,
1447 2804 1488 2844 1,
1512 2804 1571 2836 33.

97 2841 271 2886 aliqua,
296 2854 408 2887 quae
431 2849 535 2879 erunt
558 2846 603 2879 ad
625 2845 886 2881 conciliandum
909 2846 1013 2881 nobis
1037 2846 1190 2890 judicem
1206 2846 1449 2890 potentissima
1464 2849 1572 2887 ib,25.
