1728 3002
0 0 19 76 —jww

0 165 7 214 ξ
502 179 777 240 Comparatio
803 204 862 215 —
888 178 1106 237 comparo
1493 183 1576 222 143

42 279 59 304 μ’
82 285 183 346 qnid.
205 291 325 335 omnis
347 309 391 334 ao
408 302 529 334 motus
550 295 726 343 petendus
747 295 792 329 a.
815 296 851 330 3.
881 302 956 329 non
978 294 1368 348 comoedum-esse,
1390 294 1456 329 sed
1478 304 1577 330 ora-

61 345 228 387 .torem
251 347 342 382 volo
367 347 424 390 11,
447 346 483 389 3,
509 345 588 380 181.
625 354 702 378 non
727 351 822 376 com.
846 339 885 375 in
906 340 1172 386 pronuntiando
1194 342 1292 376 facio
1319 343 1354 383 1,
1381 342 1438 385 12,
1465 342 1522 377 14.

31 389 320 448 ΟὒωΡὸῗδῒῙΟ·
355 422 404 429 —
423 400 465 439 in
486 396 690 436 nominibus
715 404 776 434 aut
797 410 910 445 genus
933 398 1192 443 deprehendit,
1217 404 1277 433 ant
1300 398 1576 434 declinationem

0 443 34 449 ’”
80 448 117 494 1,
138 450 175 493 6,
198 450 235 485 5.
266 466 313 473 -
333 459 424 485 vera
445 450 491 483 ib.
513 448 550 484 9.
587 445 906 491 Comparatio
931 450 1011 490 est,
1035 457 1116 479 cum
1140 445 1222 480 dico
1246 444 1378 480 fecisse
1399 445 1486 490 quid
1509 447 1576 480 ho-

78 493 238 538 minem,
264 500 306 529 ut
325 495 490 538 bonem3
523 491 805 535 translatio,
830 503 911 526 cum
934 491 1016 526 dico
1031 492 1077 526 de
1096 491 1256 536 homine,
1278 492 1340 526 leo
1355 497 1409 526 est
1426 493 1462 535 8,
1478 492 1514 536 6,
1537 493 1574 528 9.

21 568 26 579 ,
79 538 340 576 translatio
363 546 401 576 et
423 551 558 585 comp.
584 537 741 585 (natus)
769 540 812 581 3,
836 538 881 581 6,
905 539 951 572 23
974 538 1022 574 Ν.
1059 537 1104 581 cs}
1131 540 1187 573 53.
1224 540 1303 574 fere
1327 537 1446 572 omnis
1469 550 1574 572 sua-

78 586 222 622 soria
248 585 339 622 nihil
361 591 418 622 est
439 586 557 631 aliud,
593 597 700 632 quam
728 594 876 628 comp.
902 586 946 626 3,
974 585 1021 627 8,
1046 583 1105 619 34.
1149 584 1226 629 ipsa
1260 595 1377 629 comp.
1403 595 1478 618 non
1499 596 1575 620 una

77 631 142 670 via
166 631 308 670 ducinn·
329 635 367 686 7,
388 635 424 676 2,
448 636 507 667 22.
542 631 845 678 comparationem
868 629 1018 678 figuram
1036 641 1112 664 non
1136 642 1236 674 esse,
1263 643 1345 666 cum
1363 629 1408 666 sit
1428 631 1573 665 interim

75 677 319 724 prohationia,
345 677 490 713 nterim
517 690 645 714 causae
668 689 781 726 genus
807 678 847 719 9,
872 679 919 719 2,
946 678 1024 710 100.
1061 677 1123 711 ina
1146 677 1358 712 exercitatio
1385 688 1574 722 compara-

75 723 184 760 tionis
240 730 321 760 utar
342 725 492 769 melior,
529 731 658 761 uterve
682 723 866 759 deterior?
895 725 937 765 2,
964 721 1012 766 4,
1038 725 1081 756 21
1110 724 1182 766 Ν.,·
1219 735 1301 768 per
1330 734 1573 768 compara-

74 751 247 814 tione’m
268 771 305 815 8,
327 769 364 815 4,
386 771 424 807 9.
450 772 486 814 8,
510 771 545 814 5,
571 771 605 807 5.
633 772 670 814 8,
692 771 728 814 6,
751 770 915 822 68qer
941 769 1324 812 comparationes
1348 775 1394 804 et
1417 781 1574 814 super-

70 816 288 852 lationes
313 818 347 860 1,
371 817 406 860 5,
430 816 498 860 453
530 817 570 851 fit
593 822 629 852 et
653 821 921 861 comparatione
945 814 1179 858 (interrogatio
1203 829 1264 860 per
1279 815 1450 859 figuram)
1475 817 1510 859 9,
1536 819 1573 860 2,

38 864 46 876 “
73 863 130 898 16.
175 874 257 898 cnm
286 862 406 908 aliqua
434 863 703 908 comparatione
734 861 900 897 clarescit
929 861 1119 904 (semmaa)
1143 862 1188 904 8,
1221 862 1263 904 5,
1299 863 1356 897 19.
1404 867 1573 897 constare

0 921 27 963 ρ
73 908 386 952 amplificationem
410 914 736 962 lucr-amento,
770 906 1128 961 comparatione
1155 915 1217 942 etc.
1239 909 1275 950 8,
1298 907 1335 951 4,
1363 909 1398 942 3.
1434 919 1573 962 evane-

7 970 27 986 x
71 960 178 989 scunt
198 955 291 989 haec
313 961 385 999 atq.
409 961 632 989 emormntur
653 959 919 998 comparatione
942 954 1132 987 mehorum
1157 956 1218 995 12,
1248 956 1314 998 10,
1341 955 1409 997 75;
1446 955 1593 989 claris--

72 999 164 1035 sima
185 1000 226 1035 in
249 1001 397 1035 materia
419 1000 527 1036 simili
549 1000 610 1045 (gx.
627 1005 651 1035 l.
677 999 931 1036 similitudinis)
955 1000 1071 1044 comp.
1098 1005 1155 1033 est
1178 1002 1234 1041 10,
1261 1004 1295 1043 1,
1319 1002 1384 1043 51;
1414 1001 1475 1034 alii
1498 1001 1572 1036 loci

70 1047 118 1081 ad
148 1057 264 1091 comp.
297 1046 520 1093 singulorum
546 1051 837 1093 argumentorum
866 1044 1004 1079 faciunt
1034 1047 1079 1087 5,
1115 1047 1181 1088 13,
1217 1047 1273 1080 57.
1321 1056 1570 1091 personarum,

71 1103 259 1127 causarum
283 1103 401 1138 comp.
426 1096 470 1137 7,
497 1096 541 1137 2,
569 1096 626 1128 10.
663 1092 702 1126 in
725 1103 843 1136 comp.
866 1092 1041 1125 malorum
1064 1094 1108 1134 7,
1133 1090 1180 1134 4,
1208 1094 1263 1125 12.
1296 1091 1343 1133 qs.
1369 1094 1411 1135 8,
1438 1092 1482 1137 4,
1512 1096 1570 1128 12.

71 1138 340 1183 comparatione
360 1138 516 1183 parium,
543 1139 738 1183 majorum,
761 1137 940 1172 minorum
956 1136 1082 1171 similis
1105 1137 1255 1172 materia
1277 1137 1383 1181 (risus
1399 1139 1571 1185 movendi)

20 1216 23 1219 .
68 1185 262 1229 praebetur
282 1185 328 1228 6,
354 1186 400 1228 3,
429 1185 489 1220 66.
534 1196 584 1220 ex
605 1195 843 1229 personarum
870 1194 987 1228 comp.
1023 1200 1070 1208 —
1093 1189 1303 1231 argumenta
1326 1186 1504 1220 ducentur
1532 1186 1569 1230 4,

67 1232 105 1274 2,
126 1231 186 1267 99.
215 1231 357 1274 theses,
384 1241 475 1275 quae
498 1237 685 1264 sumuntur
707 1241 756 1264 ex
778 1241 898 1264 rerum
922 1240 1001 1264 com
1028 1253 1040 1263 .
1063 1232 1099 1274 2,
1116 1229 1152 1274 4,
1175 1229 1234 1265 24.
1265 1230 1404 1266 infinita
1431 1237 1486 1267 est
1507 1243 1571 1267 re-

68 1287 149 1310 rum
171 1286 288 1333 comp.
313 1277 349 1320 5,
375 1279 430 1320 10,
454 1278 511 1313 91.
544 1288 661 1322 comp.
685 1276 852 1310 similium
878 1279 912 1319 1,
935 1276 972 1319 6,
995 1241 1032 1310 X·

24 1319 373 1378 Gompmatlvussss
389 1336 424 1379 3,
440 1335 476 1378 6,
499 1335 558 1370 90.
583 1345 697 1382 genus
725 1344 852 1368 causae
881 1338 942 1367 ant
968 1331 1180 1377 simplex
1203 1339 1265 1367 aut
1292 1340 1567 1380 comparat.';

65 1377 142 1414 illic
162 1377 248 1424 quid
270 1391 443 1424 aequum,
474 1379 554 1424 hic,
590 1379 676 1425 quid
698 1380 847 1424 aequius
867 1385 931 1413 ‘aut
959 1378 1212 1424 aequissimum
1232 1379 1300 1422 sit,
1326 1379 1509 1415 excutitur
1530 1385 1568 1426 7,

65 1423 104 1469 4,
126 1425 162 1460 3.
193 1419 472 1462 «ivn-loram:
500 1426 637 1461 Graece
660 1427 866 1461 nominatur
888 1428 932 1459 ib.
959 1428 1015 1459 12.
1050 1425 1096 1467 cs.
1119 1427 1162 1469 3,
1186 1426 1230 1469 6,
1258 1427 1316 1461 51.
1342 1427 1403 1461 75.
1439 1427 1482 1470 3,
1510 1430 1567 1471 10,

65 1468 113 1515 33
148 1470 282 1505 utimur
304 1473 417 1520 vulgo
444 1477 481 1507 et
504 1472 855 1517 comparativis
881 1481 949 1516 pro
978 1471 1233 1506 absolutis
1257 1483 1327 1506 -ε
1367 1473 1440 1507 duo
1473 1473 1569 1509 inter

21 1518 26 1522 “
66 1527 108 1558 ιο
130 1517 373 1562 comparativa
397 1517 648 1553 committimus
671 1519 709 1563 9,
734 1520 768 1562 3,
793 1519 850 1556 19.
882 1531 917 1554 v.
942 1517 1247 1562 Appositum.-

6 1571 245 1630 'anmo
296 1584 331 1630 1)
363 1589 386 1621 ἱ.
412 1600 444 1632 q.
470 1597 670 1631 apparo:
709 1585 751 1630 ι)
778 1586 920 1631 copiam
947 1585 1126 1621 sermonis
1160 1584 1287 1630 optimi
1317 1596 1566 1631 comparemus

67 1633 131 1675 10,
154 1633 190 1674 7,
215 1633 259 1674 73
289 1632 422 1667 latroni
445 1643 690 1677 comparamus
713 1644 811 1666 arma
840 1636 905 1674 12,
931 1636 974 1676 1,
1000 1636 1033 1667 1.
1064 1632 1240 1667 Africano
1264 1633 1380 1678 gloria
1405 1636 1566 1668 aemulos

0 1692 2 1694 ’
64 1677 286 1722 comparavit
308 1679 355 1722 9,
378 1681 420 1722 3,
444 1681 502 1714 56.
547 1679 608 1724 qui
635 1679 819 1723 copiosam
845 1678 914 1713 sibi
941 1680 1138 1714 verborum
1163 1679 1420 1722 supellectilem
1446 1691 1567 1714 com-

64 1722 247 1767 pararit
272 1725 316 1768 8,
351 1724 408 1758 Pr.
431 1727 498 1768 283
540 1731 743 1770 comparata
765 1726 873 1760 tantis
899 1725 1082 1759 laboribus
1106 1725 1164 1760 vis
1192 1723 1334 1759 dicendi
1363 1728 1403 1769 1,
1427 1728 1470 1769 2,
1496 1729 1563 1770 31;

66 1778 150 1803 cum
168 1769 391 1813 prooemium
414 1771 549 1806 iccirco
572 1777 815 1815 comparatum
838 1772 904 1815 sit,
936 1777 984 1805 ut
1010 1780 1072 1805 etc.
1103 1770 1158 1815 4,
1180 1774 1226 1812 2,
1257 1770 1316 1804 24.
1391 1771 1429 1814 ,3)
1460 1775 1564 1806 alicui

59 1815 148 1857 fini.-
175 1815 358 1849 auditoriis
383 1828 447 1860 se,
476 1828 551 1851 non
576 1818 717 1862 judiciis
735 1823 1039 1863 =compararat
1063 1820 1120 1860 10,
1146 1820 1180 1860 1,
1204 1817 1262 1852 79.
1300 1827 1414 1864 genus
1440 1823 1565 1852 osten-

0 1892 1 1895 ,
65 1858 193 1894 tationi
226 1868 466 1905 comparatum
490 1866 553 1907 10,
582 1867 623 1906 1,
648 1865 717 1906 283
759 1865 815 1898 ad
849 1865 944 1909 quod
967 1875 1034 1899 nos
1058 1863 1288 1898 efficiendum
1315 1869 1563 1908 comparemus

0 1906 22 1944 ‚¹⁷
66 1908 125 1948 10,
150 1908 186 1948 2,
213 1904 270 1939 14.
303 1907 367 1941 lex
391 1926 433 1934 —
459 1910 513 1942 ad
536 1909 751 1956 religionem
777 1911 884 1944 deum
911 1916 1117 1955 comparata
1136 1913 1173 1953 2,
1195 1909 1240 1951 4,
1263 1908 1328 1952 34;
1366 1910 1428 1954 qui
1451 1912 1562 1945 telum

0 1970 6 1994 ;
65 1951 114 1987 ἱιι
140 1952 287 1985 tutelam
311 1951 368 1986 sni
389 1973 436 1980 -
460 1954 507 1988 in
530 1955 727 1999 perniciem
749 1956 896 1991 alterius
920 1956 1217 2001 compararit
1240 1958 1283 1999 3,
1309 1959 1354 1998 2,
1382 1960 1417 1991 2.
1455 1957 1563 1991 siin

14 2025 24 2030 -
64 1997 341 2032 ostentationem
364 2006 592 2043 comparetur
606 2001 820 2036 declamatio
842 2005 878 2045 2,
905 2005 961 2043 10,
986 2005 1042 2036 10.
1072 2008 1198 2045 cetera,
1215 2002 1263 2035 in
1286 2001 1461 2036 auxilinm
1486 2009 1560 2048 atq.

65 2049 314 2078 ornamentum
469 2051 635 2080 entorum
666 2054 917 2091 comparantur
940 2049 983 2092 5,
1011 2049 1057 2091 8,
1084 2051 1119 2082 2.
1166 2047 1251 2081 libri
1277 2059 1395 2091 neque
1425 2048 1511 2082 editi
1539 2061 1562 2083 a

0 2093 2 2100 ⁸
62 2101 144 2131 me,
169 2101 288 2134 neque
311 2089 361 2123 in
420 2101 475 2125 oc
500 2092 694 2136 comparati
716 2093 774 2126 Pr.
791 2096 834 2135 73
870 2104 962 2138 quae
986 2104 1061 2127 non
1084 2092 1284 2137 praesentis
1308 2094 1463 2139 gratia
1487 2094 1560 2129 litis

0 2146 5 2172 Γ
62 2141 145 2171 sunt
171 2142 372 2180 comparata
394 2139 438 2180 2,
464 2140 509 2180 7,
534 2136 570 2171 4.
650 2136 703 2182 ΙΙ)
729 2140 754 2172 ι’.
780 2151 812 2183 q.
842 2151 1070 2182 compono.-
1111 2138 1154 2181 a)
1177 2138 1252 2172 Aut
1276 2144 1387 2172 totam
1417 2151 1561 2176 cansam

0 2191 18 2222 ‚⁴
61 2187 221 2217 nostram
249 2194 331 2216 cum
355 2188 430 2216 tota
456 2183 653 2219 adversarii
684 2195 791 2218 causa
823 2184 1141 2229 componimus
1155 2209 1166 2225 ,
1205 2189 1266 2217 aut
1289 2183 1430 2232 singula
1456 2199 1561 2234 argu-

63 2234 185 2263 menta
219 2239 301 2262 cum
332 2228 502 2275 singulis:
539 2247 583 2254 --
614 2235 655 2263 ut
689 2229 765 2264 Cic.
797 2228 938 2278 singula
970 2241 1038 2274 pro
1069 2231 1217 2265 Vareno
1252 2239 1486 2276 comparat
1518 2233 1559 2268 in

19 2317 26 2321 ⁴
86 2273 179 2308 rimo
202 2274 352 2309 crimine
375 2278 410 2318 7,
430 2278 467 2318 2,
490 2277 549 2309 22.
579 2287 615 2310 v.
642 2275 824 2324 Allego.
856 2284 940 2310 extr.
969 2276 999 2310 si
1023 2276 1122 2320 optio
1145 2274 1392 2321 tyrannicidae
1416 2284 1460 2313 et
1484 2280 1557 2314 viri

0 2339 19 2365 ‘n
102 2319 166 2354 rtis
189 2327 439 2364 comparentur
460 2323 497 2365 7,
523 2324 559 2365 7,
586 2325 622 2356 2.
659 2322 752 2356 ratio
778 2323 880 2367 plura
907 2323 1200 2367 perpendens
1230 2327 1267 2356 et
1290 2330 1555 2369 comparans

60 2364 110 2411 6,
138 2366 182 2408 5,
209 2367 244 2400 3.
287 2367 518 2414 comparandi
543 2368 706 2402 anxietas
730 2369 779 2411 8,
806 2366 865 2402 Pr.
896 2370 955 2404 29.
1004 2374 1253 2413 comparantes
1287 2375 1393 2404 acuto
1426 2377 1554 2407 tenore

0 2411 29 2464 ξ,
61 2411 278 2446 concludunt
303 2415 342 2455 1,
366 2414 407 2455 5,
428 2413 486 2448 26.
549 2413 591 2459 β)
615 2412 686 2458 adj.
712 2416 820 2448 Dat:
849 2415 1057 2459 metaphora
1079 2415 1133 2450 rei
1161 2421 1407 2460 comparatur.
1449 2430 1556 2462 quam

59 2458 229 2510 vsolumus
253 2457 455 2511 exprimere
478 2460 515 2503 8,
535 2461 571 2503 6,
586 2461 623 2495 8.
650 2471 726 2514 non
746 2466 822 2513 tota
844 2462 953 2495 modo
978 2460 1082 2505 totis,
1109 2461 1173 2496 sed
1197 2461 1303 2496 etiam
1326 2468 1445 2506 partes
1470 2476 1556 2508 par-

6 2520 27 2562 Τ
57 2502 155 2601 3,.Βῖ
178 2514 223 2584 ἒξ)
225 2503 557 2596 u'ilf)dixl:i31.ng’yelz'xt’es1
561 2508 1554 2599 {guilibeinggalelgdmsgnggdligffiailiossigssesss0313:affnggf

26 2605 30 2608 ·
59 2593 113 2629 snt
138 2595 427 2640 incommodum,
463 2608 551 2631 mox
576 2597 665 2632 illud
691 2599 975 2643 comparabimus
1027 2599 1106 2641 sere
1140 2603 1164 2634 ἰ.
1190 2615 1221 2646 q.
1261 2613 1346 2634 com
1354 2614 1377 2644 p
1388 2605 1554 2636 ensebi-

0 2666 5 2667 ν
61 2641 171 2684 mus)
197 2642 395 2677 commodis
420 2646 459 2686 1,
481 2646 527 2686 2,
552 2645 617 2687 15;
654 2656 761 2690 quem
789 2644 985 2690 (Periclem)
1026 2646 1218 2680 nlminibus
1242 2652 1278 2680 et
1301 2647 1450 2681 coelesti
1474 2649 1554 2683 fra-

15 2704 27 2724 <,
59 2686 139 2732 goti
161 2694 366 2732 comparant
393 2692 456 2734 12,
491 2691 558 2733 10,
589 2689 646 2724 24.
688 2690 733 2732 cs.
759 2691 816 2726 65.
854 2697 895 2725 ut
921 2703 1001 2726 eum
1028 2692 1267 2727 Demostheni
1291 2694 1364 2737 hoc
1388 2699 1552 2738 tempore

59 2741 262 2776 comparem
286 2737 352 2778 10,
380 2737 420 2776 1,-
451 2737 530 2770 105.
569 2736 614 2778 ej:
636 2737 683 2781 8,
707 2735 754 2780 4,
785 2736 840 2771 14.
880 2744 1030 2773 necesse
1057 2745 1112 2773 est
1137 2739 1287 2774 nimium
1312 2738 1444 2773 tribuat
1468 2740 1551 2784 sibi,

60 2776 122 2822 qui
146 2789 193 2814 se
215 2779 349 2816 nemini
371 2787 552 2827 comparat
578 2785 611 2826 1,
634 2784 669 2826 2,
699 2784 755 2819 18.
814 2785 960 2819 Par-tic„-
992 2786 1137 2831 placent
1159 2786 1249 2821 haec
1273 2784 1375 2820 annis
1391 2793 1549 2832 “compa-
