1728 3002
604 192 764 236 Suasor
792 218 849 227 —
877 192 968 236 Sub
1014 155 1019 159 -
1368 203 1372 207 “
1461 198 1539 238 861

61 312 147 351 bata
162 309 312 345 mutatio
325 314 398 353 est,
416 307 478 344 diu
494 314 627 356 roget
647 314 683 343 et
701 309 897 344 suadeat
917 312 953 352 7,
966 308 1002 352 4,
1014 309 1071 344 30.
1087 309 1144 344 cui
1161 309 1311 355 quisque
1326 310 1452 345 madet
1464 311 1543 355 3,8,

11 370 22 385 t
59 357 119 392 42.
144 356 238 392 actio
261 367 309 391 ex
330 360 432 400 parte
449 356 577 389 blanda
602 360 638 389 et
655 355 815 389 suadenti
839 355 964 389 similis
987 358 1023 399 7,
1042 353 1078 395 4,
1101 359 1158 391 27.
1180 357 1402 391 suadentium
1425 358 1545 404 gravis

59 403 162 448 (vox)
186 405 241 442 11,
266 403 301 445 3,
325 402 384 436 64.
407 413 440 436 υ.
463 401 503 435 Μ
517 411 648 436 oneo.
673 401 829 435 suasuris
855 402 900 436 de
926 412 1034 445 pace,
1058 402 1154 436 bello
1172 410 1234 438 etc.
1258 403 1347 438 haec
1369 404 1441 437 duo
1465 414 1544 437 esse

13 472 16 477 ι
58 448 252 494 praecipue
274 453 360 482 nota
380 447 498 482 voluit
522 447 646 491 (Cim),
669 448 767 482 vires
790 447 942 482 civitatis
966 453 1003 492 et
1026 458 1144 482 mores
1173 450 1217 489 3,
1241 450 1282 492 8,
1310 448 1376 491 143
1404 461 1474 494 qua
1499 449 1545 483 sit

60 494 270 530 auctoritate
293 494 511 528 suadendum
529 495 562 537 1,
586 497 640 531 11.
662 497 717 527 12.
742 493 914 527 suadendi
934 493 1017 537 (Sp.
1041 495 1225 539 persuad.)
1243 494 1413 529 artificem
1431 498 1467 538 2,
1488 497 1544 538 15,

60 542 108 576 18
125 544 170 575 Ζ.
190 540 228 574 in
253 551 358 574 causa
375 537 550 578 ‘suadendi
564 539 603 581 ⁴3,
622 541 659 583 8,
675 541 733 574 28.
755 541 905 574 formam
926 541 1096 574 suadendi
1115 541 1247 574 habent
1266 541 1492 585 (Panegyrico
1507 543 1544 584 3,

59 585 95 628 4,
122 585 179 620 14.
203 587 304 622 suad.
332 585 491 620 officium
513 587 558 629 2,
583 585 628 629 4,
656 585 714 620 24.
751 587 849 620 suad.
874 585 966 620 ratio
989 588 1032 628 3,
1054 587 1099 629 8,
1131 586 1186 620 14.
1214 589 1280 630 12,
1304 590 1349 630 2,
1379 589 1434 622 16.
1459 586 1544 632 quid

24 663 27 665 Α
59 637 183 668 orator
205 631 314 666 faciet
334 631 373 665 in
399 632 601 676 suadendo,
625 631 693 666 nisi
717 632 868 666 utilitate
890 637 1076 677 perspecta
1098 635 1133 675 2,
1157 635 1216 676 20,
1242 634 1276 668 8.
1299 633 1339 667 in
1361 634 1542 667 suaden-

59 678 118 712 do
151 683 188 712 et
221 677 540 712 dissuadendo
560 676 630 713 tria
651 677 805 731 primum
826 678 1035 723 spectanda,
1061 678 1144 722 qnid
1169 679 1232 723 sit,
1256 679 1304 713 tle
1329 690 1400 724 quo
1425 679 1544 713 deli-

25 723 456 768 ⁷‚beretu13quisiun
484 723 545 770 qui
566 725 861 767 deliberent3
887 724 947 769 qui
970 724 1027 766 sit,
1051 724 1113 768 qui
1140 725 1340 760 suadeat
1362 727 1398 767 3,
1424 726 1461 768 8,
1486 728 1542 761 15.

58 770 240 806 suadendo
277 769 460 804 sublimius
492 769 625 814 aliquid
655 776 817 812 senatus,
846 770 1058 806 concitatius
1088 773 1241 815 populus
1264 791 1310 798 —-
1332 777 1486 816 poscunt
1508 773 1544 815 8,

56 818 94 859 3,
120 813 175 849 14.
200 816 381 849 suadendo
411 823 473 849 etc.
499 827 669 860 personas
693 816 839 851 idoneas
865 818 988 852 damus
1010 818 1046 859 9,
1069 819 1104 859 2,
1130 818 1185 852 30.
1233 816 1277 862 β)
1301 831 1330 852 c.
1355 821 1542 852 Accusat..-

55 862 208 896 honesta
233 867 418 896 suaserunt
443 863 507 905 10,
533 865 574 904 1,
601 862 659 898 84.
689 863 865 897 contraria
888 862 1042 897 suasisse
1068 862 1136 905 iis,
1161 875 1252 908 quae
1276 883 1317 890 -
1345 864 1486 898 dixerat
1508 865 1544 906 6,

57 909 101 947 3,
123 906 189 950 44;
221 918 301 941 cum
327 908 493 941 suaderet
516 909 649 942 bellum
671 908 949 943 Atheniensibus
973 910 1016 951 6,
1041 909 1084 951 5,
1109 912 1143 943 7.
1176 915 1214 942 ut
1241 909 1270 943 si
1297 907 1351 952 (S
1361 923 1392 953 p.
1418 911 1448 943 si
1473 910 1543 953 eui)

57 952 137 998 quis
159 952 418 997 profectionem
444 954 594 988 suaserit
616 958 652 996 7,
679 957 714 997 3,
737 957 782 989 33
801 959 845 989 Ζ.
882 954 924 990 C.
952 954 1096 990 Caesari
1120 966 1266 1002 regnum
1294 957 1483 990 suadentes
1507 958 1542 999 3,

57 1001 95 1042 8,
117 997 176 1033 47.
203 1000 340 1033 scelera
368 1000 597 1033 suadentibus
619 1001 666 1043 (S
674 1013 708 1042 p.
731 1000 844 1045 pers.)
871 1003 906 1044 2,
930 1002 993 1044 15,
1013 1004 1057 1035 17
1070 1004 1137 1042 Ζ.;
1171 1012 1261 1045 quae
1285 1002 1436 1036 honeste
1460 1010 1554 1036 sua-'

57 1044 135 1079 deri
159 1043 303 1079 Caesari
326 1050 474 1088 possent
496 1047 537 1088 3,
561 1047 602 1088 8,
629 1046 686 1080 42.
734 1046 767 1091 y)
791 1059 857 1091 seq.
881 1053 945 1090 ut,
967 1059 1030 1079 ne.-
1064 1047 1308 1090 suadebimus,
1332 1053 1379 1080 ut
1402 1049 1544 1082 laudem

19 1123 24 1130 Δ
54 1090 282 1125 humanitatis
304 1090 423 1133 potius
439 1111 484 1116 —
504 1091 732 1136 concupiscat
754 1093 788 1134 5,
813 1095 869 1135 13,
896 1093 930 1126 6.
957 1092 1018 1136 qni
1043 1093 1189 1135 suadet,
1214 1104 1268 1126 ne
1291 1093 1544 1138 praecipitetur

54 1136 165 1171 editio
187 1137 254 1181 Ep.
274 1138 321 1170 ad
343 1137 480 1180 Tryph.
505 1140 538 1171 1.
585 1138 626 1181 δ)
651 1150 720 1183 seq.
746 1137 812 1179 Ins.
828 1153 838 1172 .·
863 1149 913 1172 ne
931 1139 1002 1172 hoc
1026 1137 1169 1182 quidem
1196 1139 1385 1182 suaserim,
1413 1140 1476 1174 uni
1503 1152 1542 1174 se

55 1182 162 1216 alicui
184 1182 328 1226 proprie
353 1183 517 1218 addicere
540 1185 595 1226 10,
619 1186 655 1227 2,
678 1182 736 1217 24.
762 1186 874 1218 multo
897 1184 1008 1231 magis
1032 1185 1201 1218 suadeam
1216 1185 1376 1220 ediscere
1394 1189 1428 1229 2,
1449 1188 1485 1227 7,
1498 1189 1542 1230 2“,

54 1229 139 1263 huic
162 1227 326 1262 omittere
353 1233 466 1262 totum
489 1228 668 1263 actionum
691 1231 848 1263 laborem
868 1241 909 1264 ac
932 1247 977 1254 —
999 1231 1045 1264 ad
1071 1230 1297 1264 scribendum
1318 1231 1436 1276 potius
1460 1243 1543 1266 sua-

54 1275 150 1308 debo
177 1279 389 1311 convertere
414 1277 481 1318 11,
506 1278 549 1317 2,
578 1274 635 1311 49.
669 1275 778 1309 firmis
801 1276 944 1320 judiciis
971 1276 1208 1310 suaserim
1237 1283 1273 1310 et
1299 1277 1463 1322 antiquos
1487 1280 1558 1318 le-v

45 1331 138 1402 gerg
156 1320 252 1402 292⁵,
274 1321 332 1355 23.
357 1331 405 1355 an
426 1321 498 1365 jam
522 1326 652 1356 testato
678 1333 801 1356 rursus
825 1323 1011 1364 suaderet,
1036 1322 1206 1357 ordinare
1227 1333 1390 1367 suprema
1411 1324 1542 1369 judicia

23 1384 27 1397 ¹
72 1392 83 1410 ν
135 1392 148 1410 s

71 1431 185 1465 asor·
217 1432 375 1479 suasoris
398 1432 479 1467 finis
505 1439 560 1468 est
581 1433 714 1469 utilitas
738 1436 828 1479 ejus,
855 1435 915 1470 cui
933 1435 1082 1480 quisque
1105 1437 1231 1471 suadet
1253 1438 1288 1479 3,
1311 1438 1347 1480 8,
1371 1436 1430 1472 42.
1456 1450 1542 1483 qua-

15 1518 21 1525 ·
50 1479 96 1514 lis
119 1490 200 1514 esse
227 1479 353 1514 suasor
376 1479 415 1512 in
439 1479 598 1514 consiliis
621 1482 772 1525 publicis
803 1482 1002 1526 privatisve
1024 1483 1178 1526 poterit,
1210 1488 1268 1517 tot
1286 1494 1425 1528 rerum,
1460 1485 1541 1529 qui-

19 1532 25 1540 *
51 1526 119 1559 bus
143 1525 336 1568 praecipue
360 1525 487 1560 civitas
512 1526 714 1561 continetur
738 1528 883 1574 ignarus
912 1531 976 1569 12,
999 1531 1035 1570 3,
1066 1531 1099 1561 1.

42 1590 227 1632 ausona·
267 1591 311 1633 3,
335 1592 381 1634 5,
410 1593 446 1626 8.
471 1593 563 1635 hae,
587 1593 752 1636 personis
775 1596 884 1628 modo
912 1594 1081 1638 adjectis,
1105 1595 1287 1630 suasoriae
1311 1602 1416 1631 erunt
1438 1600 1480 1641 2,
1503 1599 1540 1642 4,

51 1633 110 1679 25.
137 1637 217 1670 sere
239 1635 355 1682 omnis
379 1648 406 1670 s.
433 1637 524 1672 nihil
547 1644 602 1671 est
625 1639 720 1672 aliud
745 1651 847 1684 ‹suam
873 1640 1166 1683 comparatio
1197 1643 1241 1681 3,
1265 1643 1306 1685 8,
1330 1641 1387 1676 34.
1413 1643 1459 1685 cj2
1479 1645 1538 1679 26.

51 1681 302 1718 exhortativus
326 1681 480 1726 (status),
508 1683 570 1728 qui
591 1690 645 1717 est
669 1685 849 1720 suasoriae
873 1686 1036 1734 proprius
1064 1688 1105 1728 3,
1132 1687 1173 1729 6,
1198 1686 1256 1722 47.
1285 1687 1330 1728 cs.
1351 1688 1409 1724 49.
1437 1690 1539 1732 (lau-

50 1730 203 1773 dativum
227 1729 347 1770 genus)
370 1727 478 1762 habet
500 1729 626 1773 ,quidm
649 1730 764 1764 simile
787 1732 955 1765 suasoriis
966 1732 1016 1775 ’3,
1039 1735 1074 1773 7,
1100 1733 1147 1766 28
1163 1733 1208 1766 N.
1236 1734 1405 1768 suasoriis
1435 1746 1540 1770 acce-

53 1775 139 1808 dere
159 1772 303 1807 ‚tertiam
324 1779 459 1817 partem
487 1785 536 1808 ex
569 1776 774 1818 conjectura
797 1779 840 1820 8,
864 1779 921 1811 Pr.
941 1779 976 1812 9.
1004 1778 1048 1811 ad
1071 1777 1249 1812 suasorias
1272 1790 1385 1823 usque
1410 1780 1540 1815 irrum-

53 1825 143 1864 punt
165 1817 399 1862 (grammatici)
423 1822 467 1862 2,
493 1823 511 1853 1
527 1846 537 1863 ,
561 1823 596 1854 2.
630 1821 675 1862 cs.
703 1823 736 1857 8.
763 1833 865 1856 error
894 1824 987 1857 circa
1013 1823 1189 1857 suasorias
1211 1823 1250 1857 in
1272 1826 1451 1870 plerisque
1475 1829 1540 1862 de-

52 1863 306 1899 clamatoribus
332 1866 376 1908 3,
408 1866 452 1907 8,
477 1866 533 1900 58.
575 1866 613 1900 in
647 1868 804 1902 suasoria
832 1870 1000 1904 breviore
1033 1869 1220 1913 prooemio
1252 1871 1422 1916 debemus
1459 1885 1539 1908 esse

51 1909 212 1946 contenti
235 1911 281 1943 ias
310 1912 365 1944 10.
387 1909 478 1944 haec
507 1913 555 1953 (i.
584 1925 612 1946 e.
639 1918 801 1958 qualia
826 1916 934 1950 sinti
960 1921 995 1948 et
1018 1915 1056 1949 in
1080 1916 1248 1949 suasoriis
1271 1918 1414 1952 tractari
1439 1923 1475 1964 7,
1502 1922 1538 1964 4,

52 1961 91 1992 2.
114 1970 147 1991 v.
166 1955 536 2000 Controversia3
569 1969 663 1992 suas.
688 1960 847 2005 duplices
874 1964 909 2005 3,
932 1963 969 2004 8,
995 1963 1055 1996 20.
1086 1973 1115 1995 s.
1141 1962 1299 2006 triplices
1322 1966 1364 1998 ib.
1390 1967 1446 1999 33.
1479 1967 1537 2000 De

53 2002 214 2037 suasoria
236 2002 279 2044 3,
302 2000 390 2046 Cap.
413 2003 448 2037 8.

40 2047 249 2110 nasutius}-
294 2069 376 2101 pars
401 2059 754 2106 deliberativa,
782 2074 872 2107 quae
898 2065 974 2098 ead.
1002 2063 1214 2098 suasoria
1242 2064 1371 2100 dicitur
1391 2068 1425 2111 3,
1443 2069 1479 2113 8,
1500 2069 1536 2104 6.

52 2117 82 2140 s.
107 2110 276 2138 materiae
297 2106 334 2147 2,
349 2106 417 2147 ’10,
446 2107 480 2139 1.
509 2107 564 2149 11,
590 2109 624 2150 1,
646 2106 706 2142 48.
746 2130 749 2133 «

39 2159 334 2215 naviloquenS·
379 2172 643 2218 suaviloquenti
666 2185 730 2210 ore
753 2174 949 2224 Cethegum
975 2178 1088 2213 fuisse
1115 2182 1170 2212 L'n
1181 2192 1213 2212 n.
1240 2181 1297 2222 11,
1322 2181 1356 2222 3,
1384 2182 1442 2215 31.

36 2230 172 2272 navis-
218 2244 385 2273 accentus
409 2250 551 2285 quoque
577 2253 676 2276 cum
702 2242 866 2290 rigore
895 2247 1065 2290 quodam,
1099 2251 1175 2280 tum
1202 2245 1432 2283 similitudine
1455 2249 1532 2294 ipsa
1599 2283 1603 2286 .

48 2286 165 2320 minus
192 2295 360 2319 suaves
383 2286 554 2335 habemus
578 2290 635 2331 12,
665 2291 721 2332 10,
746 2292 802 2325 33.
828 2302 858 2326 s.
885 2288 1077 2336 appellatio
1102 2293 1284 2327 literarum
1311 2296 1366 2337 11,
1390 2297 1424 2337 3,
1448 2297 1507 2331 35.

36 2349 215 2382 uavltas·
261 2351 417 2387 flebilem
441 2365 471 2388 s.
497 2357 554 2398 11,
579 2357 615 2398 3,
642 2358 718 2390 170.
744 2358 953 2393 suavitatem
976 2361 1105 2394 habeat
1128 2360 1284 2395 narr‘atio
1309 2361 1352 2405 4,
1382 2366 1423 2406 2,
1456 2367 1533 2402 107.

50 2399 236 2433 emendata
260 2409 340 2450 cum
365 2399 540 2435 suavitate
562 2411 695 2436 vocum
721 2405 925 2448 explanatio
945 2410 978 2449 1,
994 2407 1027 2449 5,
1046 2409 1101 2441 33.
1127 2407 1173 2440 sit
1195 2408 1302 2442 lectio
1326 2420 1406 2442 cum
1430 2421 1532 2448 suav.

49 2445 154 2496 quad.
179 2454 298 2490 gravis
315 2447 347 2487 1,
370 2446 407 2488 8,
432 2448 466 2483 2.
496 2448 686 2491 eloquendi
711 2450 953 2485 suavitate
978 2463 1022 2485 an
1042 2452 1292 2487 inventionum
1318 2458 1532 2492 acumine

48 2492 236 2524 clariorem
265 2491 319 2532 10,
348 2491 381 2530 1,
408 2492 465 2525 83.
494 2493 665 2527 orationis
688 2506 717 2527 s.
747 2499 804 2540 11,
828 2498 861 2540 3,
886 2497 964 2532 154.
988 2509 1063 2532 non
1089 2499 1162 2533 oris
1187 2500 1297 2534 modo
1325 2513 1353 2534 s.
1378 2503 1443 2536 sed
1466 2514 1531 2538 na-

30 2534 139 2573 'fium
162 2545 304 2580 quoque
327 2538 370 2570 ib.
397 2537 452 2571 16.
479 2537 523 2578 qs.
548 2539 590 2582 6,
615 2539 676 2574 Pr.
698 2543 752 2574 11.
775 2547 791 2553 “

46 2637 52 2645 Ἰ
95 2609 107 2621 ·
164 2593 205 2633 Ι)
229 2594 272 2625 de
299 2596 381 2626 loco.
426 2592 461 2636 α)
486 2607 514 2628 c.
538 2599 781 2632 Accus.:''duo
808 2598 915 2633 medii
940 2599 1078 2644 (digiti)
1102 2602 1167 2635 sub
1190 2604 1356 2646 pollicem
1378 2609 1531 2642 veniunt

27 2639 107 2682 2111,
123 2639 160 2682 3,
176 2639 234 2673 93.
260 2639 357 2682 quod
375 2639 588 2690 suboculos
611 2642 712 2676 venit
736 2645 770 2686 5,
788 2645 825 2687 9,
846 2644 905 2691 14.
927 2658 958 2679 v.
979 2646 1175 2690 Oculus3
1201 2650 1265 2682 sub
1285 2649 1379 2684 idem
1395 2644 1528 2687 nomen

28 2684 177 2736 ‘cadunt
197 2685 232 2726 8,
250 2685 285 2727 3,
304 2684 367 2726 56,
394 2696 454 2728 qul
477 2686 726 2729 patrimonium
748 2700 821 2724 non
843 2696 1030 2735 pararunt,
1054 2695 1119 2726 sub
1135 2694 1227 2729 diem
1243 2689 1418 2740 quaeruut
1440 2699 1527 2742 (Sp.

30 2728 213 2782 «nul-unde)
237 2730 278 2771 8,
302 2730 360 2767 Pr.
377 2732 423 2765 29
436 2733 487 2765 Ν.
511 2741 543 2765 et
558 2738 600 2767 Ζ.
647 2734 692 2778 β)
716 2749 743 2768 c.
763 2740 875 2771 Ablai.
890 2751 900 2770 .·
926 2749 956 2771 s.
982 2750 1074 2782 aqua
1098 2739 1159 2773 diu
1182 2743 1295 2786 pressi
1322 2746 1378 2787 11,
1404 2746 1440 2787 3,
1469 2746 1525 2780 53.

47 2784 109 2817 qm
136 2785 166 2808 s.
189 2775 340 2810 humero
366 2777 494 2812 dextro
521 2780 564 2813 ad
588 2779 767 2815 sinistrum
791 2782 931 2817 ducitur
958 2785 1094 2819 balteus
1127 2789 1171 2820 ib.
1203 2787 1289 2830 14o;
1307 2789 1348 2822 's.
1374 2800 1525 2834 persona
