1728 3002
450 167 786 225 Intemperanter
811 191 867 200 -—
903 166 1083 210 latendo
1446 172 1529 210 439

9 284 188 325 *tium
205 278 310 319 initio
333 283 471 318 furioso
496 282 541 318 sit
562 282 850 331 exclamandum,
873 292 948 318 non
970 282 1193 329 intelligo
1220 285 1256 326 3,
1275 283 1312 327 8,
1335 282 1401 319 59.
1428 283 1526 316 Tuu-

19 334 30 342 ’
87 335 90 337 “
110 327 259 366 tannim
280 329 340 373 sit,
368 340 423 364 au
444 339 548 363 mons
568 336 630 363 etc.
655 329 723 363 nisi
743 329 958 373 distinctum,
982 340 1056 364 non
1078 329 1296 382 intelligetur
1319 331 1355 371 8,
1370 331 1406 372 2,
1423 331 1521 382 1325.

39 375 450 469 ..21213233535522
466 383 656 456 333‘55'0’..
665 383 786 455 ⁰:152ss
795 373 1026 468 kefflgssffi
1039 376 1232 464 ’6ἷὲῗάεέ
1242 387 1252 408 ¹
1262 386 1402 464 3333
1427 375 1523 455 3¹32:ss

27 463 284 514 ‘'htelligamus
304 463 488 502 ὖπόθεσιν
510 467 547 510 3,
569 468 604 509 5,
629 467 673 500 18
688 470 729 502 Ζ.
755 462 865 510 ἦθος,
890 467 985 512 quod
1007 467 1248 515 intelligimus,
1275 467 1313 500 id
1338 467 1404 501 erit
1426 469 1463 510 6,
1488 473 1522 510 2,

23 512 31 522 ‘
45 515 103 548 13.
146 523 271 548 veram
302 517 420 547 autem
451 517 487 547 et
510 512 696 546 honestam
724 512 889 559 intelligit
912 512 1126 557 (rhetoricen)
1149 516 1184 556 2,
1199 514 1255 556 15,
1269 516 1323 548 27.
1354 512 1395 558 β)
1413 516 1519 547 pass..-

42 561 146 593 locos
169 559 324 604 appello,
347 569 443 600 non,
466 563 507 591 ut
526 559 638 604 vulgo
660 569 757 592 nunc
778 558 1023 605 intelliguntur
1046 559 1082 602 5,
1107 562 1163 602 10,
1186 562 1245 594 20.
1284 561 1389 604 quale
1415 559 1523 593 intel-

16 627 20 631 -
40 603 107 651 ligi
128 604 211 640 vult
230 607 299 647 11,
327 606 369 647 1,
393 605 453 639 31.
499 610 632 638 metum
654 604 831 649 duplicem
860 604 1010 651 intelligi
1032 606 1120 640 volo
1144 606 1179 648 6,
1205 609 1241 648 2,
1267 607 1325 640 21.
1361 604 1523 648 quaestio

29 650 146 692 mim
166 649 280 684 intelli
305 649 379 683 itur
399 649 527 691 omnis,
552 650 599 684 de
618 661 687 694 qua
710 651 748 684 in
765 656 951 695 utramque
972 656 1051 696 part
1132 651 1203 685 dici
1225 656 1343 695 potest
1363 653 1398 693 3,
1413 654 1468 692 11,
1481 654 1521 692 13

29 701 85 743 jnt
103 696 186 741 plus
198 659 417 776 hoeffigamr
437 694 563 739 (efficit
577 695 754 739 emphasis)
777 697 812 739 8,
837 700 871 738 2,
897 700 951 730 11.
980 662 1303 751 ἰιιῐίῗίἰὸἰῐητ,
1327 698 1424 740 quod
1448 707 1520 730 non

41 740 225 776 dicitur
244 741 290 784 6,
346 767 358 784 ,
380 741 439 776 88.
474 741 651 775 contraria
676 742 901 777 dicuntur
926 742 994 785 iis,
1036 753 1127 786 quae
1153 742 1370 789 intelligi
1394 744 1522 777 volunt

37 789 79 830 8,
96 788 136 829 6,
161 788 219 822 56.
251 786 298 829 ef.
321 788 357 830 9,
379 789 415 830 2,
438 786 497 820 44.
522 789 579 821 50.
613 793 649 821 et
673 798 731 822 res
755 793 791 822 et
813 788 949 823 animus
971 787 1179 835 intelligitur
1200 789 1241 832 9,
1265 791 1307 832 2,
1332 791 1391 823 77.
1430 799 1521 833 quae

38 831 192 879 intelligi
216 838 335 878 potest
358 833 563 876 eloquentia
586 833 739 867 hominis
762 834 894 878 optima
917 831 1136 868 nescientis?
1173 837 1237 877 12,
1263 838 1308 877 2,
1333 837 1390 868 21.
1443 834 1522 868 sine

37 877 170 914 virtute
191 878 343 925 intelligi
364 889 439 912 non
462 884 578 921 potest
602 879 773 913 fortitudo
800 883 855 922 12,
879 884 912 923 1,
930 882 988 914 23.
1019 886 1184 914 neutrum
1206 890 1338 914 nomen
1362 885 1417 913 est
1441 890 1520 923 po-

38 923 200 967 situm,
226 930 264 958 et
279 931 468 968 utrumque
488 924 783 970 intelligitur
803 927 840 968 8,
860 926 895 968 6,
915 927 972 960 30.
1006 937 1077 969 quo
1099 927 1263 968 schema,
1296 925 1326 959 si
1350 925 1520 972 intelligi-

38 969 122 1004 tur?
147 971 182 1011 5,
205 972 269 1011 10,
295 972 354 1004 70.
397 969 458 1004 vir
482 967 597 1003 bonus
621 970 705 1004 cin-a
728 970 896 1005 virtutem
922 971 1071 1017 intelligi
1098 982 1172 1005 non
1195 977 1312 1015 potest
1339 974 1395 1011 12,
1418 974 1454 1011 2,
1484 974 1517 1005 1.

19 1014 199 1050 ‘nostram
219 1015 331 1049 vitam
352 1016 432 1050 vult
451 1015 601 1062 intelligi
624 1017 660 1058 9,
683 1019 717 1058 3,
740 1017 775 1052 9.
810 1027 886 1050 non
907 1023 1029 1063 pastor
1051 1018 1236 1051 Menalcas
1261 1018 1326 1051 sed
1347 1017 1519 1063 Virgilius

38 1056 94 1095 est
106 1060 356 1108 intelligendus
377 1062 413 1101 8,
425 1061 461 1103 6,
473 1059 531 1095 47.
562 1064 599 1094 in
625 1072 696 1106 quo
718 1073 776 1096 res
800 1061 1031 1107 quaecunque
1052 1064 1265 1108 relinquitur
1287 1063 1519 1110 intelligenda

35 1107 74 1150 9,
99 1107 135 1148 3,
145 1106 205 1140 61.
248 1105 288 1152 y)
311 1106 383 1149 ndi.
405 1109 544 1140 Alunt:
573 1107 682 1151 aliud,
708 1118 780 1151 quo
803 1108 896 1142 idem
920 1109 1070 1156 intelligi
1092 1109 1206 1153 possit
1230 1111 1286 1152 10,
1312 1112 1346 1150 1,
1360 1113 1396 1143 7.
1422 1107 1467 1150 cs.
1481 1111 1518 1152 3,

37 1152 75 1192 6,
97 1154 165 1186 21.
185 1149 245 1185 his
265 1153 368 1196 plura
388 1150 633 1198 intelliguntur
659 1155 693 1195 3,
719 1157 776 1196 11,
798 1157 857 1189 27.
892 1155 964 1188 hoc
986 1154 1066 1198 ipso
1088 1155 1298 1201 intelligitur
1319 1154 1427 1188 tacita
1449 1157 1519 1189 eit-

31 1196 220 1243 probrntio
241 1197 280 1239 6,
298 1200 334 1240 2,
351 1197 405 1232 16.
439 1208 530 1241 quae
552 1197 684 1241 (ironia)
710 1205 769 1232 aut
790 1200 1079 1247 pronuntiatione
1103 1200 1323 1247 intelligitur,
1348 1205 1409 1234 aut
1432 1211 1518 1244 per-

31 1247 127 1278 lbonu
149 1249 212 1276 ete.
234 1242 272 1285 8,
293 1242 330 1286 6,
355 1242 412 1276 54.
441 1243 584 1285 iustitia,
606 1243 781 1279 fortitudo
809 1252 869 1280 etc.
892 1246 1045 1290 propriis
1068 1246 1196 1280 officiis
1220 1252 1257 1281 et
1280 1256 1346 1280 suo
1368 1247 1440 1280 fine
1460 1246 1516 1280 in-

34 1288 243 1335 telligumur
266 1290 312 1331 2,
334 1290 399 1330 21,
423 1290 458 1323 3.
509 1289 579 1322 hoc
612 1288 758 1333 (vultu)
790 1291 942 1335 plurima
969 1292 1196 1339 intelligimus
1233 1295 1274 1326 11
1290 1318 1301 1335 ,
1328 1294 1374 1335 3,
1397 1295 1445 1327 72
1465 1294 1514 1326 Ν.
1557 1298 1562 1306 ’

35 1331 71 1374 δ’)
95 1346 124 1367 ο.
146 1336 330 1377 praepos„-
369 1333 465 1367 aliud
492 1334 701 1381 intelligitur
727 1347 787 1370 ex
818 1337 888 1371 alio
919 1339 963 1381 8,
988 1339 1030 1379 6,
1054 1341 1112 1372 22.
1154 1344 1194 1371 ut
1217 1349 1274 1372 ex
1297 1348 1370 1372 uno
1394 1339 1514 1382 plures

15 1379 282 1425 intelligamus,
304 1385 405 1423 parte
427 1385 540 1414 totum
569 1383 611 1413 ib.
635 1382 690 1416 19.
726 1382 773 1422 cs.
798 1385 840 1416 ib.
863 1385 919 1417 28.
966 1384 1118 1418 verbum
1143 1396 1202 1418 ex
1225 1384 1340 1419 verbo
1362 1384 1474 1418 intelli
1500 1384 1512 1417 i

31 1428 77 1459 ib.
101 1427 158 1459 21.
188 1426 406 1459 subtractum
422 1426 574 1478 pei-buin
594 1426 739 1470 aliquod
762 1428 845 1462 satis
869 1440 925 1463 ex
949 1429 1078 1463 ceteris
1106 1430 1315 1477 intelligitur
1339 1431 1374 1470 9,
1398 1432 1432 1472 3,
1446 1395 1509 1471 δές

32 1470 81 1504 in
101 1475 254 1514 utroque
276 1477 493 1504 contrarium
513 1483 558 1512 ei,
580 1474 674 1515 quod
692 1473 833 1517 dicitur,
858 1474 1124 1520 intelligendum
1142 1482 1195 1510 est
1218 1479 1253 1520 9,
1268 1479 1303 1518 2,
1316 1474 1375 1509 44.
1399 1482 1440 1509 ut
1465 1475 1508 1510 in

26 1517 132 1551 'facto
146 1518 364 1559 conjectura,
390 1516 437 1549 in
462 1517 608 1551 nomine
629 1518 744 1552 finitio
764 1528 825 1554 etc.
842 1520 1101 1566 intelligeretur
1111 1523 1191 1565 3,6,
1204 1524 1271 1563 503
1296 1533 1377 1565 per
1405 1521 1508 1555 aliam

13 1560 196 1596 »rem-alia
216 1561 434 1608 intelligetur
461 1564 496 1605 9,
508 1566 543 1605 2,
555 1564 613 1598 97.
641 1564 685 1605 cs.
713 1565 747 1608 5,
771 1568 804 1608 9,
827 1566 861 1602 9.
894 1564 1022 1601 statum
1047 1574 1167 1610 vocat,
1191 1579 1270 1612 per
1292 1578 1398 1612 quem
1425 1568 1510 1605 sub-

12 1607 122 1652 iecta
142 1618 202 1642 res
222 1607 439 1655 intelligatur
465 1611 499 1651 3,
524 1610 559 1651 6,
582 1612 641 1643 21.

7 1842 295 1903 tilemPeSfiVB·
315 1854 567 1889 —residentes
581 1857 661 1901 (Sp.
676 1858 849 1903 ridentes5
870 1873 917 1894 sc.
942 1864 999 1906 qui
1023 1863 1208 1895 excitantur
1225 1875 1248 1895 a
1261 1869 1400 1906 patrono
1423 1875 1504 1895 oau-

23 1909 99 1936 mm
122 1899 309 1940 perorante)
336 1898 372 1940 6,
397 1901 430 1940 1,
453 1901 499 1934 38
525 1902 572 1935 N.
595 1915 642 1936 cr.
666 1911 698 1936 et
721 1906 757 1937 S.

7 1952 178 2015 ufendq-
223 1962 268 2006 Ι)
302 1966 327 2016 ι’..
347 1977 378 2008 q.
403 1972 474 1998 ten
485 1968 547 2000 do.
562 2010 570 2018 .
593 1966 635 2010 α)
667 1973 820 2012 proprie.-
858 1973 980 2005 sellam
1006 1972 1094 2007 loris
1115 1973 1287 2007 intentam
1309 1974 1355 2016 6,
1381 1976 1414 2014 3,
1438 1977 1502 2015 25;

16 2014 130 2043 -notu
156 2014 351 2051 intenti,
384 2020 572 2044 remissi
597 2021 659 2046 etc.
682 2014 771 2047 fiunt
794 2016 888 2049 oculi
913 2020 976 2059 11,
1001 2020 1043 2059 3,
1067 2019 1125 2052 75.
1168 2019 1206 2062 β)
1230 2023 1345 2052 transl.
1375 2032 1446 2051 cum
1472 2023 1503 2052 w·

29 2057 187 2101 quadam.
237 2053 275 2097 a)
298 2054 391 2106 sicut
416 2055 571 2096 cithara,
605 2059 653 2091 ita
677 2061 791 2093 oratio
814 2062 974 2103 perfecta
996 2074 1070 2096 non
1093 2068 1165 2104 est,
1202 2063 1269 2097 uisi
1295 2065 1337 2097 ab
1362 2064 1434 2098 imo
1460 2067 1502 2098 ad

29 2111 203 2134 summum
223 2101 386 2133 omnibus
408 2101 542 2135 intenta
563 2103 684 2138 nervis
708 2106 905 2140 consentiat
927 2110 961 2149 2,
985 2109 1020 2149 8,
1038 2110 1093 2142 15.
1124 2109 1381 2151 compositione
1403 2111 1504 2144 velut

19 2146 180 2190 ”amentis
205 2145 413 2190 quibusdam
439 2148 608 2182 nervisve
632 2148 810 2185 intendi
836 2157 872 2185 et
895 2152 1134 2195 concitari
1157 2155 1351 2188 sententiae
1373 2155 1502 2190 viden-

29 2196 89 2226 tur
109 2192 144 2234 9,
166 2189 201 2233 4,
225 2192 259 2226 9.
287 2192 443 2225 citharae
468 2194 576 2227 modo
599 2194 733 2229 intenta
758 2208 837 2230 esse
860 2198 965 2231 debet
989 2199 1079 2232 ratio
1105 2199 1286 2234 doctrinae
1311 2202 1343 2243 5,
1357 2201 1502 2242 10,124.

26 2237 128 2272 velut
156 2237 318 2270 omnibus
345 2238 465 2271 nervis
491 2239 686 2274 intenditur
708 2241 808 2285 (vox)
836 2246 892 2286 11,
916 2245 949 2284 3,
973 2245 1031 2278 63.
1070 2243 1277 2288 quibusdam
1303 2246 1423 2280 nervis
1446 2248 1499 2281 in-

26 2288 126 2333 tenta
146 2287 228 2315 sunt
252 2283 374 2325 (omnia
400 2286 432 2316 in
455 2285 644 2328 Demosth)
673 2289 727 2326 10,
758 2291 792 2333 1,
817 2290 875 2324 76.
910 2288 968 2322 eni
992 2289 1049 2333 (C.
1076 2291 1253 2334 Graccho)
1279 2292 1496 2327 contionanti

27 2333 226 2362 consistens
248 2333 329 2371 post
351 2339 432 2362 eum
453 2329 607 2365 musicus
628 2331 745 2366 fistula
766 2349 810 2356 —-
842 2335 990 2378 modos,
1028 2335 1154 2379 quibus
1182 2337 1330 2372 deberet
1350 2337 1497 2382 intendi,

25 2373 242 2406 monstrabat
271 2373 352 2417 (Sp.
379 2373 612 2418 ministrabat)
639 2380 672 2421 1,
698 2381 754 2421 10,
781 2382 827 2414 27
847 2384 889 2414 Ζ.
936 2380 975 2424 b)
1000 2383 1023 2415 ἰ.
1043 2394 1074 2425 q.
1101 2385 1268 2416 excito.—
1291 2384 1409 2430 magni
1433 2396 1497 2419 au-

24 2422 143 2451 ctores
165 2437 212 2444 —-
234 2429 302 2453 nec
324 2430 464 2463 semper
485 2421 728 2457 intendunt
758 2425 975 2459 animum:
1014 2437 1267 2471 nonnunquam
1288 2430 1495 2477 fatigan-

23 2467 104 2497 tur
127 2465 184 2506 10,
208 2466 243 2516 1,
266 2463 325 2516 211».
364 2464 409 2506 qs.
435 2469 490 2508 11,
515 2469 550 2510 3,
576 2470 652 2506 150.
683 2470 760 2505 158.
798 2471 1043 2506 remittere
1067 2473 1185 2516 potius
1210 2478 1314 2518 quam
1340 2473 1495 2510 inten-

23 2508 141 2546 dere
164 2515 415 2556 cogitatnonem
439 2514 505 2555 10,
529 2515 572 2555 3,
597 2514 653 2549 24.
690 2521 765 2549 tum
787 2516 1013 2558 intentis,
1041 2524 1116 2552 tum
1141 2520 1355 2555 remissis
1380 2523 1495 2556 modis

22 2563 114 2598 opus
141 2560 196 2588 est
220 2555 276 2599 (in
300 2555 403 2599 voce)
429 2560 485 2599 11,
509 2559 542 2594 3.
568 2562 630 2602 173
663 2572 834 2605 nusquam
860 2569 925 2603 est,
956 2563 1017 2607 qui
1040 2565 1243 2610 cognoscit,
1267 2566 1437 2602 intentior
1458 2569 1495 2612 6,

22 2594 71 2642 G,
94 2599 128 2635 5.
160 2600 393 2636 intentissima
418 2613 502 2638 cura
527 2606 591 2647 10,
617 2608 660 2647 1,
687 2610 766 2642 111.
802 2619 836 2641 v.
862 2610 1085 2644 Attendo.
1140 2611 1245 2652 1121:
1270 2625 1303 2656 q.
1331 2615 1491 2656 dirigo,

16 2649 263 2700 Ὶέοπυενίο..
290 2646 328 2689 α)
352 2651 577 2691 amnem..-
607 2653 658 2684 ad
681 2663 736 2696 ea,
767 2664 858 2698 quae
881 2654 1029 2689 dicimus
1046 2671 1091 2678 —-
1106 2655 1279 2690 intentum
1302 2659 1344 2703 (S
1353 2672 1385 2700 p.
1412 2662 1494 2700 att.)

22 2683 71 2733 Q,
94 2693 135 2732 1,
160 2693 217 2726 38.
252 2694 515 2728 intendentibus
539 2695 692 2731 animum
719 2699 774 2732 ad
800 2699 898 2743 ipsos
921 2700 1047 2735 ductus
1071 2703 1112 2745 1,
1136 2705 1175 2745 1,
1200 2704 1266 2744 25,
1318 2704 1365 2737 in
1398 2716 1493 2747 eum,

12 2738 127 2777 “fiam
151 2737 414 2784 demonstrant,
442 2751 586 2776 manum
610 2742 796 2780 intendere
834 2748 897 2788 11,
926 2747 969 2789 3,
1002 2748 1057 2783 89.
1110 2753 1150 2781 ut
1172 2747 1210 2782 in
1237 2749 1389 2787 animum
1417 2751 1492 2789 eius
