1702 3054
121 229 209 266 vlu

126 351 176 390 et
211 341 526 405 explicarem.
597 338 769 401 Itaque
805 335 996 395 studui,
1043 336 1167 383 nihil
1199 337 1403 399 omnino
1432 315 1651 400 praeter-

125 445 351 500 mittere,
388 439 520 505 quod
555 438 740 503 aliquid
776 438 840 486 ad
875 438 1246 503 explanandam
1282 439 1386 486 vim
1422 446 1473 486 et
1506 453 1654 486 usum

124 545 342 606 cujusvis
380 541 612 591 vocabuli
657 540 880 588 conferre
925 548 1115 604 posset3
1187 548 1238 588 et
1286 535 1516 605 quamvis
1560 539 1653 588 hac

125 660 243 693 cura
286 643 351 692 ad
393 644 647 705 ingentem
691 642 877 690 molem
921 642 1134 691 creverit
1178 642 1328 700 liber,
1374 649 1546 689 tamen
1589 642 1654 690 ab

122 745 510 808 intelligentibus
554 744 676 794 viris
717 742 1155 808 reprehensionem
1187 758 1291 791 non
1324 751 1524 802 metuo,
1569 743 1654 806 qui

120 848 275 913 probe
309 848 486 905 scient,
529 845 652 892 nihil
685 860 790 893 esse
824 846 879 892 in
903 845 1058 893 literis
1079 854 1184 893 tam
1205 846 1482 905 minutum,
1521 843 1654 908 quod

121 948 398 1011 cognitione
442 947 647 995 omnino
700 948 764 994 sit
810 945 1096 1009 indignum3
1162 963 1317 1011 quum
1360 947 1654 1012 praesertim

120 1064 180 1095 ea
214 1049 278 1096 sit
321 1044 612 1104 Quintiliani
653 1045 922 1106 Latinitas,
967 1063 1094 1111 quae
1136 1048 1411 1098 secundum
1448 1064 1480 1096 a
1519 1045 1669 1110 Cice-⁸

118 1164 240 1197 rone
286 1150 463 1197 merito
509 1156 714 1211 occupet
757 1147 946 1208 locum,
998 1149 1094 1195 nisi
1141 1148 1274 1212 quod
1315 1151 1369 1196 in
1422 1149 1509 1196 illo
1552 1149 1653 1195 ele-

119 1252 341 1313 gantiore
386 1259 438 1298 et
479 1250 733 1298 subtiliore
775 1249 1131 1313 particularum
1173 1264 1267 1297 usu
1312 1250 1436 1298 vitio
1477 1250 1654 1298 aetatis

117 1366 237 1399 suae
272 1359 323 1399 et
364 1353 475 1416 ipsa
508 1352 714 1400 laborat.
785 1349 1010 1399 Alteram
1045 1365 1166 1399 vero
1208 1366 1300 1398 nec
1333 1351 1501 1400 levem
1535 1366 1652 1398 cau-

118 1466 225 1499 sam
259 1451 548 1500 retardandi
593 1459 680 1500 aut
723 1460 853 1499 certe
895 1452 949 1498 in
996 1453 1210 1500 multum
1252 1462 1451 1516 tempus
1488 1451 1652 1516 profe-

116 1552 260 1600 rendi
290 1554 454 1617 operis
492 1552 568 1601 Tu
601 1554 734 1618 ipse,
768 1554 848 1602 vir
883 1553 1190 1613 doctissime,
1235 1553 1473 1602 attulisti:
1526 1551 1653 1617 Sup-

118 1654 373 1718 plementa
407 1655 541 1702 enim
577 1653 685 1702 Tua
725 1653 1080 1719 Spaldingiana
1114 1662 1264 1718 atque
1309 1655 1467 1717 magis
1501 1654 1653 1702 etiam

118 1754 270 1802 editio
322 1754 431 1804 Tua
485 1753 779 1813 Quintiliani
839 1772 922 1805 me
983 1759 1272 1820 coegerunt,
1334 1771 1439 1804 non
1491 1755 1652 1805 solum

117 1854 342 1904 Lexieon
376 1872 546 1905 meum
581 1872 685 1904 non
707 1859 844 1921 prius
877 1858 1015 1922 prelo
1046 1858 1315 1921 subjicere,
1352 1871 1504 1920 quam
1530 1855 1652 1904 haec

119 1953 218 2003 duo
264 1972 415 2022 opera
467 1958 727 2021 diligenter
777 1959 1134 2023 inspexissem3
1196 1957 1287 2006 sed
1340 1971 1495 2022 quum
1546 1964 1652 2003 tam

118 2058 286 2107 multis
321 2059 440 2107 locis
474 2058 768 2108 emendatus
810 2075 868 2107 ac
910 2061 1168 2108 restitutus
1203 2057 1312 2106 Tua
1346 2073 1499 2123 opera
1534 2072 1650 2106 eva-

120 2157 260 2206 deret
305 2158 664 2219 QuintilianUS,
714 2168 849 2209 totus
892 2161 1059 2220 labor,
1118 2161 1202 2225 qui
1242 2161 1354 2223 jam
1398 2158 1651 2207 confectus
1688 2223 1689 2227 Ἰ

119 2258 406 2320 videbatur,
464 2262 526 2309 de
571 2263 763 2324 integro
815 2262 942 2310 mihi
996 2269 1103 2309 erat
1152 2256 1523 2317 retractandus,
1579 2266 1649 2315 ut,

122 2359 207 2420 qui
253 2359 438 2409 fructus
483 2376 551 2408 ex
588 2361 707 2410 Tuis
754 2361 931 2410 studiis
971 2360 1037 2408 ad
1079 2359 1294 2407 Fabium
1328 2357 1648 2415 conferretur,

119 2456 254 2506 idem
307 2460 372 2507 ad
420 2477 589 2509 meum
646 2477 839 2526 quoque
884 2461 1166 2508 Fabianum
1217 2457 1544 2519 redundaret3
1597 2465 1649 2506 et

122 2558 237 2619 quia
270 2574 452 2608 munus
486 2562 831 2611 scholasticum
873 2560 996 2610 mihi
1040 2559 1187 2607 horas
1230 2573 1408 2608 revera
1449 2561 1649 2608 succisi-

123 2669 214 2703 vas
253 2666 448 2707 tantum
492 2663 762 2724 permittit,
814 2662 1079 2726 plurimam
1131 2661 1266 2708 enim
1311 2659 1648 2724 optimamque

125 2755 211 2800 otii
248 2759 341 2803 mei
379 2769 571 2821 partem
608 2761 857 2827 discipulis
892 2761 1015 2809 meis
1057 2776 1136 2809 me
1183 2760 1362 2808 debere
1398 2762 1645 2818 existimo,
