1728 3002
461 182 768 228 Nomenclator
794 207 851 217 -
880 181 1068 234 Nomine
1431 181 1520 243 *571

41 290 225 333 efflue·
246 288 485 331 mdlderunt:
513 286 684 325 videlicet
708 286 806 334 quod
827 286 868 322 in
888 286 1054 323 verbis
1077 284 1151 321 vim
1175 282 1363 328 sermonis,
1390 284 1427 320 in
1451 298 1527 322 no-

37 332 249 376 fiinibus
279 333 464 373 materiam
490 334 591 380 (qnia
610 335 759 369 alterum
782 339 850 376 est,
874 334 970 378 quod
995 333 1186 377 loquimur,
1214 333 1362 366 alterum
1383 333 1428 365 de
1453 345 1525 378 qno

5 387 18 392 “
39 383 259 431 loquimur),
281 382 320 418 in
347 379 793 417 convinctionibus
818 385 935 413 nutem
961 381 1188 422 complexum
1214 389 1339 413 eorum
1367 390 1446 414 esse
1470 382 1527 424 ju-

40 430 251 467 dicaverunt
271 431 307 471 1,
327 426 365 472 4,
392 429 450 465 18.
497 433 534 462 et
554 426 592 461 in
613 426 749 461 verbi
774 431 848 460 tota
871 425 1008 459 ratione
1035 431 1069 459 et
1093 425 1130 458 in
1167 425 1388 459 nominib.
1427 428 1460 466 1,
1491 429 1526 469 5,

39 477 99 512 42.
145 476 183 511 in
206 473 466 511 vocabulis
489 479 526 508 et
547 471 774 506 nominib.
801 472 838 505 fit
862 472 1094 506 soloecismus
1119 473 1150 504 ib
1190 471 1247 505 45.
1273 477 1311 504 ut
1336 472 1529 506 nomina

40 521 281 568 oppositis
308 525 347 555 et
366 518 735 565 pronominibus
756 524 876 552 essent
902 517 1020 561 priora
1046 518 1090 559 9,-
1107 517 1142 559 4,
1171 518 1217 551 24
1240 518 1287 551 N.
1321 530 1354 552 v.
1390 518 1530 562 Apel-
1567 554 1569 556 ,

40 567 192 610 lnti03
216 569 318 601 etiam
334 567 379 600 de
396 567 576 600 Verbis.-
601 564 754 599 Accedit
769 569 806 598 et
821 563 941 598 exilln
963 563 1077 610 figura
1095 563 1218 610 gratia.
1252 573 1320 608 qua
1345 564 1495 598 nomin
1509 577 1531 599 a

40 612 270 649 diximntatis
285 611 476 646 casibus
493 610 620 655 repeti,
636 611 718 645 Non
736 610 852 644 minus
870 621 920 644 ce
933 611 1062 644 deret
1079 621 1183 654 quam
1210 609 1363 643 cessit
1378 611 1456 651 9‚3‚
1469 612 1528 645 80.

42 659 86 703 α)
97 659 287 703 addicam.
298 672 311 692 ε
334 657 535 692 Afiumvet
555 656 752 700 Hispanum
762 667 799 690 n.
811 659 843 699 1,
855 658 888 700 5,
898 657 932 690 8.
956 667 1037 690 cum
1047 656 1101 689 M.
1114 655 1255 689 Tullius
1273 656 1378 689 etiam
1389 656 1475 700 ipsis
1487 658 1532 690 li·-

41 707 188 740 brorum
196 703 310 739 titulis
327 703 468 738 Graeco
477 713 514 737 n.
525 708 643 736 utatur
656 705 691 745 2,
714 702 769 745 14,
789 701 824 736 4.
844 702 1064 736 recentiores
1080 702 1307 736 instituerunt
1326 703 1472 737 Graecis
1492 714 1531 740 ιι.

43 751 199 787 Graecas
222 748 479 784 declinationes
503 748 623 793 potius
646 749 730 783 dare
745 752 778 791 1,
792 749 827 791 5,
841 749 900 783 63.
927 748 1092 782 Latinum
1119 748 1172 781 rei
1186 760 1223 782 n.
1247 758 1322 782 non
1346 749 1532 793 babemus,

31 790 197 842 ‘ideoque
212 796 347 830 utimur
358 794 549 841 peregrino
566 797 601 837 3,
615 795 650 838 6,
662 796 738 836 97ς·
751 794 788 828 in
800 794 973 828 nominib.
989 805 1038 828 ex
1059 794 1205 829 diverso
1231 795 1416 829 collocatis
1442 796 1477 838 9,
1496 798 1533 839 3,

0 837 9 853 '⁸
41 840 185 888 &fluo
198 853 235 876 n.
252 842 395 886 integro
410 841 621 875 diminutum
642 843 676 883 1,
691 842 725 879 5.
738 839 796 875 46.
820 852 858 874 ιι.
879 840 1065 883 feminina,
1093 841 1220 884 quibus
1236 851 1351 874 mares
1371 847 1534 885 utuntur,

43 893 83 925 et
95 877 284 931 neutralia,
301 886 431 932 quibus
446 886 602 921 feminae
611 886 721 921 anst.
744 886 940 920 masculina
963 887 1099 920 Graeca
1122 898 1159 920 ιι.
1180 889 1223 920 ib.
1242 890 1300 920 61.
1319 898 1399 920 cnm
1423 888 1534 922 inter-

41 940 225 982 rogantur,
243 944 309 967 cur
322 944 376 977 ap
389 944 450 975 er,
474 944 551 976 apr
566 932 579 965 i
606 938 642 966 et
663 937 806 975 pater,
831 944 883 976 pa
895 931 957 966 tri
970 944 986 966 s
1007 932 1139 966 faciat?
1166 932 1254 965 illud
1269 943 1305 965 n.
1324 932 1535 976 simpliciter

39 980 208 1025 positum,
224 980 295 1013 hoc
312 980 356 1012 ad
369 979 504 1023 aliquid
515 989 595 1012 esse
607 978 827 1011 contendunt
842 981 873 1018 1,
888 979 924 1020 6,
938 980 994 1012 13.
1009 989 1044 1011 ιι.
1063 978 1157 1012 idem
1183 978 1457 1024 significantium
1474 991 1535 1014 se-

40 1025 181 1072 paratio
190 1027 227 1068 9,
240 1027 276 1068 3,
290 1023 349 1060 45.
363 1030 547 1068 receptum
561 1023 597 1057 in
608 1034 754 1057 usnmn.
773 1026 807 1066 5,
821 1025 877 1065 11,
889 1024 1136 1058 2οΓῐι3ἰῑειιιιιι
1155 1023 1298 1059 circon.
1321 1028 1352 1067 1,
1367 1026 1401 1067 5,
1411 1027 1467 1060 57.
1490 1026 1536 1072 β)

42 1073 240 1107 Nominat„-
271 1081 309 1104 n.
333 1081 381 1104 ex
409 1071 549 1104 Graeco
573 1069 720 1103 fluxisse
745 1069 890 1104 videtur
921 1071 956 1112 3,
979 1071 1016 1112 4,
1040 1072 1098 1103 12.
1146 1069 1283 1103 etiamsi
1304 1069 1342 1103 id
1363 1070 1479 1115 ipsum
1499 1083 1537 1108 ιι.

42 1116 235 1162 complecti
258 1117 371 1157 solet,
408 1115 448 1150 in
473 1116 573 1159 cujus
597 1117 717 1149 locum
740 1114 930 1149 assumitur
951 1117 988 1158 9,
1010 1119 1043 1157 1,
1066 1116 1103 1150 6.
1149 1116 1273 1150 abusio
1297 1121 1371 1154 est,
1410 1117 1471 1151 ubi
1498 1130 1535 1152 n.

43 1163 178 1206 defuit,
205 1161 413 1205 translatio,
445 1161 508 1195 ubi
532 1161 626 1195 aluid
650 1161 718 1195 fuit
740 1162 778 1204 8,
802 1162 837 1202 6,
859 1163 917 1196 35.
964 1163 1001 1206 r)
1028 1163 1158 1196 Genit..·
1184 1161 1348 1196 brevium
1369 1165 1538 1198 verbo-

42 1220 140 1244 rum
162 1219 207 1242 ac
228 1207 472 1242 nominum
494 1207 640 1242 vitanda
662 1206 917 1250 continuatio,
938 1213 976 1241 et
1010 1218 1059 1241 ex
1095 1207 1240 1242 diverso
1275 1217 1419 1252 quoque
1453 1211 1537 1244 lon-

0 1255 2 1257 ’
42 1264 172 1301 gorum
195 1254 232 1297 9,
253 1251 291 1296 4,
314 1252 373 1287 42.
418 1253 518 1287 fictio
542 1252 697 1287 nominis
723 1253 758 1296 9,
784 1256 818 1295 1,
845 1253 879 1288 5.
908 1251 952 1294 qs.
980 1252 1016 1296 6,
1041 1254 1075 1290 3.
1110 1254 1167 1288 53.
1213 1253 1415 1288 intellectus
1440 1267 1477 1290 n.
1501 1260 1537 1300 7,

43 1303 104 1341 10.
127 1302 162 1334 1.
209 1297 353 1344 proprie
373 1298 463 1332 mihi
489 1299 594 1342 hujus
616 1308 727 1332 nom.
759 1298 994 1342 exprimenda
1026 1304 1151 1332 natura
1170 1305 1236 1342 est,
1266 1306 1439 1344 quatenus
1467 1314 1538 1347 ap-

42 1344 316 1390 pellatione
341 1344 419 1389 ipsa
440 1354 515 1378 non
540 1344 625 1378 satis
647 1343 838 1391 significari
860 1343 1005 1379 videtur
1023 1346 1060 1387 6,
1082 1348 1118 1387 2,
1152 1348 1209 1379 12.
1251 1346 1300 1388 cs.
1337 1350 1374 1391 7,
1407 1351 1464 1390 10,
1503 1351 1540 1383 3.

43 1390 201 1426 nominis
218 1400 286 1436 pro
308 1390 457 1424 nomine
480 1390 613 1435 positio
640 1391 673 1427 8.
705 1391 742 1433 6,
766 1391 823 1424 23.
869 1389 1154 1434 frequentiorem
1180 1393 1293 1433 ejusd.
1327 1403 1364 1428 n.
1403 1395 1539 1438 repeti-

41 1436 179 1472 {ionem
201 1437 238 1479 9,
266 1438 300 1476 1,
325 1435 384 1470 24.
431 1447 481 1470 ex
500 1435 635 1471 vicinia
660 1437 809 1481 quadam
844 1436 1016 1480 praedicti
1050 1449 1084 1470 n.
1122 1439 1157 1481 9,
1194 1440 1229 1480 3,
1260 1440 1319 1474 66.
1369 1442 1539 1475 voluntas

43 1494 81 1518 n.
109 1485 146 1526 7,
170 1480 229 1525 10,
251 1485 284 1516 t.
306 1479 346 1525 ὅ)
369 1485 453 1516 Das.
467 1496 478 1516 ε
507 1493 576 1516 nec
602 1481 678 1517 vim
701 1482 845 1516 afferam
870 1482 927 1516 his
950 1494 987 1516 n.
1016 1482 1188 1518 indecora
1211 1484 1248 1518 in
1272 1485 1437 1519 Latinum
1460 1499 1540 1521 ser-

43 1538 189 1563 monem
215 1527 412 1563 mutatione
438 1530 481 1571 2,
519 1527 585 1570 14,
618 1526 654 1561 4.
702 1527 736 1570 ε)
764 1531 952 1562 Accusat..-
1005 1530 1307 1566 voluntatem
1334 1533 1539 1576 complecti,

44 1585 154 1620 qnam
176 1573 370 1608 nomina
390 1573 617 1618 interpretari
639 1575 841 1608 maluerunt
864 1575 900 1617 6,
924 1577 960 1617 2,
992 1576 1015 1610 9
1048 1577 1095 1608 Ν.
1142 1587 1187 1610 ne
1218 1577 1359 1611 verba
1395 1580 1540 1623 quidem

44 1619 211 1655 verbis
231 1625 292 1654 aut
318 1619 506 1654 nomina
531 1619 801 1653 nominibus
827 1619 1027 1654 continuari
1057 1622 1160 1656 decet
1198 1624 1233 1665 9,
1257 1623 1295 1666 4,
1318 1623 1376 1659 43.
1422 1625 1542 1658 Pluri-

45 1667 113 1701 bus
137 1677 173 1699 n.
194 1665 235 1699 in
260 1666 338 1700 ead.
359 1676 400 1699 re
423 1667 534 1712 wllgo
558 1666 707 1699 utimur:
742 1677 834 1709 quae
858 1672 977 1700 tamen
1001 1667 1032 1700 si
1065 1668 1233 1711 diducas,
1274 1681 1374 1704 suam
1409 1673 1541 1715 quand.

46 1711 228 1756 propriam
251 1711 327 1746 vim
352 1712 541 1745 ostendent
564 1712 599 1754 6,
623 1714 658 1754 3,
683 1714 727 1746 17
750 1713 799 1745 N.
846 1723 883 1745 n.
909 1713 1045 1759 fingere
1070 1714 1107 1754 9,
1147 1718 1181 1757 1,
1213 1717 1272 1748 22.
1305 1726 1442 1750 nomen
1471 1717 1542 1751 im-

46 1762 148 1791 muto
170 1758 207 1799 8,
230 1757 267 1799 6,
291 1758 350 1791 28.
397 1758 442 1791 ad
469 1757 691 1791 intellectum
716 1757 754 1791 id
784 1769 822 1790 n.
855 1759 1056 1792 referentes
1091 1763 1127 1800 7,
1160 1759 1196 1801 4,
1232 1759 1257 1793 4
1286 1762 1334 1795 Ν.
1382 1762 1542 1798 scribere

46 1801 195 1836 nomina
219 1805 253 1844 1,
280 1805 314 1844 1,
338 1800 396 1841 34,
421 1801 467 1844 cs.
505 1805 539 1842 1,
562 1802 598 1845 4,
635 1802 690 1836 14.
736 1803 951 1838 transfertur
984 1815 1154 1839 nomen
1177 1812 1237 1839 aut
1271 1809 1463 1842 verbum
1494 1819 1543 1842 ex

49 1858 95 1882 eo
122 1847 227 1890 loco,
252 1845 296 1880 'm
320 1857 392 1890 quo
418 1848 600 1892 proprium
624 1854 678 1882 est
700 1849 736 1891 8,
760 1849 795 1891 6,
821 1849 841 1884 5
867 1862 901 1882 υ.
936 1851 1102 1894 Locus;
1151 1852 1184 1892 ζ)
1208 1853 1324 1887 Amat.
1340 1868 1351 1886 .-
1385 1855 1477 1888 haec
1499 1858 1540 1896 (i.

49 1907 81 1927 e.
105 1889 323 1934 virtutes)
345 1901 419 1925 non
445 1893 647 1927 vocibus
680 1899 817 1927 tantum
852 1894 921 1929 sibi
950 1901 1035 1929 nota
1072 1902 1141 1940 atq.
1174 1898 1451 1933 nominibus
1486 1904 1543 1943 12,

47 1942 87 1983 2,
110 1940 167 1973 17.
213 1941 254 1970 ut
275 1936 391 1970 nostri
417 1941 570 1980 poene,
608 1939 773 1981 quotiens
799 1951 943 1974 carmen
970 1942 1075 1976 dulce
1109 1953 1189 1977 esse
1218 1945 1425 1988 voluerint,
1462 1945 1547 1979 illo-

50 1995 132 2019 rum
158 1982 417 2027 (Graecorum)
443 1982 483 2015 id
506 1983 709 2017 nominibus
733 1991 911 2019 exornent
935 1990 991 2028 12,
1018 1990 1071 2026 10.
1098 1990 1156 2025 33,
1193 1988 1238 2028 cf.
1271 1993 1317 2024 27
1357 1992 1428 2033 Ν.;
1476 2003 1546 2026 nec

50 2042 74 2065 a
94 2028 264 2063 verbis
289 2028 415 2068 modo,
449 2028 514 2061 sed
537 2027 643 2063 etiam
665 2040 687 2062 a
708 2040 819 2064 nom.
846 2037 927 2064 sunt
962 2033 1123 2067 derivata
1156 2036 1302 2077 quaed„
1335 2041 1375 2068 ut
1412 2048 1432 2069 a
1466 2036 1544 2071 Cic.

52 2072 332 2110 Sullaturit
356 2074 392 2115 8,
414 2074 450 2115 3,
475 2075 534 2107 32.
579 2073 612 2106 ἐἰ
634 2074 805 2117 ampliora
827 2077 972 2110 verba
997 2089 1078 2110 cum
1108 2078 1195 2121 ipsis
1218 2090 1345 2123 nom„
1373 2093 1440 2124 pro
1464 2083 1547 2126 qui-

51 2122 120 2156 bus
147 2131 191 2154 ca
215 2118 367 2163 posituri
392 2129 533 2161 sumus,
569 2120 801 2153 conferantur
828 2122 864 2162 ὃ,
887 2121 923 2164 4,
947 2125 983 2156 2.
1030 2122 1259 2167 Comparatio
1282 2126 1321 2159 in
1342 2127 1547 2163 nominibus

0 2172 5 2176 ’
54 2171 117 2202 aut
137 2176 251 2214 genus
276 2164 510 2208 deprehendit
537 2170 596 2197 aut
621 2165 895 2200 declinationem
920 2171 955 2208 1,
978 2168 1013 2209 6,
1054 2169 1089 2202 5.
1131 2169 1220 2203 fiunt
1254 2176 1292 2204 et
1313 2171 1410 2206 circa
1434 2184 1547 2221 genus

53 2214 188 2260 figurae
217 2216 254 2245 et
276 2210 314 2244 in
339 2209 615 2243 nominibus
641 2217 677 2244 et
699 2210 737 2244 in
759 2213 921 2245 verbis
944 2215 978 2253 9.
1002 2215 1038 2255 3,
1059 2214 1095 2251 6.

111 2276 119 2282 »
147 2257 216 2292 Ν)
241 2259 283 2290 de
307 2267 410 2289 aere
434 2258 602 2290 alieno.-
641 2257 738 2300 quod
762 2262 815 2291 e'st
836 2257 873 2291 in
896 2258 1098 2293 nominibus
1122 2259 1324 2305 (argenium)
1353 2263 1388 2306 5,
1413 2267 1470 2307 11,
1488 2267 1548 2300 33.

9 2300 329 2346 Nomenclator.
375 2310 470 2346 Afer
489 2311 629 2358 ingrato
654 2313 824 2361 litigatori
859 2326 926 2359 per
954 2317 1282 2362 nomenclatorem,
1324 2317 1472 2354 missum
1503 2322 1550 2356 ad

55 2371 139 2394 cnm
160 2375 205 2383 —
228 2357 344 2401 inquit
367 2357 404 2400 6,
427 2359 464 2402 3,
497 2360 555 2392 93.

9 2402 324 2450 NominativuS·
370 2424 469 2448 nom.
491 2425 577 2448 casu
602 2418 636 2461 1,
657 2419 695 2460 7,
719 2418 755 2451 3.
779 2419 815 2459 7,
838 2418 875 2460 9,
894 2419 950 2452 13.
973 2417 1004 2451 si
1023 2416 1299 2464 intercapedinis
1324 2423 1550 2461 nominativo

57 2471 143 2494 casu
169 2458 248 2504 quis
270 2464 389 2493 utatur
412 2461 450 2504 8,
476 2461 512 2504 3,
536 2459 595 2496 46.

10 2504 215 2549 Nomino·
259 2513 298 2559 α)
321 2517 419 2560 quod
442 2522 671 2562 tractare,
710 2518 907 2563 intueri,
942 2520 1182 2555 nominare
1214 2522 1407 2567 jucundum
1441 2526 1487 2562 sit
1515 2531 1550 2572 1,

59 2566 94 2606 1,
117 2562 186 2603 263
221 2573 380 2607 paucas,
412 2570 504 2608 quae
537 2564 712 2598 nominari
734 2572 900 2609 possunt,
932 2567 1071 2610 species
1096 2570 1152 2606 11,
1175 2570 1212 2611 3,
1239 2571 1295 2605 18.
1341 2572 1410 2606 hos
1433 2575 1553 2608 nomi-

58 2608 224 2642 novimus
257 2606 308 2651 (ἰ.
348 2620 379 2644 e.
410 2612 670 2643 nominatim
704 2613 978 2656 retulimus)
1021 2615 1074 2655 10,
1117 2616 1151 2656 1,
1180 2616 1239 2650 91.
1275 2615 1320 2657 cs.
1354 2617 1412 2653 43.
1460 2621 1552 2655 Sunt

61 2654 151 2688 clari
175 2655 376 2698 hodieque,
411 2660 449 2688 et
474 2654 536 2699 qui
560 2655 644 2689 olim
667 2656 945 2690 nominabuntur
983 2661 1026 2692 ib.
1050 2658 1108 2693 94.
1132 2671 1167 2693 v.
1191 2662 1445 2712 intelligo.
1480 2677 1555 2700 non

16 2731 17 2734 ,
63 2700 155 2734 alins
177 2710 227 2734 ex
247 2699 380 2735 nostris
405 2700 574 2734 contra
597 2700 809 2736 Ciceronem
830 2703 1076 2738 nominaretur
1106 2704 1149 2738 ib.
1182 2705 1262 2741 144.
1306 2708 1351 2753 β)
1385 2723 1415 2745 c.
1447 2715 1554 2746 Prae.

19 2791 21 2793 ι
65 2746 201 2780 dicato.-
231 2747 433 2789 {chol-eum,
450 2757 524 2780 non
547 2753 587 2780 nt
610 2747 669 2780 alii
699 2749 927 2791 trochaeum,
957 2750 1183 2786 nominemus
1205 2755 1241 2796 9,
1262 2751 1298 2794 4,
1331 2756 1390 2790 80.
1437 2757 1555 2792 faciti-

66 2795 146 2835 tun,
179 2802 272 2838 qnae
297 2803 357 2838 tp.
380 2793 540 2828 Graecos
564 2789 862 2831 {eae-nominatur
881 2797 938 2838 10,
962 2799 997 2840 1,
1021 2799 1054 2831 1.
1095 2802 1265 2844 tanquam
1286 2799 1555 2839 inum-consci-

16 2863 53 2886 Μ

20 2886 45 2914 ⁸?
