1728 3002
678 225 782 269 Sum
1413 224 1495 265 873

10 346 107 393 quod
126 341 309 391 (signum)
333 353 412 379 esne
433 343 495 380 vel
525 352 583 378 ex
603 353 647 377 re
672 347 747 377 tota
771 346 892 386 potest
915 360 961 367 —
985 341 1048 375 vel
1071 349 1126 374 ex
1151 339 1267 375 verbo
1290 337 1412 382 aliquo
1438 339 1496 380 11,

10 397 48 436 2,
75 393 133 428 19.
156 402 212 435 ea,
237 400 330 435 quae
350 394 433 424 sunt
453 399 475 423 e
498 388 646 435 singulis
669 388 835 432 (syllabis)
858 392 892 430 1,
915 387 952 429 6,
972 385 1008 421 4.
1034 391 1154 420 cetera
1178 384 1270 432 vitia
1294 382 1415 419 omnia
1438 393 1498 417 ex

9 438 172 485 pluribus
192 436 344 472 vocibus
366 440 449 471 811111
471 437 489 468 1
503 460 515 478 ,
540 436 583 478 5,
607 434 665 469 34.
714 432 753 479 β)
778 435 824 468 ad
846 434 974 478 aliquid
994 435 1179 476 pertinere:
1216 430 1345 476 quodsi
1369 440 1499 464 neces-

10 483 97 524 sitas
120 482 253 530 exigit,
276 491 351 516 non
373 480 442 516 erit
462 481 531 524 jam
556 491 614 533 eit
644 485 718 514 arte
746 479 900 514 oratoria
923 478 968 522 4,
995 482 1028 521 1,
1056 481 1114 512 22.
1140 483 1195 531 est
1222 487 1279 511 ex
1303 475 1499 520 iniecpien-

10 528 106 565 fieus
130 529 166 573 5,
191 531 248 572 10,
270 526 330 564 48.
354 538 402 562 ex
428 527 513 574 ead-p
527 526 671 561 fictione
694 532 776 560 sunt
798 527 832 570 8,
855 527 891 568 6,
918 526 975 559 32.
1007 530 1091 558 sunt
1105 529 1151 577 ‘et
1173 524 1235 576 illa
1257 533 1307 556 ex
1328 523 1408 556 ead.
1431 533 1500 556 na-

9 575 150 658 gam}
159 574 364 656 3213in
382 573 595 654 3¹:121&th
618 573 808 662 ΒΞξαΞεὲι-ιιω
836 570 971 606 additio
993 576 1030 606 et
1058 570 1214 615 abjectlo
1237 574 1292 603 est
1312 569 1349 612 9,
1378 570 1415 611 3,
1440 568 1499 603 18.

593 645 604 662 ,
738 643 748 653 .

30 692 33 698 '
56 687 148 733 ΧΠ)
170 701 201 724 c.
223 689 400 723 adverbiis
422 689 579 730 originem
604 687 887 729 significantibus.-
911 684 972 719 hic
995 683 1077 729 (Sp.
1093 680 1193 726 hinc)
1220 680 1435 729 Agrippa
1462 686 1500 715 et

13 735 180 781 Opiter
202 742 264 770 etc.
288 739 391 769 erunt
415 737 459 776 1,
482 732 529 774 4,
551 734 596 768 25
616 736 658 767 Ζ.
691 737 729 765 ut
757 736 878 777 posset
910 731 1015 765 hinc
1043 741 1122 765 esse
1149 734 1265 764 metus
1287 728 1331 772 6,
1355 728 1414 762 Pr.
1440 729 1498 762 10.

0 784 45 816 ῒο.
68 781 204 816 Hinc.
226 786 267 815 ut
289 779 335 814 sit
357 779 469 813 inde
491 779 554 814 ine
575 778 695 814 avium
722 783 917 814 concentus
940 778 981 821 5,
1006 777 1050 821 9,
1075 777 1132 812 16.
1155 788 1190 810 v.
1207 775 1328 809 Inde.
1363 773 1399 808 id
1422 785 1498 807 un-

11 827 65 871 de
91 833 174 862 sunt
195 825 342 861 nomina
365 828 422 870 11,
447 828 483 869 2,
506 826 563 860 31.
586 837 620 859 v.
635 825 775 859 Unde.
1042 832 1044 834 ·

53 893 171 938 XIII)
207 907 236 928 c.
260 896 395 928 Abloet..·
431 892 463 927 si
489 898 583 928 esset
608 903 758 927 numero
786 880 990 930 alienorum
1008 892 1050 935 3,
1073 891 1118 934 6,
1145 892 1224 925 102.
1255 890 1327 923 hoc
1354 893 1408 923 est
1437 888 1501 922 vel

10 939 92 975 iisd.
118 939 259 984 saepius
281 938 440 983 repetitis
460 959 508 966 —
529 940 591 975 vel
616 938 768 975 diversis
790 940 827 982 9,
845 941 880 983 3,
904 939 960 974 51.
984 943 1023 972 ut
1047 936 1118 971 sint
1140 933 1310 981 (figurae)
1331 933 1500 969 membris

10 986 217 1031 aequalibus
240 987 282 1028 9,
304 987 339 1028 3,
363 986 422 1020 80.

55 1052 164 1098 XIV)
191 1055 316 1087 Panic.
350 1056 428 1088 Fut.
472 1053 514 1097 α)
544 1064 626 1098 spes
658 1052 705 1087 in
734 1053 946 1086 futurum
976 1050 1189 1084 innocenter
1220 1046 1355 1083 victuri
1389 1053 1425 1082 et
1461 1045 1500 1081 in

10 1099 222 1145 aliquobusu
244 1099 404 1134 futuri
428 1102 472 1143 7,
498 1099 541 1143 4,
569 1101 624 1134 18.
660 1109 708 1133 ex
739 1098 854 1132 causis
877 1098 1106 1131 factorum
1132 1096 1194 1130 vel
1219 1095 1500 1127 futurorum

11 1146 55 1188 5,
83 1147 149 1188 10,
173 1147 231 1179 33.
264 1147 473 1190 plerumque
504 1145 721 1189 respondere
752 1140 1207 1190 futurapraeteritis
1231 1142 1278 1183 3,
1302 1141 1346 1182 8,
1370 1139 1426 1175 66.
1456 1139 1506 1195 dex

9 1190 138 1224 futuris
165 1190 400 1233 deliberamus
422 1192 508 1236 (ap.
529 1191 683 1236 judices)
707 1193 753 1233 3,
775 1189 818 1233 4,
845 1193 886 1231 73
930 1189 1109 1230 futurum,
1134 1192 1174 1220 ut
1196 1185 1315 1220 omnia
1338 1190 1503 1220 verreret

15 1239 104 1272 Cic.
130 1239 170 1270 in
185 1238 233 1281 V
235 1249 318 1271 err.
342 1238 376 1281 6,
401 1240 431 1281 3,
459 1237 515 1272 55.
561 1239 604 1281 β)
629 1242 808 1270 oratorem
830 1237 988 1269 futurum
1016 1237 1072 1276 10,
1099 1236 1132 1276 1,
1153 1235 1209 1267 35.
1238 1233 1263 1265 f.
1291 1234 1416 1276 poeta,
1444 1231 1504 1265 hi-

13 1283 203 1317 storiarum
225 1282 378 1329 scriptor
399 1285 443 1326 3,
467 1285 510 1326 8,
533 1281 590 1318 49.
617 1283 758 1316 futurae
789 1292 877 1316 mox
905 1281 990 1314 artis
1015 1278 1210 1323 primordia
1238 1280 1304 1320 12,
1329 1279 1392 1320 10,
1416 1279 1451 1311 3.
1476 1277 1503 1311 f.

13 1328 208 1363 claritatem
234 1329 460 1374 promiserint
482 1332 525 1371 3,
548 1332 592 1372 7,
617 1331 674 1363 11.
698 1328 839 1362 laudem
862 1328 889 1361 f.
915 1329 980 1368 12,
1009 1328 1075 1368 11,
1098 1326 1156 1360 29.
1179 1325 1206 1358 f.
1233 1324 1353 1358 secula
1381 1325 1437 1366 10,
1468 1326 1502 1366 1,

11 1376 73 1411 92.
105 1375 133 1409 f.
154 1379 293 1420 tempus
316 1377 380 1418 11,
405 1377 448 1418 3,
471 1378 537 1417 213
573 1386 619 1409 ne
642 1375 800 1407 summm
825 1372 969 1418 quidem
991 1377 1171 1406 oratorem
1201 1369 1270 1404 nisi
1293 1369 1411 1404 virum
1434 1369 1503 1403 bo-

13 1431 101 1464 num
125 1422 189 1463 12,
211 1423 254 1464 1,
278 1422 311 1455 3.
346 1420 391 1463 dl
417 1419 475 1455 42.
499 1432 582 1455 cum
607 1420 815 1465 praesertim
839 1421 953 1453 bonos
976 1417 1140 1452 homines
1169 1417 1353 1460 bonasque
1377 1426 1503 1449 causas

9 1465 128 1501 tuenti
158 1476 234 1501 non
264 1465 311 1502 sit
339 1468 552 1502 metuendus
591 1466 772 1514 ingratus:
813 1464 943 1511 quodsi
974 1465 1138 1507 futurus,
1170 1463 1265 1497 malo
1297 1467 1415 1496 tamen
1441 1461 1504 1496 ille

10 1517 140 1557 peccet
161 1515 220 1556 12,
241 1515 280 1556 7,
305 1515 362 1547 11.
1350 1511 1352 1513 ’

54 1577 161 1622 XV)
173 1578 367 1624 frequenter
386 1581 535 1612 auditur.
562 1580 605 1621 α)
622 1581 657 1612 in
669 1580 835 1612 sententiis
857 1578 1038 1621 primariis.
1063 1574 1102 1618 a)
1121 1572 1227 1609 Haec*
1248 1572 1504 1616 coniecturalia

13 1626 54 1667 7,
74 1627 108 1666 1,
132 1623 190 1659 53.
214 1635 262 1658 ex
286 1624 356 1657 illis
380 1625 487 1667 enim,
511 1624 573 1668 qui
596 1634 670 1658 non
692 1624 817 1666 risere,
840 1622 900 1656 hic
925 1622 989 1666 (sc.
1011 1634 1051 1655 es
1060 1621 1103 1663 t),
1129 1631 1234 1665 quem
1261 1631 1335 1654 non
1363 1620 1506 1665 dignata

14 1669 60 1712 9,
88 1672 124 1713 3,
149 1670 183 1704 8.
208 1669 378 1714 optimum
404 1681 491 1716 ergo
512 1670 551 1703 in
573 1669 630 1703 his
653 1669 754 1713 sequi
776 1668 930 1702 maxime
953 1673 1098 1710 recepta
1120 1668 1163 1709 9,
1187 1669 1230 1710 1,
1254 1667 1290 1701 9.
1329 1665 1375 1706 cs.
1401 1667 1447 1708 9,
1470 1665 1506 1709 4,

18 1716 99 1756 139.
139 1715 197 1749 Ex
227 1715 376 1754 historia
404 1717 510 1750 etiam
540 1715 774 1749 urbanitatem
804 1715 934 1748 ducere
962 1713 1139 1748 eruditum
1165 1713 1209 1754 6,
1233 1713 1276 1754 3,
1299 1712 1364 1752 98;
1398 1710 1444 1752 qs.
1471 1715 1506 1754 1,

17 1763 77 1799 10.
102 1759 148 1796 49
162 1765 205 1795 Ζ.
230 1762 353 1796 Plures
376 1762 483 1796 etiam
508 1761 732 1805 eloquentiae
755 1760 868 1794 facies
892 1763 949 1803 12,
974 1762 1031 1801 10,
1054 1760 1112 1794 69.
1137 1758 1234 1803 Ergo
1257 1757 1508 1791 translativum

20 1817 135 1852 genus
158 1817 285 1841 causae
308 1806 403 1851 (Sp.
433 1806 525 1850 est),
548 1813 589 1840 ut
615 1806 895 1851 comparativum
919 1811 955 1840 et
982 1810 1124 1839 mutuae
1150 1803 1386 1837 accusationis
1408 1805 1443 1844 3,
1471 1803 1507 1846 6,

19 1854 67 1886 ’75
83 1855 128 1886 Ζ.
161 1854 311 1886 multum
336 1853 471 1899 ingenii
493 1853 531 1887 in
555 1852 681 1887 Coelio
705 1859 741 1887 et
763 1852 954 1896 praecipue
979 1851 1019 1884 in
1052 1850 1252 1884 accusando
1276 1851 1338 1891 10,
1364 1851 1403 1890 1,
1428 1850 1508 1884 115.

19 1897 196 1932 Judicatio
222 1899 309 1942 (Sp.
335 1900 420 1942 est),
444 1910 488 1932 au
509 1898 666 1942 potuerit
690 1901 729 1941 3,
754 1900 789 1942 6,
815 1901 858 1933 71
878 1903 922 1932 Z.
950 1897 1105 1939 Servus,
1131 1907 1211 1929 cum
1236 1894 1507 1938 manumittitur,

20 1943 208 1978 libertinus
230 1947 254 1979 7
267 1969 278 1987 ,
303 1945 348 1988 3,
370 1947 427 1979 27.
462 1945 592 1978 Finitio
618 1944 732 1991 igitur.
752 1945 799 1986 (S
806 1958 841 1988 p.
868 1943 945 1987 est)
968 1943 1022 1977 rei
1044 1941 1247 1986 propositae
1274 1940 1416 1985 propria
1443 1948 1506 1975 etc·

22 1989 217 2024 enuntiatio
240 1993 276 2032 7,
300 1992 334 2032 3,
357 1992 380 2024 2
404 1994 446 2025 Ζ.
471 1991 583 2025 Iidem
605 1996 893 2037 argumentorum
914 1989 987 2024 loci
1008 1989 1047 2022 in
1071 1987 1184 2022 causis
1208 1987 1420 2030 proditionis
1444 1994 1506 2020 etc.

21 2039 58 2078 7,
84 2038 124 2075 2,
151 2036 208 2069 53.
235 2034 377 2079 utrique
404 2037 494 2083 parti
518 2037 667 2070 totidem
691 2036 788 2070 modi
811 2039 845 2078 8,
874 2038 908 2078 3,
934 2036 993 2070 89.
1035 2035 1076 2067 Id
1101 2034 1292 2067 enim'tale
1317 2034 1409 2076 (Sp.
1435 2031 1508 2076 est)

19 2086 230 2123 monstrum,
256 2083 359 2125 quale
382 2083 551 2117 Horatius
571 2082 674 2128 fingit
696 2084 732 2125 8,
751 2084 805 2125 13,
827 2083 874 2117 60
890 2086 934 2116 Ζ.
957 2081 1064 2124 Pejor
1088 2081 1156 2113 hac
1180 2074 1393 2122 ὅμοιολογία
1418 2078 1506 2121 (Sp.

21 2127 94 2171 est)
118 2128 163 2160 ib.
193 2127 237 2160 52
255 2131 297 2160 Ζ.
321 2128 411 2162 haec
441 2128 630 2173 eloquendi
655 2128 860 2163 observatio
884 2129 927 2167 8,
950 2129 993 2166 2,
1016 2129 1075 2160 22.
1103 2138 1135 2158 v.
1153 2125 1250 2158 Hic.
1283 2135 1366 2157 nam
1390 2124 1506 2158 omnis

19 2172 82 2207 hic
110 2171 284 2216 quaestio,
309 2184 354 2206 an
378 2181 437 2207 etc.
460 2177 494 2217 7,
518 2173 553 2212 4,
580 2176 638 2208 20.
664 2174 708 2215 qs.
732 2176 776 2207 ib.
802 2175 834 2208 5.
858 2177 894 2215 7,
920 2176 952 2214 1,
976 2171 1035 2207 49.
1062 2170 1214 2215 Spiritus
1237 2169 1343 2203 etiam
1366 2170 1509 2217 longior

19 2217 240 2262 breviorque
265 2221 321 2260 11,
344 2221 380 2260 3,
411 2220 465 2254 15.
493 2219 586 2254 circa
608 2220 752 2264 propria
779 2231 821 2253 ac
845 2217 1044 2253 differentia
1066 2227 1194 2263 magna
1217 2215 1390 2249 subtilitas
1413 2219 1447 2258 7,
1471 2218 1507 2259 3,

21 2265 80 2311 26.
105 2264 268 2298 diversus
290 2269 408 2299 tamen
430 2277 515 2299 usus
541 2266 586 2308 8,
612 2267 656 2308 3,
683 2269 736 2300 17.
769 2265 814 2306 cs.
836 2264 882 2308 4,
908 2268 946 2307 1,
972 2267 1016 2297 21
1033 2266 1075 2296 Ζ.
1104 2265 1151 2305 7,
1177 2264 1217 2304 3,
1241 2262 1299 2296 25.
1330 2271 1403 2305 quo
1427 2262 1508 2305 plus

22 2311 191 2355 quodque
218 2309 395 2352 (verbum)
420 2311 564 2354 spiritus
586 2311 711 2353 habet,
737 2311 859 2344 auditu
883 2309 1065 2355 pulchrius
1091 2309 1135 2349 8,
1161 2309 1204 2350 3,
1229 2308 1285 2340 16.
1321 2306 1360 2340 in
1385 2307 1508 2342 verbis

0 2375 2 2378 ·
23 2355 199 2390 sermonis
224 2355 281 2390 vis
302 2356 347 2398 9,
370 2355 415 2399 4,
438 2356 505 2399 26;
539 2367 701 2400 premere
724 2356 895 2391 tumentia
918 2364 979 2390 etc.
1003 2354 1154 2398 duplicis
1178 2363 1309 2396 operae
1334 2356 1389 2395 10,
1413 2354 1447 2395 4,
1475 2356 1506 2387 1.

25 2400 72 2442 cs.
99 2402 144 2443 9,
170 2402 212 2443 4,
239 2403 297 2436 25.
333 2402 428 2446 lund
451 2413 597 2446 prorsus
621 2403 770 2437 oratoris
794 2404 837 2445 9,
858 2402 903 2445 4,
930 2404 1007 2435 121.
1034 2399 1080 2440 cs.
1108 2403 1163 2441 11,
1188 2401 1222 2440 3,
1247 2399 1325 2432 178.
1357 2398 1508 2444 Reliqua

21 2447 96 2490 jam
119 2446 302 2490 aequitatis
327 2447 411 2490 (Sp.
436 2449 505 2490 adj.
532 2447 628 2490 sunt)
654 2452 688 2490 7,
716 2452 746 2491 1,
775 2449 820 2482 62
839 2452 880 2481 Ζ.
911 2447 998 2480 illud
1027 2446 1158 2479 nimiae
1186 2444 1444 2488 superstitionis
1470 2447 1507 2489 9,

0 2492 2 2494 ’
23 2491 60 2535 4,
87 2494 156 2534 25;
191 2503 270 2526 cum
297 2493 386 2526 haec
411 2493 530 2527 omnia
557 2493 767 2537 fecerimus,
791 2493 916 2527 felices
940 2499 1059 2526 tamen
1085 2492 1156 2534 (sc.
1183 2490 1385 2534 erimus),
1410 2490 1440 2524 si
1463 2510 1507 2517 —-

5 2538 134 2583 ‚judex
161 2538 365 2581 conceperit
395 2532 460 2581 1i,
483 2541 524 2581 3,
549 2541 572 2573 3
594 2540 641 2573 N.
696 2539 743 2581 b)
777 2541 934 2582 imprimis
962 2551 1017 2581 ap.
1048 2540 1175 2570 Par-tic.
1203 2540 1317 2570 Pass..·
1358 2536 1507 2571 Occisus
1565 2552 1568 2555 ·

24 2583 109 2628 (Sp.
135 2583 226 2626 est),
250 2589 368 2617 utrum
392 2585 491 2618 ferro
514 2596 559 2618 an
583 2584 689 2629 igne?
713 2586 755 2625 6,
780 2589 814 2627 1,
841 2586 883 2619 18
899 2588 943 2618 Ζ.
965 2579 1176 2617 studendum
1200 2593 1340 2626 semper
1364 2589 1400 2616 et
1426 2582 1508 2616 ubi-

26 2640 97 2674 que
127 2632 191 2672 10,
215 2633 258 2672 7,
287 2631 343 2664 26.
378 2641 445 2664 nec
467 2630 690 2664 volubilitate
717 2630 823 2664 nimia
847 2630 1115 2671 confundenda,
1151 2639 1240 2672 quae
1273 2627 1421 2663 dicimus
1449 2632 1506 2671 11,

25 2676 63 2718 3,
86 2675 144 2709 52.
168 2674 213 2716 qs.
237 2676 273 2718 6,
299 2678 332 2718 1,
358 2675 415 2711 49.
441 2676 482 2717 7,·
491 2678 527 2717 3,
546 2679 602 2710 27.
627 2678 663 2719 9,
678 2675 714 2717 4,
734 2680 811 2711 117.
838 2679 893 2719 11,
912 2678 945 2718 1,
964 2675 1021 2710 65.
1067 2675 1109 2719 β)
1127 2676 1159 2706 in
1181 2676 1346 2708 sententiis
1359 2676 1507 2718 penden-

27 2722 133 2754 tibus:
163 2720 232 2754 fuit
266 2720 374 2767 igitur
402 2722 559 2756 brevitas
586 2721 647 2756 illa
669 2722 864 2764 tutissima,
890 2731 1011 2766 quae
1043 2731 1102 2764 ap.
1125 2719 1267 2755 Livium
1289 2720 1327 2753 in
1357 2720 1509 2765 epiStola

29 2767 74 2817 ad
97 2765 207 2800 filium
230 2770 360 2811 scripta
382 2769 437 2810 10,
459 2771 493 2810 1,
519 2769 575 2803 39.
601 2767 646 2809 cf.
670 2772 707 2811 7,
734 2768 770 2812 4,
794 2769 839 2803 35
855 2772 897 2802 Ζ.
922 2767 1017 2812 quod
1046 2765 1164 2810 etiam,
1192 2766 1357 2800 detractis
1381 2765 1508 2801 ceteris

28 2811 234 2856 virtutibus,
266 2824 332 2849 suo
361 2824 493 2860 genere
515 2814 661 2858 plenum
688 2817 755 2858 12,
779 2816 844 2858 10,
869 2814 925 2849 59.
964 2811 1041 2847 Erit
1064 2822 1150 2859 ergo
1175 2812 1362 2847 obscurior
1387 2812 1504 2854 etiam,
