1728 3002
588 132 770 175 Introire
799 157 854 164 —
881 131 1057 174 Intueor
1505 130 1588 170 447

107 247 186 289 aliis
209 257 394 284 sermones
416 246 634 282 credibiliter
656 245 911 281 introducimus
933 246 971 290 9,
994 248 1038 289 2,
1060 246 1128 288 303
1164 243 1260 290 quod
1281 253 1399 281 novas
1422 243 1592 288 supersti-

105 295 221 334 tiones
242 295 486 329 introduceret
508 293 542 337 4,
564 293 599 336 4,
625 294 658 328 5.

58 337 255 383 Introire.
303 351 335 385 si
361 350 439 395 quis
463 361 520 384 me
545 350 679 385 exire
703 350 811 383 domo
838 348 1015 396 coegisset
1036 368 1084 375 —
1106 347 1138 382 si
1161 347 1240 392 quis
1263 346 1469 382 introire
1495 345 1548 391 (a.
1565 350 1588 380 1.

67 415 73 419 ·
103 395 255 440 intrare)
279 396 520 441 prohibuisset
541 398 576 440 5,
606 399 661 439 11,
686 398 742 430 33.

59 441 309 485 Introrsum·
344 455 472 488 crebro
497 453 655 488 anhelitu
678 458 714 487 et
741 452 823 486 intr.
852 451 956 486 etiam
983 452 1078 486 clare
1101 457 1251 485 sonante
1278 453 1334 493 11,
1358 451 1392 494 3,
1421 449 1478 485 55.

60 497 327 555 Introspicio·
381 511 423 553 1)
454 513 610 554 proprie.-
642 514 681 542 ut
704 508 851 543 brachio
882 514 1007 543 exerto
1038 507 1304 551 introspiciatur
1332 508 1423 540 latus
1463 508 1528 548 11,
1553 507 1588 548 3,

107 557 175 591 118
201 557 249 591 N.
319 554 375 598 11)
409 560 551 591 transht
588 566 663 590 non
685 555 780 590 enim
810 554 940 598 scripta
966 554 1119 588 lectione
1146 565 1271 588 secura
1301 551 1588 594 transcurrimus,

107 603 173 636 sed
198 607 387 636 tractamus
413 601 563 648 singula,
591 606 628 636 et
649 601 851 636 necessario
877 598 1140 644 introspicimus
1170 602 1227 644 10,
1251 601 1285 643 5,
1309 601 1342 635 8.
1376 609 1451 633 non
1474 599 1590 632 intro-

105 647 236 692 spectis
259 647 399 692 penitus
425 648 615 683 virtutibus
642 649 706 691 10,
729 649 771 690 2,
798 647 852 682 16.

59 689 245 734 ῘΙΙΠΙΘΟῘ·
278 703 311 747 1)
337 707 464 738 oculis:
499 705 632 739 credite
652 715 721 740 vos
744 703 874 738 intueri
898 702 1024 747 (orat.
1050 699 1225 744 incer-1.)
1243 701 1288 754 -9,
1311 703 1347 741 2,
1371 698 1429 734 41.
1460 701 1590 744 procul

103 749 322 791 intuentibus
347 753 404 794 12,
427 752 462 793 3,
479 752 524 792 6;
550 751 646 795 quod
669 757 893 792 tractare,
917 747 1111 790 intueri,
1135 758 1371 781 nominare
1394 747 1589 790 jucundum

105 796 152 829 sit
179 798 219 839 1,
247 797 371 841 1,-26.
410 796 473 830 int.
500 796 679 831 lacunaria
704 799 769 840 11,
797 798 838 839 3,
869 796 946 830 160.
982 805 1125 827 manum
1147 792 1212 826 int.
1243 796 1298 835 11,
1327 795 1361 835 3,
1394 793 1468 827 158.
1515 803 1590 826 nou

100 842 220 875 solum
241 842 340 886 ipsos
366 841 451 886 (Sp.
475 842 588 886 ipsum
609 841 668 886 os)
693 842 757 876 int.
780 848 815 876 et
842 843 959 876 locum
983 841 1064 884 (Sp.
1092 842 1174 878 om.)
1199 844 1234 873 et
1250 838 1407 872 habitum
1431 839 1466 889 8,
1482 837 1590 883 3,64.

106 887 239 934 grande
261 889 439 932 quoddam
465 888 606 922 intuens
631 889 814 932 speculum
839 891 896 929 11,
921 889 955 929 3,
980 888 1036 921 68.
1074 885 1173 931 signa
1200 886 1394 929 quaedam,-
1416 895 1508 929 quae
1530 884 1590 917 in-

87 929 246 966 ‘tuentes
269 940 332 967 etc.
368 936 435 976 11,
462 937 506 974 2,
532 937 589 968 32.
637 934 676 968 in
700 934 916 980 cogitando,
954 932 1052 965 nulla
1068 930 1222 980 ,ratione
1248 928 1423 972 adhibita,
1456 936 1590 974 tectum

107 977 287 1012 intuentes
309 981 353 1022 2,
381 981 444 1022 11,
468 978 503 1017 4.
539 979 634 1013 oculi
662 985 756 1013 totos
780 979 886 1013 simul
906 989 1033 1013 versus
1061 985 1120 1011 etc.
1159 977 1341 1010 intuentur
1374 978 1439 1017 10,
1463 980 1507 1020 7,
1532 980 1595 1027 11..

109 1022 203 1057 acies
226 1023 398 1058 luminum
422 1036 443 1058 a
466 1031 658 1069 prospectu
679 1036 819 1068 rerum,
852 1036 938 1069 quas
966 1024 1124 1069 intuetur
1150 1022 1209 1066 (α.
1232 1028 1252 1055 l.
1280 1021 1479 1063 intuemur)
1514 1032 1589 1056 non

110 1079 235 1103 aversa
261 1072 317 1113 11,
341 1073 376 1113 2,
402 1073 456 1104 10.
495 1071 590 1104 hunc
614 1070 774 1113 (vultum)
797 1071 1068 1112 intuentur,
1098 1070 1194 1102 hunc
1217 1073 1440 1112 spectant
1465 1070 1527 1111 11,
1552 1070 1589 1111 3,

106 1117 152 1148 72
175 1116 223 1149 Ν.
251 1123 283 1148 et
305 1117 351 1149 Ν.
377 1129 424 1149 cr.
464 1115 509 1158 cs.
538 1120 573 1160 2,
599 1119 635 1160 2,
662 1120 724 1158 11;
759 1117 846 1161 quid
867 1127 925 1150 me
947 1121 1053 1150 torvo
1076 1115 1180 1148 vultu
1203 1113 1377 1148 intueris?
1410 1114 1446 1156 6,
1472 1117 1505 1157 1,
1530 1112 1588 1148 43.

91 1161 205 1196 'velut
227 1161 340 1196 oculis
362 1161 519 1196 intuetur
540 1173 613 1196 non
637 1161 781 1209 paginas
803 1162 911 1196 modo
937 1164 993 1204 11,
1019 1163 1055 1204 2,
1080 1162 1136 1194 32.

194 1204 244 1247 11)
271 1214 388 1240 mente.
436 1209 474 1249 ι)
498 1211 710 1252 simpliciter.-
735 1207 942 1251 prudentius
962 1205 1114 1240 intuenti
1139 1206 1174 1247 9,
1196 1208 1232 1248 2,
1258 1203 1315 1238 44.
1350 1205 1441 1239 fauit
1464 1216 1589 1249 parum

104 1250 156 1295 (a.
178 1255 200 1285 1.
223 1254 320 1286 inser.
353 1251 561 1299 diligenter)
597 1254 774 1288 intuentes
809 1255 856 1296 9,
889 1256 928 1295 1,
959 1252 1018 1287 24.
1067 1262 1156 1286 vere
1182 1251 1334 1285 intuenti
1362 1255 1415 1295 12,
1441 1254 1497 1294 11,
1524 1255 1588 1293 12;

103 1295 298 1331 acrioribus
324 1299 437 1332 oculis
459 1298 524 1332 int.
549 1301 584 1342 2,
605 1302 660 1341 10,
684 1300 726 1341 6;
755 1311 833 1333 cnm
857 1299 918 1332 ille
940 1297 1147 1342 impetus
1175 1297 1284 1339 stetit,
1314 1304 1349 1332 et
1370 1298 1588 1332 intuendi

199 1354 242 1377 us
265 1343 363 1380 dedit
384 1345 420 1387 9,
434 1343 469 1386 4,
485 1345 543 1379 61.
571 1345 811 1389 periculosum
833 1350 868 1378 et
893 1356 973 1378 culn
999 1355 1083 1378 cura
1106 1344 1315 1377 intuendum
1339 1355 1451 1390 genus
1476 1346 1510 1387 5,
1531 1347 1588 1387 10,

36 1424 43 1428 ,
62 1389 68 1393 ’
101 1388 158 1424 67.
204 1388 248 1433 β)
271 1402 300 1423 c.
321 1390 420 1434 obj..·
447 1391 546 1435 quod
568 1391 607 1424 in
630 1391 752 1436 primis
777 1396 831 1427 est
852 1391 1062 1424 intuendum
1089 1392 1124 1433 3,
1143 1393 1200 1432 11,
1215 1392 1272 1424 23.
1297 1389 1334 1423 id
1359 1402 1430 1425 non
1454 1396 1589 1424 temere

100 1433 308 1469 intuendum
332 1441 387 1469 est
413 1439 458 1478 7,
489 1435 535 1479 4,
561 1437 596 1472 6.
647 1437 739 1470 nihil
762 1437 860 1481 prius
883 1436 1093 1470 intuendum
1125 1439 1185 1478 11,
1213 1439 1252 1478 1,
1277 1436 1335 1470 63.
1385 1447 1475 1479 nos,
1515 1447 1589 1470 non

104 1481 392 1515 enumeratis
426 1482 598 1528 singulis,
639 1485 750 1517 semel
774 1484 846 1517 hoc
870 1481 1152 1516 intuendum
1175 1493 1346 1528 negemus
1369 1483 1411 1525 5,
1439 1484 1503 1525 13,
1532 1483 1585 1517 14.

101 1535 157 1569 ea,
182 1527 227 1560 de
251 1526 378 1570 quibus
401 1538 508 1572 supra
531 1528 748 1573 scripsimus,
775 1528 906 1563 intueri
932 1530 966 1571 5,
994 1529 1051 1561 Pr.
1077 1526 1100 1561 4
1116 1529 1162 1562 N.
1193 1528 1288 1562 idem
1309 1528 1475 1562 intuebar
1500 1532 1534 1571 7,
1555 1533 1588 1570 1,

101 1571 139 1606 6.
170 1582 282 1607 unum
303 1572 483 1607 intuentes
505 1575 572 1609 vix
597 1574 713 1619 aliqua
735 1586 817 1618 pars
841 1574 1000 1618 sequitur
1026 1576 1080 1617 10,
1105 1576 1141 1616 2,
1165 1575 1220 1608 26.
1250 1573 1362 1614 ‚simul
1385 1573 1504 1608 omnia
1532 1575 1588 1608 in-

99 1620 240 1654 ,tuemur
264 1619 330 1661 10,
357 1621 403 1661 7,
429 1620 485 1654 16.
536 1620 604 1654 alia
625 1620 795 1654 intuenda
819 1626 924 1663 sunt,
957 1619 1018 1654 ubi
1042 1620 1269 1664 conjecturae
1291 1630 1366 1653 non
1394 1620 1463 1654 erit
1485 1622 1589 1655 locus

54 1681 59 1688 »
103 1664 138 1705 3,
159 1664 196 1705 8,
221 1664 277 1698 18.
309 1675 356 1699 ne
382 1666 452 1699 hoc
476 1665 619 1710 quidem
645 1667 778 1700 nudum
801 1672 855 1700 est
879 1666 1088 1700 intuendum
1115 1668 1172 1707 12,
1197 1668 1231 1709 1,
1259 1668 1303 1699 37
1317 1679 1326 1707 ;
1360 1666 1441 1699 dum
1468 1668 1588 1701 locum

99 1714 344 1756 praesentem,
380 1721 455 1744 non
478 1717 588 1746 totam
610 1723 751 1745 causam
779 1711 961 1746 intuentur
984 1712 1026 1754 5,
1054 1713 1121 1753 13,
1149 1713 1208 1745 31.
1256 1722 1373 1755 neque
1398 1723 1487 1746 vero
1517 1719 1588 1747 tam

102 1757 187 1786 sunt
204 1752 366 1805 intuendi
386 1757 521 1800 pedes,
553 1768 657 1802 quam
679 1757 848 1792 universa
872 1757 1145 1801 comprehensio
1170 1757 1206 1799 9,
1229 1755 1368 1799 45115.
1419 1757 1589 1794 intuenda

105 1801 143 1830 et
165 1799 312 1832 consilia
334 1802 370 1841 7,
392 1803 428 1844 2,
447 1801 505 1836 42.
540 1802 732 1837 intuendae
760 1809 842 1838 sunt
864 1810 900 1838 et
922 1804 1106 1836 facultates
1131 1804 1166 1845 5,
1191 1804 1248 1844 10,
1271 1801 1329 1838 49.
1361 1803 1590 1849 uniuscujus-

105 1852 175 1885 que
203 1852 327 1876 eorum
346 1845 546 1891 fonunam,
569 1848 796 1901 dignitatem,
821 1859 880 1883 res
904 1854 1022 1895 gestas
1049 1848 1196 1882 intuitus
1224 1850 1256 1890 3,
1279 1850 1314 1888 8,
1333 1849 1390 1883 50.
1422 1849 1461 1892 in
1479 1852 1588 1885 rebus

46 1894 52 1900 '
103 1887 310 1921 intuendam
332 1887 600 1935 inventionem,
633 1905 673 1927 in
697 1894 820 1929 verbis
844 1894 1084 1928 elocutionem
1105 1895 1150 1936 8,
1176 1894 1236 1928 Pr.
1258 1894 1293 1928 6.
1326 1893 1457 1929 intueri
1481 1906 1588 1931 omne

103 1933 175 1967 litis
199 1932 468 1976 instrumentum
493 1941 549 1979 12,
572 1940 607 1980 8,
627 1941 683 1972 12.
710 1938 926 1973 intuebimur
947 1950 1020 1974 non
1042 1945 1292 1981 remiantum,
1321 1940 1384 1972 sed
1398 1951 1586 1984 personam

105 1989 248 2023 quoque
272 1984 308 2012 et
332 1980 449 2015 locum
475 1983 716 2027 multipliciter
746 1987 769 2018 7
782 2009 793 2024 ‚
824 1983 870 2026 4,
903 1987 960 2018 22.
1007 1984 1211 2028 proximum
1237 1990 1375 2028 tempus
1399 1987 1587 2032 lucemque

104 2029 327 2068 praesentem
349 2024 480 2060 intueri
508 2031 563 2070 12,
587 2031 622 2070 2,
636 2030 692 2063 31.
718 2034 875 2062 naturam
901 2029 1192 2071 intueamur,
1219 2030 1313 2063 hanc
1340 2042 1589 2076 sequamur
1614 2028 1618 2043 ³
1669 2044 1672 2046 “

103 2072 140 2112 8,
166 2072 201 2111 3,
229 2073 286 2104 71.
310 2067 369 2121 ps.
394 2072 440 2114 5,
464 2075 529 2114 12,
554 2074 610 2108 19.
659 2084 847 2117 personam
873 2074 1014 2117 saepius
1038 2075 1180 2108 decoris
1204 2074 1316 2120 gratia
1344 2075 1522 2114 intuemur
1549 2083 1584 2125 3,

104 2117 139 2158 8,
164 2115 223 2152 35.
252 2120 427 2149 rationem
453 2116 491 2150 in
514 2118 630 2152 causis
652 2119 799 2162 primam
823 2119 952 2153 intueri
975 2122 1009 2162 3,
1035 2120 1071 2162 6,
1095 2121 1153 2154 83.
1184 2131 1260 2154 rem
1284 2121 1398 2165 ipsam
1420 2123 1586 2161 intuean-

102 2166 162 2213 tur
186 2162 221 2203 5,
244 2163 279 2202 2,
304 2159 357 2212 4·-
372 2160 416 2202 cf.
442 2162 474 2204 5,
498 2165 565 2205 10,,
581 2165 636 2198 53.
673 2164 841 2198 intuenda
865 2175 992 2207 sexus,
1018 2165 1187 2212 dignitas,
1212 2172 1308 2200 aetas
1331 2170 1366 2210 3,
1391 2170 1426 2212 8,
1452 2172 1509 2206 38.
1545 2172 1583 2207 in

103 2207 229 2251 qmbus
253 2206 415 2241 simihter
436 2207 590 2251 speciem
616 2214 652 2243 et
674 2209 859 2244 utilitatem
886 2211 1065 2245 intuemur
1087 2213 1123 2255 3,
1139 2215 1174 2255 7,
1199 2214 1257 2246 27.
1292 2214 1431 2257 species
1452 2216 1584 2253 intueri

104 2255 160 2294 12,
188 2254 243 2294 10,
272 2254 326 2285 10.
344 2263 535 2304 ἐιιιιωιωιι
561 2255 776 2298 quaestionis
792 2256 877 2290 'non
901 2255 1159 2301 intueanturffi,
1185 2259 1239 2300 13,
1263 2259 1320 2294 35.
1362 2262 1490 2298 musici
1512 2275 1583 2299 vo-

104 2309 182 2330 cem
213 2298 439 2351 docentium,
476 2298 630 2343 pictores
658 2311 766 2345 opera
798 2302 957 2346 priorum
987 2310 1048 2336 etc.
1087 2302 1136 2336 in
1167 2306 1369 2350 exemplum
1400 2308 1583 2345 intuentur

105 2345 169 2394 10,
194 2345 236 2384 2,
266 2345 300 2376 2.
334 2354 410 2378 vim
434 2346 552 2388 potius
576 2346 708 2388 (verbi)
736 2347 851 2382 intuiti
876 2351 908 2390 1,
932 2349 968 2391 6,
990 2350 1054 2391 28;
1091 2349 1187 2384 hunc
1209 2351 1394 2386 utfflenm
1418 2355 1587 2393 homines,

102 2388 335 2440 intuebuntur
358 2392 425 2432 12,
450 2392 518 2434 10,
542 2391 601 2427 65.
652 2393 791 2437 plenius
814 2395 885 2428 hoc
909 2399 979 2438 atq.
1009 2395 1164 2438 apertius
1193 2395 1323 2431 intueri
1358 2410 1417 2433 ex
1451 2401 1528 2445 ips
1542 2404 1550 2436 i
1565 2416 1582 2437 s

105 2433 272 2488 operibus
293 2436 337 2477 2,
362 2437 427 2478 20,
450 2437 485 2470 8.
522 2436 581 2480 id,
607 2443 825 2483 tanquam
847 2451 905 2474 res
931 2445 1077 2486 agatur,
1108 2440 1238 2475 intueri
1262 2446 1297 2485 7,
1322 2446 1355 2486 1,
1379 2446 1436 2480 26.
1485 2447 1525 2491 γ)
1550 2463 1578 2482 ‹.·.

103 2485 263 2512 senienua
287 2483 382 2515 relat.
409 2489 467 2514 aut
490 2484 703 2526 interrogat„-
729 2486 811 2518 dum
828 2486 896 2519 alia
916 2485 1077 2530 dicimus,
1104 2498 1194 2531 quae
1219 2487 1346 2523 dicturi
1370 2501 1502 2533 sumus,
1526 2494 1582 2526 in-

68 2537 74 2543 *
104 2525 234 2558 tuenda
255 2530 338 2559 sunt
361 2529 417 2569 11,
439 2529 474 2568 2,
499 2523 549 2561 3.’
583 2541 794 2574 quocunque
819 2531 1061 2575 respexit,
1094 2533 1221 2567 desinit
1243 2533 1448 2579 intueri,
1485 2542 1580 2582 quod

56 2591 65 2596 ae
102 2569 322 2614 propositum
348 2577 424 2606 erat
449 2575 503 2615 10,
530 2575 563 2614 3,
588 2577 645 2610 23.
683 2577 851 2620 quidquid
877 2577 944 2611 erit
966 2577 1150 2612 sententiis
1173 2581 1366 2623 populare,
1401 2585 1501 2617 velut
1524 2585 1582 2618 in-

38 2712 58 2728 κ.

40 2732 62 2755 ⁹?

105 2615 207 2667 stitor
237 2616 378 2660 quidam
412 2619 635 2662 eloquentiae
668 2620 943 2656 intuendum
976 2629 1011 2656 et
1046 2632 1158 2668 paene
1195 2630 1579 2669 pertractandum

105 2661 201 2713 dabit
223 2663 257 2704 8,
282 2664 316 2715 3,
341 2665 404 2707 12;
436 2663 567 2699 intueri
592 2673 752 2710 oportet,
785 2669 880 2712 quod
903 2669 949 2702 sit
970 2679 1081 2715 genus
1111 2681 1239 2705 causae
1263 2674 1306 2714 3,
1328 2674 1371 2716 9,
1398 2675 1432 2709 6.
1470 2675 1499 2709 si
1523 2676 1581 2709 in-

104 2710 184 2740 tuiti
205 2707 387 2752 fuerimus,
416 2720 507 2754 quae
529 2711 575 2745 sit
597 2713 660 2748 lex
681 2716 717 2757 7,
730 2717 762 2758 1,
779 2713 834 2749 14.
859 2725 940 2749 cum
962 2715 1135 2763 sagaciter
1156 2716 1305 2752 intuitus
1330 2719 1452 2764 suerit,
1478 2723 1579 2767 cujus
