1728 3002
202 218 283 256 692
874 214 1042 258 Primus
1196 236 1200 237 ⁷
1304 212 1328 247 52
1377 264 1386 270 ἢ

246 330 483 372 temporibus,
517 341 598 375 cum
622 337 684 362 etc.
710 335 787 364 aut
821 330 857 365 iu
885 331 1026 366 solicito
1053 331 1207 371 civitatis
1235 338 1348 375 statu;
1384 333 1497 369 item
1529 335 1567 370 in
1592 337 1728 372 theatro

247 384 308 410 erc.
334 383 400 417 et,
437 376 464 409 si
490 386 563 410 non
593 387 714 410 errore
739 395 783 401 —
805 379 890 412 vel
914 378 1057 412 etim
1080 380 1110 413 si
1133 380 1228 414 sorte
1248 379 1387 415 invidia
1411 393 1477 416 —z
1510 387 1558 416 et
1580 382 1609 415 si
1651 384 1728 424 plus

247 423 350 456 etiam
373 421 488 455 videri
511 427 628 463 potest
649 422 831 466 voluisse,
872 435 976 468 quam
1004 424 1091 459 fecit
1114 425 1148 468 6,
1180 428 1213 468 1,
1239 426 1293 460 16.
1323 426 1377 460 17.
1402 426 1516 461 studia
1538 428 1728 470 sapientiae

245 469 282 502 in
308 469 463 510 porticus
486 474 522 501 et
552 469 734 513 gymnasia
758 478 844 512 pn,
871 481 975 504 mox
998 470 1036 504 in
1060 477 1262 513 conventus
1281 473 1484 506 scholarum
1505 480 1728 509 recesserunt

247 518 302 557 12,
327 518 362 555 2,
386 515 420 548 8.
446 526 477 547 υ.
503 515 542 547 M
555 525 626 548 ox.
652 524 711 555 pr.
736 516 807 549 hoc
833 516 1117 551 constituendum
1151 533 1194 540 —
1229 523 1304 559 est,
1337 523 1376 551 nt
1407 526 1468 552 etc.
1499 519 1728 555 Paulatim

245 572 303 594 res
337 561 477 593 facilius
512 572 550 594 se
588 562 777 594 ostendent
808 564 861 598 10.
900 564 934 605 3,
974 565 1007 598 9.
1057 563 1138 597 Alia
1169 570 1252 597 sunt
1283 563 1412 610 magis,
1459 571 1606 607 propter
1638 578 1728 610 quae

228 607 435 649 „partitione
464 617 536 640 non
564 616 704 648 semper
727 607 772 640 sit
795 610 986 642 utendum:
1014 619 1077 650 pr.
1104 609 1186 654 quia
1212 612 1380 654 pleraque
1403 611 1558 657 gratiora
1582 618 1677 651 sunt,
1700 611 1728 646 si

247 662 308 687 etc.
340 653 537 687 Interim
560 664 651 687 vero
676 653 782 686 etiam
806 655 982 688 fallendus
1010 662 1063 689 est
1085 655 1199 696 iudex
1221 675 1278 690 ——.
1303 657 1499 690 Interim
1522 657 1728 704 refugienda

245 699 319 734 'uon
343 700 451 733 modo
477 699 655 732 distinctio
679 700 924 743 quaestionum
948 707 1022 744 est,
1048 702 1110 736 sed
1138 709 1199 735 eto.
1221 700 1256 743 4,
1279 702 1314 744 5,
1336 701 1371 736 4.
1395 703 1462 739 Pr.
1488 704 1584 747 quod
1606 709 1728 746 tropus

245 746 402 787 apertior
426 751 479 779 est
504 765 562 779 —.
589 745 623 778 A
638 751 653 778 t
675 745 713 778 in
739 746 854 793 figura
879 754 939 781 etc.
967 749 1000 790 9,
1026 751 1060 790 2,
1084 747 1143 782 45.
1168 746 1226 782 46.
1271 749 1315 792 β)
1348 751 1538 792 simpliciter
1568 752 1728 792 positum.-

243 792 306 828 Pr.
333 791 386 835 (S
395 805 428 836 p.
453 793 531 824 Jam
554 790 636 834 pr.)
659 793 748 826 ordo
773 798 827 826 est
850 793 1065 839 geometriae
1094 793 1316 828 necessarius
1339 796 1373 837 1,
1399 797 1454 835 10,
1480 796 1526 829 37
1549 796 1597 829 Ν.
1624 809 1670 830 cr.
1698 802 1728 829 et

246 841 283 872 S.
310 840 368 872 Pr.
394 838 477 882 quia
500 843 582 871 sunt
606 837 739 878 optima
762 838 908 872 minime
936 839 1105 873 arcessita
1127 841 1161 882 8,
1189 841 1248 876 Pr.
1274 841 1320 874 23
1344 841 1391 874 N.
1414 841 1475 874 Ma
1504 840 1532 875 's
1556 846 1611 876 est
1631 840 1728 876 varia

241 887 319 919 laus
345 885 538 918 hominum.
587 884 677 916 Nam
701 893 754 925 pr.
782 885 953 919 dividitur
976 885 1015 919 iu
1037 892 1201 927 tempora
1224 887 1262 928 3,
1300 889 1337 928 7,
1359 887 1420 928 10.
1451 900 1471 920 c
1488 911 1497 920 .
1531 889 1568 929 2,
1606 890 1663 931 12,
1695 890 1728 928 1.

242 933 300 966 Pr.
322 929 430 977 igitur
453 931 497 962 de
521 929 647 963 ordine
670 931 705 972 9,
729 929 765 972 4,
789 934 845 965 22.
872 930 916 972 cfi
942 932 978 975 6,
1006 933 1041 975 3,
1067 933 1124 967 28.
1153 930 1227 976 [cf.
1250 933 1286 974 7,
1309 930 1347 975 4,
1369 933 1391 966 3
1415 933 1460 966 N.
1486 939 1518 966 et
1551 931 1613 978 S.]
1649 933 1728 978 quia

243 988 308 1020 pr.
335 976 535 1010 omnium
555 978 664 1010 multa
688 982 770 1010 sunt
795 982 830 1011 et
853 977 989 1013 Graece
1014 983 1050 1012 et
1072 977 1198 1012 Latine
1221 988 1296 1013 non
1324 978 1552 1013 denominata
1572 980 1608 1023 8,
1630 981 1666 1023 2,
1693 979 1728 1015 4.

195 1035 378 1077 Primus.
416 1046 450 1082 Ι)
476 1057 535 1088 per
557 1057 595 1078 se
615 1047 769 1088 positum.
809 1045 849 1085 α)
874 1047 1014 1080 Maso„-
1051 1045 1187 1087 primus
1208 1044 1384 1092 insignem
1410 1046 1564 1080 laudem'
1582 1046 1728 1088 adeptu.

242 1095 299 1135 10,
325 1095 358 1135 1,
383 1092 439 1127 93.
489 1091 550 1134 qui
575 1101 776 1124 sermonem
799 1090 903 1133 primi
927 1092 1091 1126 fecerunt
1115 1093 1151 1134 8,
1184 1092 1221 1135 6,
1249 1093 1305 1126 31.
1340 1097 1380 1125 ut
1410 1091 1566 1138 Messala
1595 1091 1728 1148 primuq

240 1145 432 1180 reatum,
469 1140 774 1170 munerarium
798 1137 982 1184 Augustus
1005 1138 1139 1179 primus
1163 1137 1333 1172 dixerunt
1355 1138 1392 1181 8,
1413 1140 1450 1181 3,
1475 1136 1532 1172 34.
1563 1136 1609 1179 cs.
1633 1139 1715 1180 1,‘7

238 1185 285 1219 25
309 1188 350 1218 Z.
382 1186 439 1227 11,
457 1186 493 1226 2,
513 1186 567 1217 11.
583 1183 612 1217 is
637 1183 771 1224 primus
798 1182 858 1227 (a.
881 1187 904 1217 l.
931 1183 1102 1226 primum)
1122 1183 1313 1218 inclinasse
1336 1184 1576 1229 eloquentiam
1602 1154 1728 1219 dicim}

241 1233 295 1270 10,
321 1233 354 1272 1,
374 1231 431 1264 80.
462 1229 663 1275 tragoedias
691 1229 824 1270 primus
849 1229 937 1273 (Sp.
959 1230 1128 1271 primum)
1153 1230 1192 1269 in
1214 1231 1331 1264 lucem
1352 1229 1555 1274 Aeschylus
1579 1229 1710 1274 protul‘

240 1278 297 1316 10,
324 1279 355 1315 1,
377 1276 422 1310 66
449 1276 483 1308 S.
509 1285 562 1316 pr.
588 1276 778 1321 rogabatur
803 1275 1015 1310 sententiam
1037 1277 1073 1320 6,
1104 1278 1140 1319 3,
1173 1277 1232 1312 9'1.
1279 1277 1520 1311 Romanorum
1549 1275 1703 1318 primu

240 1320 401 1355 condidit
423 1321 539 1364 aliqua
561 1320 600 1353 in
625 1323 691 1354 hac
714 1322 862 1355 materia
885 1322 937 1355 M.
966 1321 1067 1365 Cato,
1091 1331 1178 1363 pos
1192 1327 1207 1356 t
1238 1322 1292 1356 Μ.
1321 1321 1502 1356 Antonius
1523 1321 1706 1365 inchoavit

239 1385 286 1393 —·
311 1366 474 1400 Secuti
498 1366 614 1399 minus
643 1367 804 1400 celebres
827 1369 862 1408 3,
887 1370 921 1410 1,
959 1368 1023 1409 193
1069 1367 1122 1400 illi
1146 1368 1288 1401 rudes
1319 1367 1484 1402 homines
1514 1365 1649 1411 pri-mi
1707 1407 1710 1412 ⁵

239 1414 276 1453 8,
302 1414 336 1454 3,
365 1412 421 1446 36.
469 1411 574 1452 primi
597 1411 650 1444 illl
672 1415 706 1453 2,
739 1414 795 1453 17,
835 1414 892 1446 10.
940 1412 1004 1455 (de
1038 1412 1283 1454 grammaticis)
1312 1415 1348 1455 2,
1386 1416 1419 1455 1,
1457 1411 1495 1446 4.
1539 1411 1582 1456 β)
1604 1414 1700 1446 Neu

239 1458 278 1502 a)
303 1459 514 1500 simpliciter.-
553 1457 654 1501 quasi
681 1456 771 1490 nihil
795 1456 842 1490 sit
862 1458 918 1491 fas
942 1463 1080 1490 rectum
1107 1469 1208 1500 esse,
1234 1459 1330 1501 quod
1355 1457 1507 1499 primum
1530 1463 1584 1492 est
1609 1460 1685 1502 10,,

237 1506 275 1540 3.
300 1509 339 1537 ut
354 1504 415 1537 illa
440 1503 555 1537 statim
575 1503 687 1545 prima
709 1503 744 1545 9,
766 1506 800 1546 2,
825 1501 884 1537 47.
908 1503 1097 1546 in‘quibus
1114 1503 1272 1537 maxime
1297 1508 1380 1537 sunt
1406 1503 1571 1546 personis
1593 1505 1673 1550 jun
1699 1509 1703 1512 ’

238 1561 330 1594 quae
356 1550 510 1594 agimus,
539 1549 694 1593 ideoque
719 1548 832 1590 prima
854 1550 1039 1582 tractanda
1061 1550 1094 1591 5,
1119 1551 1178 1592 10,
1201 1551 1259 1583 52.
1284 1550 1501 1591 procedente
1522 1550 1593 1594 jam
1616 1559 1687 1592 op

237 1596 427 1629 minima
451 1595 626 1636 incipiunt
649 1606 748 1637 esse,
779 1606 870 1638 quae
904 1596 1052 1636 prima
1087 1600 1172 1628 sunt
1204 1596 1261 1637 10,
1301 1597 1341 1638 1,,
1369 1593 1413 1634 4.,
1449 1596 1552 1641 cuius
1582 1602 1696 1630 ornai·

235 1642 275 1676 in
298 1643 388 1676 haec
412 1643 483 1675 duo
507 1642 618 1683 prima
642 1640 814 1676 dividitur
835 1642 871 1683 8,
906 1643 941 1683 3,
965 1639 1024 1675 40.
1070 1641 1110 1683 b)
1136 1643 1169 1674 in
1205 1639 1470 1684 compamtione:
1509 1646 1566 1683 est
1594 1641 1645 1685 alix

235 1688 282 1722 in
309 1688 406 1722 omni
429 1688 578 1722 materia
603 1686 812 1721 naturaliter
834 1685 985 1728 primum
1008 1688 1044 1729 3,
1066 1688 1102 1730 8,
1125 1687 1160 1722 6.
1188 1684 1236 1727 cf.
1263 1687 1299 1729 5,
1322 1689 1358 1728 7.
1372 1687 1438 1729 26;
1462 1687 1527 1722 Ex
1545 1686 1603 1726 his
1685 1705 1695 1723 ’γ

237 1741 292 1768 est
314 1734 466 1776 primum
493 1735 528 1776 9,
551 1737 586 1776 2,
612 1734 668 1768 66.
717 1733 746 1766 E
771 1731 898 1776 quibus
923 1732 1075 1774 primum
1098 1732 1164 1775 sit,
1195 1733 1293 1776 quod
1331 1732 1371 1766 fit
1393 1741 1457 1775 per
1488 1732 1657 1775 adiectio
1676 1749 1691 1763 ι·

235 1782 270 1823 9,
296 1783 329 1822 3,
355 1781 411 1815 28.
452 1779 625 1823 judicialis
646 1779 820 1814 orationis
845 1778 1043 1820 primum
1068 1785 1104 1812 et
1138 1787 1287 1820 super
1319 1778 1477 1814 omnia
1507 1788 1612 1823 esse,
1650 1794 1683 1826 ⁹³.

236 1828 388 1860 suadere
414 1834 476 1862 etc.
502 1831 537 1867 2,
567 1826 624 1868 15,
653 1828 709 1859 12.
756 1823 791 1867 c)
819 1827 991 1858 contrariis
1019 1827 1201 1868 excipitun
1248 1829 1288 1858 ut
1309 1824 1463 1859 media
1493 1823 1681 1870 primis

235 1884 403 1906 summa
425 1871 592 1906 mediis
611 1871 924 1905 accommodentur
941 1871 975 1910 9,
989 1871 1086 1913 3,’78.
1113 1883 1144 1904 υ.
1165 1869 1357 1904 Medius.
1382 1870 1423 1904 iu
1438 1869 1494 1904 his
1513 1875 1653 1905 extre

234 1930 279 1952 ac
306 1918 452 1960 prima
477 1923 609 1952 coeunt
631 1918 666 1959 9,
690 1916 726 1960 4,
747 1916 805 1950 44.
854 1915 1028 1951 Similium
1053 1918 1129 1950 fere
1153 1916 1375 1960 quadruplex
1406 1916 1499 1951 ratio
1522 1921 1587 1951 est·
1643 1922 1676 1961 Νι
1722 1955 1727 1967 ί

235 1970 290 1999 est
314 1964 512 2006 primum
541 1980 595 1998 —.
638 1963 900 1998 Secundum
935 1979 993 1995 -—.
1036 1962 1246 1996 Tertium
1276 1966 1332 1996 est
1352 1981 1411 1996 ———.
1445 1962 1562 1996 Etiam
1588 1967 1630 2002 ut
1656 1988 1690 1997 —v

234 2011 360 2054 (quod
385 2017 439 2044 est
463 2008 700 2054 quartum)
722 2010 889 2043 membris
913 2007 1119 2052 aequalibus
1153 2009 1189 2051 9,
1217 2009 1252 2050 3,
1275 2008 1424 2042 75-80.
1468 2006 1509 2042 'in
1535 2011 1677 2049 proce?

234 2065 303 2098 pr.
334 2062 388 2090 est
410 2055 542 2100 aliquid
566 2061 601 2090 et
625 2056 878 2089 secundum
900 2066 941 2089 ac
967 2054 1200 2095 deinceps
1224 2056 1259 2096 7,
1283 2055 1341 2096 10,
1365 2055 1387 2087 5
1409 2064 1444 2088 v.
1467 2046 1674 2092 Βθὶιισδ

232 2103 270 2135 id
295 2103 390 2146 quod
415 2113 462 2136 ex
483 2102 538 2135 his
562 2103 756 2143 primum
786 2106 840 2134 est
876 2118 918 2127 -·
951 2110 1152 2144 sequeus
1181 2117 1227 2125 —
1258 2099 1523 2143 tertiumff,
1557 2100 1594 2144 9,
1624 2100 1667 2135 9.

233 2148 422 2193 Sequor.
460 2147 494 2190 d)
524 2161 591 2193 seq.
616 2154 659 2181 ut
685 2154 744 2180 aut
768 2145 879 2186 Infi:
907 2146 1102 2188 primum
1126 2150 1192 2188 est,
1214 2149 1263 2178 ut
1284 2145 1418 2190 liqueat
1439 2145 1633 2188 —f‘.*¹rum
1665 2142 1670 2157 ³

229 2195 264 2236 8,
292 2196 322 2233 3,
345 2193 401 2228 40.
433 2193 475 2234 cs.
504 2197 559 2236 10,
587 2197 622 2236 2,
652 2195 705 2228 18.
732 2194 799 2226 Pr.
827 2197 881 2226 est
904 2191 1031 2239 igitur,
1069 2197 1115 2224 ut
1153 2200 1208 2232 ap.
1233 2201 1300 2224 nos
1336 2191 1482 2225 valeant
1514 2201 1579 2235 ea,
1632 2208 1661 2223 ι1

231 2241 353 2274 valere
378 2249 432 2281 ap.
459 2239 611 2283 judicem
634 2240 804 2275 volumus
826 2239 862 2281 6,
886 2241 921 2279 2,
947 2238 1015 2279 28;
1055 2236 1221 2270 invenire
1246 2245 1307 2277 pr.
1341 2236 1411 2270 fuit
1435 2240 1569 2280 estque-
1588 2241 1668 2278 pr'

229 2282 420 2327 cipuu'm
445 2288 500 2328 10,
524 2289 559 2327 2,
587 2288 620 2319 1.
667 2284 779 2319 iniis
803 2293 856 2325 pr.
882 2288 936 2318 est
963 2284 1053 2317 bene
1084 2281 1185 2315 ‘affici
1218 2283 1274 2324 11,
1307 2283 1343 2324 3,
1380 2282 1438 2316 62.
1482 2287 1533 2316 ut·
1553 2290 1619 2324 pr·
1649 2328 1651 2330 q

228 2333 336 2366 domo
358 2332 483 2365 afferre
503 2337 658 2373 paratam
682 2330 824 2365 dicendi
848 2329 996 2372 copiam,
1023 2328 1071 2362 ita
1087 2328 1244 2362 refutare
1258 2326 1430 2369 temporis
1447 2327 1646 2370 munmln

226 2377 554 2411 stultissimum
585 2381 640 2411 est
668 2379 724 2420 10,
748 2377 784 2420 6,
805 2376 842 2410 6.
1644 2394 1646 2396 v

320 2446 372 2487 11)
396 2458 423 2478 c.
445 2446 555 2477 Subst.
585 2442 625 2487 α)
641 2445 684 2477 de
699 2444 814 2476 ordine
828 2444 862 2474 in
877 2441 1094 2478 numerando.
1125 2441 1163 2484 a)
1180 2442 1264 2474 dum
1287 2439 1356 2476 erit
1378 2440 1518 2483 prime
1539 2444 1577 2476 et
1599 2451 1642 2475 ο

225 2490 376 2532 posita
404 2490 497 2524 actio
524 2493 580 2532 11,
605 2491 641 2532 3,
670 2491 750 2523 110.
775 2485 879 2530 cs.'6,
904 2484 939 2527 4,
968 2485 1023 2519 14.
1072 2495 1124 2528 pr.
1154 2493 1250 2521 aetas
1276 2487 1334 2520 Pr.
1362 2487 1396 2522 6.
1418 2498 1452 2521 v.
1477 2486 1544 2522 Ae
1557 2487 1657 2531 tn's.
1711 2507 1713 2511 ι

225 2545 277 2576 pr.
302 2537 404 2571 velut
430 2542 612 2577 aspectum
642 2537 698 2578 10,
721 2537 757 2577 2,
783 2533 838 2568 16.
884 2532 1082 2566 fabularum
1104 2533 1237 2574 primus
1265 2538 1388 2567 auctor
1410 2532 1444 2575 5,
1473 2534 1530 2574 11,
1557 2525 1628 2568 1Ἠ.’
1649 2547 1651 2550 ·

224 2589 372 2616 conatus
396 2585 431 2624 2,
460 2583 516 2624 10,
545 2585 578 2616 7.
628 2592 718 2625 quae
750 2581 836 2613 duas
867 2578 996 2619 primas
1034 2584 1272 2613 consonantes
1302 2578 1410 2612 habet
1440 2574 1566 2620 (eya.)
1610 2582 1617 2595 '

221 2627 278 2659 85.
307 2637 361 2667 pr.
387 2630 563 2661 elementa
586 2628 643 2660 Pr.
671 2630 727 2660 21.
773 2634 827 2666 pr.
851 2623 890 2658 in
918 2625 989 2658 hoc
1012 2625 1094 2658 loco
1118 2624 1236 2666 posuit
1267 2623 1433 2664 exempla
1456 2633 1504 2656 ex
1528 2630 1590 2658 etc.
1606 2656 1616 2666 .
1709 2632 1711 2666 j

221 2671 278 2705 59.
306 2681 360 2712 pr,
385 2673 613 2714 expositione
641 2675 695 2714 12,
719 2673 754 2713 8,
778 2672 814 2706 8.
862 2669 974 2711 prima
1001 2670 1208 2704 barbarismi
1239 2681 1281 2704 ac
1319 2668 1524 2703 soloecismi
1555 2663 1587 2702 f·
1605 2671 1630 2709 ·'.'
1664 2679 1666 2682 ’

221 2715 311 2749 absit
338 2720 368 2759 1,
397 2721 429 2759 5,
456 2721 487 2753 5.
536 2728 602 2759 pr.
628 2717 789 2751 statim
814 2715 936 2750 fronte
961 2718 1017 2759 12,
1041 2719 1076 2758 7,
1106 2717 1141 2751 8.
1177 2725 1232 2758 pr.
1262 2713 1323 2748 hic
1350 2715 1454 2757 labor
1493 2720 1551 2750 est

219 2762 276 2795 18.
303 2771 355 2802 pr.
378 2763 486 2796 labris
512 2767 565 2806 12,
590 2766 625 2806 2,
649 2762 684 2797 4.
713 2773 766 2805 pr.
795 2761 920 2796 literae
945 2765 976 2805 1,
1005 2764 1038 2804 1,
1061 2763 1095 2796 8.
1126 2764 1159 2804 1,
1186 2763 1241 2803 10,
1267 2761 1325 2795 35.
1361 2769 1415 2802 pr.
1440 2762 1523 2795 loco
1543 2760 1642 2803 9,
1705 2779 1709 2787 ·

219 2817 391 2842 marmora
421 2809 617 2843 deformata
650 2818 703 2850 pr.
729 2819 834 2843 manu
857 2809 892 2852 5,
918 2810 974 2850 11,
1012 2808 1057 2841 30
1088 2808 1135 2841 N.
1183 2815 1235 2847 pr.
1269 2806 1462 2841 memoriae
1510 2809 1543 2848 1⁴,
1573 2803 1650 2850 531
