<?xml version="1.0" encoding="UTF-8"?>
<!DOCTYPE html PUBLIC "-//W3C//DTD XHTML 1.0 Transitional//EN"
    "http://www.w3.org/TR/xhtml1/DTD/xhtml1-transitional.dtd">
<html xmlns="http://www.w3.org/1999/xhtml" xml:lang="en" lang="en">
 <head>
  <title>
</title>
<meta http-equiv="Content-Type" content="text/html;charset=utf-8" />
  <meta name='ocr-system' content='tesseract 3.04.00' />
  <meta name='ocr-capabilities' content='ocr_page ocr_carea ocr_par ocr_line ocrx_word'/>
</head>
<body>
  <div class='ocr_page' id='page_1' title='image "./lexiconquintilia06bonnuoft/lexiconquintilia06bonnuoft_0404.png"; bbox 0 0 1728 3002; ppageno 0'>
   <div class='ocr_carea' id='block_1_1' title="bbox 134 274 1159 332">
    <p class='ocr_par' dir='ltr' id='par_1_1' title="bbox 134 274 1159 332">
     <span class='ocr_line' id='line_1_1' title="bbox 134 274 1159 332; baseline 0 -16"><span class='ocrx_word' id='word_1_1' title='bbox 134 277 216 317; x_wconf 76' lang='lat'><strong>312</strong></span> <span class='ocrx_word' id='word_1_2' title='bbox 643 276 830 318; x_wconf 89' lang='lat' dir='ltr'><strong>Exorior</strong></span> <span class='ocrx_word' id='word_1_3' title='bbox 867 298 922 306; x_wconf 89' lang='lat'><strong>—</strong></span> <span class='ocrx_word' id='word_1_4' title='bbox 963 274 1159 332; x_wconf 85' lang='lat' dir='ltr'><strong>Expedio</strong></span> 
     </span>
    </p>
   </div>
   <div class='ocr_carea' id='block_1_2' title="bbox 138 387 1671 491">
    <p class='ocr_par' dir='ltr' id='par_1_2' title="bbox 138 387 1671 491">
     <span class='ocr_line' id='line_1_2' title="bbox 138 387 1671 445; baseline 0.002 -14"><span class='ocrx_word' id='word_1_5' title='bbox 138 387 340 440; x_wconf 77' lang='lat' dir='ltr'><strong>Exorior·</strong></span> <span class='ocrx_word' id='word_1_6' title='bbox 404 398 516 434; x_wconf 87' lang='lat' dir='ltr'><strong>hino</strong></span> <span class='ocrx_word' id='word_1_7' title='bbox 539 401 702 444; x_wconf 82' lang='lat' dir='ltr'>quaestio</span> <span class='ocrx_word' id='word_1_8' title='bbox 727 400 889 443; x_wconf 80' lang='lat' dir='ltr'><strong>exoritur</strong></span> <span class='ocrx_word' id='word_1_9' title='bbox 917 401 1062 444; x_wconf 75' lang='lat' dir='ltr'><strong>dejure</strong></span> <span class='ocrx_word' id='word_1_10' title='bbox 1094 400 1144 445; x_wconf 87' lang='lat'><strong>5,</strong></span> <span class='ocrx_word' id='word_1_11' title='bbox 1176 401 1246 443; x_wconf 89' lang='lat'><strong>10,</strong></span> <span class='ocrx_word' id='word_1_12' title='bbox 1280 401 1359 435; x_wconf 87' lang='lat'><strong>113.</strong></span> <span class='ocrx_word' id='word_1_13' title='bbox 1392 395 1450 434; x_wconf 80' lang='lat' dir='ltr'><strong>ex</strong></span> <span class='ocrx_word' id='word_1_14' title='bbox 1482 399 1570 434; x_wconf 87' lang='lat' dir='ltr'><strong>hoc</strong></span> <span class='ocrx_word' id='word_1_15' title='bbox 1602 398 1671 434; x_wconf 81' lang='lat' dir='ltr'><strong>alia</strong></span> 
     </span>
     <span class='ocr_line' id='line_1_3' title="bbox 182 444 1668 491; baseline 0.001 -12"><span class='ocrx_word' id='word_1_16' title='bbox 182 445 271 480; x_wconf 90' lang='lat' dir='ltr'><strong>mihi</strong></span> <span class='ocrx_word' id='word_1_17' title='bbox 297 445 458 490; x_wconf 82' lang='lat' dir='ltr'>quaestio</span> <span class='ocrx_word' id='word_1_18' title='bbox 482 445 645 480; x_wconf 78' lang='lat' dir='ltr'><strong>exoritur</strong></span> <span class='ocrx_word' id='word_1_19' title='bbox 669 450 726 490; x_wconf 83' lang='lat'><strong>12,</strong></span> <span class='ocrx_word' id='word_1_20' title='bbox 749 451 786 491; x_wconf 91' lang='lat'><strong>2,</strong></span> <span class='ocrx_word' id='word_1_21' title='bbox 809 450 868 482; x_wconf 88' lang='lat'><strong>23.</strong></span> <span class='ocrx_word' id='word_1_22' title='bbox 898 446 1004 482; x_wconf 90' lang='lat' dir='ltr'><strong>inde</strong></span> <span class='ocrx_word' id='word_1_23' title='bbox 1034 446 1097 481; x_wconf 89' lang='lat' dir='ltr'><strong>illa</strong></span> <span class='ocrx_word' id='word_1_24' title='bbox 1122 444 1282 491; x_wconf 74' lang='lat' dir='ltr'><strong>quaestio</strong></span> <span class='ocrx_word' id='word_1_25' title='bbox 1305 444 1469 480; x_wconf 76' lang='lat' dir='ltr'><strong>exoritur</strong></span> <span class='ocrx_word' id='word_1_26' title='bbox 1491 447 1526 490; x_wconf 86' lang='lat'><strong>1,</strong></span> <span class='ocrx_word' id='word_1_27' title='bbox 1554 447 1588 488; x_wconf 92' lang='grc'><strong>5,</strong></span> <span class='ocrx_word' id='word_1_28' title='bbox 1612 447 1668 480; x_wconf 89' lang='grc'><strong>58.</strong></span> 
     </span>
    </p>
   </div>
   <div class='ocr_carea' id='block_1_3' title="bbox 138 490 1671 592">
    <p class='ocr_par' dir='ltr' id='par_1_3' title="bbox 138 490 1671 592">
     <span class='ocr_line' id='line_1_4' title="bbox 138 490 1671 584; baseline -0.001 -47"><span class='ocrx_word' id='word_1_29' title='bbox 138 490 389 584; x_wconf 53' lang='grc' dir='ltr'><strong>Εξῡΐῐίἓῑίίέ·</strong></span> <span class='ocrx_word' id='word_1_30' title='bbox 410 549 451 583; x_wconf 79' lang='lat' dir='ltr'><em>N</em></span> <span class='ocrx_word' id='word_1_31' title='bbox 477 503 701 538; x_wconf 81' lang='lat' dir='ltr'><strong>confirmatio</strong></span> <span class='ocrx_word' id='word_1_32' title='bbox 741 505 876 551; x_wconf 84' lang='lat' dir='ltr'><strong>primae</strong></span> <span class='ocrx_word' id='word_1_33' title='bbox 921 515 963 539; x_wconf 87' lang='lat' dir='ltr'><strong>ac</strong></span> <span class='ocrx_word' id='word_1_34' title='bbox 1008 504 1190 538; x_wconf 87' lang='lat' dir='ltr'><strong>secundae</strong></span> <span class='ocrx_word' id='word_1_35' title='bbox 1237 502 1348 548; x_wconf 88' lang='lat' dir='ltr'><strong>partis</strong></span> <span class='ocrx_word' id='word_1_36' title='bbox 1398 507 1435 537; x_wconf 82' lang='lat' dir='ltr'><strong>et</strong></span> <span class='ocrx_word' id='word_1_37' title='bbox 1481 502 1671 537; x_wconf 81' lang='lat' dir='ltr'><strong>exornatio</strong></span> 
     </span>
     <span class='ocr_line' id='line_1_5' title="bbox 143 572 456 592; baseline 0.006 -11"><span class='ocrx_word' id='word_1_38' title='bbox 143 578 146 581; x_wconf 93' lang='lat'><strong>.</strong></span> <span class='ocrx_word' id='word_1_39' title='bbox 219 575 229 592; x_wconf 93' lang='lat'>‚</span> <span class='ocrx_word' id='word_1_40' title='bbox 323 575 333 591; x_wconf 91' lang='lat'><strong>,</strong></span> <span class='ocrx_word' id='word_1_41' title='bbox 448 572 456 583; x_wconf 92' lang='lat'><strong>.</strong></span> 
     </span>
    </p>
   </div>
   <div class='ocr_carea' id='block_1_4' title="bbox 138 593 1688 1113">
    <p class='ocr_par' dir='ltr' id='par_1_4' title="bbox 138 593 1673 654">
     <span class='ocr_line' id='line_1_6' title="bbox 138 593 1673 654; baseline 0 -16"><span class='ocrx_word' id='word_1_42' title='bbox 138 593 331 635; x_wconf 77' lang='lat' dir='ltr'><strong>EXOI&#39;DO·</strong></span> <span class='ocrx_word' id='word_1_43' title='bbox 366 604 407 648; x_wconf 88' lang='grc' dir='ltr'><strong>α)</strong></span> <span class='ocrx_word' id='word_1_44' title='bbox 426 604 582 640; x_wconf 87' lang='lat' dir='ltr'><strong>exornat</strong></span> <span class='ocrx_word' id='word_1_45' title='bbox 596 606 720 641; x_wconf 87' lang='lat' dir='ltr'><strong>aetatis</strong></span> <span class='ocrx_word' id='word_1_46' title='bbox 739 613 880 642; x_wconf 83' lang='lat' dir='ltr'><strong>nostrae</strong></span> <span class='ocrx_word' id='word_1_47' title='bbox 896 606 1045 654; x_wconf 79' lang='lat' dir='ltr'>gloriam</span> <span class='ocrx_word' id='word_1_48' title='bbox 1063 606 1123 641; x_wconf 85' lang='lat' dir='ltr'><strong>vir</strong></span> <span class='ocrx_word' id='word_1_49' title='bbox 1139 606 1341 640; x_wconf 84' lang='lat' dir='ltr'><strong>seculorum</strong></span> <span class='ocrx_word' id='word_1_50' title='bbox 1358 603 1531 639; x_wconf 84' lang='lat' dir='ltr'><strong>memoria</strong></span> <span class='ocrx_word' id='word_1_51' title='bbox 1546 603 1673 651; x_wconf 83' lang='lat' dir='ltr'><strong>dignus</strong></span> 
     </span>
    </p>

    <p class='ocr_par' dir='ltr' id='par_1_5' title="bbox 139 651 1674 837">
     <span class='ocr_line' id='line_1_7' title="bbox 139 651 1674 696; baseline -0.001 -11"><span class='ocrx_word' id='word_1_52' title='bbox 139 675 143 679; x_wconf 80' lang='lat'><em>-</em></span> <span class='ocrx_word' id='word_1_53' title='bbox 186 654 253 694; x_wconf 90' lang='lat'><strong>10,</strong></span> <span class='ocrx_word' id='word_1_54' title='bbox 279 654 312 694; x_wconf 90' lang='lat'><strong>1,</strong></span> <span class='ocrx_word' id='word_1_55' title='bbox 340 652 419 685; x_wconf 85' lang='grc'><strong>104.</strong></span> <span class='ocrx_word' id='word_1_56' title='bbox 457 653 572 686; x_wconf 90' lang='lat' dir='ltr'><strong>cultus</strong></span> <span class='ocrx_word' id='word_1_57' title='bbox 600 653 781 688; x_wconf 87' lang='lat' dir='ltr'><strong>muliebris</strong></span> <span class='ocrx_word' id='word_1_58' title='bbox 806 661 841 691; x_wconf 87' lang='lat' dir='ltr'><strong>et</strong></span> <span class='ocrx_word' id='word_1_59' title='bbox 862 654 1070 688; x_wconf 85' lang='lat' dir='ltr'><strong>luxuriosus</strong></span> <span class='ocrx_word' id='word_1_60' title='bbox 1094 663 1170 686; x_wconf 89' lang='lat' dir='ltr'><strong>non</strong></span> <span class='ocrx_word' id='word_1_61' title='bbox 1200 662 1330 696; x_wconf 92' lang='lat' dir='ltr'><strong>corpus</strong></span> <span class='ocrx_word' id='word_1_62' title='bbox 1361 655 1576 693; x_wconf 82' lang='lat' dir='ltr'><strong>exornat,</strong></span> <span class='ocrx_word' id='word_1_63' title='bbox 1609 651 1674 684; x_wconf 85' lang='lat' dir='ltr'><strong>sed</strong></span> 
     </span>
     <span class='ocr_line' id='line_1_8' title="bbox 185 695 1674 746; baseline -0.001 -16"><span class='ocrx_word' id='word_1_64' title='bbox 185 698 368 746; x_wconf 76' lang='lat' dir='ltr'><strong>detegit</strong></span> <span class='ocrx_word' id='word_1_65' title='bbox 393 704 548 732; x_wconf 81' lang='lat' dir='ltr'><strong>mentem</strong></span> <span class='ocrx_word' id='word_1_66' title='bbox 571 700 606 741; x_wconf 87' lang='grc'><strong>8,</strong></span> <span class='ocrx_word' id='word_1_67' title='bbox 630 701 688 733; x_wconf 88' lang='lat' dir='ltr'><strong>Pr.</strong></span> <span class='ocrx_word' id='word_1_68' title='bbox 713 702 771 734; x_wconf 83' lang='lat'><strong>20.</strong></span> <span class='ocrx_word' id='word_1_69' title='bbox 827 699 872 746; x_wconf 79' lang='grc' dir='ltr'><strong>β)</strong></span> <span class='ocrx_word' id='word_1_70' title='bbox 901 701 1060 734; x_wconf 78' lang='lat' dir='ltr'><strong>dicendo.-</strong></span> <span class='ocrx_word' id='word_1_71' title='bbox 1093 702 1249 733; x_wconf 86' lang='lat' dir='ltr'><strong>exornat</strong></span> <span class='ocrx_word' id='word_1_72' title='bbox 1273 699 1364 732; x_wconf 86' lang='lat' dir='ltr'><strong>haec</strong></span> <span class='ocrx_word' id='word_1_73' title='bbox 1386 697 1476 730; x_wconf 85' lang='lat' dir='ltr'><strong>mira</strong></span> <span class='ocrx_word' id='word_1_74' title='bbox 1499 695 1674 730; x_wconf 83' lang='lat' dir='ltr'><strong>sermonis</strong></span> 
     </span>
     <span class='ocr_line' id='line_1_9' title="bbox 185 743 1674 790; baseline 0 -14"><span class='ocrx_word' id='word_1_75' title='bbox 185 744 360 790; x_wconf 74' lang='lat' dir='ltr'><strong>elegantia</strong></span> <span class='ocrx_word' id='word_1_76' title='bbox 390 747 452 786; x_wconf 87' lang='lat'><strong>10,</strong></span> <span class='ocrx_word' id='word_1_77' title='bbox 483 747 517 788; x_wconf 87' lang='lat'><strong>1,</strong></span> <span class='ocrx_word' id='word_1_78' title='bbox 546 746 623 779; x_wconf 89' lang='lat'><strong>114.</strong></span> <span class='ocrx_word' id='word_1_79' title='bbox 665 746 824 790; x_wconf 74' lang='lat' dir='ltr'><strong>singulos</strong></span> <span class='ocrx_word' id='word_1_80' title='bbox 850 745 986 789; x_wconf 69' lang='lat' dir='ltr'><strong>(testes)</strong></span> <span class='ocrx_word' id='word_1_81' title='bbox 1010 750 1050 778; x_wconf 90' lang='lat' dir='ltr'><strong>ut</strong></span> <span class='ocrx_word' id='word_1_82' title='bbox 1076 755 1330 787; x_wconf 83' lang='lat' dir='ltr'><strong>exornare,</strong></span> <span class='ocrx_word' id='word_1_83' title='bbox 1358 743 1408 777; x_wconf 81' lang='lat' dir='ltr'><strong>ita</strong></span> <span class='ocrx_word' id='word_1_84' title='bbox 1430 744 1674 777; x_wconf 81' lang='lat' dir='ltr'><strong>destruere</strong></span> 
     </span>
     <span class='ocr_line' id='line_1_10' title="bbox 185 789 1674 837; baseline -0.001 -13"><span class='ocrx_word' id='word_1_85' title='bbox 185 792 219 832; x_wconf 82' lang='lat'><strong>5,</strong></span> <span class='ocrx_word' id='word_1_86' title='bbox 245 793 278 832; x_wconf 88' lang='grc'><strong>7,</strong></span> <span class='ocrx_word' id='word_1_87' title='bbox 307 791 372 831; x_wconf 83' lang='grc'><strong>25;</strong></span> <span class='ocrx_word' id='word_1_88' title='bbox 405 802 475 834; x_wconf 87' lang='lat' dir='ltr'><strong>qua</strong></span> <span class='ocrx_word' id='word_1_89' title='bbox 505 793 739 836; x_wconf 49' lang='lat' dir='ltr'><strong>(paraphrasi)</strong></span> <span class='ocrx_word' id='word_1_90' title='bbox 765 793 929 827; x_wconf 82' lang='lat' dir='ltr'><strong>breviare</strong></span> <span class='ocrx_word' id='word_1_91' title='bbox 954 792 1128 837; x_wconf 85' lang='lat' dir='ltr'><strong>quaedam</strong></span> <span class='ocrx_word' id='word_1_92' title='bbox 1151 796 1187 824; x_wconf 92' lang='lat' dir='ltr'><strong>et</strong></span> <span class='ocrx_word' id='word_1_93' title='bbox 1210 792 1408 832; x_wconf 86' lang='lat' dir='ltr'><strong>exornare,</strong></span> <span class='ocrx_word' id='word_1_94' title='bbox 1440 789 1542 823; x_wconf 84' lang='lat' dir='ltr'><strong>salvo</strong></span> <span class='ocrx_word' id='word_1_95' title='bbox 1564 789 1674 823; x_wconf 88' lang='lat' dir='ltr'><strong>modo</strong></span> 
     </span>
    </p>

    <p class='ocr_par' dir='ltr' id='par_1_6' title="bbox 143 833 1688 1113">
     <span class='ocr_line' id='line_1_11' title="bbox 143 833 1675 882; baseline -0.001 -14"><span class='ocrx_word' id='word_1_96' title='bbox 143 862 145 864; x_wconf 60' lang='grc'><strong>,</strong></span> <span class='ocrx_word' id='word_1_97' title='bbox 184 842 312 879; x_wconf 88' lang='lat' dir='ltr'><strong>poetae</strong></span> <span class='ocrx_word' id='word_1_98' title='bbox 337 847 443 869; x_wconf 90' lang='lat' dir='ltr'><strong>sensu</strong></span> <span class='ocrx_word' id='word_1_99' title='bbox 466 837 678 880; x_wconf 82' lang='lat' dir='ltr'><strong>permittitur</strong></span> <span class='ocrx_word' id='word_1_100' title='bbox 702 841 743 882; x_wconf 93' lang='lat'><strong>1,</strong></span> <span class='ocrx_word' id='word_1_101' title='bbox 770 840 812 882; x_wconf 89' lang='grc'><strong>9,</strong></span> <span class='ocrx_word' id='word_1_102' title='bbox 838 842 872 872; x_wconf 81' lang='grc'><strong>2.</strong></span> <span class='ocrx_word' id='word_1_103' title='bbox 903 844 942 872; x_wconf 92' lang='lat' dir='ltr'><strong>ut</strong></span> <span class='ocrx_word' id='word_1_104' title='bbox 964 837 1077 871; x_wconf 87' lang='lat' dir='ltr'><strong>nostri</strong></span> <span class='ocrx_word' id='word_1_105' title='bbox 1100 839 1230 881; x_wconf 73' lang='lat' dir='ltr'><strong>poetae</strong></span> <span class='ocrx_word' id='word_1_106' title='bbox 1255 856 1302 862; x_wconf 95' lang='lat'><strong>—</strong></span> <span class='ocrx_word' id='word_1_107' title='bbox 1327 835 1471 869; x_wconf 85' lang='lat' dir='ltr'><strong>illorum</strong></span> <span class='ocrx_word' id='word_1_108' title='bbox 1497 833 1675 877; x_wconf 71' lang='lat' dir='ltr'><strong>(Graeco-</strong></span> 
     </span>
     <span class='ocr_line' id='line_1_12' title="bbox 185 881 1675 926; baseline 0 -13"><span class='ocrx_word' id='word_1_109' title='bbox 185 881 280 925; x_wconf 83' lang='lat' dir='ltr'><strong>rum)</strong></span> <span class='ocrx_word' id='word_1_110' title='bbox 304 881 340 915; x_wconf 91' lang='lat' dir='ltr'><strong>id</strong></span> <span class='ocrx_word' id='word_1_111' title='bbox 366 882 544 926; x_wconf 83' lang='lat' dir='ltr'><strong>(carmen)</strong></span> <span class='ocrx_word' id='word_1_112' title='bbox 569 884 772 918; x_wconf 89' lang='lat' dir='ltr'><strong>nominibus</strong></span> <span class='ocrx_word' id='word_1_113' title='bbox 797 890 976 919; x_wconf 81' lang='lat' dir='ltr'><strong>exornent</strong></span> <span class='ocrx_word' id='word_1_114' title='bbox 1001 886 1056 926; x_wconf 91' lang='lat'><strong>12,</strong></span> <span class='ocrx_word' id='word_1_115' title='bbox 1082 885 1138 925; x_wconf 92' lang='grc'><strong>10,</strong></span> <span class='ocrx_word' id='word_1_116' title='bbox 1163 884 1219 917; x_wconf 86' lang='grc'><strong>33.</strong></span> <span class='ocrx_word' id='word_1_117' title='bbox 1255 887 1296 915; x_wconf 86' lang='lat' dir='ltr'><strong>ut</strong></span> <span class='ocrx_word' id='word_1_118' title='bbox 1319 881 1586 924; x_wconf 82' lang='lat' dir='ltr'><strong>&#39;extemporales</strong></span> <span class='ocrx_word' id='word_1_119' title='bbox 1610 890 1675 914; x_wconf 90' lang='lat' dir='ltr'><strong>eo-</strong></span> 
     </span>
     <span class='ocr_line' id='line_1_13' title="bbox 159 927 1688 971; baseline -0.001 -11"><span class='ocrx_word' id='word_1_120' title='bbox 159 945 162 949; x_wconf 94' lang='lat'>·</span> <span class='ocrx_word' id='word_1_121' title='bbox 183 938 263 961; x_wconf 86' lang='lat' dir='ltr'><strong>rum</strong></span> <span class='ocrx_word' id='word_1_122' title='bbox 290 928 465 962; x_wconf 87' lang='lat' dir='ltr'><strong>dictiones</strong></span> <span class='ocrx_word' id='word_1_123' title='bbox 488 929 544 962; x_wconf 89' lang='lat' dir='ltr'><strong>his</strong></span> <span class='ocrx_word' id='word_1_124' title='bbox 569 931 670 964; x_wconf 82' lang='lat' dir='ltr'><strong>velut</strong></span> <span class='ocrx_word' id='word_1_125' title='bbox 694 931 913 965; x_wconf 83' lang='lat' dir='ltr'><strong>emblematis</strong></span> <span class='ocrx_word' id='word_1_126' title='bbox 938 934 1202 965; x_wconf 83' lang='lat' dir='ltr'><strong>exornarentur</strong></span> <span class='ocrx_word' id='word_1_127' title='bbox 1223 931 1258 971; x_wconf 87' lang='lat'><strong>2,</strong></span> <span class='ocrx_word' id='word_1_128' title='bbox 1277 927 1313 971; x_wconf 90' lang='grc'><strong>4,</strong></span> <span class='ocrx_word' id='word_1_129' title='bbox 1329 931 1384 962; x_wconf 94' lang='grc'><strong>27.</strong></span> <span class='ocrx_word' id='word_1_130' title='bbox 1413 937 1550 961; x_wconf 87' lang='lat' dir='ltr'><strong>morem</strong></span> <span class='ocrx_word' id='word_1_131' title='bbox 1574 932 1688 960; x_wconf 81' lang='lat' dir='ltr'><strong>com-&#39;</strong></span> 
     </span>
     <span class='ocr_line' id='line_1_14' title="bbox 181 973 1676 1021; baseline 0 -15"><span class='ocrx_word' id='word_1_132' title='bbox 181 973 298 1007; x_wconf 84' lang='lat' dir='ltr'><strong>munis</strong></span> <span class='ocrx_word' id='word_1_133' title='bbox 323 974 429 1018; x_wconf 86' lang='lat' dir='ltr'><strong>hujus</strong></span> <span class='ocrx_word' id='word_1_134' title='bbox 455 976 631 1010; x_wconf 89' lang='lat' dir='ltr'><strong>sermonis</strong></span> <span class='ocrx_word' id='word_1_135' title='bbox 655 978 787 1011; x_wconf 90' lang='lat' dir='ltr'><strong>decore</strong></span> <span class='ocrx_word' id='word_1_136' title='bbox 810 978 963 1021; x_wconf 87' lang='lat' dir='ltr'><strong>quodam</strong></span> <span class='ocrx_word' id='word_1_137' title='bbox 986 975 1131 1010; x_wconf 87' lang='lat' dir='ltr'><strong>scenico</strong></span> <span class='ocrx_word' id='word_1_138' title='bbox 1155 979 1335 1009; x_wconf 82' lang='lat' dir='ltr'><strong>exornant</strong></span> <span class='ocrx_word' id='word_1_139' title='bbox 1360 975 1395 1016; x_wconf 83' lang='grc'><strong>2,</strong></span> <span class='ocrx_word' id='word_1_140' title='bbox 1419 973 1476 1015; x_wconf 88' lang='grc'><strong>10,</strong></span> <span class='ocrx_word' id='word_1_141' title='bbox 1505 973 1560 1007; x_wconf 89' lang='grc'><strong>13.</strong></span> <span class='ocrx_word' id='word_1_142' title='bbox 1593 983 1676 1006; x_wconf 84' lang='lat' dir='ltr'><strong>nar-</strong></span> 
     </span>
     <span class='ocr_line' id='line_1_15' title="bbox 183 1018 1675 1066; baseline 0 -14"><span class='ocrx_word' id='word_1_143' title='bbox 183 1020 359 1054; x_wconf 84' lang='lat' dir='ltr'><strong>rationem</strong></span> <span class='ocrx_word' id='word_1_144' title='bbox 385 1021 482 1055; x_wconf 89' lang='lat' dir='ltr'><strong>omni</strong></span> <span class='ocrx_word' id='word_1_145' title='bbox 514 1023 625 1066; x_wconf 74' lang='lat' dir='ltr'><strong>gratia</strong></span> <span class='ocrx_word' id='word_1_146' title='bbox 653 1035 694 1056; x_wconf 84' lang='lat' dir='ltr'><strong>ac</strong></span> <span class='ocrx_word' id='word_1_147' title='bbox 717 1034 852 1058; x_wconf 84' lang='lat' dir='ltr'><strong>venere</strong></span> <span class='ocrx_word' id='word_1_148' title='bbox 877 1023 1124 1057; x_wconf 85' lang='lat' dir='ltr'><strong>exornandam</strong></span> <span class='ocrx_word' id='word_1_149' title='bbox 1139 1018 1188 1065; x_wconf 59' lang='grc'><strong>’4,</strong></span> <span class='ocrx_word' id='word_1_150' title='bbox 1211 1024 1253 1064; x_wconf 91' lang='grc'><strong>2,</strong></span> <span class='ocrx_word' id='word_1_151' title='bbox 1279 1021 1359 1055; x_wconf 84' lang='lat'><strong>116.</strong></span> <span class='ocrx_word' id='word_1_152' title='bbox 1394 1023 1594 1054; x_wconf 71' lang='lat' dir='ltr'><strong>exer-natm·</strong></span> <span class='ocrx_word' id='word_1_153' title='bbox 1616 1028 1675 1052; x_wconf 76' lang='lat' dir='ltr'><strong>res</strong></span> 
     </span>
     <span class='ocr_line' id='line_1_16' title="bbox 183 1066 960 1113; baseline 0.006 -15"><span class='ocrx_word' id='word_1_154' title='bbox 183 1070 258 1099; x_wconf 86' lang='lat' dir='ltr'><strong>tota</strong></span> <span class='ocrx_word' id='word_1_155' title='bbox 282 1066 439 1101; x_wconf 79' lang='lat' dir='ltr'><strong>maxime</strong></span> <span class='ocrx_word' id='word_1_156' title='bbox 465 1068 757 1103; x_wconf 86' lang='lat' dir='ltr'><strong>translationibus</strong></span> <span class='ocrx_word' id='word_1_157' title='bbox 779 1070 815 1113; x_wconf 87' lang='lat'><strong>8,</strong></span> <span class='ocrx_word' id='word_1_158' title='bbox 840 1070 874 1113; x_wconf 89' lang='grc'><strong>6,</strong></span> <span class='ocrx_word' id='word_1_159' title='bbox 901 1067 960 1103; x_wconf 87' lang='grc'><strong>41.</strong></span> 
     </span>
    </p>
   </div>
   <div class='ocr_carea' id='block_1_5' title="bbox 138 1109 1677 1215">
    <p class='ocr_par' dir='ltr' id='par_1_7' title="bbox 138 1109 1677 1215">
     <span class='ocr_line' id='line_1_17' title="bbox 138 1109 1677 1171; baseline 0.001 -15"><span class='ocrx_word' id='word_1_160' title='bbox 138 1109 299 1152; x_wconf 81' lang='lat' dir='ltr'><strong>EXOI&#39;O·</strong></span> <span class='ocrx_word' id='word_1_161' title='bbox 354 1124 424 1158; x_wconf 90' lang='lat' dir='ltr'><strong>nisi</strong></span> <span class='ocrx_word' id='word_1_162' title='bbox 459 1126 670 1161; x_wconf 84' lang='lat' dir='ltr'><strong>exoraverit</strong></span> <span class='ocrx_word' id='word_1_163' title='bbox 703 1132 838 1171; x_wconf 87' lang='lat' dir='ltr'><strong>patrem</strong></span> <span class='ocrx_word' id='word_1_164' title='bbox 871 1127 914 1168; x_wconf 89' lang='grc'><strong>9,</strong></span> <span class='ocrx_word' id='word_1_165' title='bbox 938 1129 982 1169; x_wconf 88' lang='grc'><strong>2,</strong></span> <span class='ocrx_word' id='word_1_166' title='bbox 1005 1125 1062 1161; x_wconf 90' lang='grc'><strong>90.</strong></span> <span class='ocrx_word' id='word_1_167' title='bbox 1103 1127 1257 1159; x_wconf 77' lang='lat' dir='ltr'><strong>exorato</strong></span> <span class='ocrx_word' id='word_1_168' title='bbox 1277 1127 1378 1167; x_wconf 83' lang='lat' dir='ltr'><strong>patre</strong></span> <span class='ocrx_word' id='word_1_169' title='bbox 1406 1123 1450 1157; x_wconf 80' lang='lat' dir='ltr'><strong>ib.</strong></span> <span class='ocrx_word' id='word_1_170' title='bbox 1477 1120 1677 1170; x_wconf 63' lang='lat' dir='ltr'><strong>epiphone-</strong></span> 
     </span>
     <span class='ocr_line' id='line_1_18' title="bbox 183 1171 1128 1215; baseline 0.005 -15"><span class='ocrx_word' id='word_1_171' title='bbox 183 1175 276 1205; x_wconf 82' lang='lat' dir='ltr'><strong>mata</strong></span> <span class='ocrx_word' id='word_1_172' title='bbox 300 1176 360 1204; x_wconf 87' lang='lat' dir='ltr'><strong>aut</strong></span> <span class='ocrx_word' id='word_1_173' title='bbox 383 1172 647 1215; x_wconf 87' lang='lat' dir='ltr'><strong>enthymemata</strong></span> <span class='ocrx_word' id='word_1_174' title='bbox 674 1173 902 1207; x_wconf 76' lang='lat' dir='ltr'><strong>exorabunt?</strong></span> <span class='ocrx_word' id='word_1_175' title='bbox 930 1175 986 1215; x_wconf 87' lang='lat'><strong>11,</strong></span> <span class='ocrx_word' id='word_1_176' title='bbox 1011 1175 1046 1215; x_wconf 90' lang='lat'><strong>1,</strong></span> <span class='ocrx_word' id='word_1_177' title='bbox 1072 1171 1128 1205; x_wconf 87' lang='lat'><strong>52.</strong></span> 
     </span>
    </p>
   </div>
   <div class='ocr_carea' id='block_1_6' title="bbox 138 1211 1676 1364">
    <p class='ocr_par' dir='ltr' id='par_1_8' title="bbox 138 1211 1676 1364">
     <span class='ocr_line' id='line_1_19' title="bbox 138 1211 1676 1275; baseline 0.002 -21"><span class='ocrx_word' id='word_1_178' title='bbox 138 1211 361 1267; x_wconf 76' lang='lat' dir='ltr'><strong>Expatior.</strong></span> <span class='ocrx_word' id='word_1_179' title='bbox 404 1233 444 1260; x_wconf 83' lang='lat' dir='ltr'><strong>ut</strong></span> <span class='ocrx_word' id='word_1_180' title='bbox 466 1229 694 1271; x_wconf 85' lang='lat' dir='ltr'><strong>expatientur</strong></span> <span class='ocrx_word' id='word_1_181' title='bbox 717 1235 753 1262; x_wconf 89' lang='lat' dir='ltr'><strong>et</strong></span> <span class='ocrx_word' id='word_1_182' title='bbox 780 1230 958 1275; x_wconf 86' lang='lat' dir='ltr'><strong>gaudeant</strong></span> <span class='ocrx_word' id='word_1_183' title='bbox 981 1227 1127 1261; x_wconf 86' lang='lat' dir='ltr'><strong>materia</strong></span> <span class='ocrx_word' id='word_1_184' title='bbox 1151 1226 1318 1270; x_wconf 80' lang='lat' dir='ltr'><strong>(juvenes)</strong></span> <span class='ocrx_word' id='word_1_185' title='bbox 1339 1226 1375 1262; x_wconf 84' lang='lat'><strong>2.</strong></span> <span class='ocrx_word' id='word_1_186' title='bbox 1400 1226 1457 1266; x_wconf 87' lang='lat'><strong>10,</strong></span> <span class='ocrx_word' id='word_1_187' title='bbox 1482 1223 1515 1258; x_wconf 88' lang='grc'><strong>5.</strong></span> <span class='ocrx_word' id='word_1_188' title='bbox 1546 1223 1577 1258; x_wconf 85' lang='lat' dir='ltr'><strong>si</strong></span> <span class='ocrx_word' id='word_1_189' title='bbox 1600 1233 1676 1257; x_wconf 85' lang='lat' dir='ltr'><strong>ex-</strong></span> 
     </span>
     <span class='ocr_line' id='line_1_20' title="bbox 175 1269 1676 1319; baseline -0.001 -16"><span class='ocrx_word' id='word_1_190' title='bbox 175 1270 351 1313; x_wconf 86' lang='lat' dir='ltr'><strong>·patiari</strong></span> <span class='ocrx_word' id='word_1_191' title='bbox 388 1271 426 1306; x_wconf 86' lang='lat' dir='ltr'><strong>in</strong></span> <span class='ocrx_word' id='word_1_192' title='bbox 458 1280 561 1317; x_wconf 86' lang='lat' dir='ltr'><strong>parte</strong></span> <span class='ocrx_word' id='word_1_193' title='bbox 585 1275 652 1308; x_wconf 89' lang='lat' dir='ltr'><strong>hac</strong></span> <span class='ocrx_word' id='word_1_194' title='bbox 676 1274 787 1308; x_wconf 84' lang='lat' dir='ltr'><strong>velim</strong></span> <span class='ocrx_word' id='word_1_195' title='bbox 814 1280 850 1307; x_wconf 90' lang='lat' dir='ltr'><strong>et</strong></span> <span class='ocrx_word' id='word_1_196' title='bbox 882 1274 1134 1319; x_wconf 86' lang='lat' dir='ltr'><strong>indulgere</strong></span> <span class='ocrx_word' id='word_1_197' title='bbox 1163 1269 1338 1313; x_wconf 83' lang='lat' dir='ltr'><strong>voluptati</strong></span> <span class='ocrx_word' id='word_1_198' title='bbox 1369 1271 1409 1312; x_wconf 87' lang='lat'><strong>2,</strong></span> <span class='ocrx_word' id='word_1_199' title='bbox 1439 1272 1504 1311; x_wconf 90' lang='lat'><strong>17,</strong></span> <span class='ocrx_word' id='word_1_200' title='bbox 1530 1272 1562 1303; x_wconf 90' lang='lat'><strong>1.</strong></span> <span class='ocrx_word' id='word_1_201' title='bbox 1603 1269 1676 1303; x_wconf 88' lang='lat' dir='ltr'><strong>hoo</strong></span> 
     </span>
     <span class='ocr_line' id='line_1_21' title="bbox 181 1313 1619 1364; baseline 0 -15"><span class='ocrx_word' id='word_1_202' title='bbox 181 1317 389 1360; x_wconf 87' lang='lat' dir='ltr'><strong>expatiandi</strong></span> <span class='ocrx_word' id='word_1_203' title='bbox 411 1329 524 1364; x_wconf 83' lang='lat' dir='ltr'><strong>genus</strong></span> <span class='ocrx_word' id='word_1_204' title='bbox 547 1318 583 1363; x_wconf 87' lang='grc'><strong>4,</strong></span> <span class='ocrx_word' id='word_1_205' title='bbox 609 1322 643 1364; x_wconf 87' lang='grc'><strong>3,</strong></span> <span class='ocrx_word' id='word_1_206' title='bbox 666 1318 711 1363; x_wconf 86' lang='grc'><strong>4;</strong></span> <span class='ocrx_word' id='word_1_207' title='bbox 738 1319 941 1363; x_wconf 86' lang='lat' dir='ltr'><strong>expatiatur</strong></span> <span class='ocrx_word' id='word_1_208' title='bbox 962 1319 1001 1352; x_wconf 89' lang='lat' dir='ltr'><strong>in</strong></span> <span class='ocrx_word' id='word_1_209' title='bbox 1022 1320 1115 1351; x_wconf 87' lang='lat' dir='ltr'><strong>latus</strong></span> <span class='ocrx_word' id='word_1_210' title='bbox 1142 1316 1344 1358; x_wconf 79' lang='lat' dir='ltr'><strong>(brachium)</strong></span> <span class='ocrx_word' id='word_1_211' title='bbox 1369 1317 1427 1358; x_wconf 86' lang='lat'><strong>11,</strong></span> <span class='ocrx_word' id='word_1_212' title='bbox 1449 1316 1485 1358; x_wconf 83' lang='lat'><strong>3,</strong></span> <span class='ocrx_word' id='word_1_213' title='bbox 1507 1313 1555 1349; x_wconf 80' lang='lat'><strong>84</strong></span> <span class='ocrx_word' id='word_1_214' title='bbox 1570 1315 1619 1349; x_wconf 80' lang='lat' dir='ltr'><strong>N.</strong></span> 
     </span>
    </p>
   </div>
   <div class='ocr_carea' id='block_1_7' title="bbox 136 1370 1721 1856">
    <p class='ocr_par' dir='ltr' id='par_1_9' title="bbox 136 1370 1678 1519">
     <span class='ocr_line' id='line_1_22' title="bbox 136 1370 1678 1431; baseline -0.008 -4"><span class='ocrx_word' id='word_1_215' title='bbox 136 1370 403 1426; x_wconf 70' lang='lat' dir='ltr'><strong>Expaveseo·</strong></span> <span class='ocrx_word' id='word_1_216' title='bbox 461 1397 535 1420; x_wconf 89' lang='lat' dir='ltr'><strong>non</strong></span> <span class='ocrx_word' id='word_1_217' title='bbox 559 1393 778 1431; x_wconf 82' lang='lat' dir='ltr'><strong>expavescet</strong></span> <span class='ocrx_word' id='word_1_218' title='bbox 802 1387 1066 1421; x_wconf 85' lang='lat' dir='ltr'><strong>circumventus</strong></span> <span class='ocrx_word' id='word_1_219' title='bbox 1088 1385 1131 1428; x_wconf 88' lang='lat'><strong>6,</strong></span> <span class='ocrx_word' id='word_1_220' title='bbox 1155 1386 1192 1426; x_wconf 90' lang='grc'><strong>2,</strong></span> <span class='ocrx_word' id='word_1_221' title='bbox 1218 1385 1276 1418; x_wconf 88' lang='grc'><strong>31.</strong></span> <span class='ocrx_word' id='word_1_222' title='bbox 1312 1381 1373 1424; x_wconf 88' lang='lat' dir='ltr'><strong>id,</strong></span> <span class='ocrx_word' id='word_1_223' title='bbox 1398 1386 1440 1415; x_wconf 84' lang='lat' dir='ltr'><strong>ut</strong></span> <span class='ocrx_word' id='word_1_224' title='bbox 1462 1380 1598 1416; x_wconf 85' lang='lat' dir='ltr'><strong>crimen</strong></span> <span class='ocrx_word' id='word_1_225' title='bbox 1619 1380 1678 1416; x_wconf 81' lang='lat' dir='ltr'><strong>in-</strong></span> 
     </span>
     <span class='ocr_line' id='line_1_23' title="bbox 182 1428 1677 1508; baseline -0.004 -40"><span class='ocrx_word' id='word_1_226' title='bbox 182 1440 284 1508; x_wconf 69' lang='lat' dir='ltr'><strong>ggn8‚</strong></span> <span class='ocrx_word' id='word_1_227' title='bbox 310 1434 628 1475; x_wconf 84' lang='lat' dir='ltr'><strong>expavescendum</strong></span> <span class='ocrx_word' id='word_1_228' title='bbox 651 1439 705 1468; x_wconf 86' lang='lat' dir='ltr'><strong>est</strong></span> <span class='ocrx_word' id='word_1_229' title='bbox 722 1435 759 1478; x_wconf 88' lang='grc'><strong>9,</strong></span> <span class='ocrx_word' id='word_1_230' title='bbox 773 1435 808 1478; x_wconf 86' lang='grc'><strong>3,</strong></span> <span class='ocrx_word' id='word_1_231' title='bbox 823 1435 879 1469; x_wconf 88' lang='lat'><strong>35.</strong></span> <span class='ocrx_word' id='word_1_232' title='bbox 913 1431 1122 1468; x_wconf 90' lang='lat' dir='ltr'><strong>contionum</strong></span> <span class='ocrx_word' id='word_1_233' title='bbox 1145 1428 1309 1464; x_wconf 82' lang='lat' dir='ltr'><strong>fremitus</strong></span> <span class='ocrx_word' id='word_1_234' title='bbox 1332 1437 1406 1462; x_wconf 88' lang='lat' dir='ltr'><strong>non</strong></span> <span class='ocrx_word' id='word_1_235' title='bbox 1429 1437 1677 1472; x_wconf 73' lang='lat' dir='ltr'><strong>expavescere</strong></span> 
     </span>
     <span class='ocr_line' id='line_1_24' title="bbox 183 1479 416 1519; baseline 0.009 -8"><span class='ocrx_word' id='word_1_236' title='bbox 183 1479 199 1508; x_wconf 82' lang='lat' dir='ltr'><strong>‘l</strong></span> <span class='ocrx_word' id='word_1_237' title='bbox 236 1501 247 1518; x_wconf 89' lang='lat'><strong>,</strong></span> <span class='ocrx_word' id='word_1_238' title='bbox 283 1479 322 1519; x_wconf 83' lang='lat'><strong>3,</strong></span> <span class='ocrx_word' id='word_1_239' title='bbox 359 1480 416 1513; x_wconf 83' lang='lat'><strong>30.</strong></span> 
     </span>
    </p>

    <p class='ocr_par' dir='ltr' id='par_1_10' title="bbox 138 1519 1721 1856">
     <span class='ocr_line' id='line_1_25' title="bbox 138 1519 1678 1583; baseline -0.005 -11"><span class='ocrx_word' id='word_1_240' title='bbox 138 1519 405 1576; x_wconf 65' lang='lat' dir='ltr'><strong>Expectatio·</strong></span> <span class='ocrx_word' id='word_1_241' title='bbox 451 1536 598 1570; x_wconf 83' lang='lat' dir='ltr'><strong>fortuna</strong></span> <span class='ocrx_word' id='word_1_242' title='bbox 621 1536 722 1571; x_wconf 85' lang='lat' dir='ltr'><strong>affert</strong></span> <span class='ocrx_word' id='word_1_243' title='bbox 745 1535 1033 1580; x_wconf 85' lang='lat' dir='ltr'><strong>expectationem</strong></span> <span class='ocrx_word' id='word_1_244' title='bbox 1060 1535 1106 1578; x_wconf 87' lang='grc'><strong>3,</strong></span> <span class='ocrx_word' id='word_1_245' title='bbox 1128 1533 1169 1576; x_wconf 89' lang='grc'><strong>8,</strong></span> <span class='ocrx_word' id='word_1_246' title='bbox 1193 1530 1251 1567; x_wconf 81' lang='grc'><strong>48.</strong></span> <span class='ocrx_word' id='word_1_247' title='bbox 1285 1536 1455 1583; x_wconf 66' lang='lat' dir='ltr'><strong>qnantum</strong></span> <span class='ocrx_word' id='word_1_248' title='bbox 1476 1529 1583 1564; x_wconf 83' lang='lat' dir='ltr'><strong>nobis</strong></span> <span class='ocrx_word' id='word_1_249' title='bbox 1605 1536 1678 1565; x_wconf 79' lang='lat' dir='ltr'><strong>ex-</strong></span> 
     </span>
     <span class='ocr_line' id='line_1_26' title="bbox 183 1574 1676 1626; baseline -0.001 -14"><span class='ocrx_word' id='word_1_250' title='bbox 183 1579 397 1622; x_wconf 87' lang='lat' dir='ltr'><strong>pectationis</strong></span> <span class='ocrx_word' id='word_1_251' title='bbox 428 1583 559 1626; x_wconf 84' lang='lat' dir='ltr'><strong>adjecit</strong></span> <span class='ocrx_word' id='word_1_252' title='bbox 588 1582 632 1626; x_wconf 94' lang='lat'><strong>4,</strong></span> <span class='ocrx_word' id='word_1_253' title='bbox 664 1585 722 1617; x_wconf 88' lang='lat' dir='ltr'><strong>Pr.</strong></span> <span class='ocrx_word' id='word_1_254' title='bbox 751 1584 782 1617; x_wconf 88' lang='lat'><strong>5.</strong></span> <span class='ocrx_word' id='word_1_255' title='bbox 828 1582 867 1615; x_wconf 85' lang='lat' dir='ltr'><strong>in</strong></span> <span class='ocrx_word' id='word_1_256' title='bbox 899 1579 1118 1626; x_wconf 85' lang='lat' dir='ltr'><strong>decipiendis</strong></span> <span class='ocrx_word' id='word_1_257' title='bbox 1143 1577 1454 1622; x_wconf 74' lang='lat' dir='ltr'><strong>expectatiombus</strong></span> <span class='ocrx_word' id='word_1_258' title='bbox 1475 1575 1524 1622; x_wconf 67' lang='lat' dir='ltr'><strong>fi,</strong></span> <span class='ocrx_word' id='word_1_259' title='bbox 1546 1577 1592 1619; x_wconf 79' lang='lat'><strong>3,</strong></span> <span class='ocrx_word' id='word_1_260' title='bbox 1614 1574 1676 1611; x_wconf 82' lang='lat'><strong>24.</strong></span> 
     </span>
     <span class='ocr_line' id='line_1_27' title="bbox 174 1620 1676 1675; baseline -0.001 -18"><span class='ocrx_word' id='word_1_261' title='bbox 174 1635 265 1658; x_wconf 68' lang='lat' dir='ltr'><strong>&#39;cum</strong></span> <span class='ocrx_word' id='word_1_262' title='bbox 292 1628 579 1669; x_wconf 80' lang='lat' dir='ltr'><strong>expectationem</strong></span> <span class='ocrx_word' id='word_1_263' title='bbox 608 1628 666 1673; x_wconf 85' lang='lat' dir='ltr'><strong>(a.</strong></span> <span class='ocrx_word' id='word_1_264' title='bbox 694 1634 717 1663; x_wconf 81' lang='lat'><strong>1.</strong></span> <span class='ocrx_word' id='word_1_265' title='bbox 743 1627 1043 1672; x_wconf 84' lang='lat' dir='ltr'><strong>explicationem)</strong></span> <span class='ocrx_word' id='word_1_266' title='bbox 1077 1623 1374 1675; x_wconf 71' lang='lat' dir='ltr'><strong>gravissimorum</strong></span> <span class='ocrx_word' id='word_1_267' title='bbox 1393 1620 1544 1656; x_wconf 81' lang='lat' dir='ltr'><strong>fecimus</strong></span> <span class='ocrx_word' id='word_1_268' title='bbox 1572 1621 1614 1666; x_wconf 83' lang='lat'><strong>9,</strong></span> <span class='ocrx_word' id='word_1_269' title='bbox 1638 1624 1676 1666; x_wconf 82' lang='lat'><strong>2,</strong></span> 
     </span>
     <span class='ocr_line' id='line_1_28' title="bbox 182 1668 1676 1718; baseline -0.003 -15"><span class='ocrx_word' id='word_1_270' title='bbox 182 1672 239 1703; x_wconf 75' lang='lat'><strong>23.</strong></span> <span class='ocrx_word' id='word_1_271' title='bbox 275 1672 405 1706; x_wconf 86' lang='lat' dir='ltr'><strong>habeat</strong></span> <span class='ocrx_word' id='word_1_272' title='bbox 427 1675 583 1709; x_wconf 83' lang='lat' dir='ltr'><strong>narratio</strong></span> <span class='ocrx_word' id='word_1_273' title='bbox 607 1693 652 1698; x_wconf 91' lang='lat'>—</span> <span class='ocrx_word' id='word_1_274' title='bbox 675 1674 947 1718; x_wconf 84' lang='lat' dir='ltr'><strong>expectationes</strong></span> <span class='ocrx_word' id='word_1_275' title='bbox 973 1680 1034 1707; x_wconf 79' lang='lat' dir='ltr'><strong>etc.</strong></span> <span class='ocrx_word' id='word_1_276' title='bbox 1058 1671 1094 1714; x_wconf 87' lang='grc'><strong>4,</strong></span> <span class='ocrx_word' id='word_1_277' title='bbox 1117 1674 1152 1713; x_wconf 92' lang='grc'><strong>2,</strong></span> <span class='ocrx_word' id='word_1_278' title='bbox 1178 1671 1244 1704; x_wconf 80' lang='grc'><strong>107</strong></span> <span class='ocrx_word' id='word_1_279' title='bbox 1256 1681 1266 1711; x_wconf 91' lang='grc'><strong>;</strong></span> <span class='ocrx_word' id='word_1_280' title='bbox 1297 1668 1415 1702; x_wconf 84' lang='lat' dir='ltr'><strong>sublto</strong></span> <span class='ocrx_word' id='word_1_281' title='bbox 1438 1678 1484 1701; x_wconf 85' lang='lat' dir='ltr'><strong>an</strong></span> <span class='ocrx_word' id='word_1_282' title='bbox 1505 1673 1676 1709; x_wconf 86' lang='lat' dir='ltr'><strong>expecta-</strong></span> 
     </span>
     <span class='ocr_line' id='line_1_29' title="bbox 182 1711 1675 1765; baseline -0.001 -16"><span class='ocrx_word' id='word_1_283' title='bbox 182 1715 282 1750; x_wconf 86' lang='lat' dir='ltr'><strong>tione</strong></span> <span class='ocrx_word' id='word_1_284' title='bbox 309 1724 423 1752; x_wconf 87' lang='lat' dir='ltr'><strong>tortus</strong></span> <span class='ocrx_word' id='word_1_285' title='bbox 460 1722 500 1763; x_wconf 88' lang='grc'><strong>6,</strong></span> <span class='ocrx_word' id='word_1_286' title='bbox 529 1724 567 1762; x_wconf 92' lang='grc'><strong>1,</strong></span> <span class='ocrx_word' id='word_1_287' title='bbox 597 1722 651 1755; x_wconf 83' lang='grc'><strong>18.</strong></span> <span class='ocrx_word' id='word_1_288' title='bbox 699 1721 791 1754; x_wconf 86' lang='lat' dir='ltr'><strong>mala</strong></span> <span class='ocrx_word' id='word_1_289' title='bbox 818 1731 919 1753; x_wconf 89' lang='lat' dir='ltr'><strong>mens</strong></span> <span class='ocrx_word' id='word_1_290' title='bbox 947 1737 991 1743; x_wconf 96' lang='lat'>—</span> <span class='ocrx_word' id='word_1_291' title='bbox 1017 1726 1211 1762; x_wconf 86' lang='lat' dir='ltr'><strong>poenarum</strong></span> <span class='ocrx_word' id='word_1_292' title='bbox 1238 1713 1397 1748; x_wconf 75' lang='lat' dir='ltr'><strong>omnium</strong></span> <span class='ocrx_word' id='word_1_293' title='bbox 1424 1711 1675 1765; x_wconf 71' lang='lat' dir='ltr'><strong>expectatione</strong></span> 
     </span>
     <span class='ocr_line' id='line_1_30' title="bbox 184 1761 1721 1810; baseline -0.008 -4"><span class='ocrx_word' id='word_1_294' title='bbox 184 1767 372 1807; x_wconf 80' lang='lat' dir='ltr'><strong>torquetur</strong></span> <span class='ocrx_word' id='word_1_295' title='bbox 400 1769 461 1808; x_wconf 81' lang='lat'><strong>¹2,</strong></span> <span class='ocrx_word' id='word_1_296' title='bbox 489 1770 527 1808; x_wconf 87' lang='lat'><strong>1,</strong></span> <span class='ocrx_word' id='word_1_297' title='bbox 555 1770 598 1808; x_wconf 78' lang='lat'><strong>73</strong></span> <span class='ocrx_word' id='word_1_298' title='bbox 632 1779 738 1810; x_wconf 85' lang='lat' dir='ltr'><strong>supra</strong></span> <span class='ocrx_word' id='word_1_299' title='bbox 762 1764 1051 1809; x_wconf 84' lang='lat' dir='ltr'><strong>expectationem</strong></span> <span class='ocrx_word' id='word_1_300' title='bbox 1074 1765 1109 1805; x_wconf 87' lang='grc'><strong>3,</strong></span> <span class='ocrx_word' id='word_1_301' title='bbox 1133 1765 1167 1803; x_wconf 91' lang='grc'><strong>7,</strong></span> <span class='ocrx_word' id='word_1_302' title='bbox 1194 1761 1250 1795; x_wconf 89' lang='grc'><strong>16.</strong></span> <span class='ocrx_word' id='word_1_303' title='bbox 1285 1763 1535 1803; x_wconf 81' lang='lat' dir='ltr'><strong>expectatione</strong></span> <span class='ocrx_word' id='word_1_304' title='bbox 1557 1769 1678 1794; x_wconf 84' lang='lat' dir='ltr'><strong>mmor</strong></span> <span class='ocrx_word' id='word_1_305' title='bbox 1718 1776 1721 1779; x_wconf 97' lang='lat'>·</span> 
     </span>
     <span class='ocr_line' id='line_1_31' title="bbox 182 1805 1607 1856; baseline -0.006 -10"><span class='ocrx_word' id='word_1_306' title='bbox 182 1807 218 1852; x_wconf 84' lang='lat'><strong>4,</strong></span> <span class='ocrx_word' id='word_1_307' title='bbox 250 1812 283 1853; x_wconf 91' lang='lat'><strong>1,</strong></span> <span class='ocrx_word' id='word_1_308' title='bbox 308 1812 373 1853; x_wconf 78' lang='lat'><strong>393</strong></span> <span class='ocrx_word' id='word_1_309' title='bbox 402 1813 447 1845; x_wconf 90' lang='lat' dir='ltr'><strong>ad</strong></span> <span class='ocrx_word' id='word_1_310' title='bbox 473 1824 615 1847; x_wconf 86' lang='lat' dir='ltr'><strong>causam</strong></span> <span class='ocrx_word' id='word_1_311' title='bbox 640 1818 744 1846; x_wconf 81' lang='lat' dir='ltr'><strong>extra</strong></span> <span class='ocrx_word' id='word_1_312' title='bbox 767 1811 922 1856; x_wconf 87' lang='lat' dir='ltr'><strong>pertinet</strong></span> <span class='ocrx_word' id='word_1_313' title='bbox 943 1829 990 1835; x_wconf 93' lang='grc'>-</span> <span class='ocrx_word' id='word_1_314' title='bbox 1015 1806 1220 1852; x_wconf 89' lang='lat' dir='ltr'><strong>expectatio</strong></span> <span class='ocrx_word' id='word_1_315' title='bbox 1245 1805 1346 1853; x_wconf 75' lang='lat' dir='ltr'><strong>vulgi</strong></span> <span class='ocrx_word' id='word_1_316' title='bbox 1370 1811 1431 1838; x_wconf 73' lang='lat' dir='ltr'><strong>etc.</strong></span> <span class='ocrx_word' id='word_1_317' title='bbox 1461 1806 1506 1838; x_wconf 79' lang='lat' dir='ltr'><strong>ib.</strong></span> <span class='ocrx_word' id='word_1_318' title='bbox 1530 1806 1607 1839; x_wconf 53' lang='lat'><strong>31.</strong></span> 
     </span>
    </p>
   </div>
   <div class='ocr_carea' id='block_1_8' title="bbox 134 1863 1728 2904">
    <p class='ocr_par' dir='ltr' id='par_1_11' title="bbox 139 1863 1728 2548">
     <span class='ocr_line' id='line_1_32' title="bbox 139 1863 1675 1923; baseline 0.001 -18"><span class='ocrx_word' id='word_1_319' title='bbox 139 1863 345 1919; x_wconf 82' lang='lat' dir='ltr'><strong>Expecto.</strong></span> <span class='ocrx_word' id='word_1_320' title='bbox 382 1879 439 1912; x_wconf 92' lang='lat' dir='ltr'><strong>De</strong></span> <span class='ocrx_word' id='word_1_321' title='bbox 457 1878 696 1923; x_wconf 75' lang='grc' dir='ltr'><em>ὀρθογραᾳίᾳ</em></span> <span class='ocrx_word' id='word_1_322' title='bbox 713 1877 832 1922; x_wconf 80' lang='lat'><strong>1‚7‚4.</strong></span> <span class='ocrx_word' id='word_1_323' title='bbox 864 1876 902 1919; x_wconf 79' lang='grc' dir='ltr'><strong>α)</strong></span> <span class='ocrx_word' id='word_1_324' title='bbox 919 1878 1203 1922; x_wconf 74' lang='lat' dir='ltr'><strong>simpliciter:</strong></span> <span class='ocrx_word' id='word_1_325' title='bbox 1222 1878 1415 1918; x_wconf 81' lang='lat' dir='ltr'><strong>expectent</strong></span> <span class='ocrx_word' id='word_1_326' title='bbox 1431 1872 1577 1916; x_wconf 83' lang='lat' dir='ltr'><strong>paulum</strong></span> <span class='ocrx_word' id='word_1_327' title='bbox 1593 1870 1675 1915; x_wconf 83' lang='lat'><strong>4.5,</strong></span> 
     </span>
     <span class='ocr_line' id='line_1_33' title="bbox 184 1918 1724 1968; baseline -0.002 -13"><span class='ocrx_word' id='word_1_328' title='bbox 184 1925 240 1957; x_wconf 80' lang='lat'><strong>19.</strong></span> <span class='ocrx_word' id='word_1_329' title='bbox 266 1923 327 1957; x_wconf 87' lang='lat' dir='ltr'><strong>ubi</strong></span> <span class='ocrx_word' id='word_1_330' title='bbox 345 1923 490 1959; x_wconf 87' lang='lat' dir='ltr'><strong>minime</strong></span> <span class='ocrx_word' id='word_1_331' title='bbox 508 1925 778 1968; x_wconf 86' lang='lat' dir='ltr'><strong>expectavimus</strong></span> <span class='ocrx_word' id='word_1_332' title='bbox 797 1926 852 1966; x_wconf 83' lang='lat'><strong>12,</strong></span> <span class='ocrx_word' id='word_1_333' title='bbox 862 1925 896 1967; x_wconf 84' lang='lat'><strong>8,</strong></span> <span class='ocrx_word' id='word_1_334' title='bbox 912 1926 968 1958; x_wconf 91' lang='lat'><strong>11.</strong></span> <span class='ocrx_word' id='word_1_335' title='bbox 1013 1922 1057 1966; x_wconf 82' lang='grc' dir='ltr'><strong>β)</strong></span> <span class='ocrx_word' id='word_1_336' title='bbox 1085 1935 1115 1955; x_wconf 79' lang='lat'><strong>0.</strong></span> <span class='ocrx_word' id='word_1_337' title='bbox 1141 1921 1240 1964; x_wconf 78' lang='lat' dir='ltr'><strong>Obj..·</strong></span> <span class='ocrx_word' id='word_1_338' title='bbox 1263 1921 1335 1953; x_wconf 86' lang='lat' dir='ltr'><strong>hoc</strong></span> <span class='ocrx_word' id='word_1_339' title='bbox 1357 1918 1498 1953; x_wconf 84' lang='lat' dir='ltr'><strong>auditor</strong></span> <span class='ocrx_word' id='word_1_340' title='bbox 1510 1923 1678 1962; x_wconf 82' lang='lat' dir='ltr'><strong>expectat</strong></span> <span class='ocrx_word' id='word_1_341' title='bbox 1716 1922 1724 1936; x_wconf 63' lang='lat'>⁸</span> 
     </span>
     <span class='ocr_line' id='line_1_34' title="bbox 183 1965 1708 2014; baseline -0.004 -11"><span class='ocrx_word' id='word_1_342' title='bbox 183 1969 220 2011; x_wconf 82' lang='lat'><strong>9,</strong></span> <span class='ocrx_word' id='word_1_343' title='bbox 239 1967 275 2012; x_wconf 90' lang='lat'><strong>4,</strong></span> <span class='ocrx_word' id='word_1_344' title='bbox 290 1971 346 2003; x_wconf 75' lang='lat'><strong>62.</strong></span> <span class='ocrx_word' id='word_1_345' title='bbox 376 1972 472 2013; x_wconf 89' lang='lat' dir='ltr'><strong>quod</strong></span> <span class='ocrx_word' id='word_1_346' title='bbox 491 1971 649 2004; x_wconf 84' lang='lat' dir='ltr'><strong>maxime</strong></span> <span class='ocrx_word' id='word_1_347' title='bbox 664 1970 848 2014; x_wconf 87' lang='lat' dir='ltr'><strong>expectari</strong></span> <span class='ocrx_word' id='word_1_348' title='bbox 862 1971 971 2003; x_wconf 89' lang='lat' dir='ltr'><strong>credo</strong></span> <span class='ocrx_word' id='word_1_349' title='bbox 984 1970 1019 2012; x_wconf 85' lang='lat'><strong>9,</strong></span> <span class='ocrx_word' id='word_1_350' title='bbox 1033 1972 1069 2011; x_wconf 91' lang='grc'><strong>2,</strong></span> <span class='ocrx_word' id='word_1_351' title='bbox 1091 1969 1149 2003; x_wconf 86' lang='grc'><strong>65.</strong></span> <span class='ocrx_word' id='word_1_352' title='bbox 1186 1971 1246 2001; x_wconf 85' lang='lat' dir='ltr'><strong>aut</strong></span> <span class='ocrx_word' id='word_1_353' title='bbox 1265 1965 1360 1999; x_wconf 87' lang='lat' dir='ltr'><strong>aliud</strong></span> <span class='ocrx_word' id='word_1_354' title='bbox 1383 1969 1676 2008; x_wconf 81' lang='lat' dir='ltr'><strong>expectasse</strong></span> <span class='ocrx_word' id='word_1_355' title='bbox 1703 1980 1708 1991; x_wconf 90' lang='lat'><strong>·</strong></span> 
     </span>
     <span class='ocr_line' id='line_1_35' title="bbox 183 2009 1675 2060; baseline -0.003 -13"><span class='ocrx_word' id='word_1_356' title='bbox 183 2024 263 2057; x_wconf 86' lang='lat' dir='ltr'><strong>nos,</strong></span> <span class='ocrx_word' id='word_1_357' title='bbox 282 2021 340 2048; x_wconf 86' lang='lat' dir='ltr'><strong>aut</strong></span> <span class='ocrx_word' id='word_1_358' title='bbox 357 2017 469 2057; x_wconf 79' lang='lat' dir='ltr'><strong>majus</strong></span> <span class='ocrx_word' id='word_1_359' title='bbox 492 2017 625 2060; x_wconf 87' lang='lat' dir='ltr'><strong>aliquid</strong></span> <span class='ocrx_word' id='word_1_360' title='bbox 648 2016 855 2050; x_wconf 83' lang='lat' dir='ltr'><strong>timuisse</strong></span> <span class='ocrx_word' id='word_1_361' title='bbox 879 2018 921 2049; x_wconf 83' lang='lat' dir='ltr'><strong>ib.</strong></span> <span class='ocrx_word' id='word_1_362' title='bbox 941 2016 997 2051; x_wconf 88' lang='lat'><strong>39.</strong></span> <span class='ocrx_word' id='word_1_363' title='bbox 1023 2025 1099 2048; x_wconf 91' lang='lat' dir='ltr'><strong>non</strong></span> <span class='ocrx_word' id='word_1_364' title='bbox 1117 2013 1343 2057; x_wconf 87' lang='lat' dir='ltr'><strong>expectanda</strong></span> <span class='ocrx_word' id='word_1_365' title='bbox 1361 2016 1415 2045; x_wconf 88' lang='lat' dir='ltr'><strong>est</strong></span> <span class='ocrx_word' id='word_1_366' title='bbox 1433 2009 1558 2044; x_wconf 83' lang='lat' dir='ltr'><strong>ultima</strong></span> <span class='ocrx_word' id='word_1_367' title='bbox 1577 2015 1675 2044; x_wconf 88' lang='lat' dir='ltr'><strong>aetas</strong></span> 
     </span>
     <span class='ocr_line' id='line_1_36' title="bbox 186 2057 1676 2108; baseline -0.002 -15"><span class='ocrx_word' id='word_1_368' title='bbox 186 2063 242 2103; x_wconf 90' lang='lat'><strong>12,</strong></span> <span class='ocrx_word' id='word_1_369' title='bbox 263 2059 298 2104; x_wconf 87' lang='lat'><strong>4,</strong></span> <span class='ocrx_word' id='word_1_370' title='bbox 316 2064 350 2094; x_wconf 90' lang='grc'><strong>2.</strong></span> <span class='ocrx_word' id='word_1_371' title='bbox 401 2061 491 2096; x_wconf 86' lang='lat' dir='ltr'><strong>Cum</strong></span> <span class='ocrx_word' id='word_1_372' title='bbox 510 2062 716 2103; x_wconf 82' lang='lat' dir='ltr'><strong>Proculeius</strong></span> <span class='ocrx_word' id='word_1_373' title='bbox 735 2067 943 2106; x_wconf 80' lang='lat' dir='ltr'><strong>quereretur</strong></span> <span class='ocrx_word' id='word_1_374' title='bbox 961 2062 1006 2095; x_wconf 88' lang='lat' dir='ltr'><strong>de</strong></span> <span class='ocrx_word' id='word_1_375' title='bbox 1022 2061 1108 2103; x_wconf 91' lang='lat' dir='ltr'><strong>filio,</strong></span> <span class='ocrx_word' id='word_1_376' title='bbox 1134 2059 1230 2103; x_wconf 87' lang='lat' dir='ltr'><strong>quod</strong></span> <span class='ocrx_word' id='word_1_377' title='bbox 1252 2057 1283 2091; x_wconf 89' lang='lat' dir='ltr'><strong>is</strong></span> <span class='ocrx_word' id='word_1_378' title='bbox 1306 2062 1456 2101; x_wconf 80' lang='lat' dir='ltr'><strong>mortem</strong></span> <span class='ocrx_word' id='word_1_379' title='bbox 1473 2066 1573 2108; x_wconf 77' lang='lat' dir='ltr'><strong>suam</strong></span> <span class='ocrx_word' id='word_1_380' title='bbox 1596 2065 1676 2108; x_wconf 72' lang='lat' dir='ltr'><strong>ex-</strong></span> 
     </span>
     <span class='ocr_line' id='line_1_37' title="bbox 182 2104 1675 2151; baseline -0.004 -12"><span class='ocrx_word' id='word_1_381' title='bbox 182 2112 413 2151; x_wconf 82' lang='lat' dir='ltr'><strong>pectaret,</strong></span> <span class='ocrx_word' id='word_1_382' title='bbox 449 2114 484 2142; x_wconf 92' lang='lat' dir='ltr'><strong>et</strong></span> <span class='ocrx_word' id='word_1_383' title='bbox 510 2108 571 2143; x_wconf 86' lang='lat' dir='ltr'><strong>ille</strong></span> <span class='ocrx_word' id='word_1_384' title='bbox 596 2108 769 2151; x_wconf 90' lang='lat' dir='ltr'><strong>dixisset,</strong></span> <span class='ocrx_word' id='word_1_385' title='bbox 803 2119 841 2142; x_wconf 91' lang='lat' dir='ltr'><strong>se</strong></span> <span class='ocrx_word' id='word_1_386' title='bbox 865 2118 956 2143; x_wconf 74' lang='lat' dir='ltr'><strong>vero</strong></span> <span class='ocrx_word' id='word_1_387' title='bbox 983 2117 1057 2141; x_wconf 89' lang='lat' dir='ltr'><strong>non</strong></span> <span class='ocrx_word' id='word_1_388' title='bbox 1084 2110 1357 2149; x_wconf 83' lang='lat' dir='ltr'><strong>expectare:</strong></span> <span class='ocrx_word' id='word_1_389' title='bbox 1385 2104 1518 2145; x_wconf 89' lang='lat' dir='ltr'><strong>Immo,</strong></span> <span class='ocrx_word' id='word_1_390' title='bbox 1547 2106 1675 2145; x_wconf 75' lang='lat' dir='ltr'><strong>inquit,</strong></span> 
     </span>
     <span class='ocr_line' id='line_1_38' title="bbox 182 2149 1674 2199; baseline -0.002 -14"><span class='ocrx_word' id='word_1_391' title='bbox 182 2162 273 2199; x_wconf 83' lang='lat' dir='ltr'><strong>rogo</strong></span> <span class='ocrx_word' id='word_1_392' title='bbox 303 2160 530 2197; x_wconf 86' lang='lat' dir='ltr'><strong>expectes</strong></span> <span class='ocrx_word' id='word_1_393' title='bbox 554 2156 588 2198; x_wconf 87' lang='lat'><strong>9,</strong></span> <span class='ocrx_word' id='word_1_394' title='bbox 614 2157 648 2194; x_wconf 88' lang='lat'><strong>3,</strong></span> <span class='ocrx_word' id='word_1_395' title='bbox 673 2156 718 2189; x_wconf 85' lang='grc'><strong>68</strong></span> <span class='ocrx_word' id='word_1_396' title='bbox 741 2155 788 2188; x_wconf 78' lang='lat' dir='ltr'><strong>N.</strong></span> <span class='ocrx_word' id='word_1_397' title='bbox 822 2165 868 2188; x_wconf 91' lang='lat' dir='ltr'><strong>ne</strong></span> <span class='ocrx_word' id='word_1_398' title='bbox 895 2153 1015 2187; x_wconf 91' lang='lat' dir='ltr'><strong>omnia</strong></span> <span class='ocrx_word' id='word_1_399' title='bbox 1038 2150 1241 2186; x_wconf 85' lang='lat' dir='ltr'><strong>testimonia</strong></span> <span class='ocrx_word' id='word_1_400' title='bbox 1265 2161 1285 2183; x_wconf 89' lang='lat' dir='ltr'><strong>a</strong></span> <span class='ocrx_word' id='word_1_401' title='bbox 1307 2149 1674 2194; x_wconf 73' lang='lat' dir='ltr'><strong>litigatoreexpectet</strong></span> 
     </span>
     <span class='ocr_line' id='line_1_39' title="bbox 184 2191 1675 2246; baseline -0.003 -15"><span class='ocrx_word' id='word_1_402' title='bbox 184 2197 236 2241; x_wconf 86' lang='lat' dir='ltr'><strong>(a.</strong></span> <span class='ocrx_word' id='word_1_403' title='bbox 264 2203 285 2232; x_wconf 80' lang='lat' dir='ltr'><strong>l.</strong></span> <span class='ocrx_word' id='word_1_404' title='bbox 314 2199 473 2243; x_wconf 82' lang='lat' dir='ltr'><strong>expetat)</strong></span> <span class='ocrx_word' id='word_1_405' title='bbox 501 2203 556 2243; x_wconf 90' lang='grc'><strong>10,</strong></span> <span class='ocrx_word' id='word_1_406' title='bbox 583 2204 615 2243; x_wconf 91' lang='grc'><strong>1,</strong></span> <span class='ocrx_word' id='word_1_407' title='bbox 644 2200 701 2235; x_wconf 90' lang='lat'><strong>34.</strong></span> <span class='ocrx_word' id='word_1_408' title='bbox 742 2211 789 2233; x_wconf 86' lang='lat' dir='ltr'><strong>ne</strong></span> <span class='ocrx_word' id='word_1_409' title='bbox 815 2201 859 2233; x_wconf 90' lang='lat' dir='ltr'><strong>de</strong></span> <span class='ocrx_word' id='word_1_410' title='bbox 888 2201 959 2232; x_wconf 89' lang='lat' dir='ltr'><strong>hoc</strong></span> <span class='ocrx_word' id='word_1_411' title='bbox 984 2199 1077 2242; x_wconf 81' lang='lat' dir='ltr'><strong>(Sp.</strong></span> <span class='ocrx_word' id='word_1_412' title='bbox 1105 2195 1223 2239; x_wconf 85' lang='lat' dir='ltr'><strong>haec)</strong></span> <span class='ocrx_word' id='word_1_413' title='bbox 1257 2195 1614 2246; x_wconf 43' lang='lat' dir='ltr'><strong>quidem-praecepta</strong></span> <span class='ocrx_word' id='word_1_414' title='bbox 1635 2191 1675 2226; x_wconf 90' lang='lat' dir='ltr'><strong>in</strong></span> 
     </span>
     <span class='ocr_line' id='line_1_40' title="bbox 182 2240 1674 2290; baseline -0.003 -14"><span class='ocrx_word' id='word_1_415' title='bbox 182 2243 390 2278; x_wconf 86' lang='lat' dir='ltr'><strong>universum</strong></span> <span class='ocrx_word' id='word_1_416' title='bbox 419 2247 643 2290; x_wconf 84' lang='lat' dir='ltr'><strong>expectanda</strong></span> <span class='ocrx_word' id='word_1_417' title='bbox 673 2247 758 2289; x_wconf 83' lang='lat' dir='ltr'><strong>(Sp.</strong></span> <span class='ocrx_word' id='word_1_418' title='bbox 786 2246 915 2289; x_wconf 86' lang='lat' dir='ltr'><strong>spect.)</strong></span> <span class='ocrx_word' id='word_1_419' title='bbox 939 2250 1019 2278; x_wconf 87' lang='lat' dir='ltr'><strong>sunt</strong></span> <span class='ocrx_word' id='word_1_420' title='bbox 1041 2244 1077 2286; x_wconf 85' lang='grc'><strong>6,</strong></span> <span class='ocrx_word' id='word_1_421' title='bbox 1101 2244 1134 2285; x_wconf 88' lang='grc'><strong>5,</strong></span> <span class='ocrx_word' id='word_1_422' title='bbox 1160 2241 1184 2276; x_wconf 84' lang='grc'><strong>4</strong></span> <span class='ocrx_word' id='word_1_423' title='bbox 1206 2246 1249 2276; x_wconf 94' lang='grc' dir='ltr'><strong>Ζ.</strong></span> <span class='ocrx_word' id='word_1_424' title='bbox 1286 2242 1357 2284; x_wconf 81' lang='lat' dir='ltr'><strong>jam</strong></span> <span class='ocrx_word' id='word_1_425' title='bbox 1379 2240 1468 2273; x_wconf 78' lang='lat' dir='ltr'><strong>nihil</strong></span> <span class='ocrx_word' id='word_1_426' title='bbox 1491 2240 1587 2272; x_wconf 65' lang='lat' dir='ltr'><strong>ultra,</strong></span> <span class='ocrx_word' id='word_1_427' title='bbox 1607 2249 1674 2273; x_wconf 85' lang='lat' dir='ltr'><strong>ex-</strong></span> 
     </span>
     <span class='ocr_line' id='line_1_41' title="bbox 182 2286 1728 2335; baseline -0.003 -13"><span class='ocrx_word' id='word_1_428' title='bbox 182 2291 406 2332; x_wconf 88' lang='lat' dir='ltr'><strong>pectantibus</strong></span> <span class='ocrx_word' id='word_1_429' title='bbox 433 2294 474 2334; x_wconf 89' lang='lat'><strong>9,</strong></span> <span class='ocrx_word' id='word_1_430' title='bbox 498 2291 539 2335; x_wconf 88' lang='lat'><strong>4,</strong></span> <span class='ocrx_word' id='word_1_431' title='bbox 563 2295 627 2335; x_wconf 89' lang='lat'><strong>30;</strong></span> <span class='ocrx_word' id='word_1_432' title='bbox 663 2292 896 2327; x_wconf 86' lang='lat' dir='ltr'><strong>dicendorum</strong></span> <span class='ocrx_word' id='word_1_433' title='bbox 921 2295 1110 2335; x_wconf 87' lang='lat' dir='ltr'><strong>expectata</strong></span> <span class='ocrx_word' id='word_1_434' title='bbox 1132 2289 1208 2321; x_wconf 89' lang='lat' dir='ltr'><strong>laus</strong></span> <span class='ocrx_word' id='word_1_435' title='bbox 1233 2289 1289 2329; x_wconf 89' lang='lat'><strong>10,</strong></span> <span class='ocrx_word' id='word_1_436' title='bbox 1314 2288 1349 2329; x_wconf 91' lang='lat'><strong>7,</strong></span> <span class='ocrx_word' id='word_1_437' title='bbox 1378 2286 1434 2320; x_wconf 87' lang='lat'><strong>16.</strong></span> <span class='ocrx_word' id='word_1_438' title='bbox 1466 2295 1535 2319; x_wconf 81' lang='lat' dir='ltr'><strong>neo</strong></span> <span class='ocrx_word' id='word_1_439' title='bbox 1558 2295 1674 2328; x_wconf 85' lang='lat' dir='ltr'><strong>expe·</strong></span> <span class='ocrx_word' id='word_1_440' title='bbox 1725 2313 1728 2319; x_wconf 30' lang='grc' dir='ltr'><em>Α</em></span> 
     </span>
     <span class='ocr_line' id='line_1_42' title="bbox 183 2335 1703 2382; baseline -0.003 -16"><span class='ocrx_word' id='word_1_441' title='bbox 183 2340 274 2368; x_wconf 82' lang='lat' dir='ltr'><strong>ctata</strong></span> <span class='ocrx_word' id='word_1_442' title='bbox 299 2337 469 2382; x_wconf 86' lang='lat' dir='ltr'><strong>cogitatio</strong></span> <span class='ocrx_word' id='word_1_443' title='bbox 497 2341 531 2380; x_wconf 90' lang='grc'><strong>2,</strong></span> <span class='ocrx_word' id='word_1_444' title='bbox 559 2337 596 2382; x_wconf 83' lang='grc'><strong>4,</strong></span> <span class='ocrx_word' id='word_1_445' title='bbox 621 2335 675 2372; x_wconf 85' lang='lat'><strong>15.</strong></span> <span class='ocrx_word' id='word_1_446' title='bbox 730 2338 769 2382; x_wconf 79' lang='grc' dir='ltr'><strong>γ)</strong></span> <span class='ocrx_word' id='word_1_447' title='bbox 800 2339 960 2380; x_wconf 72' lang='lat' dir='ltr'><strong>pendente</strong></span> <span class='ocrx_word' id='word_1_448' title='bbox 985 2339 1100 2379; x_wconf 77' lang='lat' dir='ltr'><strong>aliqua</strong></span> <span class='ocrx_word' id='word_1_449' title='bbox 1123 2335 1302 2367; x_wconf 72' lang='lat' dir='ltr'><strong>sententia.-</strong></span> <span class='ocrx_word' id='word_1_450' title='bbox 1341 2341 1452 2376; x_wconf 81' lang='lat' dir='ltr'><strong>quare</strong></span> <span class='ocrx_word' id='word_1_451' title='bbox 1473 2340 1579 2364; x_wconf 87' lang='lat' dir='ltr'><strong>nemo</strong></span> <span class='ocrx_word' id='word_1_452' title='bbox 1604 2340 1673 2364; x_wconf 85' lang='lat' dir='ltr'><strong>ex·</strong></span> <span class='ocrx_word' id='word_1_453' title='bbox 1698 2345 1703 2347; x_wconf 47' lang='lat'><strong><em>⁴</em></strong></span> 
     </span>
     <span class='ocr_line' id='line_1_43' title="bbox 183 2376 1673 2427; baseline -0.003 -14"><span class='ocrx_word' id='word_1_454' title='bbox 183 2386 319 2424; x_wconf 85' lang='lat' dir='ltr'><strong>pectet,</strong></span> <span class='ocrx_word' id='word_1_455' title='bbox 360 2389 405 2417; x_wconf 88' lang='lat' dir='ltr'><strong>ut</strong></span> <span class='ocrx_word' id='word_1_456' title='bbox 443 2384 563 2418; x_wconf 87' lang='lat' dir='ltr'><strong>alieno</strong></span> <span class='ocrx_word' id='word_1_457' title='bbox 596 2389 733 2417; x_wconf 89' lang='lat' dir='ltr'><strong>tantum</strong></span> <span class='ocrx_word' id='word_1_458' title='bbox 765 2383 810 2416; x_wconf 93' lang='lat' dir='ltr'><strong>sit</strong></span> <span class='ocrx_word' id='word_1_459' title='bbox 838 2383 962 2416; x_wconf 87' lang='lat' dir='ltr'><strong>labore</strong></span> <span class='ocrx_word' id='word_1_460' title='bbox 997 2382 1149 2414; x_wconf 86' lang='lat' dir='ltr'><strong>disertus</strong></span> <span class='ocrx_word' id='word_1_461' title='bbox 1184 2382 1228 2421; x_wconf 94' lang='lat'><strong>7,</strong></span> <span class='ocrx_word' id='word_1_462' title='bbox 1264 2380 1328 2420; x_wconf 89' lang='lat'><strong>10,</strong></span> <span class='ocrx_word' id='word_1_463' title='bbox 1359 2376 1415 2411; x_wconf 80' lang='lat'><strong>14.</strong></span> <span class='ocrx_word' id='word_1_464' title='bbox 1453 2387 1541 2418; x_wconf 88' lang='lat' dir='ltr'><strong>nec,</strong></span> <span class='ocrx_word' id='word_1_465' title='bbox 1567 2376 1673 2427; x_wconf 79' lang='lat'><strong>‘¹¹¹.¹¹¹</strong></span> 
     </span>
     <span class='ocr_line' id='line_1_44' title="bbox 181 2421 1675 2475; baseline -0.003 -16"><span class='ocrx_word' id='word_1_466' title='bbox 181 2432 383 2470; x_wconf 86' lang='lat' dir='ltr'><strong>repetatur,</strong></span> <span class='ocrx_word' id='word_1_467' title='bbox 410 2435 576 2473; x_wconf 84' lang='lat' dir='ltr'><strong>expectat</strong></span> <span class='ocrx_word' id='word_1_468' title='bbox 601 2428 636 2470; x_wconf 88' lang='lat'><strong>4,</strong></span> <span class='ocrx_word' id='word_1_469' title='bbox 659 2432 695 2471; x_wconf 89' lang='grc'><strong>2,</strong></span> <span class='ocrx_word' id='word_1_470' title='bbox 718 2427 764 2463; x_wconf 88' lang='lat'><strong>45</strong></span> <span class='ocrx_word' id='word_1_471' title='bbox 789 2429 836 2462; x_wconf 85' lang='lat' dir='ltr'><strong>N.</strong></span> <span class='ocrx_word' id='word_1_472' title='bbox 870 2429 900 2461; x_wconf 82' lang='lat' dir='ltr'><strong>si</strong></span> <span class='ocrx_word' id='word_1_473' title='bbox 924 2437 998 2461; x_wconf 89' lang='lat' dir='ltr'><strong>non</strong></span> <span class='ocrx_word' id='word_1_474' title='bbox 1021 2423 1360 2475; x_wconf 47' lang='lat' dir='ltr'><strong>expectaverimus,</strong></span> <span class='ocrx_word' id='word_1_475' title='bbox 1378 2421 1480 2474; x_wconf 71' lang='lat' dir='ltr'><strong>quid</strong></span> <span class='ocrx_word' id='word_1_476' title='bbox 1504 2421 1675 2472; x_wconf 71' lang='lat' dir='ltr'><strong>obveniat</strong></span> 
     </span>
     <span class='ocr_line' id='line_1_45' title="bbox 183 2468 1728 2548; baseline -0.006 -40"><span class='ocrx_word' id='word_1_477' title='bbox 183 2472 248 2548; x_wconf 52' lang='lat' dir='ltr'><strong>ff,</strong></span> <span class='ocrx_word' id='word_1_478' title='bbox 281 2474 323 2516; x_wconf 83' lang='lat'><strong>3,</strong></span> <span class='ocrx_word' id='word_1_479' title='bbox 353 2474 407 2507; x_wconf 85' lang='lat'><strong>15.</strong></span> <span class='ocrx_word' id='word_1_480' title='bbox 435 2487 468 2509; x_wconf 87' lang='lat' dir='ltr'><strong>v.</strong></span> <span class='ocrx_word' id='word_1_481' title='bbox 497 2477 705 2509; x_wconf 86' lang='lat' dir='ltr'><strong>Intueor.</strong></span> <span class='ocrx_word' id='word_1_482' title='bbox 748 2475 850 2509; x_wconf 83' lang='lat' dir='ltr'><strong>velut</strong></span> <span class='ocrx_word' id='word_1_483' title='bbox 880 2478 1099 2517; x_wconf 87' lang='lat' dir='ltr'><strong>expectans,</strong></span> <span class='ocrx_word' id='word_1_484' title='bbox 1138 2471 1315 2515; x_wconf 86' lang='lat' dir='ltr'><strong>quando</strong></span> <span class='ocrx_word' id='word_1_485' title='bbox 1349 2468 1593 2513; x_wconf 77' lang='lat' dir='ltr'><strong>incipiendum</strong></span> <span class='ocrx_word' id='word_1_486' title='bbox 1615 2471 1673 2500; x_wconf 77' lang='lat' dir='ltr'><strong>-sit</strong></span> <span class='ocrx_word' id='word_1_487' title='bbox 1723 2471 1728 2508; x_wconf 66' lang='grc' dir='ltr'>ξ</span> 
     </span>
    </p>

    <p class='ocr_par' dir='ltr' id='par_1_12' title="bbox 237 2519 1728 2559">
     <span class='ocr_line' id='line_1_46' title="bbox 237 2519 1728 2559; baseline -0.003 -8"><span class='ocrx_word' id='word_1_488' title='bbox 237 2541 248 2557; x_wconf 86' lang='lat'><em>‚</em></span> <span class='ocrx_word' id='word_1_489' title='bbox 279 2519 320 2559; x_wconf 82' lang='lat'><strong>3,</strong></span> <span class='ocrx_word' id='word_1_490' title='bbox 361 2520 438 2554; x_wconf 86' lang='lat'><strong>159.</strong></span> <span class='ocrx_word' id='word_1_491' title='bbox 1304 2520 1308 2522; x_wconf 62' lang='grc'><strong><em>’</em></strong></span> <span class='ocrx_word' id='word_1_492' title='bbox 1724 2528 1728 2546; x_wconf 85' lang='grc'><strong>·.</strong></span> 
     </span>
    </p>

    <p class='ocr_par' dir='ltr' id='par_1_13' title="bbox 135 2554 1728 2666">
     <span class='ocr_line' id='line_1_47' title="bbox 135 2554 1728 2623; baseline 0.004 -15"><span class='ocrx_word' id='word_1_493' title='bbox 135 2559 410 2623; x_wconf 69' lang='grc' dir='ltr'><strong>ΕΧΡθθῑΟΙἩῒ·</strong></span> <span class='ocrx_word' id='word_1_494' title='bbox 465 2581 607 2610; x_wconf 82' lang='lat' dir='ltr'><strong>veteres</strong></span> <span class='ocrx_word' id='word_1_495' title='bbox 643 2587 690 2611; x_wconf 90' lang='lat' dir='ltr'><strong>ne</strong></span> <span class='ocrx_word' id='word_1_496' title='bbox 720 2580 1004 2619; x_wconf 78' lang='lat' dir='ltr'><strong>expectorat</strong></span> <span class='ocrx_word' id='word_1_497' title='bbox 1036 2572 1180 2620; x_wconf 87' lang='lat' dir='ltr'><strong>quidem</strong></span> <span class='ocrx_word' id='word_1_498' title='bbox 1204 2572 1399 2606; x_wconf 80' lang='lat' dir='ltr'><strong>timuerunt</strong></span> <span class='ocrx_word' id='word_1_499' title='bbox 1423 2571 1460 2612; x_wconf 84' lang='lat'><strong>8,</strong></span> <span class='ocrx_word' id='word_1_500' title='bbox 1482 2568 1517 2610; x_wconf 81' lang='lat'><strong>3,</strong></span> <span class='ocrx_word' id='word_1_501' title='bbox 1540 2568 1596 2602; x_wconf 81' lang='lat'><strong>3¹·</strong></span> <span class='ocrx_word' id='word_1_502' title='bbox 1624 2566 1671 2609; x_wconf 74' lang='lat' dir='ltr'><strong>‘&#39;s-</strong></span> <span class='ocrx_word' id='word_1_503' title='bbox 1698 2554 1728 2606; x_wconf 45' lang='lat' dir='ltr'><strong><em>f</em></strong></span> 
     </span>
     <span class='ocr_line' id='line_1_48' title="bbox 181 2617 1080 2666; baseline 0.01 -16"><span class='ocrx_word' id='word_1_504' title='bbox 181 2617 255 2651; x_wconf 81' lang='lat' dir='ltr'><strong>Clc.</strong></span> <span class='ocrx_word' id='word_1_505' title='bbox 280 2618 341 2651; x_wconf 89' lang='lat' dir='ltr'><strong>Or.</strong></span> <span class='ocrx_word' id='word_1_506' title='bbox 368 2620 441 2661; x_wconf 90' lang='lat'><strong>111,</strong></span> <span class='ocrx_word' id='word_1_507' title='bbox 475 2632 551 2664; x_wconf 89' lang='lat' dir='ltr'><strong>cap.</strong></span> <span class='ocrx_word' id='word_1_508' title='bbox 576 2624 637 2663; x_wconf 87' lang='lat'><strong>38,</strong></span> <span class='ocrx_word' id='word_1_509' title='bbox 667 2622 700 2666; x_wconf 83' lang='lat'><strong>§.</strong></span> <span class='ocrx_word' id='word_1_510' title='bbox 729 2623 807 2656; x_wconf 82' lang='lat'><strong>154.</strong></span> <span class='ocrx_word' id='word_1_511' title='bbox 1070 2642 1080 2646; x_wconf 84' lang='lat'><strong>·</strong></span> 
     </span>
    </p>

    <p class='ocr_par' dir='ltr' id='par_1_14' title="bbox 134 2662 1728 2904">
     <span class='ocr_line' id='line_1_49' title="bbox 134 2662 1728 2726; baseline -0.004 -18"><span class='ocrx_word' id='word_1_512' title='bbox 134 2662 344 2726; x_wconf 54' lang='lat' dir='ltr'><strong>Expedit».</strong></span> <span class='ocrx_word' id='word_1_513' title='bbox 405 2674 446 2718; x_wconf 90' lang='grc' dir='ltr'><strong>α)</strong></span> <span class='ocrx_word' id='word_1_514' title='bbox 479 2676 529 2709; x_wconf 90' lang='lat' dir='ltr'><strong>sic</strong></span> <span class='ocrx_word' id='word_1_515' title='bbox 553 2678 662 2723; x_wconf 80' lang='lat' dir='ltr'><strong>magis</strong></span> <span class='ocrx_word' id='word_1_516' title='bbox 688 2677 835 2721; x_wconf 84' lang='lat' dir='ltr'><strong>expedit</strong></span> <span class='ocrx_word' id='word_1_517' title='bbox 857 2675 898 2722; x_wconf 89' lang='lat'><strong>4,</strong></span> <span class='ocrx_word' id='word_1_518' title='bbox 921 2680 964 2721; x_wconf 88' lang='lat'><strong>2,</strong></span> <span class='ocrx_word' id='word_1_519' title='bbox 991 2676 1048 2711; x_wconf 87' lang='lat'><strong>67.</strong></span> <span class='ocrx_word' id='word_1_520' title='bbox 1079 2681 1245 2720; x_wconf 85' lang='lat' dir='ltr'><strong>tanquam</strong></span> <span class='ocrx_word' id='word_1_521' title='bbox 1267 2681 1408 2714; x_wconf 86' lang='lat' dir='ltr'><strong>semper</strong></span> <span class='ocrx_word' id='word_1_522' title='bbox 1430 2668 1671 2713; x_wconf 86' lang='lat' dir='ltr'><strong>expediat,</strong></span> <span class='ocrx_word' id='word_1_523' title='bbox 1724 2694 1728 2698; x_wconf 94' lang='lat'><strong>.</strong></span> 
     </span>
     <span class='ocr_line' id='line_1_50' title="bbox 180 2718 1670 2765; baseline -0.004 -12"><span class='ocrx_word' id='word_1_524' title='bbox 180 2725 241 2753; x_wconf 90' lang='lat' dir='ltr'><strong>aut</strong></span> <span class='ocrx_word' id='word_1_525' title='bbox 270 2725 374 2753; x_wconf 78' lang='lat' dir='ltr'><strong>ettam</strong></span> <span class='ocrx_word' id='word_1_526' title='bbox 397 2731 598 2755; x_wconf 85' lang='lat' dir='ltr'><strong>necesse</strong></span> <span class='ocrx_word' id='word_1_527' title='bbox 623 2724 685 2756; x_wconf 82' lang='lat' dir='ltr'><strong>sit</strong></span> <span class='ocrx_word' id='word_1_528' title='bbox 708 2723 743 2765; x_wconf 88' lang='lat'><strong>4,</strong></span> <span class='ocrx_word' id='word_1_529' title='bbox 767 2726 802 2765; x_wconf 84' lang='grc'><strong>3,</strong></span> <span class='ocrx_word' id='word_1_530' title='bbox 826 2726 860 2757; x_wconf 91' lang='grc'><strong>3.</strong></span> <span class='ocrx_word' id='word_1_531' title='bbox 896 2735 954 2757; x_wconf 88' lang='lat' dir='ltr'><strong>res</strong></span> <span class='ocrx_word' id='word_1_532' title='bbox 979 2723 1065 2755; x_wconf 88' lang='lat' dir='ltr'><strong>duas</strong></span> <span class='ocrx_word' id='word_1_533' title='bbox 1089 2721 1127 2755; x_wconf 87' lang='lat' dir='ltr'><strong>in</strong></span> <span class='ocrx_word' id='word_1_534' title='bbox 1151 2718 1247 2763; x_wconf 73' lang='lat' dir='ltr'><strong>omni</strong></span> <span class='ocrx_word' id='word_1_535' title='bbox 1270 2723 1351 2751; x_wconf 87' lang='lat' dir='ltr'><strong>actu</strong></span> <span class='ocrx_word' id='word_1_536' title='bbox 1377 2721 1513 2759; x_wconf 88' lang='lat' dir='ltr'><strong>spectet</strong></span> <span class='ocrx_word' id='word_1_537' title='bbox 1536 2720 1670 2755; x_wconf 85' lang='lat' dir='ltr'><strong>orator,</strong></span> 
     </span>
     <span class='ocr_line' id='line_1_51' title="bbox 179 2765 1670 2811; baseline -0.004 -12"><span class='ocrx_word' id='word_1_538' title='bbox 179 2765 264 2809; x_wconf 81' lang='lat' dir='ltr'><strong>quid</strong></span> <span class='ocrx_word' id='word_1_539' title='bbox 298 2766 479 2809; x_wconf 91' lang='lat' dir='ltr'><strong>deceat,</strong></span> <span class='ocrx_word' id='word_1_540' title='bbox 522 2767 605 2810; x_wconf 86' lang='lat' dir='ltr'><strong>quid</strong></span> <span class='ocrx_word' id='word_1_541' title='bbox 638 2768 874 2811; x_wconf 87' lang='lat' dir='ltr'><strong>expediat.</strong></span> <span class='ocrx_word' id='word_1_542' title='bbox 934 2766 1139 2811; x_wconf 84' lang='lat' dir='ltr'><strong>Expedit</strong></span> <span class='ocrx_word' id='word_1_543' title='bbox 1171 2769 1289 2798; x_wconf 87' lang='lat' dir='ltr'><strong>autem</strong></span> <span class='ocrx_word' id='word_1_544' title='bbox 1320 2773 1425 2805; x_wconf 85' lang='lat' dir='ltr'><strong>saepe</strong></span> <span class='ocrx_word' id='word_1_545' title='bbox 1453 2766 1590 2795; x_wconf 82' lang='lat' dir='ltr'><strong>mutare</strong></span> <span class='ocrx_word' id='word_1_546' title='bbox 1623 2769 1670 2794; x_wconf 79' lang='lat' dir='ltr'><strong>ex</strong></span> 
     </span>
     <span class='ocr_line' id='line_1_52' title="bbox 177 2807 1669 2857; baseline -0.005 -12"><span class='ocrx_word' id='word_1_547' title='bbox 177 2812 242 2845; x_wconf 88' lang='lat' dir='ltr'><strong>illo</strong></span> <span class='ocrx_word' id='word_1_548' title='bbox 267 2810 460 2845; x_wconf 86' lang='lat' dir='ltr'><strong>constituto</strong></span> <span class='ocrx_word' id='word_1_549' title='bbox 484 2811 613 2845; x_wconf 86' lang='lat' dir='ltr'><strong>tradito</strong></span> <span class='ocrx_word' id='word_1_550' title='bbox 649 2824 684 2846; x_wconf 77' lang='lat' dir='ltr'><strong>te</strong></span> <span class='ocrx_word' id='word_1_551' title='bbox 709 2813 835 2847; x_wconf 87' lang='lat' dir='ltr'><strong>ordine</strong></span> <span class='ocrx_word' id='word_1_552' title='bbox 859 2812 997 2856; x_wconf 84' lang='lat' dir='ltr'><strong>aliqua,</strong></span> <span class='ocrx_word' id='word_1_553' title='bbox 1035 2817 1071 2845; x_wconf 87' lang='lat' dir='ltr'><strong>et</strong></span> <span class='ocrx_word' id='word_1_554' title='bbox 1092 2810 1236 2844; x_wconf 88' lang='lat' dir='ltr'><strong>interim</strong></span> <span class='ocrx_word' id='word_1_555' title='bbox 1259 2809 1399 2842; x_wconf 88' lang='lat' dir='ltr'><strong>decet.</strong></span> <span class='ocrx_word' id='word_1_556' title='bbox 1427 2810 1471 2850; x_wconf 87' lang='grc'><strong>2,</strong></span> <span class='ocrx_word' id='word_1_557' title='bbox 1497 2808 1553 2848; x_wconf 84' lang='grc'><strong>13,</strong></span> <span class='ocrx_word' id='word_1_558' title='bbox 1577 2807 1669 2857; x_wconf 47' lang='grc' dir='ltr'><strong>8..υ.</strong></span> 
     </span>
     <span class='ocr_line' id='line_1_53' title="bbox 177 2850 1670 2904; baseline -0.003 -12"><span class='ocrx_word' id='word_1_559' title='bbox 177 2858 334 2894; x_wconf 87' lang='lat' dir='ltr'><strong>Decet.</strong></span> <span class='ocrx_word' id='word_1_560' title='bbox 368 2862 407 2893; x_wconf 92' lang='lat' dir='ltr'><strong>ut</strong></span> <span class='ocrx_word' id='word_1_561' title='bbox 430 2857 600 2903; x_wconf 82' lang='lat' dir='ltr'><strong>expediet</strong></span> <span class='ocrx_word' id='word_1_562' title='bbox 649 2883 660 2904; x_wconf 89' lang='lat'><strong>,</strong></span> <span class='ocrx_word' id='word_1_563' title='bbox 688 2861 720 2903; x_wconf 86' lang='lat'><strong>1,</strong></span> <span class='ocrx_word' id='word_1_564' title='bbox 747 2859 809 2903; x_wconf 79' lang='lat'><strong>153</strong></span> <span class='ocrx_word' id='word_1_565' title='bbox 843 2864 883 2894; x_wconf 85' lang='lat' dir='ltr'><strong>ut</strong></span> <span class='ocrx_word' id='word_1_566' title='bbox 905 2858 1008 2895; x_wconf 81' lang='lat' dir='ltr'><strong>nobis</strong></span> <span class='ocrx_word' id='word_1_567' title='bbox 1037 2855 1183 2903; x_wconf 85' lang='lat' dir='ltr'><strong>expedit</strong></span> <span class='ocrx_word' id='word_1_568' title='bbox 1208 2853 1251 2900; x_wconf 84' lang='lat'><strong>4,</strong></span> <span class='ocrx_word' id='word_1_569' title='bbox 1277 2856 1318 2899; x_wconf 85' lang='lat'><strong>1,</strong></span> <span class='ocrx_word' id='word_1_570' title='bbox 1347 2855 1402 2889; x_wconf 90' lang='lat'><strong>10.</strong></span> <span class='ocrx_word' id='word_1_571' title='bbox 1441 2857 1482 2888; x_wconf 81' lang='lat' dir='ltr'><strong>ut</strong></span> <span class='ocrx_word' id='word_1_572' title='bbox 1504 2850 1670 2897; x_wconf 79' lang='lat' dir='ltr'><strong>expedtet</strong></span> 
     </span>
    </p>
   </div>
  </div>
 </body>
</html>
