1728 3002
80 189 167 229 412
623 186 812 246 Inceptio
841 211 898 222 -—
926 187 1075 234 lucido

78 299 285 357 Inceptio.
318 317 379 348 aut
402 311 648 357 depositio
675 319 735 348 aut
759 313 843 351 inc.
873 313 1005 358 (Godd.
1020 323 1103 363 opu.
1127 315 1360 363 interceptio)
1382 324 1442 353 aut
1464 323 1613 354 trans-

125 358 223 393 itus
246 358 302 403 (in
323 359 480 405 dicendo)
503 362 561 403 11,
588 362 624 404 3,
648 358 695 395 46
720 361 769 395 Ν.
1467 376 1473 379 “

76 404 287 446 Incertus.
334 415 377 460 α)
403 419 616 462 simpliciter.-
651 416 737 461 ille,
770 417 832 463 qui
855 418 1009 464 excipit,
1043 420 1073 454 si
1096 420 1231 455 tardior
1254 420 1443 456 scribendo
1470 427 1530 456 aut
1555 421 1612 456 in-

123 462 259 496 certior
284 464 449 510 legendo,
479 464 581 498 velut
604 464 797 498 offensatus
819 465 928 499 suerit
951 465 1023 509 (sic
1046 471 1089 501 Z.
1116 475 1196 510 opu.
1225 469 1329 502 Codd.
1353 475 1508 510 secutum
1541 470 1610 512 Sp.

121 507 273 542 inertior
293 509 331 543 in
355 508 446 555 leg.)
471 512 532 553 10,
557 512 601 553 3,
624 512 671 544 20
698 512 733 544 S.
766 513 875 546 multa
896 511 935 545 in
957 512 1013 548 his
1036 512 1259 558 reliquuntur
1280 513 1417 548 incerta
1439 516 1543 557 2,10,
1557 512 1612 548 14.

121 564 243 599 neque
271 555 367 594 enim
396 561 531 590 certa
557 555 758 590 incertis
787 558 1013 592 declarantur
1041 559 1084 602 5,
1113 561 1176 602 10,
1202 561 1238 594 8.
1274 572 1308 598 υ,
1334 559 1515 594 Certus.
1564 570 1630 594 ex·

122 611 183 643 eo,
207 602 304 645 quod
330 601 560 646 scriptum
583 608 662 646 est,
691 603 751 646 id,
780 605 876 648 quod
899 604 1129 638 incertum
1156 611 1230 649 est,
1255 605 1354 639 ducit
1375 609 1411 648 7,
1428 607 1524 648 8,3;
1551 604 1614 639 illa

119 646 358 691 (aposiopesis)
387 647 473 692 quid
495 654 623 692 taceat,
654 649 830 684 incertum
847 655 902 685 est
929 652 963 695 9,
985 653 1020 694 3,
1033 652 1090 686 60.
1120 663 1201 685 011111
1223 659 1406 686 senatus
1432 659 1612 685 senatus

120 703 180 727 an
211 702 403 728 senatus
433 698 581 728 senati
604 695 732 739 saciat,
756 696 932 731 incertum
956 697 1001 731 sit
1022 700 1056 740 1,
1085 698 1121 740 6,
1145 700 1204 734 27.
1241 697 1286 739 cs.
1309 701 1346 740 7,
1374 700 1409 741 9,
1431 701 1467 732 2.
1514 698 1552 742 β)
1583 709 1611 732 e.

119 741 309 774 Nominib..·
339 739 469 775 incerti
495 740 659 776 adulterii
685 745 720 784 7,
750 746 786 787 2,
809 744 866 778 52.
894 742 966 777 1110.
987 749 1170 778 auctorem
1193 746 1228 787 5,
1254 746 1310 784 11,
1333 744 1393 778 41.
1428 744 1514 790 fuga
1539 743 1612 777 inc.

118 787 156 828 8,
180 788 215 829 3,
237 787 297 821 68.
332 786 403 821 inc.
427 793 547 833 gestus
574 791 606 830 1,
633 790 688 831 10,
703 789 760 823 35.
785 789 856 823 inc.
872 801 1031 823 murmur
1053 793 1088 833 2,
1117 793 1170 834 11,
1193 789 1226 824 4.
1251 795 1369 834 partes
1394 789 1466 824 inc.
1492 791 1527 832 5,
1554 791 1610 833 10,

117 832 177 867 63.
214 832 301 867 alias
325 839 519 878 certam,
555 834 644 869 alias
671 835 896 870 incertam
922 847 1112 880 personam
1135 839 1170 880 7,
1194 838 1289 879 2,’9.
1317 835 1360 878 cs.
1386 838 1421 879 9,
1443 838 1480 879 2,
1507 838 1564 870 37.

69 877 263 920 IUCGSSO·
309 890 444 934 probos
472 901 547 925 non
571 902 696 936 aspere
722 891 903 927 incessere
929 894 972 935 5,
995 897 1041 935 7,
1066 896 1122 929 27.
1159 892 1204 935 cf.
1229 895 1294 936 10,
1321 896 1362 937 1,
1387 893 1467 928 126.
1502 903 1607 936 quem
1644 892 1659 897 ‘

114 935 298 970 incessere
326 937 503 971 audebant
525 942 574 971 ut
600 937 826 973 ttunidiorem
852 941 906 982 12,
929 942 986 983 10,
1015 942 1070 973 12.
1114 939 1347 984 paucitatem,
1371 937 1609 982 conspiratio-

115 992 224 1025 nem,
259 981 455 1026 vilitatem,
486 982 635 1030 gratiam
659 984 841 1020 incessere
867 987 910 1028 5,
937 989 972 1026 7,
997 988 1055 1020 23.
1102 996 1255 1028 nomeu,
1289 990 1339 1019 ut
1362 990 1608 1032 argumentum

112 1038 267 1071 morum,
291 1027 439 1063 incessit
462 1030 496 1072 5,
522 1032 578 1072 10,
596 1032 652 1064 31.
679 1042 881 1066 sermonem
905 1042 987 1065 cum
1009 1031 1084 1066 risu
1107 1032 1244 1076 aliquos
1267 1030 1505 1065 incessentem
1524 1031 1560 1072 6,
1575 1032 1608 1071 3.

112 1076 174 1109 21.
209 1074 351 1109 levibus
379 1081 439 1109 aut
461 1075 603 1111 frivolis
629 1084 690 1112 etc.
713 1089 816 1111 reum
838 1076 1022 1112 incessere
1053 1082 1096 1120 7,
1128 1081 1171 1120 2,
1199 1076 1267 1120 34;
1308 1077 1339 1111 si
1362 1083 1422 1110 aut
1443 1075 1606 1110 nationes

114 1125 213 1154 totae
237 1125 297 1154 aut
320 1121 465 1155 ordines
489 1121 713 1157 incessantur
736 1124 778 1167 6,
803 1125 847 1166 3,
872 1123 931 1159 35.
964 1135 1034 1159 1100
1056 1124 1174 1158 minus
1199 1129 1287 1158 noto
1311 1122 1499 1158 Sallustius
1527 1120 1606 1167 epi-

115 1173 309 1213 grammate
332 1166 524 1202 incessitur
548 1170 583 1211 8,
608 1171 644 1212 3,
669 1172 730 1207 29.

64 1211 280 1254 InceSSUS·
323 1242 372 1249 -—
397 1224 530 1258 fractus
555 1225 589 1266 5,
616 1228 651 1269 9,
682 1225 737 1260 14.
783 1243 830 1252 —
858 1225 993 1261 orantis
1018 1229 1052 1270 1,
1081 1229 1115 1268 2,
1141 1227 1199 1262 31.
1241 1225 1280 1260 in
1305 1224 1456 1270 pedibus
1479 1225 1607 1259 obser-

110 1274 218 1304 vatur
252 1273 410 1302 status
442 1275 478 1303 et
509 1269 740 1304 incessus
771 1273 836 1315 11,
860 1274 896 1314 3,
927 1270 1006 1305 124.
1046 1272 1235 1316 aliquando
1261 1269 1506 1315 (patronorum)
1530 1270 1602 1304 inc.

109 1313 268 1349 incusari
291 1315 385 1348 solet
415 1316 436 1348 5
450 1339 462 1357 ,
497 1317 565 1358 13,
597 1317 654 1350 39.
702 1315 831 1350 Cicero
859 1327 978 1350 rarum
1001 1316 1074 1350 inc.
1098 1329 1217 1360 neque
1239 1316 1289 1350 ita
1310 1317 1457 1362 longum
1478 1317 1606 1360 probat

109 1360 171 1404 (in
199 1362 351 1402 agendo)
389 1361 454 1403 11,
485 1362 530 1403 3,
561 1362 640 1396 126.
686 1371 805 1406 neque
829 1362 955 1396 eadem
976 1361 1018 1396 iu
1037 1379 1084 1386 —
1106 1363 1250 1397 incessu
1271 1363 1366 1407 apud
1391 1361 1603 1407 principem,

109 1412 273 1441 senatum
296 1413 357 1441 etc.
386 1405 550 1440 similiter
573 1408 703 1441 decent
729 1411 772 1442 ib.
800 1408 879 1443 150.

61 1451 294 1494 Incestum·
329 1482 377 1489 ·-—
400 1463 629 1498 commiserat
650 1463 687 1509 4,
713 1467 758 1507 2,
782 1465 841 1500 88.
879 1480 927 1489 -—
949 1475 1032 1499 cnm
1053 1463 1127 1498 filia
1149 1463 1380 1499 commissum
1400 1463 1436 1508 5,
1461 1465 1518 1507 10,
1541 1464 1598 1499 19.

107 1509 237 1544 incesti
260 1510 424 1543 damnata
449 1513 484 1553 7,
508 1511 544 1552 8,
572 1512 606 1544 3.

61 1556 268 1598 Incestus·
294 1567 464 1613 romulo,
487 1572 528 1601 ut
552 1566 809 1612 praecipitetur
828 1565 988 1610 incesta;
1011 1566 1076 1600 lex
1099 1572 1153 1601 est
1178 1569 1214 1610 7,
1230 1567 1266 1610 8,
1288 1567 1323 1602 5.

60 1611 236 1656 Inchoo·
284 1625 526 1658 Romanorum
558 1624 694 1669 primus
729 1623 939 1659 condidit
972 1623 1090 1668 aliqua
1123 1623 1162 1657 in
1195 1624 1289 1657 hanc
1322 1621 1507 1657 materiam
1541 1622 1596 1661 M.

105 1671 218 1713 Cato,
249 1675 330 1713 post
352 1671 405 1703 M.
436 1670 616 1705 Antonius
639 1670 891 1705 inchoavit
913 1671 955 1712 3,
986 1673 1020 1713 1,
1046 1672 1102 1705 19.
1137 1670 1232 1714 quod
1257 1669 1316 1703 hic
1338 1669 1430 1703 liber
1452 1668 1597 1702 inchoat
1623 1703 1626 1706 ,

104 1720 148 1751 ib.
169 1719 203 1749 2.
234 1718 270 1757 7,
297 1718 353 1759 10,
380 1719 434 1752 17.
471 1723 661 1761 antequam
684 1716 879 1764 legitimum
905 1721 1086 1750 certamen
1109 1715 1281 1749 inchoent
1302 1713 1338 1758 4,
1358 1717 1390 1757 1,
1415 1717 1450 1748 2.
1486 1714 1595 1748 Esse

103 1761 331 1799 videatur
364 1764 588 1796 octonarium
611 1763 758 1797 inchoat
781 1764 822 1806 9,
847 1761 889 1805 4,
917 1764 976 1797 73.
1010 1760 1240 1796 cludendi
1263 1759 1594 1804 inchoandique

104 1807 300 1844 sententias
328 1811 371 1842 ib.
398 1810 454 1845 18.
482 1810 712 1853 abrupto,
741 1820 848 1853 quem
872 1808 1201 1850 inchoaverat,
1225 1816 1392 1840 sermone
1416 1804 1452 1848 4,
1477 1807 1511 1848 3,
1536 1806 1592 1840 13.

101 1856 180 1890 isne
207 1860 357 1887 statuam
385 1855 529 1899 quidem
552 1855 714 1889 inchoari
738 1856 878 1897 credet,
906 1865 986 1888 cum
1010 1854 1087 1897 ejus
1110 1853 1268 1887 membra
1286 1853 1485 1886 funduntur
1506 1854 1542 1894 2,
1561 1854 1595 1894 1,

101 1905 159 1936 12.
200 1900 371 1934 inchoare
396 1902 486 1934 haec
511 1901 627 1934 studia
651 1903 693 1943 1,
717 1902 782 1942 12,
810 1903 877 1942 12;
917 1900 1015 1943 quod
1040 1899 1165 1942 initio,
1201 1908 1292 1942 quo
1327 1898 1478 1942 primum
1500 1897 1593 1931 hanc

99 1946 281 1982 materiam
305 1946 499 1990 inchoavi,
534 1957 608 1980 11011
633 1947 793 1980 feceram
819 1945 861 1988 4,
894 1947 951 1980 Pr.
982 1946 1016 1980 5.
1052 1945 1162 1978 hinc
1185 1944 1290 1979 nobis
1311 1944 1515 1978 inchoanda
1540 1949 1595 1977 est

101 2006 144 2029 ea
167 2003 248 2037 pars
269 1995 313 2036 2,
342 1996 403 2036 11,
431 1995 464 2028 1.
501 1992 741 2027 altercationis
768 1997 957 2036 praecepta
981 1997 1148 2035 poterant
1171 1990 1288 2026 videri
1314 1996 1399 2024 tunc
1422 1989 1593 2023 incho-

101 2042 239 2082 anda,
275 2050 358 2072 cum
381 2038 671 2085 peregissem
698 2038 816 2072 omnia
840 2039 875 2081 6,
899 2037 935 2080 4,
965 2041 1008 2080 1,
1043 2040 1197 2071 Ρανιίσ..·
1227 2036 1295 2072 vix
1318 2037 1402 2070 dum
1426 2035 1591 2087 inchoata

102 2088 136 2128 5,
165 2089 221 2127 13,
246 2083 303 2119 34.
340 2085 545 2119 inchoatam
567 2085 817 2130 probationem
844 2086 879 2128 5,
909 2087 966 2127 10,
992 2084 1027 2119 5.
1060 2095 1093 2118 v.
1115 2084 1341 2129 Degusto.
1375 2083 1590 2116 Destino.

99 2133 183 2166 ΕΗ
190 2130 296 2165 icio.

52 2177 214 2221 lucido·
252 2187 286 2231 1)
302 2189 455 2231 proprie.-
481 2186 639 2232 emphasi
651 2186 697 2222 A.
706 2187 845 2221 Tullius
862 2186 965 2230 dixit,
988 2186 1124 2219 ferrum
1146 2184 1184 2219 in
1201 2183 1378 2218 Tuccium
1400 2182 1495 2226 (Sp.
1523 2194 1590 2217 an·-

100 2234 300 2269 tonomasia
323 2233 438 2266 Julius
466 2234 501 2267 d.
518 2234 546 2267 f.
562 2233 712 2267 Accium
739 2231 905 2275 Navium)
926 2231 1095 2266 incidisse
1119 2231 1154 2274 6,
1179 2232 1214 2271 3,
1237 2231 1283 2265 69
1306 2234 1348 2264 Ζ.
1368 2243 1371 2246 ’
1395 2228 1446 2272 11)
1472 2234 1588 2266 transl.

101 2281 143 2324 α)
169 2284 337 2314 absolute.-
367 2279 396 2313 si
427 2281 569 2323 quando
594 2279 642 2313 ita
668 2279 801 2314 incidat
824 2282 859 2322 2,
884 2281 920 2322 5,
938 2279 980 2320 5;
1014 2279 1044 2312 si
1068 2277 1147 2322 quis
1170 2276 1314 2323 ingenio
1336 2280 1525 2327 corruptus
1547 2286 1589 2310 ac

99 2327 254 2360 tumidus
288 2325 453 2360 inciderit
484 2328 527 2369 2,
557 2327 602 2369 8,
634 2327 668 2362 9.
716 2331 834 2369 potest
860 2324 1007 2359 materia
1030 2323 1211 2364 incidere,
1251 2332 1343 2366 quae
1368 2322 1438 2373 hoc
1467 2325 1588 2367 exigat

101 2376 142 2413 7,
171 2371 214 2414 4,
239 2373 295 2406 28.
338 2382 491 2411 persona
515 2371 639 2406 nescio
664 2383 709 2405 an
732 2383 908 2415 unquam,
943 2370 1066 2413 utique
1087 2369 1126 2402 in
1149 2377 1240 2403 vero
1264 2373 1343 2401 actu
1366 2377 1446 2410 rel,
1476 2366 1590 2411 possit

100 2417 282 2459 incidere,
318 2417 362 2451 de
387 2429 456 2461 qua
479 2423 606 2451 neutra
626 2429 706 2461 pars
731 2418 825 2450 dicat
858 2420 899 2460 7,
931 2419 974 2458 2,
999 2415 1073 2448 41.·
1102 2419 1219 2458 potest
1243 2413 1402 2447 incidere
1426 2413 1588 2458 quaestio

100 2467 136 2505 7,
166 2466 198 2505 1,
226 2464 279 2497 19.
313 2463 454 2496 interim
478 2463 636 2507 triplices
659 2463 840 2497 suasoriae
865 2461 1027 2496 incidunt
1054 2462 1089 2503 3,
1115 2461 1150 2503 8,
1176 2461 1232 2494 33.
1262 2460 1414 2494 verbum
1436 2458 1467 2492 si
1490 2459 1588 2503 quod

99 2508 216 2543 minus
242 2508 408 2541 usitatum
432 2508 564 2543 incidat
599 2512 646 2552 2,
682 2511 727 2550 5,
759 2508 795 2543 4.
840 2508 1049 2552 Imprudens
1074 2505 1184 2540 incidi
1208 2507 1244 2549 9,
1269 2508 1303 2548 2,
1326 2506 1393 2547 60;
1426 2516 1494 2539 nec
1517 2516 1597 2538 un-

99 2566 205 2599 quam
230 2552 361 2586 incidet
386 2554 433 2587 iu
458 2556 528 2589 hoc
552 2566 684 2602 genere
708 2554 880 2589 dubitatio
912 2555 956 2597 3,
979 2554 1022 2596 8,
1049 2551 1107 2587 34.
1161 2563 1242 2585 cum
1274 2550 1320 2584 in
1357 2550 1584 2596 expositione

99 2599 197 2634 senis
226 2609 343 2632 sermo
368 2598 490 2634 incidit
522 2604 586 2644 11,
618 2603 662 2645 3,
686 2602 744 2637 91.
791 2601 840 2634 111
871 2599 1008 2647 magnis
1036 2609 1179 2643 quoque
1202 2596 1403 2630 auctoribus
1426 2595 1585 2629 incidunt

98 2646 216 2690 aliqua
247 2643 378 2678 Vitiosa
412 2647 475 2687 10,
507 2649 550 2689 2,
585 2648 640 2681 15.
687 2647 813 2681 inter
845 2657 907 2681 eos
930 2655 1005 2680 non
1027 2646 1209 2678 forensem
1231 2641 1495 2676 contentionem
1520 2640 1584 2674 sed

98 2690 293 2726 studiosam
315 2688 589 2731 disputationem
612 2692 782 2726 incidisse
808 2695 873 2735 11,
899 2694 941 2735 1,
968 2693 1026 2726 70.
1074 2689 1118 2734 β)
1143 2693 1203 2723 rel.
1223 2689 1269 2720 ad
1288 2687 1426 2739 al{quid.
1474 2684 1512 2729 a)
1540 2687 1582 2719 «le

100 2738 303 2771 hominibus.-
341 2735 490 2768 facultas
514 2736 654 2769 dicendi
681 2738 711 2771 si
737 2738 782 2771 in
804 2739 918 2771 malos
940 2735 1065 2770 incidit
1090 2737 1147 2776 12,
1171 2736 1204 2776 1,
1227 2735 1283 2767 32.
1323 2742 1363 2765 111
1385 2732 1476 2765 adeo
1503 2741 1583 2765 mo-

98 2787 208 2820 lestos
236 2779 424 2817 incidimus
451 2782 696 2827 grammaticos
717 2783 751 2828 9,
779 2785 813 2827 3,
839 2785 894 2818 53.
927 2781 966 2817 111
990 2790 1162 2826 personas
1187 2780 1275 2813 tales
1295 2776 1406 2812 incidi
1429 2777 1465 2822 9,
1476 2779 1512 2823 2,
1523 2779 1581 2814 73.
