1728 3002
107 94 189 134 774
627 91 850 149 Reliquiae
878 115 934 124 -
963 90 1142 151 Remigo
1191 153 1195 157 ¹

155 211 238 252 quet
262 204 409 250 (literam
429 206 464 252 s)
493 210 525 254 1,
550 211 585 250 7,
609 208 650 250 93
690 184 780 240 nihil
803 205 871 241 sibi
895 205 976 241 adv.
999 216 1057 240 me
1079 186 1227 251 reliquit
1252 205 1296 250 6,
1323 207 1380 240 Pr.
1406 206 1462 242 15.
1494 207 1528 249 ,si
1551 210 1654 255 plura

156 253 234 287 aliis
258 253 443 298 reliquerit
469 257 523 297 12,
550 256 584 296 3,
607 254 641 288 6.
669 264 775 298 quem
792 252 984 295 (affectum)
1005 251 1133 287 melius
1155 250 1272 286 tacitis
1297 251 1573 299 cogitationibus
1596 255 1655 290 re-

155 298 318 344 liquisset
343 300 385 343 6,
415 303 454 344 1,
484 299 542 334 44.
575 299 775 333 libertatem
806 298 875 333 sibi
898 298 1092 343 eloquendi
1121 297 1325 343 relinquere
1350 300 1414 341 11,
1436 292 1655 343 2’,“48’.-Ὓίχ

157 345 256 388 scio,
287 346 345 380 cui
371 345 556 391 reliquerit
582 346 687 388 huius
715 345 871 380 nominis
893 346 1016 380 locum
1040 347 1107 388 12,
1132 348 1176 387 7,
1199 345 1235 378 4.
1275 355 1356 379 cum
1379 346 1484 390 turba
1509 342 1656 383 laudan-
1724 348 1728 351 “

159 392 247 427 tium
271 394 348 426 des
362 391 395 425 ti
411 398 455 426 tu
466 397 549 426 unt
572 391 761 435 subsellia,
794 402 1022 439 pugnamque
1049 390 1287 426 decretoriam
1309 391 1483 436 imperitis
1504 388 1658 428 relin-

159 444 300 482 quunt
324 438 358 479 6,
383 436 419 481 4,
442 439 482 482 6;
509 439 663 473 liberum
685 438 851 483 relinquo
876 437 1074 483 opinaturis
1102 441 1133 479 t,
1150 436 1185 480 4,
1210 440 1268 472 21.
1294 443 1396 482 pater
1422 443 1505 484 tuus
1526 443 1563 474 te
1589 432 1658 475 1162·

156 484 389 566 ξὶίἱεωέἓτίὁιηέ
403 485 548 567 Υὲῐέφιίῐ
582 488 666 553 Cic.
694 485 738 528 6,
764 487 806 529 3,
833 483 891 520 48.
931 484 1049 530 aliqua
1081 483 1317 529 relinquimus
1343 484 1521 535 judicibus
1553 484 1682 542 nesti--

333 557 343 574 ²
393 557 403 575 ²
477 557 485 566 '

111 585 347 642 Reliquiae·
394 598 430 632 id
458 598 496 633 in
519 611 587 633 usu
612 598 794 634 cotidiano
822 599 944 644 quasd.
970 597 1140 643 reliquias
1164 598 1274 634 habet
1296 599 1340 643 8,
1366 600 1410 643 5,
1435 601 1468 634 1.
1501 610 1535 634 v.
1555 599 1661 634 Fre-

159 655 315 689 quen&

113 699 331 757 ReliqUUS·
381 712 425 756 α)
456 714 598 748 Neam.-
630 714 796 748 Totum
822 713 953 747 falsum
977 718 1031 746 est
1054 714 1124 746 hoc
1148 712 1258 747 modo
1281 732 1328 738 -
1351 711 1593 758 reliquum
1621 713 1660 747 fit

155 770 284 795 verum
310 759 361 794 sic
387 760 431 803 5,
458 763 522 803 10,
547 761 604 796 67.
654 760 750 806 Quid
773 760 952 804 reliquum
977 759 1055 793 est?
1082 758 1185 802 (fig.)
1209 761 1244 802 9,
1269 761 1303 802 2,
1330 760 1387 795 60.
1409 759 1523 803 filius,
1562 760 1660 804 quod

155 807 334 850 reliquum
359 812 455 849 erat,
484 806 654 841 exhausit
677 810 723 850 7,
748 809 770 842 2
786 832 795 848 ,
824 810 877 842 17.
901 807 938 839 id
965 805 1113 849 iterum,
1143 810 1180 840 et
1199 805 1365 849 tertium,
1401 811 1438 840 et
1461 807 1544 839 dum
1570 805 1660 840 nihil

158 852 203 886 sit
226 852 356 898 reliqui
380 856 414 892 7,
442 856 474 895 1,
498 857 555 888 27.
582 864 734 896 everso,
763 864 835 898 quo
858 851 1104 894 defendimur,
1129 851 1306 896 reliquum
1330 857 1404 895 est,
1430 862 1502 898 quo
1523 851 1660 898 premi-

155 910 236 933 mur
254 902 289 941 7,
313 901 348 942 2,
378 901 433 934 12.
456 899 494 933 id
518 899 548 933 si
574 911 647 934 non
673 899 857 947 contingit,
879 899 1056 943 reliquum
1075 897 1162 942 erit,
1185 903 1233 932 ut
1257 905 1316 932 etc.
1343 898 1376 941 5,
1401 899 1518 941 7‚·19.
1543 898 1665 933 omnis·

156 943 205 978 in
233 945 471 990 reliquum
495 946 608 993 gratia
632 945 803 982 novitatis
828 945 1074 991 praecerpitur
1095 942 1131 985 4,
1155 946 1190 988 5,
1214 943 1260 988 4;
1288 946 1462 979 Aderat
1482 945 1659 989 janitor

158 994 386 1034 carceris,
431 999 471 1026 et
509 992 718 1034 carnifex
752 994 1018 1037 praetoris,
1047 989 1186 1035 reliqua
1215 990 1272 1036 (α.
1297 995 1319 1024 l.
1347 993 1446 1025 inser.
1474 990 1600 1038 (30¹9,v
1621 987 1657 1033 4,

158 1036 237 1071 124.
281 1037 432 1082 Reliqua
471 1038 542 1081 jam
571 1038 757 1083 aequitatis
791 1039 883 1083 (Sp.
911 1039 1014 1082 adjic.
1045 1037 1153 1080 sunt)
1181 1040 1225 1080 7,
1246 1039 1292 1080 1,
1315 1037 1362 1081 62
1386 1040 1430 1072 Z.
1459 1035 1658 1083 reliqua‘in

155 1084 286 1118 horum
310 1084 449 1128 species
474 1087 605 1120 cadunt
627 1089 672 1129 7,
700 1089 743 1128 2,
768 1087 825 1120 35.
861 1085 1000 1129 reliqua
1027 1084 1105 1118 ead.
1135 1084 1214 1118 fere
1238 1093 1330 1119 vero
1354 1083 1511 1128 fictoque
1535 1083 1658 1127 hujus-

155 1130 254 1163 modi
287 1131 478 1170 certamine
508 1138 704 1166 tractantur
730 1135 774 1174 2,
797 1130 843 1173 4,
874 1132 931 1166 36.
963 1141 1044 1164 cum
1072 1130 1117 1163 ad
1143 1131 1200 1171 (a.
1230 1134 1252 1164 l.
1278 1128 1361 1173 om.)
1386 1130 1524 1174 reliqua
1547 1129 1604 1173 (a.
1634 1132 1657 1162 1.

156 1174 310 1220 aliqua)'·
327 1187 402 1210 non
434 1180 672 1222 responderet
695 1178 737 1221 6,
762 1180 805 1218 3,
828 1179 873 1212 93
900 1178 946 1211 N.
973 1190 1021 1210 cr.
1054 1187 1100 1210 ne
1132 1176 1222 1209 illud
1245 1182 1410 1220 spectans
1437 1176 1548 1219 judex
1572 1174 1658 1210 reii-

155 1233 307 1266 quorum
331 1224 533 1258 defensioni
557 1225 602 1258 sit
626 1223 813 1259 adversim·
837 1227 872 1263 7,
899 1226 939 1266 1,
965 1225 1021 1256 11.
1073 1220 1114 1267 β)
1140 1235 1169 1256 c.
1196 1222 1353 1256 Nomina.-
1380 1221 1475 1267 Quid
1499 1221 1659 1267 reliquo-

154 1278 233 1301 rum
250 1269 514 1303 Socraticorum
534 1270 774 1316 elegantiam?
803 1271 858 1311 10,
884 1271 918 1311 1,
943 1269 1000 1302 83.
1027 1267 1072 1301 sit
1094 1267 1234 1311 reliqua
1256 1267 1338 1302 viro
1363 1268 1450 1302 sorti
1470 1267 1540 1302 alia
1560 1266 1658 1312 optio

155 1316 190 1356 7,
217 1317 250 1356 7,
277 1316 310 1348 8.
342 1314 580 1358 [reducturos
606 1316 785 1359 reliquum
812 1315 948 1356 (Amb.
974 1316 1006 1346 1.
1031 1313 1235 1347 reddituros
1256 1313 1432 1357 relicum,
1458 1317 1501 1348 Ζ.
1532 1313 1656 1357 ὀοηῇεκ

153 1359 357 1403 relicturos)
385 1361 547 1396 ordinem
569 1361 605 1404 4,
630 1365 673 1403 2,
701 1362 746 1396 83
772 1361 817 1394 Ν.
847 1367 877 1393 et
903 1358 954 1403 S.]
984 1359 1143 1402 reliquae
1169 1359 1413 1405 interrogandi
1436 1364 1519 1393 sunt
1541 1365 1660 1403 partes

157 1406 192 1448 5,
219 1409 254 1448 7,
279 1407 336 1441 26.
365 1405 426 1450 [cf.
458 1410 492 1450 7,
518 1410 573 1449 10,
600 1406 672 1451 16.]
702 1407 811 1440 habet
831 1406 898 1440 rel.
923 1410 1078 1449 partem,
1107 1411 1152 1438 ut
1180 1405 1275 1439 dicat
1299 1409 1334 1448 7,
1360 1409 1396 1448 2,
1419 1407 1476 1439 21.
1503 1405 1660 1450 reliquas

155 1451 221 1531 Σεο.
245 1455 493 1486 contubernales
502 1469 514 1496 ,-
545 1466 577 1488 a.
593 1458 615 1487 l.
641 1452 811 1497 reliquias
837 1450 1086 1492 temulentiae)
1111 1450 1363 1496 circumjacere
1385 1450 1517 1496 passim
1544 1454 1658 1486 Coel.

188 1524 198 1540 ,
224 1500 349 1539 2,123
375 1500 420 1532 AL
448 1512 495 1532 cn

112 1551 360 1648 Rssiglctzr·4
381 1565 440 1647 d¹i7u
468 1578 546 1601 sum
578 1566 745 1611 equidem
767 1566 964 1600 reluctatus
988 1565 1047 1597 Pr.
1073 1566 1106 1598 1.
1133 1563 1257 1598 fractis
1285 1563 1387 1609 aquis
1411 1574 1454 1600 ac
1477 1565 1662 1623 reluctan-

172 1623 183 1644 1
210 1623 250 1646 us
303 1639 312 1655 ‚
362 1639 371 1656 ‚
426 1637 434 1646 .

111 1666 348 1760 Βεὲῐηὲἱιᾶο.
408 1679 509 1725 quasi
544 1681 651 1715 eund.
690 1679 811 1714 cibum
847 1677 1082 1715 remandendi
1118 1678 1284 1723 (Camp.
1316 1676 1574 1730 remordendi)
1605 1680 1662 1722 11,
1682 1654 1691 1658 -

189 1752 199 1770 ,
272 1750 281 1761 .

112 1781 345 1825 Remaneo·
402 1801 441 1829 ut
472 1806 546 1830 non
580 1799 790 1829 remaneant
825 1793 956 1828 amoris
986 1790 1162 1839 vestigia,
1196 1797 1232 1827 et
1261 1803 1363 1827 sacra
1398 1793 1526 1836 quaed.
1551 1790 1662 1842 patris

157 1841 234 1884 ejus
260 1841 431 1876 memoria
459 1844 499 1875 11
515 1868 525 1885 ‚
552 1844 568 1875 1
583 1867 594 1884 ,
625 1842 682 1876 59.
711 1842 809 1874 unde
832 1842 948 1874 adhuc
972 1843 1133 1873 remanet
1159 1838 1271 1881 illud,
1293 1839 1430 1884 Rogat,
1464 1837 1551 1885 boui
1574 1849 1663 1873 con-

158 1889 252 1922 sulas
279 1891 310 1929 1,
337 1889 371 1930 6,
402 1890 458 1922 33.
485 1899 549 1932 ap.
577 1898 666 1932 quos
691 1887 881 1930 remansit,
911 1887 1009 1930 quod
1034 1884 1169 1919 oratori
1191 1885 1436 1920 necessarium
1463 1890 1519 1920 est
1543 1887 1601 1929 12,
1624 1887 1660 1928 2,

159 1933 192 1967 8.
224 1932 315 1967 illud
346 1940 382 1968 et
405 1934 452 1968 in
477 1933 738 1968 consuetudine
766 1933 936 1967 remansit
961 1933 997 1975 9,
1022 1933 1057 1974 3,
1088 1929 1144 1964 14.

113 1988 381 2032 Remedium.
424 2003 494 2035 hoc
519 2001 590 2036 illis
614 2013 804 2035 commune
828 2000 1028 2036 remedium
1053 2005 1119 2044 est,
1144 1991 1181 2034 si'
1198 2019 1244 2024 —
1267 2004 1436 2044 appareat
1463 2001 1519 2042 11,
1544 1999 1662 2042 1‚772.

158 2046 204 2080 in
232 2048 359 2091 quibus
384 2048 550 2082 omnibus
576 2059 767 2082 commune
796 2060 884 2082 rem.
913 2053 985 2090 est,
1011 2052 1059 2080 ut
1083 2053 1145 2080 etc.
1169 2047 1212 2079 ib.
1238 2046 1296 2080 87.
1333 2056 1380 2079 ne
1413 2045 1501 2080 hoc*
1515 2042 1660 2093 quidem

157 2092 319 2128 infirmae
343 2094 537 2129 memoriae
561 2106 590 2128 r.
616 2100 682 2137 est,
708 2094 776 2128 nisi
805 2093 853 2128 in
875 2092 933 2136 iis,
959 2093 1020 2137 qui
1048 2100 1108 2126 etc.
1133 2094 1190 2134 11,
1218 2094 1253 2134 2,
1278 2090 1337 2128 49.
1360 2090 1468 2125 facile
1484 2095 1570 2127 terat
1590 2091 1661 2138 ‚lm-

158 2139 212 2182 jus
236 2146 351 2175 metus
375 2152 404 2173 r.
434 2143 451 2174 1
466 2166 476 2183 ,
504 2144 547 2184 2,
571 2141 605 2175 6.
630 2140 738 2175 facile
765 2152 795 2175 r.
823 2145 878 2174 est
900 2139 1071 2173 ubertatis
1095 2141 1138 2181 2,
1161 2136 1205 2179 4,
1227 2137 1261 2172 6.
1287 2138 1390 2172 adv.
1416 2138 1578 2182 consulta
1605 2147 1661 2171 se-

156 2191 260 2220 natus
292 2193 328 2220 et
360 2187 504 2221 decreta
539 2187 742 2232 principum
775 2188 837 2221 vel
868 2185 1137 2233 magistratuum
1166 2194 1197 2217 r.
1222 2184 1358 2217 nullum
1392 2189 1468 2227 est,
1502 2181 1572 2232 nisi
1597 2189 1660 2220 etc.

157 2233 190 2272 5,
215 2235 250 2275 2,
280 2235 313 2267 5.
340 2233 370 2266 si
393 2234 544 2267 deerunt
567 2234 657 2267 haec
682 2245 726 2275 r.‚
756 2234 800 2266 ad
824 2233 886 2266 illa
911 2231 1161 2266 declinandum
1185 2235 1239 2263 est
1265 2233 1301 2272 7,
1325 2232 1360 2272 2,
1385 2231 1452 2272 30;
1479 2234 1519 2262 ut
1542 2238 1659 2280 reme-

158 2277 217 2311 dia
241 2278 391 2321 perinde
414 2285 651 2323 perseverent
675 2279 846 2313 adhibere
871 2279 933 2314 vel
959 2278 1145 2319 desinant,
1170 2281 1210 2309 ut
1231 2275 1294 2310 illa
1315 2275 1430 2319 recipi
1454 2275 1517 2314 vel
1538 2283 1661 2319 respm

157 2322 283 2357 vident
307 2326 342 2366 6,
366 2323 401 2367 4,
434 2327 488 2361 19.
512 2337 545 2359 v.
565 2325 796 2359 Adhibeo.
822 2325 1032 2369 frequenter
1055 2328 1110 2357 est
1132 2323 1305 2358 vulnus
1328 2321 1367 2355 in
1389 2321 1454 2365 iis,
1479 2325 1515 2356 et
1538 2325 1660 2354 orator

156 2371 416 2404 remedium
444 2371 607 2406 inveniet
633 2374 698 2414 12,
726 2372 766 2414 8,
792 2372 826 2405 8.
861 2376 901 2404 ut
933 2369 1110 2412 remedia,
1145 2379 1236 2413 quae
1269 2367 1403 2412 alioqui
1427 2373 1552 2401 natura
1579 2370 1677 2405 sunt,

158 2425 305 2458 aspera,
331 2417 539 2451 molliantur
562 2421 597 2460 2,
624 2416 661 2459 4,
690 2420 752 2460 123
790 2416 988 2450 admirabili
1011 2417 1057 2458 (S
1066 2429 1099 2459 p.
1122 2414 1160 2448 in
1187 2413 1293 2454 adm.)
1317 2419 1354 2448 et
1375 2412 1471 2457 turpi
1493 2411 1660 2447 remediis

158 2469 247 2502 opus
276 2468 330 2496 est
355 2463 397 2506 4,
424 2465 467 2506 1,
491 2462 534 2496 41
562 2467 605 2498 Z.
640 2463 670 2496 si
696 2463 781 2508 quid
805 2462 1041 2507 periculosius
1068 2460 1217 2495 finxisse
1241 2459 1463 2502 videbimur,
1495 2457 1660 2505 quibusd-

159 2507 325 2593 ffirpedidis
351 2509 669 2551 praemuniendum
695 2515 748 2544 est
773 2510 818 2552 8,
849 2511 894 2553 3,
919 2511 977 2544 37.
1001 2508 1100 2555 adv.
1126 2507 1263 2552 reliqua
1288 2507 1339 2541 uti
1363 2504 1529 2548 remediis
1552 2501 1595 2548 4,
1623 2504 1658 2543 2,

230 2575 238 2583 .
275 2566 319 2587 c.
346 2557 409 2597 11,
436 2558 481 2598 2,
507 2557 566 2591 29.
1505 2571 1507 2573 f

112 2603 291 2648 RemeX·
335 2622 507 2668 remigem
534 2629 660 2657 cantus
687 2625 849 2658 hortatur
878 2626 912 2666 1,
938 2625 993 2665 10,
1019 2623 1074 2656 16.

113 2671 308 2730 Remigo·
352 2690 520 2724 volucres
547 2691 674 2734 pennis
700 2691 875 2738 remigare
903 2693 944 2724 V
950 2692 1029 2732 irg.
1056 2693 1096 2731 8,
1120 2690 1166 2732 6,
1195 2689 1247 2722 18.
