1728 3002
606 221 808 265 Indoctus
836 244 893 252 -
919 194 1145 276 Indulgeoi
1554 219 1639 259 419

103 341 324 385 indoctus.
370 346 410 392 α)
431 349 476 383 de
496 347 691 384 λοπιίηἷόιιε.
735 343 775 391 a)
798 345 1009 390 simpliciter:
1033 344 1203 379 doctus
1229 334 1469 396 indoctum
1491 353 1639 387 supera-

152 398 204 434 bit
229 401 264 441 2,
289 400 345 440 17,
366 394 424 430 43.
457 393 594 429 indocti
616 396 651 438 3,
676 395 712 436 8,
729 393 788 429 51.
812 390 848 435 4,
867 393 903 436 2,
927 393 982 426 37.
1015 391 1182 436 populus,
1207 390 1268 436 qui
1291 402 1340 425 ex
1364 389 1526 434 pluribus
1549 400 1639 442 con-

154 451 222 479 stat
244 441 397 478 indoctis
420 442 463 484 3,
486 441 528 485 8,
554 443 590 475 2.
630 445 672 474 ut
698 439 751 484 ira
777 447 1031 482 nonnunquam
1053 437 1206 472 indoctis
1233 447 1376 482 quoque
1399 436 1639 480 eloquentum

152 490 262 526 faciat
283 490 319 532 6,
331 492 367 531 2,
381 488 438 522 26.
463 486 640 520 interdum
664 486 835 520 videntur
857 482 930 517 ind.
957 482 1095 528 copiam
1125 484 1258 518 habere
1280 484 1451 528 majorem
1478 485 1513 525 2,
1527 484 1584 523 12,
1601 482 1636 515 6.

151 537 316 571 indoctos
340 546 360 568 a
384 532 499 567 Musis
522 538 592 577 atq.
619 543 641 566 a
664 531 794 566 Gratiis
818 531 942 564 abesse
971 531 1005 572 1,
1024 532 1080 572 10,
1102 531 1167 572 21,
1192 528 1363 564 indocti
1390 533 1427 563 et
1449 528 1558 562 barb
1570 527 1636 561 ari

154 588 192 617 et
215 579 339 616 servi
364 582 401 622 2,·
426 581 483 621 17,
505 579 541 613 6.
574 577 770 612 indocti
797 587 838 610 ac
862 586 936 609 nou
969 576 1244 610 sentientes
1278 587 1321 610 ea
1349 576 1394 619 8,
1421 575 1466 617 6,
1489 573 1525 608 4.
1561 584 1636 608 non

154 625 341 662 indocti
362 626 471 659 modo
491 619 555 659 sed
578 623 685 658 etiam
707 621 880 658 rustici
906 623 942 663 6,
963 623 998 664 3,
1024 623 1080 656 13.
1114 621 1160 663 cs.
1187 625 1244 664 10,
1267 624 1302 665 3,
1329 622 1384 656 16.
1419 632 1501 655 cum
1527 620 1636 654 iidem

157 672 286 708 docti
307 673 429 706 facere
450 671 553 712 illud,
578 669 763 704 indocti
786 674 820 702 et
846 667 1156 702 inexercitati
1182 679 1256 703 non
1279 667 1457 712 possimus
1483 668 1633 710 11‚2,9.

151 730 260 754 nemo
282 717 349 753 erit
370 723 442 751 tam
465 716 628 750 indoctus
653 718 710 759 10,
738 718 771 759 1,
794 714 851 748 48.
887 714 926 755 b)
951 726 981 746 ο.
1000 715 1188 748 Nomii-ih:
1211 719 1312 748 actor
1337 714 1411 752 ind,
1439 716 1472 756 1,
1498 715 1554 756 10,
1580 714 1637 748 35.

151 765 227 799 ind.
251 765 313 799 ille
334 761 561 808 (praeceptor)
580 765 616 804 2,
639 763 674 804 3,
700 765 754 796 11.
779 761 853 794 ind.
877 770 967 803 puer
992 761 1024 802 1,
1047 760 1082 801 9,
1105 761 1139 794 5.
1186 760 1237 806 β)
1251 762 1293 794 de
1315 762 1433 795 rebus.-
1461 759 1536 793 ind.
1554 760 1636 794 bre·
1679 767 1681 770 '

151 812 244 847 vitas
269 809 304 854 4,
321 813 356 853 2,
370 808 428 844 46.
453 807 544 842 ind.
572 807 846 842 rusticaeve
874 816 1000 839 manus
1025 807 1129 848 1,11,
1143 807 1198 841 16.

106 864 292 915 Indoles.
326 897 374 904 -.
397 875 514 911 coelii
539 878 602 918 12,
627 877 684 919 10,
707 877 763 909 11.
802 874 896 908 bona
921 872 1030 917 ipsius
1054 871 1128 906 ind.
1155 875 1188 915 1,
1213 875 1257 916 2,
1279 872 1312 909 5.
1352 875 1393 919 1,
1416 875 1458 918 3,
1481 876 1517 907 2.
1562 872 1636 907 ind.

149 925 244 958 laeta
269 926 312 966 2,
336 922 385 965 4,
409 921 444 955 4.
484 921 673 954 maximam
697 921 771 955 ind.
796 921 987 954 ostendunt
1009 916 1145 961 (opem)
1169 920 1227 962 10,
1255 922 1288 963 1,
1311 920 1370 956 89.
1409 920 1440 954 si
1464 931 1535 965 qua
1554 925 1637 954 sunt

151 969 247 1002 dicta
266 967 472 1012 juveniliter
497 977 563 1010 pro
586 967 706 1001 indole
733 966 956 1010 accipiuntur
980 968 1035 1005 10,
1059 965 1095 1006 6,
1118 966 1151 998 3.

107 1010 358 1056 Indomitus.
390 1035 454 1058 cur
476 1043 522 1049 —
543 1022 948 1057 mansuefacimus
976 1020 1170 1054 animalia?
1200 1019 1420 1056 indomita
1442 1028 1637 1057 nascuntur

152 1071 189 1110 9,
211 1069 247 1112 4,
271 1070 304 1104 5.
339 1070 359 1103 f
366 1075 470 1104 orte
495 1069 639 1114 quidem
661 1070 726 1103 sed
748 1068 840 1103 ind.
867 1067 1060 1112 (ingenium)
1087 1070 1142 1109 12,
1167 1069 1203 1108 2,
1227 1067 1284 1102 19.

107 1113 420 1156 Indubitabffis·
468 1126 507 1160 in
537 1137 671 1174 genere
701 1136 831 1160 causae
861 1124 968 1159 etiam
994 1121 1217 1158 indubitabili
1242 1121 1288 1167 4,
1313 1125 1356 1171 1,
1380 1122 1439 1160 55.
1476 1123 1507 1158 si
1526 1124 1636 1159 modo

154 1171 385 1206 indubitabile
407 1178 462 1206 est
484 1171 520 1215 4,
544 1175 576 1214 5,
601 1174 657 1207 13.

109 1215 388 1259 Indubilfltus-
426 1227 696 1263 indubitata
719 1232 860 1271 essent,
893 1236 967 1260 non
991 1222 1258 1271 ar‘gumenta
1281 1224 1323 1268 5,
1348 1226 1411 1266 10,
1436 1225 1480 1262 19
1505 1226 1552 1260 Ν.
1589 1226 1636 1268 qs.

152 1276 198 1308 ib.
223 1272 279 1308 7⁴.
318 1275 351 1316 1,
375 1274 410 1316 6,
433 1275 491 1308 32.
523 1274 558 1316 5,
583 1273 638 1317 14,
668 1276 724 1308 32.
752 1274 788 1315 9,
811 1270 846 1315 4,
871 1274 905 1306 2.
933 1271 1104 1316 quidquid
1129 1281 1211 1315 prox
1222 1282 1330 1305 causa
1356 1271 1512 1315 videtur,
1538 1273 1640 1317 quasi

80 1335 82 1337 ·
151 1318 384 1353 indubitatum
405 1319 634 1364 pronuntiant
657 1321 693 1364 8,
718 1318 812 1364 5,’7;
842 1317 915 1352 ind.
937 1318 1121 1352 literarum
1137 1317 1232 1352 inter
1258 1328 1297 1352 se
1319 1317 1527 1362 conjunctio
1552 1321 1586 1362 1,
1603 1322 1638 1363 1,

152 1366 212 1400 31.
235 1363 309 1399 ind.
333 1364 434 1412 signa
461 1365 496 1408 5,
522 1367 557 1408 9,
585 1368 620 1400 2.

106 1407 327 1462 Iildllbillss·
375 1439 421 1447 —
443 1423 607 1466 exempla
634 1422 668 1465 5,
694 1423 751 1465 13,
778 1419 825 1455 24
847 1421 893 1454 Ν.
919 1433 966 1455 cr.

99 1464 281 1522 Ildum·
301 1500 303 1503 .
322 1477 356 1523 1)
378 1482 514 1523 proprie
534 1482 568 1512 in
596 1481 735 1522 Tropis:
768 1477 817 1511 in
842 1472 941 1511 suam
964 1474 1089 1520 (viam)
1112 1475 1261 1521 quisque
1281 1474 1427 1510 induxit
1449 1483 1639 1522 sequentes

47 1528 54 1530 “
98 1565 106 1569 —
127 1566 130 1568 .
153 1525 199 1569 3ι
213 1526 248 1567 1,
271 1524 307 1568 5.
342 1524 423 1565 iter,
449 1524 495 1559 in
522 1526 618 1570 quod
644 1525 861 1559 inducuntur
885 1523 921 1566 8,
946 1523 1005 1556 Pr.
1028 1522 1063 1558 4.
1110 1534 1131 1557 a
1152 1522 1313 1567 patronis
1335 1522 1503 1558 diversae
1528 1524 1638 1568 partis

115 1570 122 1576 '
151 1568 368 1605 inducuntur
400 1569 474 1614 (sic
497 1573 625 1615 Codd.;
659 1573 728 1614 Sp.
755 1567 975 1612 induuntur)
1009 1567 1048 1602 in
1071 1570 1218 1614 laqueos
1242 1570 1284 1611 5,
1312 1571 1358 1611 7,
1384 1572 1426 1602 11
1456 1570 1578 1605 Gemh.
1603 1574 1638 1604 in

155 1616 276 1660 Sn'ppl.
322 1614 374 1658 11)
398 1621 515 1650 transl.
540 1619 562 1650 ἰ.
577 1630 608 1661 q.
635 1620 843 1659 compello
857 1629 868 1649 .-
896 1620 998 1659 pater
1019 1614 1131 1647 filium
1155 1620 1191 1648 et
1214 1625 1419 1657 novercam,
1446 1615 1640 1652 inducente

153 1657 211 1705 (a.
225 1665 249 1695 t.
273 1659 466 1703 indicante)
501 1664 612 1695 altero
638 1662 738 1704 filio,
763 1661 802 1695 in
827 1660 1001 1694 adulterio
1025 1660 1268 1703 deprehensos
1293 1660 1424 1694 occidit
1448 1662 1483 1704 9,
1506 1664 1542 1705 2,
1570 1661 1638 1705 42;

153 1704 229 1741 Ιιῦο
250 1705 288 1740 in
307 1707 514 1742 memoriam
538 1707 702 1742 inductus
727 1706 776 1747 (a.
789 1708 811 1740 1.
836 1704 930 1748 add.)
953 1708 995 1739 ib.
1015 1706 1072 1740 61.
1108 1706 1152 1739 ab
1178 1706 1234 1739 his
1255 1706 1451 1749 affectibus,
1477 1706 1526 1740 iu
1549 1719 1641 1752 quos

156 1750 455 1786 inducendus
484 1759 537 1786 est
560 1754 688 1795 judex,
721 1753 944 1786 recedere
978 1754 1041 1794 11,
1068 1753 1110 1792 3,
1135 1752 1189 1786 58.
1241 1751 1311 1795 111)
1334 1754 1357 1786 ἰ.
1386 1765 1418 1796 q.
1448 1754 1640 1789 obduco.-

155 1794 300 1840 ingenio
330 1799 444 1830 adhuc
467 1799 595 1832 alendo
619 1800 747 1831 callum
770 1797 941 1831 inducere
966 1800 1022 1838 12,
1047 1797 1083 1839 6,
1106 1796 1151 1839 ὃς
1179 1808 1259 1830 cum
1283 1797 1420 1831 oblivio
1446 1797 1552 1832 unius
1575 1810 1642 1833 eo-

158 1843 238 1891 rum
261 1842 446 1884 cujuslibet
469 1843 612 1886 (verbi),
636 1844 923 1898 aut-deformem
944 1841 1229 1895 haesitationem,
1255 1849 1315 1876 aut
1337 1843 1442 1895 etiam
1461 1843 1641 1880 silentium

158 1884 404 1973 Ξῖἱὲῗὶῑοὲέὦ
421 1890 471 1973 25,,
491 1887 567 1975 ᾖ,
590 1887 675 1966 ἐν)
704 1901 728 1922 ι.
757 1901 789 1934 q.
814 1887 1019 1932 profero.-
1065 1894 1190 1934 quarto
1217 1899 1254 1922 in
1277 1889 1358 1922 loco
1380 1889 1555 1924 inducunt
1577 1902 1643 1936 ap-

114 1972 321 2016 Inducfib-
353 1987 447 2030 quod
465 1985 660 2038 ἔπαχωγῆν
683 1987 814 2039 Grae-ci·
835 1993 981 2039 vocant,
1008 1986 1084 2023 Cic.
1109 1987 1418 2022 inductionem
1442 1990 1476 2032 5,
1499 1993 1556 2034 10,
1570 1994 1638 2036 73;

160 2041 303 2065 omnem
337 2037 674 2077 argumentationem
706 2034 832 2067 dividit
864 2044 903 2066 m
929 2034 1016 2066 duas
1044 2039 1184 2077 partes,
1228 2034 1569 2071 inductionem
1603 2044 1641 2073 et

160 2075 583 2111 ratiocinationem
611 2079 658 2121 5,
683 2079 749 2121 11,
773 2080 807 2112 2.
830 2079 864 2112 3.
917 2077 999 2112 ficta
1021 2077 1096 2112 ind.
1124 2077 1212 2122 (fig.
1237 2091 1294 2122 ap.
1323 2079 1430 2124 Cic.)
1456 2081 1493 2125 9,
1517 2085 1551 2126 1,
1579 2085 1639 2120 31.

162 2121 292 2156 erroris
318 2121 392 2156 ind.
417 2124 462 2158 ib.

115 2167 306 2210 Inductu.
329 2177 432 2220 hujus
455 2188 680 2221 persuasu
702 2183 740 2212 et
761 2177 956 2213 inductu
981 2181 1049 2213 Cic.
1073 2179 1107 2221 5,
1133 2181 1189 2221 10,
1214 2179 1272 2214 69.

115 2222 396 2277 Indulgentia·
441 2235 525 2268 dum
548 2245 614 2268 nos
637 2234 709 2267 ind.
734 2234 795 2267 illa
819 2244 892 2268 non
916 2235 1016 2268 fallat
1042 2236 1168 2277 1o,⁷3,
1191 2237 1224 2269 7.
1256 2234 1417 2270 mollis
1443 2236 1505 2273 illa
1529 2241 1641 2276 edu-

163 2281 305 2321 catio,
330 2290 434 2331 quam
456 2279 781 2326 indulgentiam
802 2290 975 2315 vocamus
998 2283 1036 2324 1,
1047 2283 1081 2323 2,
1095 2280 1130 2315 6.
1154 2280 1297 2326 ingenia
1316 2280 1537 2331 indulgentia
1552 2299 1642 2332 qua-

162 2326 242 2358 dam
266 2327 473 2359 enutrienda
500 2331 581 2359 sunt
604 2328 647 2369 8,
672 2326 730 2359 Pr.
755 2328 789 2360 2.

117 2367 338 2424 Indulgeo.
385 2380 426 2425 α)
454 2395 482 2415 0.
508 2385 614 2416 ω...-
658 2381 840 2416 hominem
871 2381 1050 2425 divinum,
1095 2381 1158 2426 qui
1180 2382 1247 2417 sibi
1270 2382 1417 2420 indulsit
1445 2387 1488 2430 8,
1513 2388 1557 2432 5,
1583 2376 1640 2428 ιὰ.

164 2427 257 2459 ultra
283 2425 403 2469 nobis,
436 2438 541 2472 quam
568 2433 718 2471 oportet,
745 2427 955 2462 indulsimus
979 2430 1014 2470 2,
1039 2428 1084 2471 5,
1108 2427 1167 2463 24.
1209 2439 1282 2464 non
1306 2437 1359 2464 est
1385 2431 1640 2481 indulgendum

165 2470 280 2506 causis
304 2471 460 2506 desidiae
484 2475 540 2515 10,
566 2474 600 2514 3,
624 2474 680 2508 29.
714 2473 966 2518 compositioni
988 2473 1135 2508 Latinos
1159 2474 1267 2521 magis
1289 2474 1498 2523 indulsisse,
1535 2492 1640 2525 quam

164 2516 304 2551 Atticos
327 2518 373 2560 9,
397 2516 442 2561 4,
468 2519 546 2553 145.
597 2518 714 2557 minus
745 2519 1008 2554 indulsere
1040 2519 1265 2564 eloquentiae
1289 2521 1402 2556 Stoici
1427 2527 1487 2567 10,
1516 2528 1555 2568 1,
1580 2527 1639 2562 84.

166 2562 386 2615 si(.0vi‹1ius)
403 2563 547 2617 ingenio
563 2575 628 2617 suo
650 2570 737 2598 tem
749 2576 771 2617 p
782 2576 917 2600 erare
938 2575 1042 2617 quam
1059 2564 1300 2620 indulgere
1323 2570 1504 2608 maluisset
1525 2574 1567 2606 ib.
1578 2573 1640 2610 98.

162 2609 568 2698 Ξὲἲηῖὲῗέἒὲἓιιέῗθὲῗῗ
581 2610 893 2701 Ἓὲιὲῗέιὲἷῆῃῗ
906 2612 1513 2695 3221⁹<3¹1÷¹2⁸13¹323³22¹1⁰213352‘13‘2125
1515 2628 1642 2697 iffi?

165 2699 251 2733 serit
277 2702 378 2742 11,1‚
391 2701 447 2735 75.
472 2701 651 2746 plerisque
670 2707 848 2736 extremas
870 2702 1025 2747 syllabas
1046 2713 1123 2736 non
1144 2705 1418 2749 perferentibus,
1443 2708 1526 2741 dum
1542 2710 1643 2752 prio<

164 2755 242 2777 rum
265 2755 355 2778 sono
375 2745 558 2793 indulgent
579 2750 635 2791 11,
650 2749 685 2791 3,
701 2749 757 2782 33.
788 2747 1042 2793 expatiari
1063 2754 1163 2793 parte
1186 2750 1224 2784 in
1241 2752 1308 2784 hac
1329 2756 1364 2784 et
1387 2751 1640 2800 indulget-'0

165 2790 338 2834 voluptati
362 2794 398 2836 2,
425 2795 481 2836 17,
507 2795 541 2828 1.
567 2792 614 2835 cs.
639 2795 703 2838 10,
728 2796 770 2836 1,
796 2792 853 2829 24.
897 2795 943 2840 β)
966 2795 1037 2839 adj.
1060 2798 1208 2831 Accum
1247 2797 1346 2840 quod
1367 2797 1557 2844 praecipue
1582 2800 1640 2834 iu-

1253 2855 1298 2887 27
1318 2852 1339 2875 ⁸
