1728 3002
773 82 851 127 Jus
894 133 898 138 ,
987 70 997 77 ’
1490 77 1595 122 471.

91 210 130 253 7,
154 207 191 251 6,
210 208 247 245 ,1.
276 202 309 239 ti
333 202 516 241 diversum
540 201 565 247 j.
590 205 696 243 esset,
722 197 872 233 alterum
893 197 1006 232 altero
1032 196 1261 243 abrogaretur
1287 198 1322 239 7,
1345 198 1383 240 7,
1405 195 1442 229 2.
1466 192 1514 235 cs.
1538 194 1574 236 3,

90 253 128 296 6,
151 252 211 290 95.
231 251 257 297 j,
277 250 520 286 obscurum
551 266 596 274 --
619 244 930 280 manifestum
952 245 989 287 7,
1011 243 1033 276 6
1072 240 1107 280 4.
1137 242 1162 286 j.
1188 241 1376 286 poeticum,
1395 243 1429 283 1,
1456 239 1492 284 5,
1516 239 1572 274 19.

91 298 118 343 ἰ.
141 306 304 340 samua,
333 294 533 340 publicum,
561 291 738 338 privatum
762 293 806 335 2,
831 290 875 333 4,
897 290 954 324 33.
1011 291 1038 333 β
1084 301 1114 321 c.
1143 290 1273 323 Geniu:
1307 288 1363 331 jus
1385 285 1572 332 abdicandi

15 322 18 326 ι
91 347 136 389 3,
171 344 218 387 6,
253 345 313 378 77.
346 360 394 368 -—
431 338 557 394 agendi
584 341 628 374 ib.
655 340 712 374 52.
738 357 784 363 —
807 333 981 370 caedendi
1003 337 1036 377 1,
1051 337 1087 378 3,
1107 335 1161 369 17.
1195 332 1385 368 occidendi
1406 353 1453 359 —-
1477 333 1512 374 3,
1540 333 1575 374 5,

94 393 149 425 10.
172 408 222 417 --
246 393 361 422 totum
387 385 556 434 exigendi
582 386 616 427 5,
642 387 699 427 10,
724 385 814 426 105;
843 382 899 425 ius
923 380 1138 415 accusatoris
1161 382 1197 424 7,
1222 382 1257 423 5,
1281 383 1316 414 2.
1342 398 1390 405 -
1411 377 1522 423 patris
1539 380 1575 418 7,

91 439 128 478 ⁷,
153 437 197 479 93
229 435 255 478 i.
285 432 435 468 actionis
457 435 500 475 3,
522 431 577 474 -6,
606 432 664 465 73.
694 432 736 472 7,
763 432 802 472 1,
824 429 860 463 9.
882 446 927 453 -
951 425 1036 462 belli
1068 427 1103 464 5.
1129 428 1185 468 10,
1213 427 1291 461 113.
1321 445 1367 451 —-
1392 425 1574 459 civitatum

90 485 127 524 2,
150 480 187 524 4,
211 481 268 515 33.
300 496 348 505 -—-
367 477 502 523 publici
524 475 650 512 crediti
678 477 713 519 5,
739 477 794 518 10,
821 476 898 509 117.
932 490 977 498 -
1026 471 1159 506 entium
1186 475 1221 514 7,
1246 475 1279 514 1,
1307 471 1364 506 46.
1398 491 1444 497 -
1475 479 1575 504 mor-

93 529 138 561 tis
163 529 221 570 11,
250 529 282 566 1,
304 525 362 560 56.
385 525 464 569 jure
491 520 851 568 quodamrpotestatis
875 522 914 561 1,
938 522 981 562 1,
1029 544 1038 553 .
1076 518 1099 561 i.
1134 517 1333 553 rhetorices
1363 517 1422 552 Pr.
1454 518 1513 550 23.
1550 516 1574 556 i.

93 572 190 618 ejus,
226 570 288 615 qui
316 575 440 616 rogat,
471 589 519 596 -—
540 568 651 613 ipsius
680 566 877 613 rogationis
909 568 956 608 2,
988 563 1035 608 4,
1069 564 1127 599 35.
1182 563 1221 609 γ)
1259 565 1351 607 jus,
1388 561 1575 607 injuria

90 619 270 663 (mundns
296 618 354 651 M.
379 618 521 650 Antonii
542 613 659 657 status)
684 615 718 657 3,
741 614 777 657 6,
802 612 862 647 45.
900 612 994 655 jus,
1028 612 1123 655 quod
1143 608 1193 644 sit
1225 610 1476 655 incorporale,
1513 619 1574 652 ap-

90 662 267 717 prehendi
287 673 395 696 manu
419 671 496 696 uon
518 670 625 705 posse
648 672 727 703 opp.
761 669 839 692 res
871 659 920 700 5,
941 658 1008 698 10,
1046 657 1126 692 116.
1150 667 1233 691 non
1266 656 1305 690 in
1335 654 1465 690 tabulis
1497 664 1576 688 esso

22 710 33 722 “
92 721 118 754 1.
143 711 187 743 ὦ.
211 708 293 744 118.
323 709 380 752 iiis
404 707 493 752 juris
522 706 621 751 quasi
645 705 782 752 signum
808 708 862 738 est
893 706 936 738 ib.
961 703 1041 737 107.
1091 701 1152 736 An
1186 703 1284 747 quod
1316 702 1428 736 semel
1462 701 1486 744 j.
1519 699 1577 740 sit,

93 756 190 791 idem
216 758 254 789 et
274 754 416 798 saepius
442 773 488 779 —
514 754 591 795 An,
618 752 714 795 quod
735 750 786 784 in
810 760 903 792 uno,
932 754 969 782 et
994 749 1040 781 in
1066 747 1227 792 pluribus
1251 755 1312 783 etc.
1335 751 1376 791 7,
1408 749 1448 792 8,
1482 747 1517 789 3,
1541 744 1592 779 4.’“

95 798 142 845 δ)
185 801 315 835 Genii„-
359 811 417 845 ap.
478 798 760 844 Demosthenem
801 794 1017 840 paucissima
1058 795 1164 838 hujus
1204 794 1324 838 juris
1362 794 1425 829 vel
1463 791 1578 826 artis

93 845 318 891 reperiuntur
341 844 376 888 5,
399 842 458 888 14,
480 847 525 879 32
547 845 618 886 N.;
653 843 772 887 aliquo
804 842 894 886 juris
914 840 1092 885 adjutorio
1124 840 1170 882 3,,
1203 841 1249 883 6,
1285 841 1343 874 83.
1383 840 1406 883 j.
1433 837 1580 873 cavilla-

84 892 214 927 'tiones
235 890 331 935 7,'4‚
356 891 412 926 37.
436 891 524 934 juris
541 887 739 924 ‘clementia
760 891 796 931 7,
823 888 859 930 4,
886 889 931 922 18
957 886 1004 921 N.
1029 887 1051 930 j.
1076 885 1297 919 confirmatio
1321 886 1356 928 5,
1385 887 1442 928 10,
1471 885 1577 919 88Ν.

97 934 1347 1026 3522²5¹¹3T053¹3333⁵535³..21i3¹³3?¹’33¹¹÷3.³515;1{²:1uzezaiifft'f13325
1368 934 1426 1010 ,ξῖἰῐ
1450 932 1583 1012 ῗὲἑυζ

97 1039 178 1063 rum
205 1028 443 1072 proprietate,
467 1033 528 1061 aut
551 1027 654 1071 aequi
680 1025 933 1070 disputatione,
958 1029 1019 1058 aut
1040 1023 1235 1059 voluntatis
1263 1023 1471 1066 conjectura
1494 1032 1582 1056 con-

96 1074 329 1119 ficetur-712,
358 1077 401 1117 2,
430 1075 486 1109 19.
520 1073 607 1117 juris
633 1071 859 1116 quaestiones
887 1072 1025 1115 plerum
1064 1081 1098 1104 ie
1125 1071 1223 1118 leges
1256 1079 1488 1114 praecurrere
1523 1078 1585 1101 so-

98 1121 174 1154 lent
194 1123 232 1162 7,
254 1117 292 1164 4,
313 1121 371 1154 25.
397 1120 445 1153 Ν.
470 1118 515 1160 cs.
539 1120 582 1152 ib.
607 1119 663 1154 39.
689 1120 730 1161 3,-
748 1119 783 1161 6,
808 1118 882 1166 593
899 1119 934 1160 5,
961 1082 1097 1157 10³4.
1129 1117 1166 1159 7,
1191 1116 1309 1159 1,,18.
1335 1119 1393 1153 21.
1419 1115 1443 1157 i.
1468 1112 1584 1148 servi-

101 1170 212 1202 tutem
233 1167 270 1208 2,
293 1165 352 1208 16,
371 1165 407 1200 9.
435 1164 583 1199 scientia
607 1165 630 1207 j.
657 1166 714 1207 12,
738 1165 773 1206 3,
799 1165 853 1197 10.
882 1165 938 1205 12,
967 1164 1024 1206 11,
1046 1162 1083 1198 9.
1108 1162 1146 1195 in
1172 1173 1243 1206 qua
1267 1161 1387 1206 specie
1415 1161 1439 1205 j.
1463 1170 1584 1211 pugna

98 1211 203 1253 sit-⁷,
229 1213 263 1253 1,
287 1211 344 1245 13.
376 1210 532 1245 ‘studium
560 1211 649 1254 12,
671 1210 709 1251 8,
735 1211 768 1243 ⁷.
809 1211 865 1251 12,
889 1209 924 1251 3,
951 1210 1006 1242 11.
1042 1207 1067 1251 j.
1091 1198 1246 1242 vssrietas
1285 1209 1326 1250 3,
1361 1207 1403 1250 6,
1434 1207 1493 1242 90.
1516 1205 1584 1239 ,uin

99 1258 124 1298 i.
148 1258 232 1295 loco
260 1255 382 1300 ‘funeri
405 1257 498 1291 solet
522 1258 568 1297 7„
597 1254 641 1297 4,
667 1255 730 1297 36;
766 1256 791 1298 j.
815 1253 962 1288 antistes
987 1255 1053 1297 11,
1092 1256 1109 1287 1
1126 1279 1137 1296 ,
1169 1255 1224 1289 69.
1258 1253 1319 1298 qui
1347 1251 1473 1296 juris
1508 1257 1584 1288 erat

22 1298 26 1300 ’
98 1299 347 1342 consultus
370 1302 408 1345 3,
435 1304 490 1344 11,
518 1301 573 1336 18.
595 1299 731 1346 peritus
747 1301 772 1344 j.
799 1302 857 1343 12,
884 1302 919 1343 3,
947 1301 981 1334 3.
1009 1299 1033 1342 j.
1058 1299 1293 1343 peritissimus
1316 1302 1382 1341 12,
1419 1302 1489 1342 11,
1526 1299 1583 1332 33.

58 1350 62 1355 '
97 1349 136 1390 ε)
162 1350 270 1382 Dan:
294 1346 391 1390 iuri
411 1346 524 1394 magis
547 1358 592 1380 an
620 1345 843 1390 aequo,sit
867 1345 1048 1390 appositus
1070 1345 1182 1388 judex
1211 1344 1255 1388 4,
1281 1347 1326 1388 3,
1352 1347 1408 1378 11.
1446 1357 1480 1378 υ.
1499 1344 1584 1380 Ae-

86 1403 226 1438 quus.
271 1392 512 1438 Aequitas.
546 1391 636 1437 juri,
665 1402 738 1436 quo
762 1402 838 1427 non
859 1392 988 1426 licebat
1012 1401 1079 1435 pro
1107 1393 1221 1426 altero
1246 1402 1373 1438 agere,
1399 1391 1499 1424 fraus
1522 1391 1586 1424 ad-

54 1446 57 1447 ’
87 1439 283 1482 hibebatur
302 1442 338 1483 2,
350 1440 408 1482 15,
427 1441 484 1473 30.
507 1438 575 1483 juri
592 1444 716 1472 nostro
734 1437 902 1472 libentius
918 1438 1115 1483 indulgebit
1134 1436 1269 1482 (judex)
1287 1441 1321 1480 7,
1340 1438 1373 1480 5,
1387 1438 1423 1471 3.
1460 1437 1496 1480 ζ)
1512 1440 1586 1470 Ac-

98 1498 193 1520 cua:
229 1485 455 1519 restitutione
482 1484 663 1528 recepisse
686 1485 762 1528 jus,
798 1484 937 1518 etiamsi
974 1485 1071 1528 quod
1103 1483 1286 1518 amiserint
1322 1486 1367 1525 5,
1405 1484 1469 1524 10,
1508 1483 1587 1516 118.

70 1532 248 1567 ''auerum
274 1530 364 1576 (jus)
388 1532 501 1565 altero
532 1531 766 1578 abrogaretur
790 1533 837 1572 7,
869 1531 914 1572 ’7,
950 1533 987 1564 2.
1020 1541 1092 1564 non
1134 1529 1304 1564 discendo
1339 1533 1477 1562 tantum
1504 1528 1587 1572 juri,

14 1603 33 1613 ,⁷
62 1620 68 1624 Ι
98 1577 164 1612 ned
181 1577 289 1611 etiam
311 1577 475 1611 docendo
501 1579 558 1619 12,
584 1580 617 1619 1,
642 1578 697 1618 10,
723 1575 767 1617 cs.
795 1579 863 1619 12,
900 1577 942 1619 3,
975 1579 1008 1612 9.
1044 1576 1139 1609 idem
1161 1575 1248 1620 juris
1272 1574 1498 1619 responsuris
1523 1575 1588 1608 da-

0 2706 23 2751 εἰ

98 1629 160 1658 tur
182 1616 240 1666 ’12,
267 1623 304 1666 9,
334 1625 390 1656 11.
426 1623 450 1667 j.
475 1622 600 1656 donari
629 1634 649 1656 a
670 1622 814 1657 victore
841 1632 916 1656 non
937 1622 1096 1665 potuisse
1124 1622 1159 1664 5,
1186 1622 1348 1664 ¹0,'116.
1384 1621 1501 1654 habeo
1531 1621 1587 1673 jus

60 1678 62 1681 '
102 1670 137 1711 3,
161 1669 197 1711 6,
226 1663 291 1708 73.
309 1669 345 1710 5,
368 1669 424 1710 10,
449 1669 527 1703 105.
557 1675 638 1702 cum
660 1668 685 1711 j,
710 1675 813 1702 suum
835 1667 1008 1714 intelligat
1040 1667 1173 1712 (judex)
1208 1666 1256 1710 4,
1291 1671 1332 1709 1,
1368 1669 1425 1702 55.
1457 1665 1530 1710 [ne
1563 1678 1590 1709 ι.

102 1719 263 1748 nostrum
285 1714 427 1747 oderint
449 1710 484 1756 4,
509 1717 544 1756 3,
570 1716 623 1748 10.
652 1726 684 1747 υ.
705 1712 910 1757 Ιιιεῐιιε.]
942 1714 998 1757 jus
1021 1714 1153 1757 petitur
1174 1714 1209 1754 9,
1231 1716 1266 1755 2,
1293 1714 1351 1748 90.
1388 1712 1435 1753 cs.
1473 1715 1531 1754 11,
1555 1715 1588 1755 1,

103 1759 161 1795 56!
184 1758 208 1802 i.
233 1758 302 1792 sibi
323 1758 499 1800 redditum
525 1762 580 1802 11,
604 1762 638 1802 2,
668 1760 725 1794 50.
749 1759 883 1801 verba,
924 1771 1014 1803 quae
1037 1760 1247 1803 frequenter
1268 1760 1292 1802 j.
1317 1760 1361 1792 ab
1386 1758 1589 1792 auctoribus

102 1809 245 1837 summit
266 1805 301 1846 1,
323 1803 360 1846 4,
382 1803 425 1845 43
454 1804 545 1838 Plur.
559 1819 569 1838 .·
591 1805 700 1848 jura
724 1802 775 1848 (in
799 1806 987 1838 declament.
1013 1807 1218 1849 reliquuniur
1238 1806 1381 1846 incerta)
1405 1807 1442 1847 2,
1465 1806 1524 1846 10,
1551 1803 1588 1837 4.

104 1851 206 1894 jura
241 1849 497 1891 quaerentibus
514 1851 648 1885 reddet
675 1849 764 1894 (Sp.
790 1849 923 1894 tradet)
952 1854 1007 1894 12,
1032 1854 1088 1891 11,
1114 1849 1138 1883 4
1163 1854 1206 1884 Ζ.
1241 1858 1280 1883 et
1317 1850 1473 1884 Gernh.
1509 1860 1590 1883 cum

105 1899 293 1929 accusator
315 1905 335 1927 a
357 1894 435 1937 jure
458 1895 639 1938 coeperit,
664 1901 834 1938 patronus
862 1895 982 1929 omnia
1008 1902 1115 1929 ante
1143 1896 1219 1938 jus
1242 1895 1402 1939 posuerit
1427 1898 1464 1937 7,
1494 1898 1527 1938 1,
1555 1898 1593 1929 2.

108 1941 145 1983 η)
168 1941 307 1973 Αὸῖσὶ..·
349 1940 446 1982 jure
471 1952 548 1983 opp.
571 1940 748 1984 injuria
774 1942 816 1983 5,
843 1940 906 1984 14,
939 1943 971 1975 3.
1009 1954 1043 1974 v.
1071 1940 1260 1983 Iniuria.
1300 1952 1479 1985 nunquam
1512 1952 1593 1976 esse

108 1988 224 2030 legem
248 1983 322 2031 legi
345 1984 556 2018 contrariam
578 1985 656 2028 jure
690 1985 770 2028 ipso
793 1989 829 2028 7,
852 1989 888 2027 7,
914 1989 949 2020 2.
985 1987 1064 2029 jure
1099 1988 1226 2020 eodem
1256 2007 1303 2012 --
1327 1987 1472 2021 diverso
1496 1989 1532 2030 3,
1556 1988 1591 2029 6,

106 2034 166 2068 95.
195 2031 296 2064 velut
318 2029 343 2072 i.
366 2031 520 2074 quodam
541 2030 725 2074 potestatis
749 2034 783 2072 1,
813 2035 846 2073 1,
870 2032 905 2065 8.
940 2037 981 2064 ut
1007 2043 1115 2065 causa
1137 2032 1214 2074 jure
1237 2038 1311 2065 tuta
1337 2032 1383 2065 sit
1404 2031 1440 2077 4,
1469 2034 1590 2075 5,.19.

109 2077 280 2122 quaedam
309 2076 334 2120 j.
370 2086 541 2109 concessa
569 2078 611 2118 3,
643 2077 688 2118 6,
724 2075 783 2112 84.
811 2076 916 2119 jure
952 2088 1141 2120 vereque
1172 2078 1418 2112 contenderim
1446 2080 1507 2113 Pr.
1534 2081 1592 2112 11.

106 2125 211 2167 jure
234 2122 283 2155 fe
295 2121 423 2155 cisse
452 2123 495 2156 ib.
522 2119 580 2156 45.
605 2131 679 2155 non
702 2121 868 2156 videatur
892 2123 917 2165 j.
941 2122 1034 2156 actio
1055 2122 1195 2156 intendi
1220 2125 1264 2166 3,
1300 2124 1346 2166 6,
1379 2125 1438 2161 83.
1472 2125 1534 2161 85.
1567 2126 1592 2168 j.

108 2167 241 2203 occidit
263 2167 298 2207 3,
323 2167 359 2208 5,
386 2168 441 2202 10.
479 2166 524 2209 5,
550 2169 615 2210 11,
639 2169 674 2201 6.
721 2168 764 2210 5,
793 2169 861 2210 13,
884 2170 943 2202 21.
976 2171 1022 2211 7,
1048 2171 1091 2211 1,
1115 2168 1173 2203 34.
1206 2174 1344 2212 partem
1374 2170 1400 2214 j.
1430 2171 1590 2217 gentium

108 2219 193 2260 peto
212 2214 257 2255 7,
280 2213 319 2256 8,
342 2212 401 2247 46.
424 2211 642 2256 prohibitum
666 2213 691 2256 j.
714 2213 750 2255 3,
777 2213 812 2256 6,
835 2211 892 2248 84.
931 2213 1025 2248 actio
1052 2215 1288 2258 repetentium
1310 2217 1335 2259 j.
1361 2218 1396 2260 5,
1421 2219 1479 2260 10,
1503 2212 1591 2259 1133

110 2259 208 2304 quod
231 2259 251 2291 f
255 2262 366 2292 acto
389 2257 534 2292 defendi
556 2268 631 2302 non
654 2258 831 2302 potuerit,
855 2259 964 2302 jure
987 2260 1121 2295 nitetur
1145 2263 1190 2303 7,
1219 2261 1265 2303 4,
1286 2262 1344 2295 26.
1378 2262 1475 2296 aliud
1511 2264 1592 2307 jure

109 2303 260 2340 actionis
284 2302 444 2338 excludit
464 2306 500 2346 7,
518 2303 605 2346 ,1,9.
634 2303 706 2337 isto
729 2304 808 2347 jure
832 2305 1023 2339 abutuntur
1051 2309 1084 2348 1,
1098 2308 1133 2347 3,
1148 2308 1194 2340 17
1206 2321 1218 2350 ,·
1246 2309 1301 2342 M.
1326 2308 1468 2343 Tullius
1492 2310 1593 2344 com'-

109 2361 246 2395 ponere
268 2349 387 2394 aliqua
409 2350 455 2384 de
481 2349 559 2394 jure
582 2356 750 2394 coeperat
774 2354 830 2394 12,
852 2352 887 2394 3,
907 2354 952 2386 10
969 2353 1017 2386 Ν.
1053 2351 1094 2386 in
1117 2363 1305 2388 commune
1330 2354 1375 2389 de
1397 2356 1477 2398 jure
1497 2354 1595 2389 omni

109 2395 359 2440 disputandum
380 2406 522 2440 semper
543 2398 580 2438 7,
607 2398 642 2438 1,
662 2396 721 2431 49.
747 2403 953 2443 argmnenta
977 2397 1059 2431 duci
1083 2409 1132 2433 ex
1157 2399 1182 2442 j.
1207 2399 1315 2434 sinuli
1339 2402 1373 2441 5,
1388 2404 1445 2443 11,
1470 2402 1529 2435 32.
1556 2401 1594 2434 in

110 2452 178 2476 suo
201 2442 225 2486 j.
250 2441 421 2478 consistat
444 2444 480 2485 7,
504 2442 537 2484 5,
563 2444 596 2477 1.
628 2441 658 2475 si
681 2442 720 2474 in
742 2443 767 2486 j.
790 2442 907 2476 minus
929 2443 1079 2478 fiduciae
1104 2443 1172 2479 erit
1193 2448 1238 2490 7,
1264 2449 1299 2490 1,
1326 2447 1385 2482 63.
1423 2448 1595 2491 pleraque

109 2488 149 2523 in
170 2488 193 2532 j.
219 2498 293 2522 non
314 2487 475 2533 tegibus,
506 2488 571 2521 sed
597 2487 757 2522 moribus
781 2494 943 2523 constant
967 2490 1002 2533 5,
1026 2493 1083 2533 10,
1112 2492 1169 2525 13.

202 2533 254 2576 11)
285 2536 309 2567 i.
340 2546 373 2578 ‹1-
415 2534 616 2578 quaestio
654 2537 846 2576 legalis.-
881 2535 919 2569 id
949 2535 988 2569 in
1014 2535 1092 2580 jure
1116 2536 1224 2571 facile
1250 2537 1528 2581 deprehenditur
1561 2539 1595 2580 5,

116 2580 173 2622 13,
198 2580 242 2613 23
266 2579 315 2614 N.
343 2579 435 2613 haec
460 2579 504 2612 ad
544 2580 865 2624 conjecturam
896 2581 1117 2625 frequentius
1143 2582 1344 2627 pertinent,
1378 2582 1519 2617 interim
1552 2585 1596 2617 ad

114 2626 190 2676 jus
214 2627 248 2667 5,
272 2627 331 2668 10,
357 2626 404 2660 38
429 2625 476 2659 Ν.
499 2625 595 2668 juri
629 2626 830 2668 subjecerat
853 2628 1218 2662 translationem
1247 2628 1394 2673 (Cicero)
1418 2632 1453 2671 3,
1478 2630 1514 2670 6,
1539 2631 1595 2665 50.

116 2682 192 2714 jus
223 2671 339 2716 ipsum
363 2671 511 2716 pendet-
526 2681 570 2706 ex
601 2672 832 2716 qualitate
863 2676 907 2717 7,
929 2674 965 2718 4,
991 2674 1047 2709 44.
1076 2685 1159 2710 oum
1184 2674 1251 2709 alia
1284 2676 1359 2719 jure
1395 2685 1599 2711 summove-
