1728 3002
164 174 246 215 850
676 165 886 222 Specialis
913 190 969 198 -
997 166 1174 223 Species

213 285 386 321 subsultet
407 282 601 328 imparibus
625 281 798 327 spatiis
825 291 868 315 ac
892 281 1029 316 sonis
1060 284 1104 317 ib.
1126 281 1186 317 43.
1216 293 1270 328 sp.
1295 282 1506 319 lentioribus
1527 289 1589 318 aut
1615 282 1702 319 cita-

213 332 362 367 tioribus
386 340 475 374 opus
500 335 554 364 est
577 331 620 362 ib.
647 331 692 363 17
705 341 714 371 ;
754 339 807 372 sp.
835 328 932 373 ipsa,
956 339 1047 373 quae
1069 327 1108 362 in
1131 329 1199 363 hac
1222 328 1366 374 quidem
1387 335 1488 375 parte
1508 330 1704 376 plurimum

212 380 358 420 valent,
385 377 480 421 quod
504 380 654 420 possunt
679 373 749 408 nisi
773 374 909 408 aurium
932 374 1064 410 habere
1090 374 1261 418 judicium
1282 377 1326 419 9,
1352 375 1396 419 4,
1422 378 1501 412 118.
1527 374 1703 421 rhythmis

214 425 325 459 libera
350 434 427 466 sp.,
465 421 586 456 metris
609 420 708 454 finita
734 426 815 454 sunt
850 423 893 455 ib.
919 421 976 455 50.
1009 421 1215 465 aestiment,
1248 427 1336 467 quot
1362 423 1493 458 breves
1524 422 1614 457 illud
1648 428 1704 467 sp.

214 472 341 505 habeat
366 472 409 502 ib.
438 471 494 503 51.
517 474 555 501 ut
579 480 599 501 a
623 467 823 501 sublatione
847 468 891 501 ad
914 466 1127 511 positionem
1149 467 1243 502 idem
1269 469 1373 513 spatii
1394 468 1440 503 sit
1464 467 1580 508 ib.48.
1605 465 1708 502 simi-l

215 519 296 550 liter
330 514 593 549 decurrentium
626 513 820 557 spatiorum
852 514 1104 548 observatione
1134 525 1214 548 esse
1237 521 1445 560 generatum
1467 514 1639 558 (poema)
1661 516 1706 548 ib.

216 563 296 597 114.
330 567 370 594 ut
402 561 497 595 lenia
526 560 749 605 spatium,
783 559 946 593 sublimia
969 565 1002 594 et
1027 565 1149 594 ornata
1178 560 1444 596 claritatem
1470 570 1612 606 quoque
1635 570 1707 595 vo-

216 608 343 644 calium
368 613 518 652 poscant
541 609 584 640 ib.
610 608 698 648 1313
737 605 797 651 qui
821 606 978 640 citharae
1002 616 1110 640 sonos
1146 606 1349 641 nominibus
1373 613 1409 642 et
1435 606 1558 652 spatiis
1581 605 1709 640 distin-

215 655 382 735 xerit61‚
409 656 472 698 10,
497 655 519 688 3
542 654 587 687 N.
621 651 772 697 plurima
808 652 981 688 varietate
1018 653 1201 697 complent
1236 664 1290 698 sp.
1319 653 1382 689 illa
1415 661 1612 690 nervorum
1649 653 1728 698 12„

217 704 284 744 10,
332 702 366 735 8.
1716 692 1720 703 “

173 744 394 804 specialis·
439 757 511 790 hoc
534 755 689 800 speciale
714 756 755 798 5,
781 757 845 798 10,
872 754 930 789 43.
963 766 1016 799 sp.
1041 754 1270 800 quaestiones
1292 757 1328 799 3,
1351 756 1386 800 5,
1409 756 1433 792 9
1461 767 1495 791 υ.
1511 745 1711 789 Genera-

218 804 291 838 lis.
317 815 370 846 ορ.
397 808 507 836 status
537 804 572 845 3,
600 802 635 845 6,
660 804 718 835 22.
750 813 803 846 sp.
827 807 999 835 tractatus
1023 802 1057 845 5,
1085 805 1119 844 7,
1143 802 1200 837 35.

174 848 442 906 specialiter·
491 861 526 903 3,
554 860 590 902 6,
616 861 694 894 103.
728 859 763 902 5,
787 862 823 903 7,
847 860 881 894 5.
916 870 947 893 υ.
974 857 1296 894 Generaliter.

174 918 362 974 Species·
411 927 446 971 1)
482 929 525 961 de
550 929 663 960 habitu
688 929 746 960 rei.
785 925 834 970 α)
859 938 912 971 sp.
936 926 1050 961 oculis
1078 926 1298 974 dignoscitur
1322 928 1387 969 11,
1410 926 1453 969 3,
1478 925 1534 959 18.
1558 925 1711 958 humana

219 987 271 1019 sp.
288 978 323 1017 7,
343 973 379 1017 4,
405 977 438 1008 1.
464 985 531 1018 sp„
556 984 647 1018 quae
672 973 718 1006 sit
742 973 945 1007 hominibus
967 985 1136 1008 concessa
1157 976 1214 1015 12,
1237 975 1293 1014 10,
1310 973 1368 1006 41.
1389 970 1429 1005 ἰιι
1452 972 1588 1013 vultu
1610 970 1710 1005 mille

222 1020 412 1065 species
442 1023 478 1061 2,
505 1022 559 1062 13,
584 1020 607 1054 9
633 1032 666 1053 v.
685 1019 861 1054 Facies.
900 1021 952 1065 Q,
977 1021 1076 1064 cujus
1104 1019 1229 1053 similis
1253 1019 1441 1052 effectu
1467 1016 1728 1070 specieque·

221 1069 346 1111 Koppa
373 1078 427 1111 ap.
454 1067 613 1100 Graecos
640 1068 673 1108 1,
698 1064 742 1107 4,
767 1067 800 1100 9.
825 1065 1008 1110 quaeritur
1032 1065 1127 1100 circa
1151 1066 1347 1106 modum,
1373 1074 1598 1108 spectem,
1628 1074 1722 1109 1113--

222 1124 389 1146 merum
412 1116 457 1155 7,
480 1115 522 1154 2,
546 1113 588 1154 ὃς
627 1111 664 1145 in
689 1123 797 1146 sensu
822 1112 883 1147 vel
911 1123 1076 1158 sermone
1100 1124 1120 1145 a
1147 1109 1286 1158 vulgari
1313 1116 1350 1144 et
1371 1108 1522 1154 simplici
1552 1121 1605 1153 sp.
1632 1119 1715 1143 cum

220 1159 360 1193 ratione
383 1158 531 1192 mutatio
555 1159 591 1200 9,
617 1161 650 1200 1,
680 1161 735 1192 11.
783 1158 825 1203 β)
854 1160 896 1192 de
918 1160 1182 1202 putchritudine:
1207 1169 1259 1202 sp.
1278 1155 1436 1190 libidinis
1453 1152 1713 1198 (argumentum)

222 1208 256 1248 5,
281 1208 336 1246 10,
356 1206 413 1239 26.
438 1205 599 1238 Helenae
625 1216 677 1248 sp.
702 1205 737 1245 8,
755 1202 790 1245 4,
813 1207 870 1238 21.
896 1215 1049 1249 corpora
1071 1215 1157 1238 sana
1175 1211 1236 1238 etc.
1261 1213 1310 1237 ex
1326 1202 1407 1236 iisd.
1428 1201 1485 1236 his
1513 1200 1717 1245 speciem

222 1250 412 1294 accipiunt,
437 1262 486 1284 ex
511 1250 639 1293 quibus
660 1250 757 1284 vires
778 1252 812 1292 8,
829 1251 890 1285 Pr.
914 1252 968 1285 19.
994 1251 1122 1286 vires
1142 1249 1237 1294 ipsas
1264 1248 1429 1293 specie
1453 1248 1547 1283 solvi
1569 1248 1606 1290 9,
1624 1245 1660 1290 4,
1677 1249 1715 1281 7.

222 1296 367 1343 grandia
395 1301 430 1329 et
460 1297 604 1339 antiqua
628 1297 761 1329 robora
784 1297 854 1338 jam
880 1307 954 1329 non
977 1301 1109 1330 tantam
1133 1297 1268 1329 habent
1290 1307 1374 1339 sp.,
1408 1299 1573 1338 quantam
1601 1292 1716 1326 reli-

223 1342 419 1389 gionem
447 1343 514 1382 10,
539 1344 579 1382 1,
604 1342 659 1375 88.
706 1340 745 1384 y)
769 1343 811 1374 de
834 1343 1064 1374 similitudine.-
1090 1342 1301 1385 frequenter
1324 1349 1379 1383 sp.
1403 1335 1577 1373 libertatis
1601 1339 1716 1372 dedu-

222 1399 306 1423 cere
329 1389 373 1421 ad
398 1386 630 1421 temeritatem
654 1387 746 1419 solet
768 1389 830 1428 12,
854 1388 895 1428 9,
922 1389 978 1420 13.
1013 1387 1130 1420 solent
1151 1387 1279 1420 fallere
1306 1384 1575 1418 similitudinum
1598 1395 1652 1428 sp.
1679 1383 1728 1428 5,(

226 1437 290 1477 11,
318 1434 374 1468 26.
411 1444 472 1476 sp.
499 1443 549 1466 ex
576 1431 754 1466 arcessitis
777 1432 899 1467 verbis
925 1432 1023 1466 venit
1049 1438 1084 1466 et
1109 1432 1400 1466 intellectus
1429 1441 1478 1464 ex
1501 1429 1657 1475 propriis
1679 1427 1728 1473 8,ss

221 1481 263 1523 6,
287 1478 344 1517 48,
372 1485 477 1512 erunt
503 1478 642 1522 quidam
673 1478 787 1522 (tropi)
810 1483 947 1511 tantum
979 1479 1023 1511 ad
1049 1477 1205 1523 speciem
1228 1476 1487 1511 accommodati
1513 1478 1559 1510 ib.
1587 1478 1622 1510 3.
1652 1476 1728 1532 ad-d'

221 1525 347 1570 jiciunt
371 1524 612 1569 superinducti
645 1524 807 1568 corporis
832 1524 987 1568 speciem
1011 1524 1052 1566 5,
1076 1525 1120 1565 8,
1144 1526 1179 1557 2.
1212 1522 1298 1567 justi
1327 1533 1382 1566 sp.
1407 1532 1481 1556 non
1508 1521 1728 1565 simplicitet-

224 1571 347 1606 excuti
371 1573 464 1605 solet
486 1573 519 1611 2,
545 1569 581 1612 4,
607 1571 662 1604 38.
695 1570 850 1614 speciem
873 1569 968 1603 hosti
995 1568 1157 1603 abeuntis
1183 1567 1366 1603 exercitus
1393 1567 1489 1602 dedit
1511 1571 1548 1611 2,
1574 1569 1632 1610 17,
1658 1550 1728 1631 194

224 1620 320 1658 laus,
345 1628 435 1662 quae
459 1615 691 1651 ostentationi
717 1617 963 1660 componitur,
987 1617 1094 1650 habet
1115 1614 1259 1650 interim
1282 1614 1434 1659 aliquam
1457 1625 1509 1657 sp.
1534 1612 1728 1658 probatio-33

225 1664 280 1698 nis
304 1667 337 1705 3,
360 1667 395 1706 7,
420 1662 453 1696 4.
480 1663 609 1698 divisio
633 1673 686 1706 sp.
712 1662 841 1696 virium
869 1661 996 1695 minuit
1019 1665 1062 1704 2,
1088 1664 1150 1704 12,
1180 1663 1214 1695 3.
1236 1670 1310 1694 non
1335 1659 1544 1704 speciem
1568 1658 1728 1702 exposia‘-

223 1710 330 1744 tionis
355 1710 418 1744 sed
441 1709 460 1742 f
469 1708 588 1743 idem
613 1708 751 1752 quaerit
775 1711 831 1751 10,
857 1711 891 1750 1,
910 1710 982 1754 ¹323
1015 1707 1128 1752 prima
1153 1706 1272 1751 specie
1295 1705 1332 1749 4,
1355 1708 1391 1749 3,
1414 1707 1450 1742 9.
1474 1704 1574 1739 ducti
1595 1703 1728 1750 specte.

225 1755 350 1790 nitoris
376 1757 412 1799 8,
436 1758 469 1795 2,
494 1758 550 1790 17.
579 1754 744 1798 quotiens
769 1754 951 1800 ingenium
975 1753 1095 1797 specie
1123 1753 1209 1787 boni
1231 1752 1368 1786 fallitur
1387 1753 1424 1794 8,
1449 1753 1484 1794 3,
1511 1752 1566 1786 56.
1600 1749 1728 1797 gemui

225 1801 389 1844 dicendi,
414 1802 511 1845 quod
534 1800 654 1844 specie
681 1800 853 1834 libertatis
875 1799 1006 1834 insanit
1036 1803 1099 1842 12,
1124 1801 1187 1841 10,
1210 1801 1268 1833 73.
1318 1797 1381 1842 Π)
1410 1801 1444 1831 in
1467 1798 1644 1831 divisione.-
1677 1795 1728 1840 in'g

226 1860 295 1893 qua
322 1859 375 1892 sp.
400 1847 488 1890 juris
512 1858 631 1893 pugna
656 1847 720 1889 sit,
753 1846 790 1879 in
819 1858 861 1880 ea
883 1848 927 1881 de
952 1845 1073 1881 verbis
1100 1856 1145 1878 an
1179 1845 1224 1878 de
1253 1845 1438 1879 voluntate
1471 1846 1660 1888 quaeratur
1679 1844 1728 1893 ἧς

227 1898 261 1935 1,
288 1896 340 1928 13.
378 1906 454 1936 ορρ.
484 1895 637 1935 generi
661 1895 703 1935 3,
728 1893 769 1935 6,
795 1893 851 1927 26.
877 1895 921 1936 3,
947 1894 1016 1935 10,
1042 1894 1077 1926 2.
1101 1890 1140 1924 in
1162 1891 1270 1924 rebus
1294 1889 1415 1934 specie
1441 1888 1594 1924 diversis
1619 1891 1655 1931 7,
1679 1887 1728 1931 3,

230 1943 284 1978 10.
312 1952 344 1973 v.
367 1940 536 1972 Genus.
567 1952 644 1982 opp.
669 1940 854 1984 generales
876 1943 995 1983 partes
1021 1939 1064 1981 3,
1093 1935 1134 1979 4,
1157 1937 1192 1971 9.
1219 1935 1400 1980 perveniri
1421 1936 1466 1968 ad
1492 1933 1722 1979 speciem,

227 1986 286 2019 illa
311 1986 528 2030 (quaestione
553 1984 723 2025 generali)
749 1984 846 2028 prius
873 1995 1048 2026 excussa,
1072 1993 1145 2016 non
1169 1987 1286 2026 potest
1309 1983 1349 2024 3,
1377 1982 1420 2025 5,
1448 1982 1492 2015 13
1513 1993 1548 2015 v.
1574 1980 1634 2014 Ge
1644 1983 1728 2014 ne-,2

226 2031 355 2065 ralis.
384 2031 422 2064 in
455 2029 617 2064 oratione
647 2030 677 2064 si
708 2030 896 2073 species
928 2029 1059 2064 intueri
1084 2027 1200 2071 velis,
1238 2026 1387 2061 totidem
1419 2037 1533 2071 paene
1557 2025 1728 2071 reperias,

226 2077 472 2123 ingeniorum,
501 2082 589 2121 quot
611 2086 803 2120 corporum
830 2077 1012 2110 formas
1036 2077 1092 2118 12,
1118 2075 1176 2117 10,
1202 2075 1257 2107 10.
1282 2078 1465 2117 ponuntur
1486 2078 1526 2106 ut
1546 2077 1728 2118 partes,

228 2134 318 2168 quae
347 2123 537 2167 species
565 2128 648 2155 sunt
670 2122 888 2166 partium
911 2124 946 2164 3,
971 2123 1007 2164 8,
1030 2121 1136 2156 26Ν.
1169 2118 1214 2160 cs.
1241 2119 1283 2162 5,
1310 2121 1376 2162 10,
1404 2119 1463 2154 63.
1492 2120 1614 2163 plures
1640 2117 1719 2159 elo-‘

228 2168 394 2214 quentiae
417 2168 602 2211 facies,
630 2170 692 2202 sed
719 2167 963 2202 stultissimum
987 2172 1041 2202 est
1066 2176 1257 2211 quaerere,
1290 2166 1336 2198 ad
1360 2175 1529 2208 quemse
1553 2168 1726 2198 recturus

228 2215 275 2249 sit
298 2220 438 2249 orator:
477 2226 558 2248 cum
583 2214 698 2248 omnis
725 2214 935 2258 species,
972 2224 1062 2258 quae
1092 2212 1201 2245 modo
1226 2217 1326 2245 recta
1350 2215 1426 2252 est,
1460 2209 1590 2244 babeat
1611 2219 1719 2243 usum.

232 2264 288 2304 12,
315 2263 371 2303 10,
395 2261 464 2303 693
502 2271 682 2305 nunquam
706 2260 744 2293 in
765 2271 835 2293 una
859 2261 936 2304 ejus
965 2271 1018 2303 sp.
1043 2257 1372 2292 consenescendum
1397 2257 1462 2299 12,
1490 2259 1553 2299 11,
1583 2255 1639 2290 16.
1667 2253 1728 2303 ⁶21¹.¹

227 2307 262 2349 6,
291 2309 324 2350 3,
349 2306 406 2341 64.
435 2306 473 2339 in
500 2307 576 2340 ead.
603 2305 793 2350 (finitione)
814 2312 886 2340 tres
912 2306 1028 2339 habeo
1051 2305 1154 2339 vetut
1176 2315 1229 2347 sp.
1254 2306 1288 2345 7,
1313 2305 1347 2340 3,
1367 2303 1392 2337 8
1409 2301 1456 2337 Ν.
1490 2300 1537 2343 cf.
1560 2303 1596 2344 2,
1622 2298 1659 2342 4,
1681 2301 1723 2334 20

229 2363 327 2396 vox,
357 2351 423 2386 etsi
451 2363 581 2396 paucas
598 2352 813 2386 —continet
835 2351 1045 2395 species,
1069 2349 1259 2394 propria
1285 2347 1413 2392 cuique
1439 2353 1494 2382 est
1518 2349 1575 2390 11,
1598 2347 1634 2389 3,
1659 2346 1726 2380 18.

229 2410 261 2431 v.
288 2398 535 2442 Proprius.
561 2409 627 2441 per
649 2397 807 2444 singulas
831 2409 884 2441 sp.
910 2399 950 2439 5,
975 2399 1040 2439 10,
1066 2399 1144 2430 100.
1171 2406 1235 2439 per
1258 2401 1343 2439 quot
1369 2399 1405 2428 et
1432 2404 1521 2438 quas
1544 2403 1596 2436 sp.
1621 2390 1728 2438 acci-⁴,

229 2444 289 2477 dat
313 2443 554 2486 (soloecismus)
573 2446 605 2485 1,
631 2446 665 2487 5,
690 2445 747 2478 38.
776 2444 902 2488 quaed.
925 2443 963 2476 in
990 2442 1046 2476 his
1070 2453 1124 2486 sp.
1151 2443 1257 2486 plane
1282 2441 1412 2474 distant
1433 2442 1468 2482 9,
1497 2442 1531 2481 1,
1558 2440 1592 2485 3.
1617 2436 1716 2481 circa

228 2491 324 2524 easd.
354 2501 405 2534 sp.
437 2490 553 2523 omnis
578 2489 623 2523 lis
646 2489 849 2524 versabitur
873 2489 911 2532 3,
935 2489 975 2531 6,
1001 2490 1058 2523 85.
1088 2488 1127 2521 in
1150 2489 1225 2522 ead.
1249 2499 1302 2532 sp.
1332 2491 1413 2528 sunt
1436 2485 1582 2519 nomina
1607 2482 1728 2532 femi-3

228 2534 311 2568 nina
338 2539 352 2568 1
369 2562 379 2578 ,
410 2536 451 2578 5,
480 2535 536 2570 54.
564 2535 602 2569 in
627 2535 795 2579 plurimas
823 2535 979 2569 animum
1003 2533 1177 2568 audientis
1202 2545 1255 2577 sp.
1280 2532 1462 2576 impellere
1487 2530 1630 2572 12,-10,
1652 2526 1728 2577 43.i

228 2591 280 2622 sp.
303 2591 426 2615 omnes
449 2581 614 2626 persequi
638 2582 672 2623 6,
697 2584 731 2625 3,
755 2581 812 2616 35.
841 2592 906 2624 per
929 2591 1054 2615 omnes
1081 2591 1135 2624 sp.
1162 2579 1215 2614 ire
1239 2581 1274 2621 2,
1302 2579 1336 2621 5,
1363 2576 1418 2612 14.
1448 2576 1611 2623 (singulas
1632 2582 1728 2616 par-‘t

228 2623 287 2666 tes)
315 2628 481 2671 persequi
507 2629 550 2660 ad
574 2627 730 2660 ultimam
754 2638 808 2670 sp.
834 2628 868 2670 7,
894 2630 927 2670 1,
950 2626 1008 2661 64.
1034 2626 1078 2667 cs.
1105 2628 1139 2669 5,
1166 2627 1220 2667 10,
1247 2627 1268 2659 5
1289 2625 1336 2657 Ν.
1362 2623 1407 2657 56
1421 2623 1469 2656 N.
1495 2631 1517 2654 a
1539 2629 1715 2666 genere

228 2671 269 2702 ad
295 2677 489 2706 extremam
512 2685 573 2717 sp.
603 2673 856 2706 descenderem
881 2676 924 2715 7,
952 2675 994 2715 1,
1018 2673 1074 2707 23.
1105 2671 1198 2705 intra
1221 2671 1286 2703 has
1309 2666 1552 2702 extremitates
1574 2664 1728 2699 mediae-¹

229 2721 310 2747 sunt
333 2727 384 2760 sp.
412 2720 475 2759 11,
501 2721 539 2760 3,
571 2720 624 2753 15.
650 2717 884 2762 amphiboliae
908 2729 961 2762 sp.
989 2723 1070 2751 sunt
1091 2714 1364 2751 innumerabiles
1391 2715 1433 2755 7,
1461 2713 1507 2753 9,
1536 2713 1569 2745 1.
1605 2709 1650 2752 cs.
1677 2711 1728 2753 8„

225 2761 260 2802 6,
285 2763 342 2795 25.
370 2764 425 2804 12,
451 2766 506 2804 10,
534 2765 592 2798 67.
613 2776 664 2806 sp.
689 2764 904 2806 iuridiciales
926 2765 961 2806 3,
984 2765 1018 2804 6,
1042 2764 1109 2804 533
1135 2762 1228 2796 circa
1250 2759 1401 2803 plurium
1425 2757 1551 2792 artium
1575 2755 1728 2800 species
