1794 2976
189 192 273 233 936
722 188 725 192 ’
756 185 917 230 Varico
947 211 1002 219 —-
1030 185 1166 231 Vario

199 291 366 335 Varico.
414 301 576 343 varicare
607 312 714 346 supra
737 303 882 337 modum
907 308 943 337 et
965 302 1003 336 in
1030 304 1155 338 stando
1179 301 1340 338 deforme
1363 307 1440 348 est,
1471 308 1508 338 et
1531 305 1722 346 accedente

236 355 336 384 motu
358 359 472 393 prope
495 349 689 382 obscenum
714 350 770 392 11,
796 351 840 392 3,
867 350 933 384 125
958 351 1004 384 N.
1683 360 1691 366 ⁸
1727 388 1731 389 ⁷

202 415 345 459 Varie.
387 428 483 470 quod
513 429 558 461 ad
581 428 743 462 nationes
773 433 914 462 exteras
946 422 1121 472 pertinet,
1149 427 1277 462 cicero
1299 427 1401 463 varie
1429 430 1490 472 11,
1515 431 1554 471 1,
1577 429 1636 464 89.
1661 430 1724 463 ad-

240 474 311 507 dita
331 480 414 507 sunt
440 473 495 506 his
525 473 594 508 alia
619 485 655 508 v.
678 477 713 516 2,
737 477 792 517 15,
820 475 874 511 15.
898 474 1019 518 itaque
1046 484 1299 517 componemus
1322 469 1544 518 prooemium
1566 486 1604 510 v.
1627 476 1664 517 9,
1688 474 1726 520 4,

238 522 318 554 132.
346 525 468 553 orator
494 531 530 554 v.
559 520 780 554 convertitur
803 523 844 562 2,
869 522 931 562 13,
957 524 990 555 2.
1013 525 1074 554 Ae
1097 521 1269 564 syllabam
1291 531 1329 555 v.
1353 531 1419 564 per
1442 521 1474 554 A
1498 526 1535 555 et
1557 522 1574 554 1
1598 520 1726 556 effere-

241 567 324 599 bant
347 569 380 609 1,
409 569 444 608 7,
475 567 530 600 18.
557 565 638 608 (res)
664 565 874 610 proponitur
895 577 986 601 uno
1013 567 1133 608 modo,
1159 566 1365 600 dissolvitur
1391 565 1526 601 varie
1550 567 1584 609 5,
1610 569 1666 609 13,
1689 569 1725 602 2.

241 623 277 646 v.
304 618 357 645 est
394 613 437 645 ab
476 612 675 645 oratoribus
709 613 842 646 factum
866 616 908 654 7,
934 615 974 649 2.
1000 614 1055 647 39.
1096 612 1286 656 praeterito
1320 618 1480 658 tempore
1511 624 1548 648 v.
1578 613 1728 647 formari

240 659 350 691 verba
375 657 487 702 prima
513 669 666 702 persona
691 671 709 691 ο
734 659 836 692 litera
860 658 1044 692 terminata
1064 662 1095 700 1,
1119 659 1153 701 6,
1181 661 1234 693 15.
1257 652 1391 702 judici!
1407 657 1543 692 animus
1565 670 1604 693 v.
1625 660 1730 704 prae-

239 710 383 748 paratur
408 706 452 746 9,
476 702 521 744 4,
547 707 625 738 133.
659 705 905 748 (suspiciones)
941 715 1109 751 spargere
1147 716 1251 748 quam
1281 704 1435 739 maxime
1464 716 1502 742 v;
1525 708 1572 747 7,
1595 707 1642 749 2,
1671 708 1731 739 12.

243 761 348 793 quam
374 761 440 784 nos
463 761 499 784 v.
527 749 789 795 translativam,
815 751 1099 792 transumtivam,
1125 750 1410 794 transpositivam
1437 761 1608 785 vocamus
1631 751 1667 807 3,
1689 751 1729 794 6,

239 796 296 829 46.
332 801 368 830 et
403 806 550 843 rogare,
585 796 762 838 indicare,
796 797 970 831 rationem
1005 797 1156 830 reddere
1188 802 1224 830 et
1255 796 1325 835 alia
1345 796 1551 833 -÷¹‘varie
1575 801 1646 842 atq·
1674 802 1730 831 ut

239 852 320 875 res
347 843 469 876 tulit
492 842 581 886 (Sp.
610 842 714 887 vult)
742 845 776 885 3,
803 844 838 886 8,
863 845 907 878 53
932 847 974 877 Ζ.
1000 855 1032 877 v.
1058 842 1333 889 Multiplex.

195 907 410 951 varietas·
457 921 540 956 huic
563 922 703 963 (virtuti
727 925 926 956 contrarium
947 921 1087 966 vitium)
1114 918 1315 965 μονοειδὲς,
1343 921 1444 967 quasi
1469 921 1610 967 quidam
1636 932 1730 956 unus

240 972 404 1010 aspectus
425 969 479 1006 11,
509 970 541 1010 3,
567 967 624 1002 44.
647 981 679 1003 υ.
704 968 1004 1013 Aequalitas3
1033 981 1105 1002 var.
1132 974 1420 1015 argumentoriun
1447 971 1482 1011 5,
1508 970 1562 1011 10,
1588 968 1732 1004 125.-ε-
1754 992 1755 995 ¹

241 1023 426 1046 causarum
450 1016 506 1056 10,
531 1016 566 1057 7,
591 1016 624 1048 3.
652 1018 707 1057 12,
728 1018 768 1057 -2,
795 1015 849 1049 15.
873 1015 919 1040 -’-
944 1014 1131 1048 criminum
1154 1015 1188 1056 4,
1211 1017 1245 1057 3,
1270 1017 1305 1050 7.
1330 1021 1366 1049 et
1387 1014 1509 1061 figuris
1533 1020 1670 1048 mutare
1693 1018 1731 1048 et

239 1069 343 1092 casus
372 1065 407 1093 et
426 1071 616 1103 numeros,
641 1072 791 1105 quorum
814 1073 917 1104 var.‚
945 1062 1154 1106 frequenter
1176 1060 1290 1105 gratia
1316 1059 1582 1104 compositionis
1608 1059 1729 1101 ascita,

239 1105 345 1138 etiam
374 1117 439 1139 suo
464 1106 608 1140 nomine
633 1109 724 1141 solet
751 1118 830 1141 esse
853 1108 1008 1150 iucunda
1032 1110 1075 1150 9,
1100 1107 1146 1149 4,
1176 1108 1232 1142 58.
1266 1118 1304 1142 v.
1329 1107 1521 1154 figurarum
1548 1108 1611 1147 10,
1635 1108 1680 1147 2,
1708 1107 1727 1138 1

239 1162 273 1184 v.
299 1151 508 1198 Raritas.
534 1164 572 1187 v.
596 1154 682 1196 juris
707 1156 750 1196 3,
774 1154 815 1196 6,
843 1154 900 1188 90.
926 1153 964 1186 in
994 1159 1088 1187 tanta
1111 1152 1225 1186 litium
1249 1164 1285 1188 v.
1309 1151 1356 1196 4,
1383 1155 1424 1196 1,
1447 1153 1504 1187 26.
1526 1163 1564 1187 v.
1589 1150 1730 1194 opinio-

238 1207 324 1229 num
349 1200 414 1239 10,
442 1201 481 1240 1,
509 1197 567 1232 42.
588 1219 631 1223 —
660 1210 808 1243 operum
840 1201 895 1241 10,
923 1201 955 1242 1,
983 1201 1039 1234 83.
1064 1199 1142 1242 ipsa
1168 1210 1287 1233 rerum
1309 1209 1346 1234 v.
1372 1199 1413 1241 5,
1442 1197 1489 1240 4,
1512 1200 1547 1231 2.
1576 1197 1730 1241 aliquam

238 1243 489 1285 pronuntiandi
514 1256 550 1278 v.
578 1248 641 1286 11,
667 1248 706 1288 3,
733 1247 799 1286 513
837 1256 927 1289 quae
955 1257 1031 1279 var.
1057 1245 1184 1287 efficit,
1215 1249 1255 1278 ut
1278 1254 1356 1280 eam
1381 1243 1522 1288 quidam
1545 1243 1732 1283 coniectu-

238 1300 324 1331 rae,
353 1289 448 1332 quid.
476 1290 654 1332 qualitati,
693 1291 981 1336 ‹suid.‘legitimis
1012 1289 1276 1334 quaestionibus
1299 1289 1515 1333 subjecerint
1535 1292 1578 1331 7,
1603 1290 1647 1335 3,
1675 1291 1730 1335 13,

239 1344 314 1367 non
337 1335 426 1368 haec
450 1347 527 1369 var.
555 1336 644 1368 mira
667 1343 740 1376 est,
767 1336 934 1370 excidere
959 1336 1134 1379 proxima,
1162 1341 1287 1369 vetera
1306 1334 1522 1369 inhaerere?
1549 1337 1606 1376 11,
1631 1337 1667 1376 2,
1695 1334 1731 1369 6.

238 1381 353 1422 major
376 1380 414 1413 in
443 1392 482 1414 re
506 1392 582 1415 var.
609 1383 643 1422 3,
666 1383 702 1424 8,
729 1383 781 1415 15.
805 1387 891 1425 quot
920 1381 956 1414 in
985 1393 1102 1423 causa,
1128 1381 1275 1414 totidem
1299 1380 1337 1414 in
1360 1381 1624 1425 prosopopoeia
1646 1386 1731 1414 suut

237 1426 429 1460 varietates
455 1429 518 1468 11,
549 1430 587 1469 1,
612 1426 669 1460 41.
697 1427 777 1472 quia
801 1427 838 1461 in
861 1427 1018 1471 partibus
1046 1438 1172 1461 causae
1200 1426 1279 1461 talis
1303 1432 1358 1461 est
1389 1437 1467 1461 var.
1493 1430 1558 1469 11,
1581 1427 1623 1468 3,
1650 1424 1729 1460 174.

236 1483 314 1506 var.
343 1472 456 1506 reficit
480 1471 616 1506 animos
645 1484 686 1506 ac
710 1479 850 1516 reparat
880 1477 918 1515 1,
946 1476 1010 1514 12,
1035 1472 1069 1506 4.
1101 1484 1178 1506 var.
1199 1478 1323 1506 tamen-
1341 1471 1444 1506 nobis
1471 1482 1519 1507 ex
1541 1471 1730 1508 vilioribus

236 1523 336 1564 grata
361 1517 405 1550 sit
435 1520 497 1560 10,
526 1521 568 1560 l,
598 1519 654 1552 58.
686 1515 926 1562 ὄμοιολογία,
959 1530 1050 1561 quae
1078 1519 1175 1551 nulla
1198 1517 1460 1552 varietatis
1487 1516 1604 1569 gratia
1632 1518 1732 1555 levat

236 1563 439 1598 taedium
463 1565 508 1606 8,
533 1565 576 1606 3,
604 1566 649 1598 52
675 1576 707 1597 υ.
729 1564 904 1598 Gratia.
937 1569 1051 1597 totum
1075 1565 1145 1597 hoc
1170 1565 1315 1607 plenum
1343 1569 1398 1597 est
1419 1562 1602 1598 varietatis
1620 1562 1678 1606 9‚¹'
1694 1565 1731 1607 2,

238 1612 292 1644 10.
316 1610 430 1643 minus
456 1609 491 1643 in
514 1610 635 1644 verbis
660 1611 791 1643 habent
815 1609 1074 1645 varietatis
1102 1615 1138 1643 et
1162 1608 1344 1655 gratiae
1371 1610 1406 1651 9,
1435 1608 1471 1651 4,
1497 1607 1576 1643 145.
1601 1607 1646 1650 cf.
1673 1608 1731 1644 55.

236 1655 521 1691 varietatem
545 1656 731 1698 similibus,
758 1658 1054 1700 voluptatem
1082 1655 1254 1699 expositis
1279 1656 1363 1689 dare
1383 1656 1438 1698 10,
1456 1655 1490 1697 5,
1509 1657 1572 1697 113
1598 1656 1730 1701 «stlat-.-

237 1701 450 1745 compositio
478 1722 524 1727 —
548 1702 623 1746 ipsa
646 1703 820 1737 varietate
844 1702 1043 1748 gratissima
1074 1704 1137 1744 10,
1165 1705 1206 1744 2,
1234 1703 1287 1735 13.
1314 1696 1464 1745 plurima
1487 1710 1529 1736 v.¹
1550 1701 1734 1744 complent

237 1748 349 1791 spatia
374 1748 434 1782 illa
460 1759 653 1792 nervorum
681 1752 745 1790 12,
771 1751 835 1790 10,
864 1750 920 1782 68.
960 1747 1185 1782 novitate
1211 1753 1245 1782 et
1268 1759 1367 1781 var.
1399 1746 1535 1792 magis,
1568 1748 1673 1790 qnam
1691 1744 1734 1786 fi

236 1794 364 1828 relatio
390 1794 433 1828 sit
459 1800 568 1834 recta,
595 1795 746 1828 delectat
773 1798 806 1832 9,
831 1798 866 1836 2,
889 1792 945 1830 66.
967 1795 1100 1840 figurae
1116 1813 1161 1820 --
1179 1804 1270 1838 quae
1289 1804 1384 1828 var.
1409 1792 1617 1827 taedium·
1640 1787 1735 1835 effi}-

237 1839 352 1886 giant,
383 1846 418 1874 et
441 1840 783 1874 mutationibus
810 1840 962 1874 animum
992 1842 1114 1874 levent
1143 1839 1186 1881 4,
1209 1842 1255 1885 2,
1282 1840 1360 1874 118.
1385 1838 1515 1886 gaudet
1537 1848 1596 1870 res
1620 1836 1672 1885 (Ni.
1699 1850 1733 1876 ε.

238 1888 508 1931 eloquentia)
540 1899 616 1921 var.
635 1888 669 1929 9,
688 1890 722 1928 2,
745 1888 800 1921 63.
825 1887 952 1920 satirae
976 1897 1110 1933 genus,
1134 1895 1208 1919 non
1231 1886 1308 1919 sola
1329 1882 1522 1919 carminum
1538 1894 1616 1918 var.
1634 1880 1732 1922 mix-

235 1938 310 1965 tum
335 1935 398 1974 10,
425 1935 466 1974 1,
490 1933 547 1968 95.
575 1944 653 1966 cum
679 1944 774 1966 var.
800 1938 874 1966 tum
905 1932 1010 1967 etiarn
1048 1932 1137 1976 ipsa.
1154 1937 1332 1965 natura
1364 1930 1551 1974 plurimum
1581 1934 1732 1972 prosunt

237 1978 357 2022 (dicta)
385 1979 427 2020 9,
458 1980 503 2021 2,
529 1980 585 2012 59.
619 1979 700 2012 loca
735 1976 846 2012 multa
869 1990 908 2014 v.
938 1978 1072 2025 signata
1099 1979 1162 2020 11,
1189 1980 1236 2020 2,
1264 1978 1320 2012 18.
1351 1977 1412 2010 ads
1430 1975 1623 2012 levandum
1651 1985 1732 2011 var-

238 2023 419 2057 sastidium
439 2026 478 2065 9,
504 2027 537 2068 1,
562 2027 619 2058 21.
1056 2050 1062 2053 -
1521 2040 1523 2042 ·
1666 2034 1675 2043 ⁸

192 2079 341 2122 Varlo·
395 2092 444 2134 α)
477 2095 688 2135 simplic-Her.-
727 2105 784 2128 ars
812 2094 975 2129 variandi
1005 2093 1152 2140 gratiam
1187 2092 1335 2136 praebet
1363 2102 1404 2124 ac
1442 2093 1593 2140 renovat
1628 2098 1731 2133 aures

239 2141 304 2178 11,
330 2141 373 2181 3,
397 2138 454 2172 44.
483 2139 638 2174 variavit
671 2139 730 2173 hic:
765 2141 901 2183 adhuc,
942 2146 978 2174 et
1004 2152 1126 2174 rursus
1158 2137 1334 2172 rationem
1364 2136 1470 2171 tertio
1499 2137 1582 2169 loco
1613 2132 1732 2178 posuit

238 2184 450 2226 5,14,18.
476 2196 556 2219 nam
584 2193 620 2219 et
642 2186 868 2219 variatur
892 2192 928 2220 et
952 2187 1072 2220 nihil
1096 2187 1258 2219 refert
1285 2185 1320 2225 9,
1345 2186 1378 2225 1,
1405 2186 1460 2217 17.
1503 2179 1547 2226 β)
1572 2193 1601 2213 c.
1631 2181 1730 2224 obj..-

237 2242 327 2273 quae
355 2241 437 2263 cum
465 2232 590 2265 adesse
614 2233 756 2271 debent,
780 2237 853 2265 tum
879 2233 1115 2276 disponen
1131 2233 1186 2264 da
1210 2241 1251 2263 ac
1274 2228 1505 2263 varianda
1526 2231 1608 2278 sapt
1631 2227 1666 2267 9,
1694 2227 1730 2278 2,

237 2277 270 2310 5.
298 2275 342 2316 cf.
375 2279 412 2316 5,
442 2279 505 2319 10,
533 2280 610 2312 107.
636 2278 807 2312 adverbia
833 2284 867 2312 et
890 2279 1103 2322 pronomina
1127 2276 1311 2312 variantur
1333 2276 1374 2317 9,
1401 2276 1442 2315 3,
1466 2273 1521 2308 53.
1551 2272 1732 2305 simulant!

234 2321 457 2366 variantique
490 2330 638 2356 conatus
663 2326 708 2367 (in
733 2325 914 2365 batuemlo)
942 2326 976 2367 9,
1003 2329 1034 2368 1,
1061 2327 1118 2358 20.
1144 2322 1333 2357 variandas
1357 2330 1437 2354 esse
1458 2319 1587 2365 figuras
1612 2319 1656 2350 ib·
1676 2318 1732 2351 11·

238 2367 282 2407 cf.
309 2370 343 2409 9,
368 2367 407 2410 4,
439 2370 706 2403 1173'fictiones
733 2381 963 2413 personarum
988 2391 1033 2397 —
1056 2368 1197 2405 variant
1218 2367 1418 2401 orationem
1437 2365 1480 2404 9,
1506 2364 1635 2410 2,,29-
1663 2373 1732 2397 va-

235 2413 382 2446 riaverit
417 2415 642 2457 quaestiones
678 2418 720 2455 3,
749 2419 810 2458 10,
841 2419 874 2450 2.
907 2416 1048 2450 variare
1081 2425 1282 2449 sermonem
1315 2413 1361 2454 8,
1393 2411 1521 2462 6,’ξ9·
1555 2413 1731 2447 structura

235 2459 395 2492 variatur
422 2461 467 2502 8,
496 2461 538 2502 6,
563 2463 607 2495 67
633 2474 664 2495 υ.
686 2462 726 2494 M
738 2468 826 2498 uto.
893 2463 931 2505 γ)
957 2463 1028 2504 adj.
1055 2464 1168 2495 Ablat.
1184 2475 1194 2494 .-
1227 2458 1386 2493 variatur
1411 2455 1550 2490 casibus
1582 2455 1672 2488 haec
1695 2458 1732 2487 et

236 2505 426 2548 generibus
462 2506 602 2540 iteratio
638 2513 673 2541 et
708 2519 762 2550 ap.
794 2507 963 2541 Rutilium
998 2510 1104 2552 longa
1127 2501 1283 2551 περιόδῳ
1311 2506 1356 2546 9,
1381 2498 1426 2544 3,)
1451 2501 1496 2535 36
1516 2504 1558 2534 Z·
1585 2505 1731 2533 orm-1²¹³

235 2551 349 2591 (vulg.
378 2553 420 2584 de
444 2553 529 2594 conj.
558 2556 683 2594 Regii
709 2556 860 2586 inseritur
890 2555 973 2597 pro)
1004 2552 1172 2593 materiae
1200 2561 1332 2596 genere
1357 2547 1511 2582 variatus
1534 2547 1575 2585 8,
1600 2547 1728 2588 3211·

237 2605 310 2628 non
335 2596 432 2629 mille
459 2597 579 2642 figuris
603 2598 760 2633 variet
796 2610 837 2632 ac
860 2600 1052 2633 verset?
1079 2601 1119 2640 5,
1145 2596 1208 2638 14,
1233 2598 1289 2629 32.
1323 2594 1370 2627 in
1397 2601 1468 2636 quo
1491 2601 1622 2638 genere
1649 2591 1732 2643 91¹¹,-

236 2639 333 2672 rimis
362 2642 482 2687 figuris
522 2644 590 2677 erit
620 2644 791 2678 varianda
824 2645 1005 2689 expositio
1033 2645 1075 2686 4,
1099 2647 1146 2684 2,
1169 2645 1230 2676 22.
1265 2639 1309 2681 cs·
1333 2639 1380 2691 62
1406 2641 1451 2679 1⁵
1476 2639 1522 2688 22
1573 2632 1619 2679 ὃ)
1656 2637 1730 2679 0‘11·

236 2689 418 2728 Praepos:
450 2689 560 2733 magis
591 2692 681 2724 haec
704 2690 886 2725 variantur
912 2691 960 2724 in
984 2690 1103 2723 litibus
1130 2691 1164 2730 3,
1189 2688 1224 2729 6,
1250 2684 1328 2720 104.
1363 2693 1411 2718 ln
1433 2682 1729 2736 9r311009·m¹¹l{³

237 2731 471 2773 summittere,
501 2735 714 2778 variare,
747 2736 1008 2779 disponere
1033 2739 1078 2777 2,
1106 2737 1167 2776 12,
1195 2735 1247 2766 10.
1274 2731 1316 2764 in
1339 2734 1462 2763 statuis
1487 2733 1556 2772 atq.
1579 2731 1729 2770 picturis

235 2776 365 2812 variari
389 2778 547 2822 habitus,
571 2782 714 2823 vultus,
744 2787 854 2815 status
883 2785 926 2824 2,
957 2784 1020 2824 13,
1046 2782 1079 2816 8.
1111 2779 1153 2813 in
1179 2777 1304 2822 quibus
1334 2774 1531 2816 (Senensis-⁹)
1560 2783 1729 2808 Secun-
