1728 3002
141 148 223 192 550
565 203 576 208 N
713 148 843 192 Natio
874 173 928 180 -—
958 148 1123 197 Natura

187 262 327 297 claritas
350 263 521 299 nascendi
555 263 590 308 5,
615 265 670 308 11,
697 264 730 300 5.
755 275 855 300 nasc.
876 266 994 312 legem
1018 266 1075 308 10,
1098 266 1136 308 3,
1158 263 1194 301 4.
1240 265 1339 299 nulla
1359 269 1456 300 sorte
1486 277 1587 301 nasc.
1611 278 1676 302 ae-

186 313 240 343 tas
261 309 533 355 felicior'quam
558 316 679 344 nostra
707 313 762 354 12,
794 313 851 354 11,
879 314 936 346 22.
963 312 1010 353 ΙΙ)
1038 314 1155 344 transt.
1189 310 1230 352 α)
1254 310 1388 354 omnia,
1419 313 1502 346 dum
1526 323 1677 347 nascun-

187 360 262 397 tur,
298 357 440 400 placent
465 359 521 400 10,
548 354 582 400 3,
607 360 641 392 7.
681 369 772 401 quae
802 357 919 392 subito
943 362 1026 391 sunt
1048 362 1130 390 nata
1155 359 1214 400 10,
1235 357 1278 398 ,6,
1298 358 1331 392 5.
1377 362 1418 391 ut
1441 358 1590 403 quisque
1613 370 1679 392 na-

186 407 307 435 scetur
331 401 511 445 (affectus)
534 403 569 445 6,
600 406 632 443 1,
657 405 713 438 53.
763 405 860 448 quod
883 402 1038 437 maxime
1063 403 1192 436 uberes
1217 401 1286 438 loci
1310 404 1571 456 popularesque
1595 415 1680 439 sen-

187 448 319 481 tentiae
341 455 534 483 nascuntur
556 451 590 492 5,
618 450 673 492 13,
700 448 758 483 42.
789 449 1069 494 quaestionibus,
1093 460 1186 493 quae.
1217 449 1332 483 subito
1356 455 1451 485 mter
1473 451 1567 494 ipsas
1591 450 1681 487 acti-

186 503 276 528 ones
299 494 395 528 nasci
423 496 540 529 solent
566 498 623 538 12,
651 498 684 538 3,
710 499 744 529 2.
792 507 835 530 ea
860 495 991 530 nasci
1016 500 1052 529 et
1078 495 1341 539 provenire
1369 502 1539 530 natura
1562 499 1597 540 5,
1623 496 1681 541 14,

185 541 251 582 32;
288 543 438 575 Partic..·
476 552 533 575 no
549 553 601 577 va
625 541 687 576 ilta
709 542 810 577 vetut
833 541 1077 578 nascentia
1104 544 1160 584 10,
1186 544 1220 586 1,
1245 542 1300 578 16.
1345 553 1404 575 res
1441 542 1572 577 cotidie
1594 553 1682 586 pae-

185 596 232 619 ne
257 592 442 622 nascentes
469 590 504 630 2,
530 588 565 630 5,
592 586 646 622 14.
694 588 806 623 verba
828 587 867 622 in
890 588 997 622 labris
1021 587 1205 622 nascentia
1229 590 1285 630 10,
1309 589 1345 628 3,
1369 591 1404 625 2.
1451 589 1495 631 β)
1520 602 1549 624 ο.
1574 591 1682 622 Prae-
1726 628 1728 630 ,

183 644 270 675 poss.
283 646 293 666 .·
324 639 446 667 nalum
470 646 491 668 a
505 634 526 667 b
546 635 788 668 ostentatione
806 634 1057 669 declamatoria
1081 632 1116 676 4,
1126 635 1160 676 3,
1171 637 1206 668 2.
1233 634 1376 678 quando
1392 641 1556 668 nascatur
1568 640 1679 668 status
1698 673 1704 676 ,

187 678 241 711 ab
266 686 474 715 accusatore
499 682 533 722 3,
557 681 592 723 6,
620 682 675 715 13.
724 680 865 714 initium
889 680 997 716 edicti
1020 680 1176 714 nascitur
1202 690 1222 713 a
1252 681 1328 714 Kal.
1361 680 1528 719 Januarii,
1553 681 1590 723 5,
1624 682 1680 723 10,

186 724 251 768 763
287 726 383 769 quod
414 730 479 760 ex‘
505 726 619 770 prima
651 726 878 763 conflictione
909 726 1066 762 nascitur
1097 728 1132 767 3,
1169 726 1204 769 6,
1243 726 1275 760 5.
1323 726 1389 759 Ex
1419 727 1491 761 hoc
1524 726 1683 761 nascitur
1721 752 1728 757 v,

184 764 472 815 ἄντικατηγορία
496 775 532 815 7,
556 775 591 815 2,
620 774 676 808 18.
722 778 930 820 argumenta
960 774 1169 817 plerumque
1198 778 1395 806 nascuntur
1427 783 1482 807 ex
1520 783 1625 806 causa
1647 773 1683 814 6,

183 817 219 857 2,
242 814 276 849 4.
296 817 444 863 singulis
461 818 650 853 consilium
664 830 722 853 ex
746 819 890 863 propria
910 821 1050 853 ratione
1069 823 1234 854 nascetur
1247 816 1390 861 4,1‚44.
1412 824 1607 852 nascuntur
1624 829 1683 852 ex

187 860 246 895 his
265 863 355 896 aliae
375 865 677 902 contradictiones
694 867 727 908 5,
739 867 796 909 13,
809 865 866 900 54.
893 865 960 900 Ex
981 867 1048 899 hac
1065 863 1289 912 ingeniorum
1301 863 1508 899 diversitate
1526 870 1607 898 nata
1615 865 1683 897 du-

187 906 311 942 b³0atio
324 915 377 943 est
390 913 446 954 11,
459 909 561 951 2,44.
585 911 713 956 quibus
733 923 787 946 ex
802 912 910 946 rebus
929 911 1110 946 orationes
1131 916 1326 945 nascuntur
1345 912 1380 953 3,
1388 910 1424 953 6,
1433 909 1490 957 525.
1510 921 1568 944 ex
1591 910 1683 944 locis

186 954 312 988 debeat
323 957 604 1001 nascisententia
615 958 693 1001 24,
709 960 765 992 31.
786 969 842 992 ex
863 956 1137 991 instrumentosi
1163 968 1210 990 na
1222 961 1416 990 nascuntur
1432 958 1466 999 5,
1481 957 1536 999 10,
1546 957 1604 991 51.
1623 967 1683 990 na-

180 1006 329 1035 scuntur
343 1003 432 1036 haec
441 1006 542 1038 vehit
551 1003 738 1038 simulacra
756 1015 812 1038 ex
836 999 907 1038 illis
921 1003 1033 1037 tribus
1046 1005 1079 1045 3,
1090 1003 1125 1044 6,
1182 1026 1192 1037 .
1209 1013 1264 1036 ex
1287 1001 1496 1045 depulsione
1507 1001 1605 1036 nasci
1614 1007 1683 1036 sta-

183 1050 258 1080 tum
271 1050 313 1080 ib.
326 1049 382 1082 16.
394 1051 428 1092 3,
442 1052 547 1093 11,2;
584 1062 667 1084 οιιιιι
685 1050 827 1096 signum
846 1051 883 1083 id
902 1049 1046 1094 proprie
1063 1049 1120 1092 sit,
1143 1049 1238 1093 quod
1257 1059 1315 1083 ex
1333 1058 1390 1091 eo,
1416 1048 1461 1082 de
1481 1059 1552 1092 quo
1572 1061 1580 1081 ‹
1609 1059 1680 1082 tae-

183 1091 286 1136 ritur,
305 1100 424 1128 natum
443 1096 507 1129 sub
523 1097 649 1139 oculos
659 1097 760 1132 venit
771 1097 804 1139 5,
825 1097 860 1138 9,
888 1094 942 1130 14.
967 1095 1015 1130 ibi
1048 1101 1118 1139 atq.
1145 1105 1206 1129 ex
1230 1106 1272 1128 re
1294 1099 1414 1129 natum
1440 1093 1474 1135 4,
1501 1097 1533 1137 1,
1551 1060 1608 1129 5AE
1637 1093 1684 1136 cs.
1726 1111 1728 1114 ·

184 1134 220 1180 4,
243 1140 276 1179 5,
295 1140 334 1183 4;
360 1141 440 1174 ubi
459 1143 627 1187 quodque
644 1149 811 1177 nascatur
823 1144 857 1184 5,
880 1144 936 1183 10,
959 1145 1016 1176 22.
1032 1141 1142 1175 hinc
1161 1140 1260 1175 nasci
1277 1141 1423 1175 affectus
1433 1141 1524 1174 solet
1534 1141 1569 1183 6,
1578 1142 1613 1183 2,
1626 1140 1684 1175 16.

137 1181 283 1225 Natio·
333 1203 478 1232 exteras
503 1210 539 1232 ιι.
569 1202 624 1243 11,
651 1203 684 1242 1,
712 1199 769 1235 89.
818 1199 1004 1242 nationes,
1038 1209 1128 1242 (suae
1157 1197 1298 1231 fletibus
1327 1203 1430 1231 natos
1459 1199 1686 1241 prosequun-
1724 1195 1728 1203 ’

183 1246 242 1274 tur
267 1243 301 1284 5,
325 1245 381 1285 11,
407 1246 453 1278 38
476 1247 521 1279 N.
549 1251 632 1279 sunt
654 1244 790 1289 proprii
815 1245 957 1290 quidam
990 1246 1089 1287 soni,
1131 1244 1260 1288 quibus
1290 1254 1544 1288 nonnunquam
1569 1243 1684 1277 natio-

185 1298 250 1321 nes
275 1288 574 1331 deprehendimus
611 1294 644 1332 1,
680 1291 713 1333 5,
751 1293 796 1324 33
831 1293 879 1325 Ν.
921 1291 965 1332 cs.
993 1294 1048 1334 11,
1073 1293 1108 1333 2,
1134 1293 1189 1324 50.
1213 1290 1243 1323 si
1272 1296 1332 1323 aut
1364 1289 1591 1323 'nationes
1626 1295 1683 1322 to-

128 1340 137 1353 *
185 1337 266 1376 lae,
305 1339 365 1367 aut
391 1335 596 1369 ordines
621 1336 844 1370 incessantur
865 1337 901 1380 6,
931 1339 967 1379 3,
992 1336 1051 1371 34.
1084 1336 1183 1370 natio
1216 1334 1303 1380 (est,
1327 1337 1416 1369 uncle
1455 1342 1683 1378 argumentum

184 1378 356 1423 sumatur)
385 1380 419 1424 5,
445 1383 502 1423 10,
526 1380 573 1415 24
600 1393 633 1415 v.
660 1382 801 1415 Gens.

139 1419 347 1480 NatiVUS·⁴
381 1437 549 1471 nativa
580 1436 716 1480 verba,
757 1437 795 1471 id
834 1442 908 1480 est,
951 1448 1043 1482 quae
1083 1435 1279 1482 significata
1310 1442 1394 1470 sunt
1421 1435 1539 1482 primo
1573 1449 1682 1472 sensu
1710 1459 1716 1481 ς

167 1494 263 1532 vopp.
294 1488 478 1527 reperta
501 1485 537 1528 8,
561 1486 596 1527 3,
621 1484 666 1518 36
690 1484 738 1517 Ν.

137 1523 265 1567 Nato·
312 1545 474 1574 natantes
498 1541 594 1575 oculi
623 1544 678 1580 11.
708 1543 744 1584 3,
768 1540 829 1576 76·

121 1579 316 1625 'Natura
360 1596 389 1640 1)
415 1596 458 1640 a)
486 1611 512 1631 ο.
537 1598 646 1641 Adj..·
679 1609 716 1631 n.
740 1595 886 1631 humani
909 1582 1061 1643 inigenii,
1094 1605 1185 1640 quae
1207 1593 1256 1629 ita
1278 1599 1333 1629 est
1370 1594 1472 1642 agilis
1507 1601 1543 1630 et
1567 1597 1682 1631 velox
1695 1605 1705 1631 .

184 1643 222 1684 ’1,
249 1643 305 1684 12,
330 1644 363 1676 2.
410 1654 446 1676 n.
473 1644 620 1678 coelesti
646 1649 717 1688 atq.
748 1642 939 1677 immortali
966 1643 1024 1683 (a.
1051 1644 1074 1677 1.
1109 1639 1270 1684 divinae)
1303 1643 1359 1685 10,
1398 1644 1432 1684 1,
1464 1641 1522 1675 86.
1553 1642 1681 1676 docilis

149 1722 152 1733 ι
184 1697 220 1720 ιι.
247 1689 280 1730 1,
306 1689 340 1730 3,
367 1690 398 1722 1.
423 1689 566 1725 diversa
589 1702 625 1725 ιι.
653 1693 710 1733 11,
732 1691 766 1731 3,
791 1690 869 1724 178.
893 1689 928 1732 8,
953 1689 989 1732 3,
1015 1689 1073 1722 60.
1121 1686 1265 1723 divinae
1297 1698 1334 1721 ιι.
1364 1689 1400 1728 7,
1430 1688 1465 1729 3,
1503 1688 1524 1721 5
1557 1689 1605 1720 Ν.
1643 1699 1686 1723 ιι.

182 1733 365 1781 ‘duriorem
392 1738 447 1779 11,
478 1739 510 1779 1,
535 1739 591 1770 70.
640 1735 849 1780 incorrupta
873 1746 908 1769 n.
934 1736 969 1776 2,
998 1734 1032 1776 5,
1065 1735 1120 1767 12.
1170 1731 1281 1772 animi
1313 1732 1439 1777 quaed.
1463 1732 1620 1786 ingenita
1645 1745 1682 1768 ιι.

186 1779 219 1822 5,
247 1782 303 1822 10,
332 1783 409 1815 123.
435 1793 472 1816 ιι.
500 1781 693 1826 patientior
718 1781 853 1815 laboris
879 1783 912 1823 1,
942 1782 1000 1822 12,
1035 1781 1092 1814 10.
1117 1778 1187 1823 ipsi
1211 1778 1369 1824 (aurae)
1394 1789 1539 1823 propria
1561 1790 1599 1813 n.
1622 1782 1680 1823 11,

185 1826 219 1868 3,
245 1827 300 1861 16.
346 1825 389 1871 ῥ’)
414 1840 443 1862 c.
469 1830 596 1863 Genii„-
634 1827 839 1862 animalium
864 1832 1093 1870 satorumque
1117 1831 1261 1859 naturas
1286 1827 1343 1868 12,
1369 1826 1425 1868 11,
1462 1827 1520 1859 22.
1557 1830 1593 1859 et
1624 1824 1681 1859 di-

184 1871 341 1906 centium
368 1879 403 1907 et
429 1874 648 1908 audientimn
675 1880 823 1908 naturae
847 1876 904 1916 12,
932 1874 988 1915 10,
1010 1875 1068 1906 17.
1116 1871 1227 1915 ipsius
1261 1871 1411 1905 deorum
1442 1882 1478 1904 ιι.
1510 1873 1545 1914 3,
1576 1870 1612 1913 7,
1642 1874 1679 1906 7.

184 1928 220 1951 ιι.
248 1918 404 1952 hominis
430 1923 488 1964 12,
511 1923 547 1963 2,
573 1921 627 1955 18.
670 1919 831 1964 jndictm
856 1924 1000 1952 naturas
1022 1916 1059 1960 4,
1087 1919 1122 1960 1,
1147 1918 1204 1952 17.
1229 1915 1276 1959 cs.
1306 1919 1360 1959 12,
1392 1918 1448 1959 10,
1473 1917 1530 1958 55;
1571 1916 1706 1952 animi-
1727 1947 1728 1950 ,

186 1975 221 1997 ιι.
249 1967 282 2008 1,
308 1967 341 2007 5,
367 1966 402 2000 9.
431 1977 466 2000 ιι.
486 1965 713 2010 eloquentiae
726 1968 782 2008 12,
798 1967 854 2008 10,
866 1963 924 1998 44.
950 1975 987 2002 ιι,
1010 1962 1158 1997 humani
1178 1962 1312 2010 ingenii
1334 1964 1390 1996 Pr.
1414 1964 1470 1996 12.
1501 1965 1535 2004 1,
1561 1965 1618 2006 12,
1640 1965 1678 1997 2.

185 2021 221 2043 ιι.
245 2011 317 2044 1οοί
342 2014 376 2054 2,
402 2013 458 2054 13,
483 2014 520 2049 3.
546 2013 620 2046 sola
656 2011 785 2045 mentis
819 2022 855 2045 ιι.
892 2012 948 2052 10,
978 2012 1014 2052 2,
1051 2010 1084 2044 5.
1121 2009 1256 2043 Oceani
1287 2020 1322 2042 n.
1358 2011 1394 2050 7,
1426 2004 1462 2051 4,
1496 2010 1532 2045 2.
1567 2019 1616 2042 ex
1680 2014 1686 2020 ·

185 2066 267 2089 cum
296 2056 455 2100 ipsarum
477 2069 611 2102 rerum,
636 2063 710 2092 tum
739 2056 958 2091 audientium
982 2057 1019 2097 3,
1043 2056 1078 2098 8,
1115 2054 1170 2089 14.
1217 2065 1266 2088 ex
1295 2065 1332 2087 ιι.
1367 2064 1438 2087 rer.
1472 2053 1680 2088 hominum-

184 2103 371 2182 ffiffie}
400 2105 552 2184 ῗῖῑὲἷῗ
573 2115 787 2185 ἓὸιιῖῗῖἷῗίέ
824 2114 910 2182 ‘¹:315
923 2101 1163 2182 .ῗ“ὲῖῗῗ“ἒιιῖ’
1191 2099 1237 2180 {²6
1262 2097 1571 2179 ¹3⁷'4‘f31335320’
1585 2101 1678 2192 ’.ἔέἒὲ

183 2194 221 2227 in
250 2205 320 2228 rer.
348 2206 384 2229 n.
410 2161 493 2229 gunt
515 2199 551 2238 7,
583 2199 639 2238 10,
663 2198 698 2230 9.
725 2159 841 2238 agg,
868 2197 926 2228 22.
975 2157 1060 2238 qugin
1086 2172 1288 2226 sermonem
1307 2170 1370 2226 'ab
1396 2190 1474 2235 ipsa
1493 2170 1616 2225 rerum
1638 2202 1678 2226 ιι.

182 2240 387 2284 acceperint
412 2243 447 2284 3,
471 2244 507 2284 2,
533 2246 563 2276 1.
591 2242 635 2284 cs.
662 2244 715 2283 10,
753 2243 787 2284 3,
822 2241 878 2276 26.
905 2241 976 2273 hoc
1000 2248 1142 2283 quoque
1166 2236 1204 2271 in
1231 2248 1303 2271 rer.
1327 2242 1488 2289 naturam
1511 2236 1606 2272 cadit
1639 2240 1684 2281 2,-

187 2289 241 2328 17,
265 2289 321 2323 32.
368 2298 496 2331 capere
520 2287 556 2321 id
578 2299 698 2322 rerum
720 2292 884 2321 naturam
918 2288 974 2327 12,
998 2287 1054 2327 11,
1088 2284 1134 2318 25
1167 2287 1210 2317 Ζ.
1246 2295 1278 2316 v.
1317 2282 1480 2326 Capro.
1501 2327 1510 2336 .
1528 2284 1574 2317 de
1631 2297 1649 2314 ι.
1676 2309 1679 2314 .

184 2331 258 2365 toni
280 2343 314 2366 n.
334 2333 369 2376 9,
386 2336 422 2376 2,
445 2334 502 2368 95.
519 2345 589 2368 rer.
605 2334 682 2378 ipsa
707 2345 744 2366 n.
768 2332 807 2366 in
831 2343 875 2367 eo
898 2341 974 2364 non
996 2338 1124 2374 parens
1148 2330 1210 2363 sed
1235 2337 1396 2364 noverca
1418 2329 1527 2362 fuerit
1555 2330 1612 2372 12,
1641 2331 1680 2363 1

182 2380 214 2410 2.
239 2377 351 2422 ipsam
375 2390 446 2413 rer.
472 2391 508 2413 n.
532 2385 626 2414 stare
651 2379 778 2414 ordine
800 2381 836 2421 7,
860 2379 916 2412 Pr.
942 2378 977 2410 3.
1011 2374 1164 2419 simplex
1194 2374 1297 2410 vocis
1317 2385 1371 2427 ιιι.
1406 2375 1440 2416 1,
1479 2376 1535 2417 11,
1569 2374 1605 2410 6.
1637 2376 1675 2409 ν’

185 2423 295 2457 Vox.
339 2425 399 2459 illa
423 2425 509 2458 mihi
535 2426 573 2459 in
594 2425 714 2470 pueris
738 2436 775 2458 n.
800 2423 984 2458 minimum
1008 2421 1085 2465 spei
1119 2420 1274 2462 dederit,
1314 2431 1353 2454 ιιι
1389 2429 1458 2464 qua
1490 2418 1661 2467 ingenium

186 2469 316 2509 judicio
344 2471 582 2514 praesumitur
605 2475 640 2514 2,
671 2470 707 2514 4,
743 2473 779 2504 7.
825 2467 864 2514 y)
899 2468 1069 2502 Nominat.
1128 2466 1165 2509 a)
1199 2468 1289 2500 adeo
1323 2465 1447 2500 similis
1486 2471 1541 2500 est
1577 2470 1674 2507 art

181 2515 392 2560 plerumque
417 2523 582 2551 natura
605 2519 640 2559 8,
664 2519 698 2560 3,
720 2516 779 2551 86.
805 2527 836 2548 v.
864 2512 966 2549 Ars.
995 2515 1159 2557 quasfres
1176 2513 1303 2556 «suibus
1318 2512 1425 2546 rebus
1445 2512 1507 2545 vel
1719 2535 1723 2540 .

182 2565 296 2602 asset,
330 2563 391 2596 vel
419 2563 610 2597 alienasset
631 2562 709 2606 ipsa
732 2572 769 2595 ιι.
795 2562 830 2603 5,
855 2561 912 2602 10,
938 2562 993 2593 17.
1042 2569 1134 2602 «snae
1160 2569 1195 2592 n.
1215 2557 1370 2602 ‘propria
1394 2557 1550 2609 maribus
1577 2557 1635 2591 d·=
1657 2573 1665 2594 ι,

182 2604 215 2647 5,
242 2608 297 2646 ’12,
324 2609 378 2641 18.
406 2608 450 2648 os.
479 2611 513 2653 9,
543 2611 578 2652 3,
604 2611 683 2643 101.
710 2609 766 2649 11,
790 2608 824 2648 3,
848 2605 906 2640 75.
953 2614 1026 2638 non
1050 2610 1266 2638 naturam
1289 2604 1486 2644 defecisse,
1510 2603 1573 2636 sed
1599 2613 1642 2636 c
1702 2626 1704 2631 ,

136 2680 154 2685 s
182 2661 269 2684 ram
298 2653 329 2694 1,
357 2656 389 2692 1,
417 2658 439 2686 2
464 2667 493 2688 υ.
521 2654 660 2689 Cura.
707 2663 826 2694 omne,
854 2651 950 2695 quod
973 2661 1008 2684 n.
1042 2650 1188 2684 dictavit
1215 2651 1250 2692 8,
1284 2650 1343 2683 Pr.
1377 2648 1423 2682 26
1458 2651 1501 2682 Ζ.
1547 2652 1588 2681 ut
1639 2664 1642 2675 ι
1701 2670 1706 2680 .

181 2697 257 2740 ipsa
281 2697 424 2741 quidem
449 2710 484 2733 n.
511 2700 548 2732 in
572 2702 644 2734 hoc
666 2699 715 2733 ita
743 2696 939 2740 evaluerit,
970 2701 1011 2729 ut
1034 2703 1096 2730 etc.
1122 2698 1178 2738 10,
1202 2698 1239 2738 2,
1265 2697 1321 2728 10.
1358 2703 1475 2737 neque
1507 2694 1600 2728 adeo
1646 2717 1648 2720 v

182 2743 300 2785 futuam
328 2754 369 2776 ac
395 2755 586 2788 pauperem
610 2756 646 2779 n.
677 2742 918 2790 eloquentiam
941 2741 1029 2778 fecit
1051 2743 1109 2784 10,
1141 2743 1176 2784 5,
1209 2742 1244 2777 5.
1278 2751 1314 2775 ιι.
1346 2749 1414 2773 nos
1446 2739 1492 2772 ad
1520 2749 1603 2774 men
1719 2746 1725 2761 ·“
