1728 3002
459 197 511 238 de
541 194 827 237 Grammatiea
856 193 1163 248 Quintilianea.
1466 195 1591 228 MAX

51 327 108 361 at
139 310 359 368 similem
381 310 508 359 olim
532 312 737 359 locum:
774 310 823 369 8,
846 310 891 369 6,
919 304 981 370 75
1014 308 1147 374 quod
1177 325 1211 355 a
1241 314 1488 355 natura
1515 314 1594 354 est

0 422 3 425 -
50 393 276 444 omnibus
317 391 547 454 augendi
589 408 671 438 res
715 390 1072 454 minuendique
1121 389 1376 454 cupiditas
1431 387 1588 436 insitu

50 472 378 538 Zumptiana
402 471 592 534 editio,
627 471 747 537 quia
768 479 961 519 natura
982 473 1244 536 ponendo
1260 508 1272 526 ‚
1309 468 1534 521 sustulit.

182 551 398 602 Deinde
436 555 508 600 ad
548 550 908 600 Ablativos
952 551 1192 615 quosdam
1219 549 1400 598 Modi
1435 551 1586 614 apud

49 634 287 690 Verbum
318 632 431 680 dico
465 632 668 680 animos
701 635 984 680 advertere
1013 630 1199 690 velim,
1246 645 1309 678 ut
1350 645 1407 690 2,
1444 647 1461 674 1
1480 647 1528 690 1,
1555 627 1584 675 3

48 714 75 760 ἰ
81 721 285 778 mpetu
309 713 346 760 d
351 714 377 760 ι’
381 730 518 761 cere
537 731 588 761 se
601 713 914 776 gloriantur.
953 727 1027 773 10,
1058 730 1097 770 1,
1119 727 1183 774 99
1204 712 1326 760 licet
1352 711 1587 758 Varro-

48 794 184 850 Aelii
230 793 438 842 Stilonis
478 794 801 842 sententia
840 817 906 827 —-
952 792 1156 852 dicat,
1203 790 1584 857 interpretibus
1644 855 1655 857 ἓ

48 877 211 922 modo
244 891 340 934 etv,
375 878 539 922 modo
573 876 645 922 de
678 871 1117 939 conjicientibus-3
1158 886 1275 920 tum
1314 889 1331 918 1
1348 889 1364 917 1
1383 908 1397 931 ‚
1433 888 1450 916 1
1469 907 1483 931 ‚
1517 875 1583 931 49

50 971 195 1002 reum
221 981 289 991 —
308 956 585 1019 frequenti
605 954 964 1012 translatione,
984 953 1133 1014 ficto‘s·
1155 962 1253 1002 aut
1269 951 1498 1019 repetaejtek
1521 965 1585 997 ex

4 1086 8 1091 ,
51 1042 298 1082 vetustate
335 1034 520 1094 verbis-3
570 1022 697 1083 corb
696 1034 847 1099 posi
851 1042 872 1082 t
883 1034 908 1079 ι’
914 1037 985 1080 εἰη
998 1050 1047 1093 e,
1089 1051 1217 1098 quae
1254 1034 1321 1081 se't
1361 1032 1583 1080 maxime

51 1133 86 1162 a
117 1115 328 1177 vulgari
350 1133 448 1163 usu
477 1121 696 1174 remota,
743 1114 1128 1162 decurrentibus
1146 1114 1376 1179 periodis
1406 1142 1463 1149 —
1497 1113 1533 1159 d
1544 1112 1582 1157 ι’-

49 1203 308 1254 centem,
336 1194 431 1242 ubi
451 1195 587 1242 illud
607 1196 982 1260 cmupositlone,
1006 1198 1156 1242 nude
1175 1194 1435 1260 positum,
1463 1191 1583 1240 solis

50 1273 511 1339 circumstantibus
528 1275 700 1324 verbis
717 1290 771 1323 et
788 1275 1035 1340 sequenti
1050 1277 1280 1325 relativa
1298 1272 1585 1332 sententia,

49 1371 192 1420 quae
232 1354 505 1420 Adjectivi
542 1358 726 1404 locum
759 1354 1030 1416 obtineat,
1075 1356 1397 1404 defenditur.
1466 1355 1582 1402 Nec

0 1484 2 1486 ,
43 1435 294 1483 omittere
321 1435 531 1501 placuit
562 1440 696 1484 duos
726 1436 1085 1486 Ablativos
1119 1449 1465 1501 comparat
1481 1435 1581 1481 io-

21 1515 149 1563 -nis
179 1515 236 1563 in
261 1516 631 1564 constrictiore
653 1517 867 1566 dicendi
891 1533 1111 1585 genere:
1154 1535 1194 1577 1,
1217 1533 1263 1578 2,
1286 1518 1350 1563 28
1381 1517 1583 1581 majora

51 1597 413 1656 intellectu,
461 1611 515 1644 et
547 1596 594 1658 3,
629 1600 674 1658 6,
709 1614 772 1660 7ο
803 1595 1334 1663 major-praetoria
1363 1595 1580 1659 cogui-

52 1677 223 1725 tione
246 1694 441 1724 summa
462 1685 547 1725 est.
609 1679 867 1744 Denique
895 1667 1282 1726 indeclinabilis
1302 1676 1450 1726 v'ocis
1471 1676 1582 1723 Ab·

50 1757 276 1820 lativum
304 1759 468 1805 habes
502 1775 520 1803 1
538 1793 554 1818 ‚
577 1776 602 1820 7
617 1795 631 1820 ‚
656 1774 730 1807 10.
767 1759 901 1808 Nam
920 1761 979 1809 K
1000 1759 1198 1823 quidem
1219 1759 1270 1806 ιή
1291 1758 1446 1806 nullis
1474 1771 1581 1804 ver-

53 1838 124 1885 bis
151 1839 396 1887 utendum
412 1847 559 1904 pute.

421 2012 510 2059 III.
580 2012 682 2059 DE
722 2013 1204 2062 TEMPORIBUS.

213 2130 285 2192 A)
353 2131 456 2178 DE
500 2132 866 2182 SINGULIS
914 2133 1427 2183 TEMPORIBUS.

509 2240 548 2278 1.
606 2235 693 2278 DE
729 2236 1129 2282 PRAESENTI.

167 2315 429 2374 ‘Praesens
449 2332 550 2380 pro
568 2316 780 2364 Futuro
802 2318 1036 2383 positum
1061 2332 1139 2367 est
1157 2318 1204 2380 6,
1226 2317 1273 2380 3,
1300 2319 1379 2382 78.
1418 2318 1480 2366 so·
1494 2317 1585 2365 hoc

1 2417 4 2418 ⁷
59 2394 135 2442 ita
154 2403 251 2454 est,
279 2395 334 2442 is
352 2396 407 2442 in
427 2396 658 2454 exilium,
689 2398 738 2444 si
751 2415 850 2446 nou
869 2400 946 2447 ita
966 2409 1061 2460 est,
1090 2401 1277 2449 redis.
1310 2402 1375 2449 cf.
1397 2400 1582 2464 Suppl-

60 2487 115 2520 et
134 2475 285 2529 Not.;
319 2492 421 2540 pro
445 2477 716 2537 Perfecto,
754 2478 810 2524 in
833 2471 1051 2528 citando
1072 2497 1099 2526 2
1115 2517 1127 2540 ,
1150 2479 1202 2540 5,
1229 2496 1293 2526 20
1323 2489 1386 2528 ut
1402 2496 1582 2545 prae-

60 2554 222 2619 cipit
255 2555 599 2620 Apollodorus.
632 2558 697 2604 cf.
728 2573 756 2603 2
772 2595 784 2617 ,
821 2555 874 2618 5,
908 2575 997 2622 203
1045 2578 1215 2625 quare
1245 2571 1361 2609 non
1394 2558 1583 2606 dubito

65 2649 151 2694 10,
186 2652 239 2695 7,
264 2637 323 2683 18
353 2637 487 2685 sicut
511 2638 565 2684 ὑι
596 2639 900 2700 cogitatione
923 2641 1360 2706 praecipimus
1394 2652 1587 2687 contra

64 2713 359 2764 editionum
397 2715 712 2782 scripturam
733 2721 1110 2786 praecepimus,
1158 2738 1191 2769 a
1219 2719 1473 2786 Zumptio
1505 2735 1586 2766 re-
