1728 3002
100 171 183 213 800
287 204 290 210 ,
620 166 892 208 Sarmentum
921 191 977 200 -
1007 166 1121 209 Satis

97 274 383 317 Sarmentum.
417 280 603 315 sarmentis
629 280 725 315 circa
749 291 883 316 cornua
906 282 1016 317 boum
1035 282 1198 331 deligatis
1213 283 1444 329 incensisque
1459 257 1566 331 2,17,
1585 286 1642 323 19.
1698 323 1702 327 ,

96 341 337 384 Sarranum·
386 361 467 383 cum
491 349 556 383 tibi
579 354 653 383 tota
681 349 847 396 cognatio
871 361 1015 387 sarraco
1039 353 1138 397 (opu.
1167 353 1271 388 Godd.
1296 351 1459 394 serraco)
1483 353 1639 391 adveha-

139 398 380 434 turcic.in
406 398 498 430 Pis.
522 397 566 438 8,
592 398 626 439 3,
655 399 698 430 21
725 397 773 430 Ν.
959 403 961 407 ’

95 444 186 487 Sat.
235 454 266 488 si
288 455 358 487 hoc
384 458 439 487 sat
462 458 516 487 est
539 456 582 496 2,
608 455 649 487 11
664 479 674 496 ‚
699 457 733 488 7.
759 463 835 488 non
861 454 974 502 magis
999 456 1071 490 hoc
1095 466 1123 489 s.
1149 460 1222 499 ent,
1248 466 1354 500 quam
1378 454 1547 492 didicisse
1574 465 1638 495 etc.

137 504 175 545 5,
203 504 259 544 10,
287 502 366 534 121.
390 511 470 533 cum
495 499 726 544 supervacuis
752 500 875 535 verbis
901 501 1014 536 oratio
1041 507 1231 545 oneratur,
1256 505 1342 544 Ego
1368 505 1513 536 oculis
1536 508 1639 538 meis

142 550 257 582 vidi.
307 546 370 580 Sat
395 547 445 590 (a.
471 550 493 579 l.
519 546 622 589 satis)
647 552 700 580 est
724 547 839 590 enim,
865 550 958 581 vidi
981 550 1015 589 8,
1040 551 1075 591 3,
1099 551 1155 583 53.
1191 562 1224 583 υ.
1249 548 1469 593 Oportet3
1493 551 1639 594 proprie

141 602 203 628 etc.
233 593 354 627 dicere
378 603 408 626 s.
433 597 487 626 est
510 593 550 635 6,
576 596 616 634 2,
642 594 697 627 19.
735 605 822 638 quas
855 605 976 639 neque
1005 596 1200 642 generatim
1228 596 1370 629 tradere
1401 601 1471 629 sat
1494 601 1568 630 est
1590 617 1638 624 —

140 651 258 685 neque
286 649 352 683 per
385 638 542 685 singulas
575 639 713 682 species
742 641 875 684 exequi
904 641 1083 684 patitur
1109 647 1278 675 natura
1305 642 1347 680 5,
1373 643 1437 684 10,
1468 643 1546 676 100.
1570 654 1640 678 nec

139 688 176 721 id
203 692 257 721 sat
280 691 356 728 est,
386 684 552 719 inimicos
577 684 711 728 fuisse,
734 687 799 720 sed
824 698 870 720 an
896 687 1065 721 desierint
1090 695 1151 722 etc.
1178 687 1223 730 5,
1248 690 1293 730 7,
1321 689 1377 722 13.
1404 687 1549 722 nobis
1572 700 1639 724 no-

139 739 251 767 strum
280 743 370 776 opus
394 732 537 765 interim
558 731 651 765 tueri
679 737 732 766 sat
756 738 810 766 est
839 733 900 776 (a.
927 739 948 768 I.
975 733 1085 777 satis)
1112 736 1178 777 10,
1211 736 1254 777 1,
1280 735 1313 768 9.
1344 733 1393 775 cs·
1425 737 1469 774 7,
1500 735 1541 777 3,
1568 738 1638 778 32;

138 785 310 825 quantum
335 789 425 822 opus
449 783 522 820 est,
556 783 726 822 quantum
750 785 804 812 sat
831 785 886 813 est
908 779 952 821 4,
979 784 1020 824 2,
1044 780 1090 815 45
1115 781 1160 814 N.
1188 793 1235 814 cr.
1260 787 1294 812 et
1318 781 1355 813 S.
1380 778 1524 814 interim
1549 779 1638 815 illud

138 827 331 860 admonere
356 836 388 858 s.
412 823 469 859 est'
490 827 531 868 2,
555 824 602 866 4,
629 827 662 858 3.
694 823 739 865 cs.
763 828 809 869 2,
833 829 881 870 2,
905 825 941 860 4.
975 826 1020 871 4,
1045 830 1085 870 1,
1112 829 1167 862 15.
1191 828 1238 870 5,
1266 827 1336 869 13,
1362 824 1487 870 14..6,
1514 828 1555 868 1,
1582 830 1639 862 12.

137 875 216 916 (Sp.
240 875 274 905 in
298 873 446 905 omnibus
470 872 520 903 his
544 873 624 904 locis
648 870 759 913 satis).

92 917 266 974 satago·
318 928 605 962 discursare
629 934 685 971 et,
711 930 810 973 quod
828 929 1076 966 Domit.At'er
1099 929 1215 973 dixit,
1237 934 1464 976 satagere
1490 928 1642 975 ineptis-

140 976 268 1010 simum
295 976 359 1019 11,
389 977 432 1019 3,
458 975 525 1010 126
551 987 585 1008 v.
608 975 855 1011 Discurso.
1649 976 1655 985 ⁴

92 1019 291 1063 Satelles.
340 1043 431 1078 quos
457 1032 622 1066 contraxi
646 1033 817 1067 satellites
842 1037 877 1079 7,
901 1037 937 1078 2,
962 1033 1021 1070 54.

90 1089 290 1132 Satietas.
338 1100 538 1135 taedium
564 1112 612 1135 ex
639 1101 871 1137 similitudine
900 1115 943 1138 ac
968 1103 1236 1138 satietatem
1259 1108 1357 1145 creat
1380 1103 1415 1143 9.
1441 1099 1583 1147 4,,143-
1608 1101 1641 1135 δί

135 1146 375 1192 (eloquentia)
400 1158 449 1181 ex
473 1147 578 1192 copia
599 1148 800 1183 satietatem
823 1150 947 1184 tulerit
971 1152 1014 1194 5,
1041 1150 1101 1190 14,
1127 1152 1173 1185 30
1205 1163 1238 1184 v.
1262 1148 1554 1184 Fastidinm.
1580 1158 1639 1182 sa-

132 1193 295 1227 tietatem
318 1199 359 1226 ut
381 1193 538 1228 varietas
564 1206 685 1228 earum
713 1194 946 1240 (figurarum)
970 1197 1020 1230 ita
1046 1196 1172 1230 raritas
1195 1195 1318 1243 effugit
1340 1196 1386 1239 9,
1410 1197 1455 1239 3,
1474 1197 1535 1230 27.

90 1237 226 1280 Satio.
286 1250 406 1284 satiari
434 1252 535 1286 velut
562 1252 784 1295 jucundioris
818 1252 1028 1298 disciplinae
1063 1255 1156 1288 lacte
1179 1257 1222 1297 2,
1245 1253 1288 1296 4,
1314 1253 1349 1288 5.
1381 1259 1464 1287 cum
1494 1250 1638 1296 optimis

133 1295 251 1330 satiati
276 1307 397 1329 sumus
426 1299 490 1338 10,
520 1300 560 1338 1,
586 1300 643 1332 58.
669 1305 830 1333 secretae
853 1300 1031 1344 (figurae)
1056 1307 1118 1334 etc.
1142 1305 1182 1333 ut
1203 1299 1366 1335 novitate
1391 1297 1638 1340 excitant,

130 1342 182 1376 ita
205 1341 311 1386 copia
334 1341 513 1376 satiant
537 1344 579 1386 9,
605 1345 639 1386 3,
665 1343 700 1378 5.

87 1399 230 1441 Satira
264 1414 318 1444 vel
344 1410 529 1445 S-atura.
555 1410 663 1444 satira
689 1413 742 1453 (a.
761 1415 784 1444 1.
812 1413 948 1458 satyra)
976 1418 1048 1447 tota
1073 1419 1194 1447 nostra
1219 1417 1275 1447 est
1300 1414 1356 1455 10,
1381 1413 1415 1454 1,
1442 1412 1489 1448 93
1516 1412 1563 1446 Ν.
1587 1425 1635 1446 cr.

131 1457 283 1490 alterum
320 1455 411 1490 illud
442 1461 477 1490 et
510 1456 609 1502 prius
645 1457 776 1492 satirae
810 1470 923 1505 genus
963 1458 1123 1494 condidit
1155 1458 1348 1493 Terentius
1370 1459 1488 1492 Varro
1513 1459 1557 1492 ib.
1573 1458 1638 1493 95.

131 1504 291 1536 Mortem
329 1513 372 1536 ac
406 1502 546 1546 Vitam,
581 1514 670 1547 quas
706 1507 966 1540 contendentes
998 1505 1037 1539 in
1071 1511 1189 1540 satura
1219 1504 1279 1549 (α.
1311 1509 1333 1540 l.
1357 1502 1503 1549 satyra)
1529 1504 1638 1538 tradit

129 1548 266 1582 Ennius
291 1549 329 1592 9,
358 1552 395 1592 2,
425 1549 471 1583 36
494 1551 544 1583 Ν.
567 1549 612 1590 cs}
643 1552 678 1593 9,
708 1552 744 1594 3,
767 1552 790 1586 8
815 1553 863 1590 Ν.
890 1565 938 1586 cr.
1561 1567 1564 1569 ’

85 1605 217 1648 Satis·
266 1616 386 1651 satis
411 1621 466 1651 est
484 1623 604 1660 vetus,
630 1618 717 1662 quid
730 1630 879 1654 necesse
904 1625 970 1662 est,
995 1629 1144 1664 quaem,
1169 1617 1290 1653 dicere
1312 1617 1498 1663 oppido
1519 1616 1638 1663 (inier-

133 1666 252 1698 cidisse
286 1665 423 1697 valde
458 1671 531 1706 post
563 1671 670 1700 vetus
699 1670 743 1700 Z.
773 1668 870 1699 docet
899 1669 931 1699 in
957 1664 1099 1709 Suppl.)
1125 1667 1169 1708 8,
1193 1667 1238 1708 3,
1261 1667 1307 1700 25
1329 1666 1379 1710 N.
1431 1665 1469 1707 1)
1500 1664 1639 1708 Adject.

133 1711 187 1752 α)
212 1720 287 1743 non
312 1710 398 1744 satis
425 1710 535 1744 efficit
565 1712 682 1745 oratio
707 1713 742 1755 8,
767 1715 802 1754 3,
827 1713 884 1747 62.
915 1723 943 1746 s.
968 1716 1123 1756 praestat
1149 1710 1235 1755 (ars)
1259 1714 1295 1754 7,
1321 1713 1379 1754 10,
1403 1710 1460 1746 15.
1492 1709 1554 1754 qui
1577 1709 1641 1744 Ci-

132 1756 258 1790 ceroni
283 1767 329 1790 ne
351 1757 389 1789 in
414 1757 622 1801 eloquentia
651 1757 750 1802 quid.
774 1769 805 1791 s.
831 1757 991 1792 tribuunt
1017 1761 1072 1800 12,
1097 1761 1130 1800 1,
1155 1759 1211 1791 22.
1235 1757 1307 1800 jam
1330 1756 1442 1791 nobis
1459 1756 1639 1791 abunde

131 1802 252 1836 satis
281 1803 326 1836 ad
354 1803 564 1837 discendum
589 1805 704 1848 spatia
727 1803 937 1840 viderentur
962 1807 1018 1846 12,
1050 1807 1104 1845 11,
1128 1804 1184 1838 19.
1226 1803 1299 1837 Sed
1323 1804 1368 1837 de
1392 1804 1463 1836 hoc
1491 1802 1576 1836 satis
1602 1803 1639 1845 8,

131 1849 172 1891 6,
198 1852 255 1884 72.
300 1848 344 1893 β)
370 1863 398 1882 c.
424 1851 557 1888 Genit,.·
593 1851 735 1885 consilii
759 1857 795 1884 et
820 1851 927 1884 animi
954 1863 983 1885 s.
1010 1853 1075 1892 10,
1101 1855 1141 1892 1,
1167 1851 1246 1883 113.
1276 1860 1306 1884 s,
1330 1850 1578 1892 exemplorum
1600 1851 1637 1891 2,

131 1898 180 1938 2,
206 1895 240 1929 8.
280 1895 408 1939 quibus
436 1897 481 1929 ad
509 1897 678 1932 evitanda
703 1896 792 1933 vitia
817 1897 940 1941 judicii
963 1909 991 1931 s.
1020 1897 1090 1930 fuit
1114 1898 1170 1939 10,
1193 1897 1230 1938 2,
1255 1896 1312 1929 15.
1348 1907 1382 1928 v.
1407 1893 1636 1929 Sufficio.

132 1953 160 1975 s.
180 1940 375 1985 patientiae
400 1945 457 1985 12,
482 1943 517 1984 ὃ,
544 1946 599 1977 10.
627 1955 654 1977 s.
683 1955 883 1986 poenarum
908 1943 1050 1976 dedisse
1072 1945 1107 1984 7,
1123 1940 1159 1984 4,
1181 1942 1237 1975 18.
1284 1939 1322 1985 y)
1346 1954 1375 1974 ο.
1396 1942 1508 1975 Verbo
1526 1941 1636 1974 Sum.

134 1986 181 2031 a)
205 1987 243 2020 in
265 1989 334 2021 hac
358 1987 435 2031 ipsa
466 2000 551 2022 cura
575 1995 630 2023 est
655 1989 790 2035 aliquid
815 1989 900 2023 satis
924 1991 966 2031 8,
990 1990 1048 2022 Pr.
1075 1989 1132 2021 31.
1157 1987 1255 2031 quod
1283 1987 1399 2030 ipsum
1423 1997 1452 2020 s.
1478 1990 1555 2020 erat
1578 1987 1636 2028 10,

134 2034 180 2076 6,
205 2036 239 2067 2.
264 2040 435 2078 quantiun
465 2046 494 2069 s.
527 2035 571 2068 sit
598 2039 660 2078 11,
687 2039 724 2077 1,
751 2038 807 2070 91.
854 2037 937 2069 Hoc
962 2046 992 2069 s.
1022 2040 1076 2069 est
1099 2035 1155 2075 11,
1181 2034 1216 2075 3,
1240 2033 1297 2067 26.
1333 2031 1401 2066 Cui
1425 2033 1511 2076 (Sp.
1536 2031 1637 2078 Qui)

133 2089 246 2123 porro
275 2091 352 2114 non
383 2091 412 2115 s-
438 2087 513 2123 est,
546 2083 641 2126 quod
665 2083 750 2125 (Sp.
777 2081 873 2126 quo)
898 2081 989 2115 nihil
1015 2091 1094 2115 esse
1117 2079 1244 2112 melius
1267 2084 1386 2122 potest
1413 2081 1480 2121 12,
1504 2079 1567 2120 10,
1591 2078 1638 2113 39

131 2126 182 2160 N.
213 2139 259 2161 cr.
288 2133 319 2159 et
343 2128 379 2161 S.
408 2126 537 2171 quibus
562 2128 652 2162 nihil
674 2128 735 2162 sit
758 2127 956 2170 s.‚*omnia
979 2146 1027 2152 —
1048 2124 1207 2162 velint
1231 2127 1287 2168 10,
1315 2127 1350 2167 3,
1376 2127 1432 2158 11.
1462 2123 1552 2158 nihil
1574 2133 1638 2159 ao—

133 2171 277 2216 quirere
298 2173 390 2206 ultra
418 2185 525 2217 quam
553 2186 582 2208 s.
610 2175 677 2209 erit
703 2178 760 2218 12,
789 2177 825 2217 7,
855 2177 910 2211 12.
945 2173 1018 2208 Cur
1040 2182 1115 2206 non
1138 2182 1168 2204 S.
1187 2171 1259 2214 sit,
1286 2170 1497 2206 Sermonem
1522 2170 1635 2216 vulgo

131 2218 246 2252 fuisse
270 2219 317 2261 9,
345 2218 390 2261 4,
416 2220 495 2255 119.
526 2220 571 2261 cf.
596 2219 630 2263 4,
659 2224 694 2262 2,
726 2222 804 2254 110.
835 2219 979 2254 interim
998 2230 1027 2253 s.
1053 2217 1133 2261 erit,
1161 2217 1200 2251 si
1226 2228 1317 2262 puer
1340 2216 1438 2252 omni
1455 2226 1550 2250 cura
1572 2222 1634 2250 etc.

132 2264 315 2308 scripserit
338 2267 381 2308 2,
404 2265 448 2308 4,
479 2267 534 2300 17.
584 2266 624 2309 b)
649 2280 716 2312 seq.
741 2265 830 2307 Infi:
856 2266 954 2310 quod
975 2264 1101 2299 videre
1125 2274 1200 2298 non
1224 2269 1279 2298 est
1298 2275 1347 2307 3.,
1381 2261 1635 2307 perlegendum

132 2310 202 2343 erit
227 2313 294 2354 12,
322 2312 366 2354 8,
393 2313 448 2345 12.
484 2311 530 2352 cf.
558 2310 600 2355 4,
624 2315 669 2355 2,
699 2313 756 2348 94.
783 2311 845 2354 (α.
876 2317 898 2346 2.
923 2310 1004 2354 sat)
1028 2312 1062 2352 5,
1087 2311 1144 2352 13,
1171 2311 1226 2344 15.
1251 2311 1286 2351 8,
1309 2310 1344 2349 6,
1366 2309 1426 2344 74.
1451 2308 1510 2351 10,
1535 2309 1573 2349 7,
1600 2307 1636 2342 5.

135 2358 200 2398 11,
231 2359 277 2399 2,
301 2356 359 2391 44.
399 2359 498 2402 quod
525 2358 562 2391 in
588 2369 721 2405 genera
746 2357 871 2402 partiri
901 2358 946 2391 sit
970 2368 999 2390 s.
1023 2355 1071 2399 4,
1096 2358 1139 2399 5,
1163 2359 1221 2391 27.
1254 2366 1329 2389 non
1352 2354 1435 2400 quia
1461 2354 1634 2397 prodesse

135 2412 292 2445 unquam
316 2415 346 2437 s.
374 2403 420 2437 sit
445 2406 511 2446 12,
541 2407 605 2448 11,
632 2408 665 2438 1.
699 2415 831 2451 negare
855 2403 902 2438 sit
924 2402 1010 2437 satis
1034 2401 1122 2446 (Sp.
1151 2400 1282 2445 satius)
1307 2411 1354 2435 an
1377 2400 1572 2435 defendere
1596 2398 1632 2441 6,

135 2448 169 2488 5,
198 2450 219 2481 5
237 2452 278 2482 Z.
307 2450 438 2493 quaed.
466 2449 668 2496 significare
694 2462 724 2485 S.
750 2449 819 2484 erit
842 2450 877 2493 5,
904 2452 960 2492 11,
992 2449 1046 2482 16.
1075 2448 1212 2482 Verum
1235 2449 1409 2482 hactenus
1436 2443 1579 2492 evagari
1601 2454 1631 2477 ⁸·

132 2493 241 2525 fuerit
263 2497 307 2536 2,
339 2495 384 2538 4,
409 2497 466 2530 32.
517 2497 623 2542 Quod
650 2498 823 2531 hactenus
854 2494 1120 2530 ostendisse
1147 2505 1176 2528 s.
1201 2499 1255 2528 est
1279 2493 1322 2536 6,
1347 2495 1391 2536 3,
1422 2493 1491 2534 623
1529 2490 1632 2542 yaeaejut

133 2548 162 2571 s·
189 2538 267 2589 sit,
294 2541 416 2575 scire
439 2541 575 2585 ipsos
600 2545 642 2586 8,
667 2546 710 2586 2,
736 2543 791 2578 19.
817 2541 1002 2576 inclinatio
1028 2540 1187 2584 judicum
1212 2540 1258 2574 ad
1282 2549 1350 2573 nos
1376 2536 1507 2581 petitur
1528 2540 1633 2586 mitio

132 2594 292 2634 parcum,
318 2597 398 2620 cum
424 2588 562 2622 admitti
588 2600 617 2623 s.
642 2596 694 2623 est
719 2589 763 2631 6,
791 2591 824 2632 1,
849 2591 905 2622 10.
954 2589 992 2630 c)
1020 2587 1091 2630 adj.
1117 2590 1225 2620 Dat..·
1257 2595 1333 2619 non
1357 2587 1411 2618 est
1430 2594 1485 2634 s.²
1513 2590 1633 2633 omma

132 2639 183 2661 stc
207 2629 348 2674 dicere,
374 2636 555 2676 quomodo
580 2635 633 2668 M.
660 2634 801 2669 Tullius
825 2633 946 2668 dixit?
979 2632 1073 2667 Mihi
1100 2631 1244 2677 quidem
1267 2642 1296 2664 s.
1319 2634 1436 2671 esset,
1456 2638 1487 2660 Sl
1513 2631 1634 2660 omma

132 2675 306 2717 consequi
329 2688 484 2720 possem.
513 2682 577 2719 10.
605 2684 648 2722 2,
671 2682 728 2716 25.
755 2691 866 2724 opera
889 2678 1139 2714 extruentibus
1163 2689 1192 2711 s.
1216 2686 1292 2710 non
1313 2679 1388 2716 est,
1413 2683 1502 2706 saxa
1525 2677 1631 2716 atque

129 2720 313 2753 materiam
335 2733 532 2769 congerere
560 2727 596 2768 7,
621 2728 679 2760 Pr.
700 2730 732 2760 1.
760 2725 806 2766 os.
829 2725 864 2768 4,
893 2729 932 2768 2,
956 2729 990 2760 7.
1015 2725 1051 2768 5,
1076 2722 1133 2766 14,
1155 2723 1213 2757 26.
1243 2724 1300 2763 12,
1325 2721 1381 2762 10,
1404 2717 1468 2762 43;
1497 2717 1528 2752 si
1551 2728 1633 2752 ora-
1686 2742 1699 2748 -

132 2766 203 2799 tori
229 2777 258 2799 s.
287 2773 381 2801 esset
411 2771 590 2804 docere
616 2775 672 2816 10,
699 2775 731 2814 1,
754 2772 812 2806 78.
837 2772 874 2805 id
903 2770 984 2806 viro
1007 2771 1104 2804 bono
1129 2777 1159 2802 s.
1183 2771 1249 2810 est,
1273 2763 1512 2808 docuisse,
1537 2765 1635 2809 quod
