1728 3002
199 197 281 236 846
757 192 930 237 Solidus
957 219 1014 225 ——
1040 194 1167 238 Solus

241 308 302 350 Π)
329 311 541 352 amparet..-
577 305 751 343 solicitior
779 307 834 343 rei
866 307 1050 344 familiaris
1079 308 1261 359 diligentia
1284 314 1349 358 12,
1377 315 1418 358 1,
1449 313 1486 352 6.
1514 313 1610 351 cuca
1645 315 1727 352 lites

238 366 336 389 raras
359 354 571 389 solicitiores
597 358 632 398 7,
658 357 691 399 1,
717 353 775 390 43.
810 367 844 390 v.
869 355 1091 392 Securus.

196 399 384 442 Solidus.
420 411 574 446 solida
604 423 646 446 ac
681 411 846 447 virilis
875 411 1011 460 ingenii
1032 413 1090 449 vis
1117 415 1153 456 2,
1177 414 1212 456 5,
1236 417 1295 450 23.
1325 427 1360 450 v.
1382 417 1638 463 Robustum
1669 430 1725 454 ar-

239 458 419 504 gentarius
442 459 484 492 ab
509 458 710 506 argentario
734 459 888 494 solidum
912 459 1000 505 petit
1024 473 1103 506 opp.
1128 460 1311 496 dimidium
1334 463 1374 507 5,
1393 465 1461 508 ’10,
1488 465 1567 500 105.

194 502 434 546 Solitarius.
481 526 510 550 ς.
534 515 609 551 vita
633 519 650 550 1
666 542 676 560 ‚
701 519 748 560 2,
773 518 828 551 18.

193 570 479 614 Solitaurelia.
528 584 565 619 S.
594 585 664 629 jam
689 595 895 630 persuasum
917 590 972 620 est
995 596 1073 620 esse
1098 586 1464 624 suovetaurilia
1490 591 1524 634 1,
1552 589 1587 634 5,
1610 590 1655 626 67
1678 591 1725 625 Ν.

194 638 402 682 SOlitudO·
450 651 637 687 inventum
670 664 750 687 eum
782 652 819 687 in
843 652 1034 689 solitudine
1059 655 1159 698 juxta
1185 655 1352 690 exanime
1375 667 1505 702 corpus
1527 656 1662 692 inimici
1687 657 1726 701 4,

237 701 272 742 2,
298 700 354 736 13.
379 697 425 740 cs.
453 702 487 742 7,
515 702 548 742 1,
573 701 632 734 33.
667 702 722 736 10.
753 702 785 743 1,
812 702 866 734 10.
891 700 922 734 si
944 700 1149 746 particulas,
1175 713 1260 746 quas
1284 702 1375 737 ceris
1403 705 1631 748 mandamus,
1655 704 1725 738 nisi

238 743 277 778 in
299 745 386 787 soh,
419 745 577 789 reperire
601 755 674 779 non
698 756 886 790 possumus
912 749 975 790 10,
1002 749 1042 791 3,
1068 749 1124 782 30.
1157 760 1189 782 υ.
1210 749 1393 792 Palam3
1438 751 1603 784 lumen
1635 749 1725 784 illud

238 797 512 826 conventus
545 791 771 826 illustrissimi
806 793 1019 827 tenebris
1053 804 1094 827 ac
1127 793 1392 829 solitudini
1416 795 1662 840 praetulissem
1690 799 1724 840 1,

238 839 282 880 2,
312 839 343 871 9.
375 836 569 871 liberorum
597 849 638 872 ac
662 845 846 883 parentum
871 840 937 875 sol.
959 840 1003 884 6,
1029 842 1062 883 1,
1086 841 1142 875 18.

193 891 494 936 soloecismus.
525 905 727 941 soloecismi
750 906 902 940 foeditas
921 909 954 950 1,
982 907 1016 949 5,
1041 908 1073 943 5.
1100 908 1288 941 absurdum
1311 907 1462 943 forsitan
1480 908 1648 945 videatur
1669 909 1726 944 di-

242 962 345 994 cere,
374 952 740 996 barbarismum,
774 954 868 997 quod
893 960 946 987 est
968 952 1074 987 unius
1097 953 1199 989 verbi
1225 954 1374 998 vitium,
1405 955 1483 989 fieri
1511 967 1578 1002 per
1596 967 1724 990 nume-

233 1007 295 1031 ros
325 1003 384 1031 aut
416 1009 570 1044 genera,
604 999 694 1032 sicut
731 1000 1063 1033 soloecismum
1097 1002 1140 1033 ib.
1167 1001 1221 1035 16.
1254 1006 1374 1034 cetera
1406 1001 1495 1036 vitia
1529 1002 1648 1036 onmia
1674 1013 1723 1045 ex

235 1043 395 1088 pluribus
422 1045 574 1079 vocibus
598 1051 699 1088 sunt,
732 1056 884 1089 quorum
917 1052 970 1079 est
1001 1047 1067 1080 sol.
1103 1049 1145 1080 ib.
1169 1045 1226 1080 34.
1259 1058 1305 1080 an
1335 1046 1373 1080 in
1409 1047 1556 1094 singulis
1579 1059 1723 1094 quoque

234 1090 355 1125 verbis
381 1091 492 1135 possit
518 1091 595 1126 fieri
619 1104 648 1126 s.
673 1094 718 1126 ib.
740 1092 796 1126 36.
828 1098 866 1125 ut
889 1103 917 1126 s.
944 1103 991 1126 ex
1016 1094 1207 1138 complexu
1237 1092 1298 1127 fiat
1328 1103 1475 1137 eorum,
1510 1094 1640 1138 quibus
1662 1105 1722 1128 res

234 1136 477 1182 significantur
503 1144 539 1172 et
562 1139 729 1172 voluntas
753 1138 950 1172 ostenditur
973 1141 1016 1172 ib.
1038 1141 1095 1174 37.
1124 1139 1163 1173 in
1186 1149 1230 1173 eo
1250 1139 1382 1183 (verbo)
1403 1140 1490 1174 fiunt
1519 1140 1723 1175 soloecismi

233 1194 298 1226 per
324 1194 467 1229 genera,
494 1190 664 1228 tempora,
691 1195 875 1228 personas,
902 1185 1027 1219 modos
1052 1187 1093 1219 ib.
1111 1184 1169 1220 41.
1193 1185 1394 1220 soloecismi
1420 1185 1547 1222 vitium
1571 1197 1646 1220 non
1667 1191 1723 1220 est

230 1228 271 1263 in
298 1240 405 1263 sensu
429 1231 492 1264 sed
516 1230 553 1263 in
582 1232 776 1274 complexu
804 1233 846 1264 ib.
865 1230 911 1265 46
928 1244 1015 1275 seqq.
1043 1232 1202 1275 duplices
1226 1233 1291 1266 sol.
1320 1235 1352 1275 1,
1374 1231 1410 1276 6,
1434 1233 1490 1268 18.
1514 1243 1580 1278 per
1602 1233 1722 1267 omnia

234 1285 385 1321 genera,
408 1287 473 1319 per
497 1287 588 1320 quae
610 1277 648 1310 fit
672 1277 739 1309 sol.
775 1277 837 1318 (fit
857 1277 992 1319 figura)
1022 1278 1056 1320 9,
1085 1279 1119 1320 3,
1146 1280 1196 1312 10.
1228 1277 1272 1319 cs.
1296 1279 1354 1312 20.

184 1329 596 1423 Stzlgt-ffisingulorum
632 1342 796 1390 fatigatio
829 1343 1023 1387 quamlibet
1058 1356 1097 1379 se
1133 1344 1215 1378 rudi
1246 1345 1490 1380 modulatione
1526 1346 1662 1380 solatur
1687 1348 1721 1391 1,

287 1414 297 1431 ,
375 1413 384 1422 .

185 1431 348 1475 SOlum·
396 1456 425 1480 s.
449 1445 642 1480 fecundum
667 1448 703 1489 2,
731 1447 786 1489 19,
810 1448 846 1480 2.
870 1445 995 1480 laetius
1019 1457 1047 1479 s.
1073 1448 1135 1488 12,
1162 1448 1227 1489 10,
1256 1447 1311 1481 78.
1338 1445 1471 1480 siccum
1495 1453 1531 1481 et
1555 1447 1631 1488 sine
1655 1449 1722 1482 hu-

229 1502 329 1526 more
352 1492 427 1526 ullo
450 1502 479 1525 s.
504 1495 547 1534 2,
570 1491 610 1535 4,
636 1493 671 1527 8.
699 1492 842 1526 uberius
866 1503 894 1527 s.
924 1495 979 1535 12,
1007 1495 1061 1535 10,
1085 1494 1142 1527 25.
1167 1502 1304 1526 summo
1327 1503 1358 1526 s.
1383 1503 1503 1538 sparsa
1525 1493 1660 1528 semina
1686 1497 1720 1538 1,

229 1539 276 1579 3,
301 1538 334 1572 5.
371 1537 417 1579 cs.
443 1540 504 1580 10,
528 1541 570 1582 7,
594 1539 651 1572 28.
677 1538 744 1572 soli
769 1537 909 1571 bonitas
933 1541 975 1580 2,
1001 1539 1066 1582 19,
1089 1542 1124 1572 2.
1157 1537 1197 1572 in
1219 1538 1371 1572 collibus
1394 1539 1624 1585 vallibusque
1640 1542 1721 1585 plus

231 1584 326 1618 soli
349 1594 428 1618 esse
453 1595 558 1628 quam
582 1584 707 1618 coeli
733 1587 765 1627 1,
791 1586 847 1627 10,
874 1583 919 1619 45
935 1584 982 1617 N.

185 1627 327 1671 Solus.
364 1640 404 1685 Ι)
428 1642 513 1685 Adj.
548 1639 599 1682 α)
618 1644 820 1684 simpliciter.
860 1641 907 1682 a)
936 1643 1049 1674 JtIasc.
1064 1654 1075 1674 .·
1110 1645 1150 1674 ut
1173 1641 1300 1686 quaed.
1323 1640 1392 1675 soli
1417 1641 1509 1675 scire
1530 1640 1722 1681 videantur

230 1689 266 1730 8,
285 1690 319 1731 2,
339 1689 395 1722 12.
422 1699 502 1722 cum
527 1687 594 1721 soli
619 1699 738 1721 sumus
759 1690 816 1729 10,
832 1689 868 1729 3,
885 1690 942 1720 21.
962 1687 1057 1731 quod
1071 1686 1139 1720 soli
1159 1686 1288 1721 accidit
1304 1688 1338 1730 5,
1351 1689 1406 1730 10,
1419 1689 1476 1722 58.
1521 1685 1563 1730 b)
1575 1688 1716 1722 Neam}

228 1735 291 1769 vel
315 1739 460 1779 propter
482 1735 552 1768 hoc
575 1735 691 1767 solum
715 1737 770 1776 12,
790 1737 823 1776 1,
844 1731 900 1767 34.
926 1733 1082 1767 secunda
1107 1733 1275 1776 varietas,
1299 1735 1395 1778 quod
1421 1735 1536 1767 solum
1560 1738 1615 1769 est
1632 1745 1720 1778 pro-

228 1778 404 1814 nuntiatio
434 1782 497 1823 11,
520 1782 561 1822 3,
585 1779 632 1814 44
651 1781 695 1814 N.
722 1781 765 1814 de
790 1790 835 1814 eo
861 1780 940 1813 solo
963 1777 1132 1820 iudicatio
1158 1785 1230 1821 est,
1255 1790 1301 1814 an
1323 1778 1453 1814 liceat?
1481 1783 1526 1822 7,
1550 1779 1656 1822 5,·3.
1682 1780 1721 1814 in

230 1826 302 1860 hoc
327 1829 432 1861 solo
466 1825 582 1860 minus
615 1826 767 1870 peritum
802 1837 907 1870 quam
937 1825 974 1858 in
1008 1824 1182 1859 ceteris
1214 1827 1276 1868 11,
1303 1827 1343 1868 1,
1367 1828 1425 1860 71.
1460 1835 1531 1870 quo
1555 1826 1619 1860 vel
1638 1827 1720 1860 uolo

229 1878 326 1917 patet
354 1876 411 1915 11,
440 1876 473 1915 1,
499 1876 561 1914 113
588 1879 626 1905 ut
652 1883 694 1906 ea
717 1874 792 1906 sola
816 1883 895 1905 esse
918 1872 1128 1905 contendam
1154 1873 1197 1912 5,
1223 1874 1287 1913 12,
1313 1873 1345 1904 1.
1371 1871 1415 1912 cs.
1439 1872 1484 1914 6,
1509 1873 1544 1913 1,
1570 1873 1605 1906 5.
1632 1873 1719 1916 duo,

233 1930 323 1964 quae
355 1920 431 1953 sola
463 1924 671 1962 supererant
699 1921 763 1962 11,
790 1922 831 1961 1,
855 1919 911 1953 62.
947 1923 986 1951 ut
1013 1927 1078 1961 pro
1110 1916 1225 1950 solis
1261 1916 1596 1961 comprehenderint
1626 1919 1719 1952 fre—

231 1965 552 2009 quentissima
579 1967 622 2007 3,
645 1964 691 2006 4,
717 1966 750 1999 5.
786 1975 861 1998 non
896 1963 991 1998 enim
1023 1963 1099 1997 sola
1126 1962 1186 2001 illa
1218 1962 1385 2005 laetiora,
1423 1964 1487 1997 sed
1517 1963 1620 1997 etiam
1654 1963 1717 1999 illa

231 2022 432 2055 quanquam
466 2013 571 2055 plena
603 2010 783 2058 sanguinis
811 2013 873 2052 11,
905 2012 944 2052 1,
977 2008 1033 2043 34.
1071 2007 1120 2050 cs.
1158 2010 1222 2051 10,
1253 2010 1294 2051 2,
1332 2010 1390 2042 20.
1448 2007 1504 2054 β)
1538 2021 1568 2042 ο.
1603 2010 1713 2044 saba.

231 2057 275 2100 a)
301 2070 377 2102 opp.
405 2061 482 2100 plu
495 2059 644 2090 ribus.-
676 2068 766 2100 quae
798 2061 838 2090 ut
866 2057 951 2089 dura
973 2055 1137 2090 videatur
1168 2054 1378 2098 appellatio,
1410 2060 1531 2090 tamen
1561 2057 1639 2098 sola
1661 2061 1717 2090 est

231 2105 275 2146 3,
299 2104 340 2146 8,
367 2106 422 2138 25.
448 2103 530 2145 illa,
557 2115 646 2148 quae
670 2104 746 2137 sola
769 2103 880 2149 vulgo
904 2107 1073 2143 vocatur,
1099 2105 1174 2134 arte
1196 2101 1376 2134 rhetorica
1398 2103 1440 2143 2,
1466 2101 1506 2143 4,
1531 2103 1566 2134 1.
1599 2102 1716 2135 solum

229 2150 363 2183 bonum
388 2148 502 2183 virtus
527 2151 570 2191 5,
600 2149 667 2192 14,
691 2151 747 2183 25.
782 2147 957 2182 sermonis
989 2149 1070 2180 dum
1101 2147 1177 2179 sola
1209 2152 1262 2180 est
1286 2146 1521 2181 connectendi
1536 2147 1715 2190 ,cupiditas

230 2198 295 2238 10,
321 2198 366 2238 3,
390 2198 447 2230 20.
473 2206 547 2229 non
570 2196 646 2229 sola
672 2196 808 2240 agenda
835 2200 889 2228 est
912 2205 996 2227 cura
1019 2193 1211 2227 verborum
1237 2193 1280 2234 8,
1303 2193 1359 2226 Pr.
1386 2196 1441 2227 17.
1463 2193 1531 2227 hac
1556 2204 1586 2226 s.
1613 2193 1716 2227 diffe-

229 2241 345 2276 rentia
368 2244 403 2284 7,
427 2239 468 2284 4,
492 2244 526 2275 2.
553 2242 767 2285 (eloquentia)
791 2240 852 2274 hic
875 2245 1001 2286 regnat
1027 2255 1070 2263 —
1094 2238 1154 2272 hic
1179 2238 1255 2272 sola
1279 2237 1392 2273 vincit
1414 2240 1456 2271 ib.
1483 2237 1541 2272 24.
1567 2238 1596 2272 si
1620 2240 1717 2283 quod

230 2289 434 2332 exemplum
456 2302 499 2312 -—
528 2288 642 2321 solum
669 2293 738 2328 est,
777 2287 871 2330 quod
897 2297 943 2319 ex
970 2283 1119 2331 dialogis
1144 2283 1405 2318 Socraticorum
1430 2284 1513 2317 duci
1536 2290 1654 2328 potest
1680 2287 1716 2328 5,

229 2336 265 2377 7,
288 2335 346 2368 28.
372 2343 463 2377 quae
488 2332 732 2376 (grammatice)
755 2334 815 2366 vel
842 2333 917 2365 sola
943 2333 1021 2375 plus
1045 2331 1172 2364 habeat
1197 2331 1317 2373 operis
1342 2341 1446 2374 quam
1469 2329 1716 2366 ostentationis

229 2383 249 2413 1
266 2405 276 2422 ,
299 2379 342 2420 4,
366 2382 399 2414 5.
425 2379 541 2423 primo
569 2380 716 2413 solum
748 2378 817 2411 iter
840 2378 984 2411 credant
1009 2388 1088 2411 esse
1111 2394 1156 2400 —
1181 2386 1270 2410 mox
1295 2376 1383 2410 illud
1412 2376 1594 2423 cognituri.
1610 2375 1716 2411 etiam

230 2425 456 2469 optimum
489 2426 529 2467 8,
557 2427 613 2459 Pr.
638 2426 673 2459 4.
698 2423 728 2458 si
757 2423 860 2458 nobis
885 2425 959 2457 sola
983 2423 1128 2457 materia
1151 2422 1261 2456 fuerit
1285 2433 1333 2456 ex
1356 2421 1475 2456 litibus
1501 2424 1564 2465 10,
1589 2422 1631 2464 5,
1657 2423 1715 2457 16.

229 2472 306 2505 sola
330 2471 455 2505 melius
479 2470 619 2505 dicendi
650 2470 780 2514 petitur
805 2469 948 2504 occasio
972 2470 1018 2512 9,
1041 2471 1086 2511 2,
1110 2469 1165 2503 96.
1203 2468 1414 2510 verborum,
1447 2468 1573 2513 quibus
1597 2468 1715 2502 solum

228 2522 353 2550 natura
382 2517 426 2550 sit
453 2518 611 2551 officium
639 2517 841 2550 attributum
866 2516 1002 2550 servire
1029 2514 1190 2549 sensibus
1215 2517 1270 2557 12,
1298 2517 1353 2557 10,
1378 2514 1435 2548 40.
1462 2514 1507 2555 cs.
1531 2514 1566 2556 6,
1588 2515 1626 2558 2,
1655 2516 1711 2547 11.

230 2563 306 2594 sola
335 2565 494 2597 colorem
515 2564 623 2597 habet
649 2562 867 2607 poenitentia
894 2565 958 2605 11,
982 2563 1024 2603 1,
1047 2563 1104 2595 81.
1132 2562 1193 2594 vel
1221 2560 1344 2594 solis
1367 2565 1470 2594 extra
1495 2564 1604 2592 artem
1626 2569 1712 2602 pro-

229 2607 453 2650 bationibus,
478 2605 540 2643 vel
562 2608 730 2642 mixtis
755 2610 798 2648 6,
822 2607 863 2651 4,
887 2607 922 2641 4.
962 2608 1006 2642 de
1028 2618 1068 2641 re
1092 2607 1178 2642 sola.
1195 2605 1355 2650 quaestio
1378 2609 1421 2647 7,
1446 2605 1487 2647 4,
1511 2605 1545 2638 5.
1577 2602 1623 2644 cs.
1651 2605 1710 2640 39.

232 2651 262 2684 si
286 2654 362 2686 sola
387 2660 579 2696 poneretur
603 2653 796 2698 (sementia)
822 2656 865 2696 9,
891 2656 932 2695 3,
956 2654 1014 2688 62.
1039 2659 1111 2688 tres
1134 2652 1186 2686 illi
1210 2651 1384 2695 (status),
1412 2650 1472 2694 qui
1494 2654 1618 2683 natura
1641 2650 1728 2684 soli.

230 2703 312 2731 sunt
332 2699 366 2739 3,
388 2699 423 2740 6,
447 2701 523 2734 103.
548 2699 592 2741 cs.
611 2701 668 2736 29.
694 2700 739 2734 sit
762 2701 951 2744 aliquando
976 2698 1187 2742 (soloecism.)
1211 2697 1250 2731 in
1271 2706 1358 2731 uno
1379 2697 1505 2738 verbu,
1532 2706 1711 2739 nunquam

230 2742 271 2776 in
298 2743 405 2776 solo
433 2746 475 2786 1,
502 2745 546 2787 5,
573 2747 630 2779 38.
665 2747 791 2789 quaed.
823 2745 936 2781 virtus
965 2746 1058 2779 haec
1092 2745 1168 2778 sola
1199 2741 1422 2777 commendat
1443 2742 1488 2783 9,
1510 2739 1553 2783 4,
1581 2743 1636 2775 13.
1675 2754 1709 2777 v.

230 2788 524 2833 Praecipuus.
547 2793 711 2827 vocalem
734 2802 816 2826 cum
841 2797 897 2826 est
923 2792 1026 2826 sola
1053 2803 1130 2834 opp.
1162 2799 1245 2824 cum
1276 2797 1353 2822 eam
1381 2792 1617 2822 consonantes
1638 2797 1711 2822 una
