1728 3002
477 140 636 227 Consul
662 179 718 188 --
747 152 1008 197 Consnmmo
1426 127 1508 198 ¹69

31 270 235 315 mumdum
258 271 301 315 2,
321 272 364 315 7,
388 271 420 306 1.
455 265 587 304 salsum
610 266 663 313 iu
686 279 808 304 cons.
833 277 900 313 pro
926 266 1079 304 ridiculo
1101 266 1315 313 accipimus,
1346 273 1509 303 natura

33 321 111 354 nou
127 317 252 362 utique
273 317 346 351 hoc
369 314 480 359 e'st'6,
502 317 538 359 3,
560 317 618 351 18.
644 327 678 351 v.
701 315 882 349 natura.
910 325 1060 359 quorum
1082 313 1289 359 (verborum)
1313 314 1510 350 certissima

34 363 81 399 sit
101 364 225 411 regula
243 361 294 397 ἰιι
317 372 416 396 cons.
442 363 498 405 10,
520 364 556 405 2,
583 363 639 396 13.
669 360 757 396 illud
782 360 826 395 in
854 370 955 396 cons.
978 360 1147 395 remansit
1169 362 1212 405 9,
1239 362 1282 405 3,
1307 359 1362 396 14.
1418 360 1454 406 s)
1477 373 1509 395 c.

35 410 203 455 Adiecit..-
241 418 341 443 cons.
372 406 511 442 assidua
536 411 579 451 1,
606 410 650 451 1,
673 409 729 443 13.
763 426 810 432 -
831 406 1026 441 communis
1051 410 1118 450 11,
1146 409 1163 440 1
1179 433 1190 450 ,
1215 409 1272 440 12.
1307 409 1363 450 12,
1385 409 1427 451 2,
1451 408 1508 443 19.

35 459 90 484 -—'
106 457 214 502 longa
235 457 271 499 2,
294 454 329 496 5,
352 457 386 488 2.
418 471 464 480 -
486 458 589 488 vetus
616 456 650 496 1,
674 453 710 496 6,
736 452 793 487 43.
830 469 876 477 -
898 451 1055 500 vulgaris
1078 455 1114 495 2,
1138 454 1193 495 13,
1218 454 1274 486 11.
1330 451 1367 492 ζ)
1392 466 1419 486 e.
1443 454 1512 488 Ge-

36 503 94 535 m‘e.
108 516 118 535 .·
146 511 245 535 cons.
273 498 469 534 civitatium
490 501 526 543 2,
547 498 583 542 4,
607 501 665 534 33.
693 516 737 525 ·-
761 497 824 533 otii
841 502 873 539 1,
898 499 933 541 3,
953 501 1008 532 11.
1037 518 1084 525 —
1107 499 1309 534 scholarum
1331 501 1367 540 7,
1392 501 1428 541 2,
1452 497 1511 534 54.

37 564 83 571 -
103 546 246 591 pbiloso
270 544 399 580 horum
422 548 463 588 7,
486 547 530 589 3,
553 545 608 580 16.
644 563 692 571 —-
716 543 890 579 sermonis
914 547 954 587 1,
976 545 1020 587 6,
1044 543 1111 588 45,
1146 562 1193 569 -
1215 544 1382 579 classium
1405 545 1513 579 certis

38 590 164 626 diebus
187 602 232 626 au
258 590 440 626 ‘endarum
467 593 532 633 10,
554 592 598 635 5,
624 593 682 625 21.
714 608 758 616 -
781 589 933 635 pessime
956 589 1095 625 dicendi
1122 593 1163 633 2,
1188 589 1224 633 4,
1249 590 1305 624 16.
1341 608 1388 617 -
1410 591 1514 625 aliter

39 637 192 678 docendi
213 640 249 681 2,
272 638 307 681 5,
332 640 366 671 2.
415 654 460 661 —
486 637 655 681 1oquendi
683 640 714 678 1,
740 637 776 678 6,
803 637 860 670 43.
890 638 947 678 11,
971 639 1004 679 1,
1029 639 1085 671 12.
1114 638 1170 678 12,
1194 638 1228 678 2,
1252 637 1309 671 19.
1355 656 1403 663 -
1428 647 1514 681 pec-

37 681 144 718 candi
164 685 212 727 7,
233 684 276 727 2,
298 681 357 718 44.
401 699 447 707 —-
469 682 641 727 sequendi
672 682 827 717 alienum
850 685 895 725 2,
921 682 966 725 6,
991 683 1026 717 6.
1068 698 1113 708 -
1135 681 1284 717 vivendi
1313 685 1330 716 1
1346 708 1358 726 ,
1384 683 1428 726 6,
1453 681 1511 717 45.

37 727 91 769 11)
113 730 158 764 de
179 731 371 763 concubitu:
398 728 511 772 turpis
534 728 698 763 dominae
722 728 942 763 consuetudo
967 739 1066 764 cum
1087 738 1210 773 servo,
1233 728 1347 774 turpis,
1369 726 1516 763 domino

39 783 136 808 cun
157 774 286 809 ancilla
311 777 346 818 5,
370 776 425 817 11,
451 773 508 809 34.

0 815 170 860 ΟθΜΙΙῙ·
210 831 259 866 sit
281 831 377 866 enim
401 839 527 865 cons.
552 842 573 865 a
595 831 906 874 consulendo,
931 830 992 865 vel
1018 828 1315 874 uindicando
1339 832 1373 874 1,
1396 831 1433 874 6,
1456 831 1515 864 32.

41 876 326 912 clarissimos
350 882 386 911 et
413 876 647 914 Consules
679 877 854 924 geminata
880 877 955 910 ead.
992 875 1065 920 (sic
1088 879 1130 910 Ζ.
1157 888 1198 909 ex
1219 878 1334 910 Amb.
1359 880 1393 910 1.
1419 879 1519 909 resti-

39 923 125 964 ·tu1‘15
162 923 232 967 Sp.
262 923 528 957 columnam
555 928 590 957 et
615 922 750 957 Cous.
779 928 920 957 exemta
947 922 1019 965 N.)
1052 921 1155 955 litera
1177 921 1328 969 legimus
1354 925 1388 965 1,
1411 925 1447 965 7,
1470 922 1517 958 29

41 967 88 1002 Ν.
114 974 145 1002 et
173 970 208 1002 S.
251 969 345 1012 apud
368 970 534 1002 consules
557 969 666 1002 debes
687 975 810 1013 petere
835 967 1146 1006 fideicommissum
1169 970 1211 1010 3,
1234 970 1275 1011 6,
1302 970 1361 1002 70.
1394 967 1520 1001 Fabri-

42 1012 120 1046 cius
144 1013 255 1048 Coi-n.
275 1014 438 1048 Rufinum
466 1030 511 1037 —
543 1014 660 1058 palam
687 1016 867 1049 consulem
894 1013 1061 1067 suffragio
1084 1023 1150 1047 suo
1174 1013 1261 1047 fecit
1289 1016 1356 1057 12,
1386 1016 1427 1058 1,
1455 1013 1516 1048 43.

41 1069 124 1092 cum
146 1061 269 1093 sellam
293 1059 369 1105 ejus
396 1060 554 1094 clffltlem
577 1061 700 1094 consul
722 1060 898 1094 Isauricus
920 1061 1086 1107 fregisset
1110 1059 1146 1103 6,
1173 1061 1209 1102 3,
1234 1059 1294 1094 25.

0 1099 259 1149 Consularis.
304 1114 484 1151 consulari
512 1116 703 1160 adoptione
727 1118 763 1160 6,
788 1117 845 1151 Pr.
871 1118 915 1152 13
940 1113 987 1150 N.

0 1156 270 1203 consulimu-
311 1189 357 1198 -
380 1179 478 1206 actus
499 1170 719 1207 nobilissime
743 1176 805 1215 12,
834 1176 878 1216 1,
909 1173 966 1207 16.
1013 1182 1105 1217 quae
1129 1177 1250 1218 egerat
1274 1171 1312 1206 in
1335 1173 1520 1207 consulatu

44 1218 101 1259 11,
129 1219 162 1263 1,
186 1219 242 1253 18.
278 1217 391 1262 pridie
414 1219 492 1253 Kal.
515 1220 594 1253 Jan.
617 1219 759 1266 ingredi
778 1220 1000 1254 consulatum
1021 1220 1063 1262 6,
1089 1222 1129 1262 1,
1154 1221 1212 1255 35.
1247 1218 1433 1253 scientiam
1454 1230 1523 1263 pe-

43 1261 141 1296 tendi
163 1265 366 1298 consulatus
393 1267 449 1306 11,
479 1267 512 1307 1,
535 1265 594 1300 69.
1208 1302 1212 1304 ,

2 1301 218 1350 cffllfflssssw
251 1321 283 1358 Ι)
305 1323 530 1355 consilium
553 1323 625 1355 do.-
650 1321 696 1355 sit
719 1323 843 1355 consul
866 1332 887 1355 a
909 1320 1209 1356 consulendo
1231 1321 1294 1354 vel
1314 1319 1520 1364 judican-

0 1380 7 1384 ν
46 1365 122 1408 do;
154 1375 239 1399 nm
259 1372 297 1400 et
316 1367 388 1400 hoc
410 1368 598 1401 consulere
619 1374 764 1402 veteres
787 1369 1055 1412 appellaverunt
1080 1369 1098 1400 1
1112 1392 1123 1408 ,
1145 1367 1187 1408 6,
1209 1368 1267 1401 32.
1297 1366 1408 1400 boni
1435 1377 1524 1401 con-

28 1411 139 1443 'sulas
160 1413 204 1444 fb.
231 1411 278 1453 ‘J-
302 1413 345 1455 6,
372 1413 428 1446 Pr.
454 1414 521 1456 16;
561 1412 734 1448 inutiliter
764 1414 831 1447 sibi
863 1413 1007 1448 videtur
1039 1412 1262 1446 consuluisse
1291 1415 1359 1455 11,
1391 1415 1432 1455 1,
1466 1416 1522 1447 12.

45 1456 307 1491 consuluissent
331 1457 446 1492 labori
472 1469 555 1493 meo
577 1461 625 1503 3,
655 1462 694 1503 1,
724 1462 783 1493 21.
822 1460 919 1503 quod
948 1459 1107 1493 moribus
1132 1459 1244 1505 magis
1277 1460 1463 1492 consulant
1489 1462 1524 1503 1,

45 1503 83 1543 2,
106 1503 141 1535 2.
208 1503 261 1544 11)
287 1507 523 1538 consilium
545 1512 656 1547 peto.-
683 1505 781 1548 ipsos
804 1505 1030 1539 adversarios
1059 1504 1277 1538 consulimus
1304 1503 1398 1548 (Sp.
1425 1506 1523 1538 duci-

47 1547 107 1580 lma
137 1549 241 1582 codd.
266 1549 407 1593 conju-..-
436 1561 517 1584 cum
538 1549 624 1594 ipsis
647 1550 752 1592 adv.)
774 1552 810 1594 9,
833 1554 875 1594 2,
899 1553 945 1585 20
972 1554 1015 1585 Ν.
1040 1563 1088 1584 cr.
1124 1551 1316 1584 consulens
1338 1561 1440 1594 eum,
1468 1562 1523 1584 an

46 1593 214 1646 suaderet
233 1594 270 1638 6,
294 1596 331 1638 3,
352 1595 408 1630 92.
443 1597 624 1630 consultus
644 1602 789 1640 praetor
813 1599 869 1639 11,
892 1598 928 1640 3,
953 1598 1031 1632 157.
1065 1596 1098 1630 si
1119 1596 1219 1641 prius
1242 1597 1527 1631 consuluerimus

46 1647 204 1672 aunuum
225 1645 386 1675 nostrum
407 1638 451 1684 4,
474 1644 516 1684 2,
540 1643 596 1676 52.
630 1653 733 1676 aurea
757 1643 948 1676 consulens
973 1653 1072 1676 meas
1097 1643 1142 1685 9,
1166 1640 1210 1684 4,
1235 1643 1293 1678 93.
1331 1653 1413 1677 snas
1436 1653 1526 1677 con-

47 1685 141 1718 sulat
160 1683 259 1720 vires
286 1688 343 1729 10,
366 1689 402 1725 2,
429 1687 485 1722 18.
520 1699 552 1720 v.
575 1687 669 1722 Vis.
693 1689 738 1732 11,
762 1700 799 1732 s,-
824 1688 863 1721 id
889 1689 944 1723 de
968 1699 1040 1733 quo
1064 1687 1220 1723 consulit
1240 1690 1275 1732 3,
1303 1689 1339 1731 8,
1368 1690 1424 1723 10.

5 1735 285 1793 consultatio·
328 1764 407 1788 esse
436 1764 692 1799 nonnunquam
722 1757 767 1790 de
794 1755 1011 1800 jucunditate
1042 1757 1120 1790 sola
1150 1756 1302 1790 consult.
1327 1754 1471 1790 videtur
1492 1758 1529 1799 3,

49 1795 85 1838 8,
106 1797 165 1830 28.
184 1808 278 1849 ’cum
300 1811 357 1843 ap.
382 1799 422 1834 C.
445 1799 633 1835 Caesarem
654 1802 806 1836 consult.
831 1803 877 1837 de
898 1812 1016 1847 poena
1035 1801 1218 1837 Theodoti
1240 1801 1386 1846 ponitur
1406 1804 1450 1837 ib.
1468 1802 1528 1838 55.

50 1848 234 1884 proposita
259 1845 407 1879 consult.
432 1848 477 1879 ib.
504 1847 560 1882 59.

7 1882 293 1928 Consulta'tor-
327 1900 388 1944 qni
411 1902 644 1937 oonsultatori
665 1901 759 1948 (sp.
783 1902 995 1948 consultori)
1019 1903 1153 1939 dicenti
1169 1922 1213 1930 —
1227 1903 1344 1948 inquit
1359 1904 1396 1948 6,
1419 1906 1454 1948 3,
1471 1906 1530 1940 8⁷·

6 1939 230 1983 Consulto·
273 1957 391 1990 Λα...
418 1958 455 2000 8,
481 1957 517 2000 4,
542 1960 599 1994 19.
627 1962 684 2003 11,
707 1962 743 2002 3,
765 1959 824 1995 64.

7 1996 216 2039 Consulto
229 2028 242 2050 ‚
272 2014 359 2041 are·
408 2015 610 2048 consultant
643 2021 703 2049 aut
730 2015 851 2060 plures
885 2021 945 2050 aut
976 2015 1108 2062 singuli
1138 2016 1179 2058 3,
1208 2015 1253 2058 8,
1284 2017 1341 2050 37·
1385 2021 1533 2059 Propter

51 2054 165 2108 ipsam
190 2066 286 2102 rem,
328 2058 373 2091 de
396 2069 465 2102 qua
487 2059 685 2095 sententiae
707 2067 901 2106 rogantur,
935 2061 1193 2095 consultabitur
1215 2063 1258 2094 ib.
1284 2062 1340 2095 18.
1385 2062 1532 2094 cousul-

51 2105 202 2135 tantium
217 2102 366 2146 plurima
389 2110 470 2137 sunt
490 2115 621 2151 genera
642 2108 685 2139 sb.
711 2108 765 2140 15.
801 2117 883 2150 pars
903 2106 1136 2140 deliberativa
1159 2107 1204 2139 de
1226 2111 1387 2150 tempore
1408 2107 1532 2141 futuro

52 2148 286 2182 consultat
311 2148 408 2193 (Sp.
434 2149 580 2194 -tans),
609 2151 793 2196 quaerit
817 2151 924 2186 etiam
950 2152 996 2186 de
1017 2151 1208 2196 metes-ito
1234 2153 1280 2184 ib.
1303 2152 1338 2186 6.

9 2199 253 2245 Consultor.
298 2228 333 2251 υ.
360 2215 675 2253 Consultator.

10 2254 276 2302 consultum.
321 2279 465 2308 senatus
487 2276 650 2309 consulta
673 2275 708 2318 5,
729 2277 766 2316 2,
787 2274 821 2310 5.
850 2275 886 2318 9,
909 2276 946 2318 2,
968 2274 1028 2310 67.

11 2312 254 2357 consultus·
280 2329 657 2375 philosophorum
683 2333 1079 2376 consultorumque
1101 2329 1290 2375 opiniones
1313 2332 1370 2374 12,
1396 2333 1452 2375 11,
1476 2335 1532 2369 17.

58 2373 302 2424 consultorum
324 2378 504 2420 responsis
528 2381 584 2419 12,
608 2381 644 2420 3,
667 2382 700 2413 7.
739 2378 769 2412 si
794 2377 872 2422 quis
895 2378 939 2410 ab
962 2387 1008 2411 eo
1032 2378 1214 2411 oonsnltus
1230 2377 1414 2412 dissentiet
1438 2380 1485 2414 ib.
1496 2380 1534 2414 8.

57 2422 177 2461 scripti
204 2424 240 2452 et
261 2421 454 2456 voluntatis
474 2423 763 2468 frequentissima
783 2424 878 2458 inter
900 2423 1079 2457 consultos
1105 2423 1264 2467 quaestio
1290 2425 1325 2467 7,
1350 2424 1392 2478 6,
1411 2427 1446 2458 1.

14 2468 346 2516 consummant).
391 2505 436 2512 —
459 2491 577 2533 operis
601 2494 636 2534 2,
662 2493 718 2533 18,
741 2494 776 2526 2,
812 2510 860 2518 --
882 2489 1054 2524 orationis
1076 2491 1119 2534 6,
1145 2491 1183 2533 1,
1207 2490 1275 2534 553
1306 2492 1391 2535 fga
1416 2502 1533 2535 cons„

59 2539 165 2573 quam
189 2530 345 2566 Graecus
371 2530 566 2579 διαλλαγὴν
592 2536 656 2580 (sic
680 2539 766 2570 Edd.
778 2552 791 2581 ;
830 2537 934 2571 codd.
959 2533 1160 2580 διιμαρηυ,
1185 2533 1384 2580 &sapatum
1419 2539 1533 2582 conje-

61 2581 189 2608 cturam
217 2586 351 2631 recepta
385 2583 484 2613 mulio
517 2584 734 2623 probatiorem
771 2584 848 2616 mihi
879 2583 1103 2625 suppeditavit
1138 2585 1285 2616 Mune
1297 2584 1392 2616 cius
1426 2595 1462 2617 v.
1496 2586 1533 2618 d.

58 2615 287 2666 διεξαγωην,
314 2625 362 2657 aa
383 2627 551 2668 Polybium
573 2626 755 2672 rejiciens.)
780 2632 901 2670 vocat,
925 2638 1006 2661 cum
1026 2627 1130 2673 plura
1143 2633 1347 2675 argumenta
1362 2628 1406 2663 ad
1424 2639 1534 2663 unum

59 2664 223 2699 effectum
249 2669 472 2704 deducuntur
491 2672 528 2715 9,
551 2674 586 2716 2,
610 2676 677 2708 103
701 2675 748 2708 Ν.
772 2687 818 2707 cr.
849 2679 880 2706 et
907 2674 944 2707 S.

17 2705 285 2778 Cffllffllmmo·
334 2727 377 2771 σι)
402 2730 445 2762 de
468 2732 583 2764 rebus.-
619 2730 743 2765 forsan
775 2736 811 2764 et
834 2740 1076 2764 consummare
1107 2727 1287 2774 contingat
1315 2730 1377 2772 12,
1403 2731 1445 2774 1,
1475 2733 1530 2766 31.
