1742 2964
165 161 250 201 994
575 156 712 199 Index
741 155 977 201 Nominum
1008 158 1299 214 propriorum.

167 272 348 308 Cicero.
390 271 514 306 Oratio
539 282 606 316 pro
629 273 684 307 M.
719 271 842 308 Caelio
869 270 906 316 4,
965 270 1148 307 cicero.
1179 272 1304 308 Oratio
1332 284 1399 318 pro
1422 274 1574 328 Milone,
1601 279 1639 321 3,
1661 278 1699 322 6,

211 333 254 374 2,
278 331 337 364 27.
372 331 420 373 9,
446 332 491 372 2,
525 331 582 365 39.
617 331 674 365 98.
728 333 768 363 In
792 332 907 374 primis
1010 332 1067 363 12.
1091 330 1148 366 93.
1178 328 1215 374 4,
1238 333 1273 374 1,
1297 333 1354 366 20.
1380 334 1436 367 31.
1462 331 1498 377 4,
1521 336 1556 377 2,
1582 334 1639 370 25.
1663 335 1700 378 4,

212 389 373 422 laudatur
395 387 482 420 haec
502 389 608 422 oratio
637 390 702 431 11,
727 389 772 433 1,
798 388 857 422 68.
1009 387 1052 429 3,
1078 388 1134 422 17.
1157 385 1202 431 4,
1227 387 1267 431 5,
1293 389 1347 424 15.
1377 391 1418 433 7,
1441 393 1482 434 2,
1508 391 1567 425 43.
1598 393 1642 436 9,
1666 391 1702 436 4,

166 463 213 469 —
236 461 279 469 —-
309 443 348 477 in
372 443 539 478 Clodium
567 445 612 488 8,
644 445 686 487 3,
710 445 769 480 81.
789 445 845 488 -8,
870 445 906 488 6,
1009 445 1090 478 133.
1116 447 1174 488 11,
1199 440 1232 488 1,
1255 444 1313 480 40.
1359 449 1561 482 Laudamur
1585 461 1626 482 ex
1649 461 1704 492 ea,

211 501 269 543 56.
294 503 330 544 9,
355 503 391 545 2,
419 501 477 536 96.
610 492 612 494 Υ
1012 513 1098 546 quae
1115 504 1148 534 in
1171 505 1363 544 vulgaribus
1385 508 1626 552 exemplaribus
1643 507 1705 539 ‹le-

166 578 213 584 ·—
236 579 282 585 —
318 558 359 592 in
391 557 556 603 Clodium
590 563 626 592 et
657 556 855 593 Curionem
876 556 911 601 5,
1012 565 1102 600 sunt,
1125 560 1185 592 sed
1205 571 1228 592 a
1248 563 1457 603 Peyronio
1474 575 1493 596 e
1507 570 1618 597 vetere
1630 564 1703 596 cod.

212 618 270 660 10,
295 618 352 651 92.
381 614 425 656 cs.
453 617 486 656 3,
508 618 543 658 7,
568 617 602 648 2.
712 606 722 614 ¹
1012 620 1168 660 suppleta
1182 623 1256 650 sunt
1283 620 1366 661 Cap.
1392 621 1446 653 13.
1470 627 1544 664 posi
1558 621 1704 655 deferre

166 690 211 699 -
240 690 284 699 —
309 682 376 717 pro
399 671 565 706 Cluentio
594 675 630 714 2,
656 673 714 716 17,
735 674 790 706 21.
814 670 850 721 4,
876 675 909 716 1,
1011 683 1136 716 posses
1163 675 1197 717 9,
1215 676 1251 717 2,
1268 673 1324 708 54.
1348 678 1563 721 magnopere
1587 679 1703 711 eadem

210 731 271 766 69.
303 729 345 774 4,
370 733 415 773 2,
440 731 497 767 85.
525 730 604 764 107.
639 730 679 772 5,
713 730 762 773 7,
785 730 842 764 37.
874 730 910 773 5,
1011 732 1171 764 laudatur
1205 731 1248 774 6,
1279 731 1323 775 5,
1347 734 1405 766 10.
1443 733 1490 775 cs.
1514 736 1554 778 9,
1578 737 1622 778 2,
1646 733 1707 769 41.

213 790 276 831 11,
303 789 360 822 13.
398 787 440 830 5,
475 789 537 830 13,
565 786 623 822 41.
660 789 727 830 11,
756 789 800 831 3,
831 789 911 822 162.
1013 789 1069 829 11,
1097 789 1132 831 3,
1154 786 1217 826 47.
1262 789 1504 824 Pulcherrima
1526 790 1562 835 4,
1589 794 1624 834 2,
1648 793 1708 827 25.

213 847 392 879 Laudatur
431 857 631 888 magnopere
672 845 755 877 haec
803 847 909 878 oraiio
1013 843 1240 878 Nobilissima
1276 848 1342 889 11,
1381 849 1428 891 3,
1463 846 1525 885 47,
1572 846 1707 883 Contra

211 903 249 947 6,
274 902 310 946 5,
332 903 367 938 9.
393 901 440 943 cf.
466 905 523 945 11,
552 904 585 945 1,
610 902 653 936 61
678 915 766 947 seqq.
792 900 850 936 74.
878 905 912 935 in
1014 912 1093 935 eam
1120 901 1260 947 scripsit
1284 902 1424 939 Cestius
1448 907 1519 947 10,
1538 904 1578 948 5,
1601 907 1662 941 20.

212 961 330 994 eadem
363 961 492 1005 aliquid
524 961 774 1004 reprehenditur
800 957 848 1004 4,
877 959 911 1003 5,
967 979 1014 984 -
1041 976 1080 984 ·-
1109 969 1175 1003 pro
1199 960 1352 995 Murena
1375 964 1417 1004 2,
1443 960 1569 1006 4„24.
1597 961 1641 1006 4,
1669 965 1706 1007 2,

210 1019 267 1052 11,
1013 1016 1070 1049 26.
1095 1017 1129 1058 9,
1155 1017 1190 1059 3,
1214 1019 1270 1052 33.
1293 1019 1350 1055 82.
1388 1021 1567 1053 Laudatur
1588 1021 1622 1053 in
1633 1022 1707 1064 pn·-

168 1092 216 1099 —
237 1094 285 1100 —
307 1084 375 1118 pro
403 1073 444 1109 C.
471 1073 642 1108 Cornelio
669 1072 712 1118 4,
741 1075 780 1116 3,
808 1075 851 1107 13
873 1075 909 1108 S.
1012 1075 1072 1105 mis
1098 1076 1152 1116 11,
1179 1075 1212 1115 1,
1237 1076 1281 1109 69
1305 1089 1393 1121 seqq.
1419 1075 1463 1118 cs.
1488 1075 1523 1120 4,
1549 1075 1666 1120 5,12.

213 1130 250 1174 4,
275 1129 312 1174 4,
335 1132 371 1167 8.
396 1131 429 1172 5,
455 1133 512 1174 11,
539 1132 596 1166 25.
626 1131 660 1174 5,
685 1133 743 1175 13,
767 1132 824 1166 18.
850 1133 908 1165 26.
967 1147 1010 1153 -
1033 1150 1080 1156 -
1111 1130 1150 1163 in
1183 1131 1421 1180 Oppianicum
1448 1144 1516 1179 pro
1541 1133 1722 1173 Cluentio,—

211 1190 248 1232 7,
277 1191 313 1231 3,
342 1188 386 1223 35
401 1202 467 1234 seq.
493 1191 528 1231 9,
553 1192 588 1232 2,
618 1190 675 1223 55.
723 1191 911 1232 Praecipue
1012 1188 1048 1231 9,
1073 1188 1106 1231 3,
1130 1188 1190 1223 38.
1215 1201 1247 1223 v.
1274 1200 1341 1235 pro
1365 1189 1544 1226 Cluentio.

212 1248 372 1279 laudatur
396 1248 430 1288 6,
455 1248 489 1289 5,
518 1248 574 1280 10.
612 1245 657 1287 cs.
686 1246 722 1289 8,
747 1248 782 1288 3,
803 1247 839 1281 3.
965 1262 1008 1270 -
1032 1265 1076 1272 -
1101 1257 1168 1291 pro
1195 1246 1313 1290 Oppio
1341 1247 1386 1291 5,
1418 1250 1486 1291 10,
1516 1248 1621 1285 69Ν.
1647 1233 1708 1286 76.

166 1320 211 1327 --
237 1302 348 1335 -in
375 1301 515 1336 Cottam
547 1314 614 1346 pro
644 1302 761 1346 Oppio
783 1304 826 1345 5,
853 1305 909 1343 13,
1011 1304 1057 1345 5,
1086 1306 1151 1346 13,
1181 1306 1235 1338 17.
1259 1305 1306 1337 20
1327 1317 1378 1349 sq.
1415 1307 1472 1340 30.
1508 1306 1552 1350 9,
1581 1309 1626 1351 2,
1651 1308 1708 1343 51.

212 1361 271 1393 20.
295 1360 351 1392 30.
377 1361 441 1399 11,
470 1361 511 1401 1,
536 1361 594 1393 97.
621 1371 654 1392 v.
680 1369 746 1402 pro
776 1359 907 1402 Oppio.
1013 1360 1071 1401 11,
1098 1362 1132 1402 1,
1155 1359 1214 1395 67.
1258 1355 1400 1402 Egregie
1425 1363 1584 1396 laudatur
1611 1333 1646 1407 6,
1673 1365 1708 1406 5,

165 1433 214 1441 -
242 1434 288 1441 —
315 1415 356 1449 in
390 1414 646 1460 curionem23,
668 1417 705 1459 7,
731 1418 766 1449 2.
791 1415 825 1459 5,
851 1418 909 1460 10,
1013 1417 1068 1448 10.

209 1475 267 1508 92·
967 1489 1013 1497 -
1037 1489 1083 1495 —
1109 1471 1147 1505 in
1170 1472 1365 1507 Pletorium
1390 1474 1533 1510 Fonteii
1557 1487 1708 1518 accusa-

165 1550 212 1557 —
238 1546 277 1556 —
307 1528 574 1574 probDeiotaro
595 1527 641 1572 4,
669 1530 687 1562 1
703 1551 714 1570 ,
738 1529 796 1562 31.
1011 1533 1128 1563 torem
1150 1529 1186 1572 6,
1214 1531 1249 1573 3,
1274 1531 1331 1564 51.
1631 1520 1633 1522 ,

92 1604 97 1610 -
165 1608 212 1615 —
234 1607 281 1614 -
306 1598 373 1632 pro
393 1588 515 1621 Domo
538 1586 615 1630 ejus
644 1584 738 1619 dixit
752 1584 910 1620 Calidius
965 1602 1009 1610 —
1034 1605 1081 1611 —
1104 1587 1150 1620 de
1181 1579 1467 1632 Proscriptorun't'x
1495 1588 1627 1629 liberis
1649 1593 1707 1637 11,

211 1647 275 1688 10,
302 1647 346 1688 1,
372 1643 432 1678 24.
1012 1645 1053 1685 1,
1078 1643 1137 1678 85.
1633 1673 1636 1676 ,

165 1721 214 1731 -
235 1722 283 1728 -
305 1712 372 1747 pro
399 1702 530 1735 Flacco
556 1702 619 1743 11,
646 1702 682 1741 1,
711 1700 770 1736 89.
964 1716 1010 1725 -
1034 1718 1079 1726 -
1102 1701 1275 1736 adversus
1298 1699 1485 1748 Quintium
1514 1702 1634 1778 5,13,
1658 1706 1706 1743 39

165 1779 212 1786 -—
236 1779 282 1785 —
304 1768 372 1802 pro
397 1757 549 1793 Fonteio
584 1759 631 1801 6,
667 1758 716 1801 3,
752 1756 810 1793 51.
850 1758 908 1802 11,
1010 1770 1043 1791 υ.
1066 1768 1135 1803 pro
1158 1757 1338 1792 Cluentio.

211 1818 256 1860 1,
282 1816 340 1850 89.
964 1834 1011 1842 —-
1033 1835 1079 1841 —
1101 1825 1168 1859 pro
1191 1813 1336 1849 Rabirio
1354 1815 1616 1852 Pei-duellionis
1637 1829 1703 1854 reo

163 1890 211 1900 ..-
235 1889 279 1898 —
303 1883 369 1917 pro
393 1870 578 1906 Fundanio
603 1873 638 1914 1,
661 1869 697 1914 4,
722 1868 777 1905 14.
1009 1874 1043 1916 5,
1073 1873 1128 1916 13,
1152 1874 1209 1907 20.
1235 1875 1271 1915 7,
1298 1874 1331 1915 1,
1355 1872 1412 1908 15.

166 1950 212 1957 —
233 1951 280 1957 —
310 1940 378 1974 pro
413 1928 566 1963 Gabinio
601 1933 637 1962 et
665 1927 834 1971 Vatinio,
866 1927 906 1962 in
963 1946 1006 1953 —
1030 1946 1076 1953 —-
1101 1948 1142 1954 —
1167 1945 1212 1954 --
1234 1929 1404 1963 Postumo
1434 1931 1476 1974 3,
1503 1930 1548 1974 6,
1573 1933 1630 1967 11.
1664 1931 1701 1977 4,

212 1997 303 2032 quos
314 1993 418 2021 antea
435 1986 617 2020 orationes
632 1985 740 2020 etiam
753 1986 904 2030 scripse·
1009 1988 1042 2029 1,
1064 1984 1122 2021 46.
1147 1987 1203 2022 69.
1232 1985 1267 2027 4,
1290 1989 1326 2029 2,
1351 1989 1406 2021 10.
1429 1988 1469 2030 9,
1488 1990 1524 2031 2,
1550 1991 1608 2024 17.

207 2050 263 2079 rat
292 2045 498 2088 11,1,73.
962 2062 1004 2068 —
1036 2063 1082 2068 —
1116 2043 1161 2077 de
1192 2043 1386 2088 Responsis
1416 2044 1633 2090 Axuspioum
1661 2047 1696 2092 5,

162 2121 208 2127 --
232 2120 276 2128 -
299 2112 366 2145 pro
395 2102 440 2146 Q.
470 2099 586 2133 Gallio
611 2101 646 2142 8,
673 2100 706 2142 3,
730 2099 790 2137 66.
1009 2102 1074 2144 11,
1099 2098 1158 2134 42.

161 2176 207 2184 —-
230 2176 274 2184 —
296 2169 363 2202 pro
387 2157 530 2203 Ligario
555 2156 603 2199 4,
631 2160 669 2199 1,
695 2157 741 2191 38
766 2169 832 2202 seq.
866 2155 902 2200 4,
960 2173 1003 2182 —
1030 2176 1075 2182 —-
1098 2162 1164 2201 pro
1186 2156 1224 2191 S.
1250 2155 1382 2193 Roscio
1399 2139 1573 2195 Amerino
1600 2159 1638 2206 4,
1660 2163 1699 2206 2,

204 2214 901 2259 2,108.131.,,.,,.5132Ο925Ο
1005 2214 1272 2257 19.,,.7223

204 2275 250 2316 9,
290 2271 336 2315 4,
375 2274 452 2306 133.
509 2273 661 2304 Eximiae
696 2278 770 2304 sunt
802 2271 901 2315 huJus
957 2290 1001 2297 —
1027 2292 1074 2298 —-
1096 2277 1219 2306 contra
1242 2273 1388 2306 Rullum.
1415 2274 1460 2317 2,
1490 2274 1556 2319 16,
1583 2277 1620 2310 7.
1657 2274 1710 2320 5,’

203 2332 361 2363 orationis
385 2330 501 2362 laudes
528 2329 572 2371 6,
607 2329 652 2370 5,
686 2328 742 2362 10.
777 2327 900 2363 divina
1002 2331 1059 2372 13,
1083 2330 1141 2363 38.
1165 2330 1200 2372 8,
1223 2327 1257 2371 4,
1280 2330 1336 2364 28.
1601 2373 1610 2377 ⁶

200 2386 262 2420 illa
283 2397 351 2431 pro
377 2385 521 2432 Ligario
548 2385 664 2419 ironia
697 2383 741 2428 4,
774 2388 816 2429 1,
841 2388 900 2422 70.
953 2403 998 2411 —
1021 2406 1067 2412 —-
1091 2396 1157 2429 pro
1187 2386 1406 2428 Scamandro
1429 2388 1487 2431 11,
1511 2389 1548 2432 1,-
1569 2386 1630 2424 74.

198 2444 286 2477 Pars
313 2443 390 2486 ejus
425 2441 740 2478 vehementissima
768 2444 812 2476 ib.
837 2443 895 2477 67.
952 2459 998 2468 —
1021 2463 1068 2469 —
1089 2453 1156 2487 pro
1180 2443 1235 2477 M.
1261 2444 1418 2490 Scauro,
1452 2445 1583 2488 Patre,
1613 2456 1690 2480 am-

199 2498 404 2534 Tuberonis
429 2502 598 2533 contraria
621 2499 736 2533 oratio
764 2501 832 2543 10,
860 2502 893 2544 1,
994 2499 1089 2534 bitus
1116 2505 1151 2534 et
1172 2502 1448 2544 repetundarum
1477 2512 1542 2536 reo
1575 2499 1617 2546 4,
1654 2505 1689 2546 1,

198 2558 257 2590 23.
994 2558 1051 2594 69.
1082 2556 1127 2600 6,
1162 2560 1206 2600 1,
1245 2561 1303 2592 22.
1341 2561 1404 2602 11,
1430 2562 1468 2602 1,
1499 2559 1557 2595 89.
1588 2557 1686 2596 circa

151 2632 198 2639 —-
219 2632 267 2639 -—
289 2624 355 2657 pro
378 2614 476 2660 Lege
498 2611 647 2646 Manilia
668 2614 704 2655 2,
727 2610 763 2655 4,
789 2611 849 2648 40.
992 2618 1144 2648 mortem
1167 2614 1327 2650 Bostaris
1351 2619 1391 2659 7,
1414 2618 1460 2659 2,
1486 2618 1545 2650 10.

150 2689 196 2697 —
218 2689 265 2696 —
287 2676 413 2705 contra
445 2669 653 2705 contionem
684 2669 825 2704 Metelli
855 2672 890 2715 9,
945 2689 991 2697 -
1017 2690 1063 2697 -
1086 2681 1152 2715 pro
1173 2672 1296 2708 Tullio
1315 2671 1360 2718 4,
1385 2675 1428 2715 2,
1455 2673 1534 2712 131.
1557 2671 1600 2716 5,
1623 2673 1682 2718 13,

193 2729 238 2773 3,
260 2726 321 2764 49.
345 2727 403 2764 50.
990 2730 1049 2763 21.
