1728 3002
512 129 679 174 Secube
709 152 764 162 ——
794 127 1009 171 Securitas
1446 123 1530 162 811*

22 253 97 283 est
126 246 171 288 ὶδ.
199 246 257 283 79.
299 253 388 292 quas
406 243 601 290 (figuras)
627 243 704 278 sine
739 239 931 277 substantia
965 239 1094 276 sectari
1119 238 1230 284 9,‘3,
1254 239 1334 273 100.
1377 245 1452 271 non
1481 242 1529 270 ut

43 293 162 328 omnia
184 293 340 328 dicerem
363 298 516 327 sectatus
544 293 581 335 1,
603 293 659 333 10,
685 292 716 323 1.
823 291 847 315 -'›
1449 299 1453 305 „

0 349 183 392 secabo·
232 372 340 406 saepe
366 358 548 399 secubanti
572 357 780 393 amatorium
803 355 900 391 dedit
925 354 984 401 (ec.
1009 356 1182 398 mulier)
1205 357 1241 398 7,
1252 340 1357 397 ἱ8,.2.

0 416 201 460 semllssm
228 430 287 473 (Z.
308 427 504 469 saeculum)
541 425 571 469 1)
595 428 637 459 de
660 429 731 470 ipso
755 432 918 468 1empore:
944 428 984 457 ut
1006 421 1123 458 videri
1146 421 1259 466 possit
1285 421 1408 473 seculo
1435 417 1534 472 prior

49 477 106 516 10,
123 477 158 519 1,
179 477 244 510 113
258 475 305 510 Ν.
328 475 432 509 etiam
452 472 650 519 praeteritis
673 482 746 506 sec.
767 470 906 506 vixisse
921 473 979 512 12,
998 468 1035 513 4,
1052 472 1094 503 2.»
1122 469 1219 515 Quot
1238 469 1369 520 secuhs
1388 465 1532 500 Aristo-

49 522 139 555 tetes
161 520 285 556 didicit
308 524 364 563 12,
389 524 446 563 11,
469 523 526 554 22.
554 517 776 565 ingeniorum
796 521 1047 559 monumenta,
1071 526 1162 559 quae
1185 516 1315 550 seculis
1337 512 1539 564 probarem*

50 572 109 600 tm·
130 568 167 610 3,
190 571 225 610 7,
248 569 305 603 18.
329 566 388 602 vir
410 567 612 601 seculorum
635 563 806 598 memoria
831 563 959 616 dignus
983 564 1046 605 10,
1074 565 1108 604 1,
1135 559 1214 596 104.
1256 561 1310 613 u.)
1336 561 1379 592 ‹Ie
1397 559 1536 619 hominu·-

51 615 132 647 bus.-
165 623 214 647 ex
241 623 308 656 eo,
331 613 428 657 qnod
451 613 672 652 continetur,
698 621 782 644 usus
807 609 935 653 recipit
957 609 1175 643 seculum
1205 607 1335 640 fehx
1357 607 1392 648 8,
1416 605 1451 646 6,
1466 603 1533 656 ,²4·

5 676 9 681 1
51 657 170 693 dicent
194 660 284 694 haec
300 658 446 704 vplenius
476 659 594 692 futura
617 667 688 691 sec.
717 658 782 698 10,
808 658 826 688 1
841 680 851 698 ,
872 658 933 691 92.
957 660 1128 699 perpetua
1151 654 1353 688 seculorum
1384 651 1536 705 admira-

53 703 152 741 tione
171 706 396 741 celebrantur
416 701 473 748 11,
495 707 527 747 1,
546 705 601 738 13.
625 701 724 736 rudis
747 703 914 746 squalore
933 700 1045 736 seculi
1061 703 1096 744 2,
1116 700 1151 743 5,
1174 701 1230 734 23.
1255 698 1302 741 cf.
1323 701 1380 740 12,
1399 699 1457 737 11,
1479 698 1536 730 23-

8 759 262 802 secundum·
319 768 349 807 s.
368 771 543 816 plurimos
568 777 732 806 auctores
758 773 793 813 3,
817 770 853 815 6,
878 770 933 805 66.
961 781 990 804 s.
1011 769 1051 804 id
1076 767 1280 813 pronuntiet
1302 767 1338 810 4,
1362 769 1397 809 2,
1424 765 1495 817 66..
1511 774 1541 797 ³·

57 817 304 856 condicionem
326 817 591 863 propositorum
614 814 658 861 6,
681 820 723 860 2,
747 820 803 852 17.
826 816 871 859 qs.
898 818 953 857 10,
978 819 1010 857 1,
1035 818 1093 851 71.
1119 827 1148 849 s.
1174 823 1396 849 communem
1421 816 1540 856 potius

54 864 226 908 loquendi
248 864 566 907 consuetudinem,
598 875 702 908 quam
730 862 843 908 ipsam
870 861 1032 897 veritatis
1062 862 1222 907 regulam
1246 864 1285 895 11
1300 887 1311 904 ,
1337 863 1379 902 1,
1405 860 1464 911 12.
1494 856 1540 909 fs·

56 911 113 952 12,
137 912 173 952 2,
202 910 257 945 19.
290 921 319 944 s.
346 912 515 954 cujusque
539 909 594 943 rei
625 909 830 956 dignitatem
852 912 887 950 7,
910 907 946 951 4,
971 910 1004 943 5.
1038 907 1082 948 ej:
1108 910 1166 950 21,
1192 910 1224 947 1,
1247 908 1282 942 8.
1314 917 1342 940 s.
1370 905 1474 938 aliam
1497 904 1542 936 ll-

57 954 132 988 lius·
152 954 274 989 aetatis
300 955 505 989 facilitatem
530 957 562 997 1,
592 957 647 997 12,
674 958 730 995 11.
757 966 785 988 s.
812 955 941 999 quend.
965 954 1183 988 intellectum
1207 953 1252 996 6,
1276 956 1319 994 2,
1346 953 1404 985 10.
1436 948 1481 990 cs.
1508 950 1543 1000 3,

58 1002 94 1043 8,
118 1003 152 1034 2.
182 1012 212 1034 s.
234 1002 351 1048 legem
377 1003 410 1043 5,
436 1003 490 1043 13,
515 1003 549 1034 7.
581 998 627 1041 cs.
653 1002 708 1042 12,
733 1003 768 1043 7,
791 1001 825 1038 9,
859 1011 887 1033 s.
911 1003 1030 1033 mores
1052 999 1227 1032 utentium
1250 1001 1286 1041 2,
1314 1000 1369 1039 12,
1395 998 1428 1029 1.
1452 995 1544 1028 faci-

55 1046 128 1080 lius
154 1057 234 1081 esse
257 1058 346 1082 sec.
371 1051 548 1089 naturam,
577 1056 683 1090 quam
705 1051 873 1079 contra
897 1057 976 1079 eam
994 1044 1125 1079 vivere
1153 1047 1210 1088 12,
1234 1047 1291 1087 11,
1318 1045 1372 1078 13.
1406 1054 1440 1076 v.
1462 1041 1546 1074 Na-

58 1098 175 1126 tura.
199 1104 316 1137 neque
343 1109 388 1125 ·-.
406 1104 493 1128 zcum
518 1092 568 1126 in
593 1097 778 1135 utramque
801 1097 939 1135 partem
964 1091 1219 1133 disseruerunt,
1242 1099 1317 1124 non
1340 1099 1429 1126 sec.
1454 1087 1544 1120 alte-

59 1149 137 1172 ram
158 1137 287 1173 vivent
315 1141 371 1182 12,
399 1141 433 1180 1,
458 1139 513 1173 35.
537 1150 566 1171 s.
592 1138 767 1171 rationem
793 1140 848 1181 11,
876 1140 911 1181 3,
941 1136 998 1174 54.
1035 1150 1068 1171 v.
1090 1138 1243 1171 Ratio.
1272 1147 1302 1170 s.
1327 1135 1463 1169 tabulas
1488 1139 1546 1167 te-

59 1184 224 1219 stamenti
247 1185 290 1228 5,
316 1183 371 1228 14,
397 1186 452 1219 15.
481 1195 510 1218 s.
533 1185 627 1217 hanc
650 1183 837 1218 utilitatem
862 1185 903 1225 5,
929 1185 995 1227 13,
1021 1186 1076 1217 13.
1099 1194 1129 1217 ε.
1158 1194 1285 1219 verum
1309 1182 1343 1225 6,
1369 1184 1404 1224 2,
1429 1182 1486 1214 30.
1515 1190 1547 1215 s.

62 1229 230 1264 virtutem
254 1230 426 1275 orationis
452 1232 496 1273 7,
522 1232 568 1273 3,
597 1232 651 1273 12.
684 1228 728 1270 cs:
754 1231 866 1274 3,‚7,
891 1230 945 1264 15.
981 1241 1010 1263 s.
1037 1228 1135 1264 vires
1157 1231 1331 1280 cujusque
1358 1230 1423 1280 12,
1447 1227 1490 1268 6,
1515 1230 1549 1260 1.

59 1275 151 1310 Sunt
173 1282 210 1310 et
234 1275 388 1320 quidam,
411 1275 471 1320 qui
491 1287 520 1309 s.
543 1275 611 1309 alia
633 1274 729 1310 vitae
747 1274 847 1319 vitia,
872 1274 978 1309 etiam
1002 1275 1071 1309 hac
1094 1275 1227 1320 ubique
1251 1274 1429 1315 audiendi,
1452 1273 1551 1316 quod

61 1332 166 1356 aures
190 1317 356 1366 mulceat,
375 1322 560 1366 voluptate
583 1322 757 1354 ducantur
780 1323 891 1365 11,,3,
909 1321 977 1362 60;
1004 1332 1085 1359 cum
1107 1322 1233 1356 ductus
1258 1327 1311 1362 est
1335 1330 1463 1354 caecus
1486 1329 1549 1352 se-

54 1367 216 1403 ·c'undum
239 1368 324 1413 (Sp.
347 1367 468 1411 secus)
492 1366 586 1402 viam
610 1373 704 1401 stare
726 1362 978 1411 (ἐδιανόητον)
1001 1368 1043 1410 8,
1065 1370 1108 1410 2,
1130 1370 1178 1401 20
1197 1370 1234 1402 S.
1267 1367 1342 1410 rei,
1367 1376 1457 1411 quae
1481 1376 1549 1398 un·-

62 1412 170 1458 dique
193 1425 222 1448 s.
243 1413 383 1458 nos(1'.
407 1427 439 1447 ε.
466 1415 592 1447 nobis
609 1411 910 1462 saporabilis)
939 1413 985 1446 sit
1007 1415 1048 1457 3,
1074 1415 1109 1457 8,
1133 1413 1180 1448 34
1204 1415 1250 1448 Ν.
1277 1427 1328 1447 cr.

20 1467 252 1511 Secundus.
309 1482 351 1524 1)
382 1479 429 1524 ι)
453 1483 662 1524 εἱηῳῖίσῆενε
691 1486 823 1524 quanto
847 1479 893 1514 sit
915 1480 1010 1514 aliud
1034 1471 1296 1526 proximum
1326 1494 1425 1525 esse,
1457 1480 1552 1515 aliud

67 1527 328 1560 secundum
356 1529 419 1568 10,
445 1529 487 1568 1,
517 1527 574 1560 53.
602 1527 732 1560 meruit
755 1526 857 1560 credi
885 1528 1060 1560 secundus
1085 1531 1127 1562 ib.
1152 1532 1210 1563 72:
1241 1529 1475 1563 secundus
1499 1533 1554 1561 est

63 1571 258 1618 Virgilius,
289 1571 436 1615 propior
461 1577 580 1604 tamen
610 1571 762 1615 primo
795 1579 899 1614 quam
924 1573 1104 1606 tertius
1136 1576 1179 1606 ib.
1207 1575 1264 1608 86.
1295 1576 1446 1616 famam,
1482 1585 1552 1618 qua

58 1615 128 1661 ,eliu
152 1616 382 1660 princeps
411 1622 608 1658 oratorum,
644 1616 833 1660 aliquando
863 1619 1077 1652 aemulus
1110 1618 1296 1653 Ciceronis
1333 1620 1553 1657 existimatus

65 1667 140 1704 est,
164 1661 358 1697 novissime
379 1670 422 1686 —‘—
446 1672 536 1695 sec.
563 1665 624 1702 11,
650 1663 693 1704 3,
714 1663 750 1696 8.
773 1673 923 1706 quorum
947 1662 1082 1707 prior
1103 1683 1151 1709 -Τ
1174 1677 1263 1699 sec.
1294 1669 1357 1708 12,
1384 1668 1450 1708 10,
1474 1665 1498 1698 4
1519 1677 1553 1700 υ.

65 1707 215 1742 Prior.
246 1707 330 1752 quid
354 1717 495 1751 quoque
517 1708 599 1741 loco
623 1707 816 1751 primum
840 1708 885 1741 sit
904 1719 945 1754 ac
969 1720 1061 1744 sec.
1085 1714 1120 1743 et
1148 1711 1367 1756 deinceps
1390 1714 1446 1753 10,
1464 1714 1505 1751 7.
1519 1711 1551 1745 5.

69 1765 103 1786 v.
128 1753 378 1797 Deinceps.
406 1752 542 1788 etiamsi
565 1752 643 1796 quis
671 1764 837 1786 summa
863 1754 1046 1798 desperet,
1077 1761 1199 1790 tamen
1225 1763 1298 1802 est,
1329 1764 1368 1791 ut
1392 1757 1467 1793 Cic.
1491 1756 1553 1797 ait,

67 1799 256 1843 pulchrum
278 1798 315 1832 in
342 1798 559 1831 secundis
582 1799 831 1843 tertiisque
857 1800 1053 1835 consistere
1074 1804 1128 1844 12,
1152 1805 1207 1846 11,
1224 1804 1282 1837 26.
1319 1807 1360 1849 β)
1380 1817 1408 1838 c.
1427 1805 1552 1836 subse..-

69 1844 109 1878 in
133 1855 161 1878 s.
188 1844 382 1878 asses-tione
408 1846 464 1887 11,
488 1847 522 1885 1,
547 1845 602 1879 78.
635 1846 732 1888 quod
755 1856 782 1878 s.
807 1846 989 1889 posuimus
1013 1851 1124 1894 genus
1146 1849 1183 1891 9,
1206 1851 1242 1892 2,
1266 1850 1323 1884 76.
1352 1861 1372 1883 a
1395 1862 1423 1883 s.
1442 1849 1557 1882 ‘here-

69 1889 172 1924 dibus
195 1891 240 1932 8,
266 1888 310 1932 4,
336 1890 446 1924 11.“ἐ.
472 1888 588 1933 (libro)
612 1892 674 1933 10,
703 1891 748 1934 5,
779 1894 797 1924 1
823 1903 856 1925 v.
871 1891 1022 1926 Liber.
1056 1894 1335 1938 pronuntiationi
1360 1897 1554 1940 palmam

71 1936 190 1978 dedit,
217 1935 402 1980 eidemque
433 1944 519 1969 sec.
553 1946 595 1968 ac
624 1937 808 1970 tertium
838 1938 960 1971 locum
987 1942 1049 1981 11,
1073 1941 1116 1982 3,
1141 1941 1172 1974 6.
1211 1954 1243 1974 υ.
1269 1942 1438 1976 Locus.
1465 1951 1510 1974 se
1524 1951 1554 1974 c.

69 1982 180 2015 modo
204 1979 333 2014 dicitur
354 1981 535 2025 proprium
557 2001 604 2007 —
627 1982 672 2015 Et
693 1982 871 2017 tertius
894 1990 948 2017 est
970 1984 1054 2027 huic
1078 1986 1240 2021 diversus
1267 1989 1393 2020 modus
1416 1990 1451 2029 8,
1470 1990 1506 2028 2,
1522 1989 1557 2020 7.

70 2038 152 2072 pars
176 2038 223 2060 ex
247 2028 403 2069 duabus,
430 2037 517 2071 quas
539 2027 710 2072 fecimus,
735 2039 807 2062 sec.
830 2030 872 2072 9,
898 2029 945 2072 4,
973 2031 1051 2064 130.
1078 2042 1107 2065 s.
1131 2033 1316 2076 respiratio
1344 2036 1406 2075 11,
1432 2035 1475 2075 3,
1499 2030 1557 2067 49.

73 2084 103 2107 s.
132 2073 269 2117 syllaba
294 2075 334 2112 1,
357 2075 392 2114 7,
416 2071 449 2106 4.
480 2076 517 2114 7,
542 2073 598 2118 9,
615 2075 677 2115 133
718 2072 771 2108 Ita
798 2075 864 2108 erit
888 2075 1034 2119 prima
1060 2076 1232 2120 intentio,
1260 2090 1346 2112 sec.
1375 2078 1556 2120 assumtio,

72 2119 222 2153 tertia
249 2117 431 2152 connexio
455 2118 489 2160 5,
517 2117 572 2161 14,
598 2119 630 2153 6.
656 2119 701 2160 qs.
728 2123 783 2163 11,
809 2122 843 2162 3,
867 2120 933 2163 435
971 2133 1044 2155 sec.
1073 2133 1093 2155 a
1115 2123 1276 2158 finitione
1300 2130 1412 2158 status
1436 2128 1471 2166 7,
1500 2125 1556 2165 10,

75 2167 118 2207 1;
150 2164 382 2211 gladiatorum
409 2175 550 2206 manus,
579 2175 669 2208 quae
699 2177 771 2199 sec.
806 2165 982 2200 v'ocantnr
1005 2168 1047 2209 5,
1074 2169 1141 2212 13,
1167 2168 1211 2203 54
1231 2171 1295 2212 Ν.;
1335 2169 1496 2215 quamvis
1523 2169 1558 2203 ei

74 2211 299 2244 secundas
336 2210 416 2243 fere
450 2210 765 2244 Grammaticorum
799 2222 994 2249 consensus
1027 2214 1164 2247 deserat
1201 2218 1263 2258 10,
1299 2219 1343 2258 1,
1377 2217 1422 2251 53
1442 2217 1490 2250 Ν.
1524 2227 1558 2248 υ.

75 2255 310 2299 Princeps.
358 2255 406 2293 ΙΙ)
431 2257 472 2288 de
494 2263 640 2299 iempore
666 2259 689 2289 ἰ.
708 2270 739 2301 q.
765 2270 1000 2301 praesens.-
1029 2259 1288 2295 Secundum
1311 2267 1450 2306 tempus
1476 2261 1558 2295 sub—

73 2301 170 2336 tilius
194 2301 356 2345 quidam,
381 2308 484 2344 quam
506 2312 653 2336 necesse
681 2307 766 2341 erat,
792 2303 1002 2346 diviserunt,
1031 2310 1070 2338 ut
1094 2311 1188 2340 esset
1211 2306 1392 2351 juncti,
1418 2310 1560 2341 Sonus

78 2349 259 2380 auditus
287 2354 376 2389 est,·
401 2347 717 2382 adhaerentis
747 2350 921 2383 Clamor
942 2352 1153 2384 sublatus
1178 2360 1249 2388 est.
1297 2355 1560 2398 Insequen-

74 2391 131 2426 tis
155 2392 341 2434 sumina,
371 2394 571 2425 Latuisti
595 2400 655 2426 etc.
689 2395 723 2435 5,
747 2395 804 2436 10,
828 2393 885 2429 46.
912 2407 944 2430 υ.
970 2397 1214 2432 Praesens.
1263 2399 1339 2441 111)
1364 2402 1387 2433 ἰ.
1406 2413 1437 2444 q.
1462 2412 1559 2443 pro-
1580 2414 1589 2420 -

79 2450 196 2482 sper.-
224 2439 400 2472 secundos
417 2437 568 2482 impetus
586 2444 691 2485 anget
708 2440 870 2483 placendi
888 2441 1019 2484 cupido
1039 2444 1094 2482 10,
1112 2444 1148 2485 7,
1167 2445 1221 2477 17.
1248 2456 1280 2478 v.
1303 2445 1337 2478 A
1349 2445 1560 2480 dversus.

33 2483 205 2543 sequte.
259 2497 434 2538 Compar„-
468 2506 513 2528 an
537 2494 638 2529 aliter
663 2497 783 2530 facere
806 2497 965 2545 securius
992 2499 1147 2542 potuerit
1169 2503 1204 2544 7,
1229 2504 1265 2545 2,
1291 2501 1350 2537 43.
1378 2503 1487 2536 multa
1513 2504 1559 2537 de

78 2551 164 2587 rege
189 2541 329 2585 Pyrrho
355 2540 513 2575 securius
536 2540 630 2575 inter
653 2552 801 2575 coenam
824 2543 934 2577 locuti
957 2544 992 2586 6,
1016 2547 1051 2587 3,
1076 2547 1131 2585 10.

34 2585 220 2629 SecuriS·
277 2609 308 2632 s.
331 2597 496 2642 utrinque
519 2599 653 2633 habens
679 2599 792 2633 aciem
816 2603 848 2640 1,
870 2598 906 2642 4,
937 2602 991 2634 12.

36 2651 261 2695 Securitas.
298 2664 479 2699 infelicem
502 2665 644 2710 quidem
668 2667 732 2701 sed
758 2665 986 2700 certissimam
1011 2673 1130 2702 tamen
1155 2680 1184 2702 s.
1214 2671 1258 2714 6,
1285 2671 1345 2706 Pr.
1376 2672 1431 2707 15.
1457 2683 1560 2717 quae,

78 2720 284 2756 quamquam
310 2716 345 2745 et
369 2710 445 2756 ipsa
467 2712 746 2756 reprehensione
771 2712 898 2759 digua,
931 2713 1102 2748 securitas
1124 2721 1239 2750 tamen
1266 2723 1359 2752 esset
1381 2723 1562 2762 utcunque
