1728 3002
433 134 683 181 Contentus
710 158 767 168 ——
793 134 1026 180 Contentus
1111 155 1116 163 ¹
1417 137 1491 178 171

0 239 240 285 3.σο10101118
286 251 440 287 humiles
466 251 522 288 ab
525 256 694 296 actosque
727 255 927 287 contemtus
965 249 1112 303 (centor
1145 250 1242 284 tectio
1273 259 1374 294 quam
1406 258 1497 284 con-

19 296 161 353 tentio)
182 297 459 353 sequitnr4,1,
482 300 502 333 1
549 299 584 333 S.
614 297 762 342 (nav-stus
785 293 961 350 lah-inque)
988 295 1185 338 derisus,
1213 299 1494 338 contemtus,

21 338 271 386 fastidium
296 323 487 391 significari
507 344 600 379 solet
623 346 687 387 11,
709 344 753 386 3,
775 343 833 378 80.
874 341 1059 377 invidia
1084 352 1187 383 reus,
1215 352 1261 375 an
1284 340 1417 383 odio,
1449 352 1498 375 an

24 390 259 426 contemtu
288 391 428 426 laboret
458 391 521 433 12,
549 390 595 432 8,
622 367 687 431 14;
723 393 818 424 0001.
843 387 977 423 doloris
1001 391 1063 431 12,
1087 391 1130 430 2,
1156 389 1213 422 30.
1248 404 1293 412 -·
1316 387 1436 431 operis
1461 391 1497 421 et

14 436 293 490 hominumn,
315 438 359 479 3,
382 435 461 470 136.
496 414 607 478 2:112’,
629 433 676 478 4,
702 435 757 470 16.
782 435 818 477 8,
841 434 876 477 3,
895 436 959 468 21.
987 437 1042 477 12,
1066 435 1102 477 6,
1125 436 1158 467 2.
1202 433 1497 486 usqueadcon-

23 487 170 523 temtum
193 462 311 527 operis
335 484 398 524 12,
427 481 473 524 6,
503 483 536 516 7.
579 485 674 515 0001.
699 480 873 524 pecuniae
896 483 938 522 7,
960 481 1006 522 2,
1030 482 1087 514 30.
1123 489 1171 513 ex
1193 485 1288 512 cont.
1318 477 1497 523 opinionis

26 530 222 570 12,1,12.
252 506 432 570 contem’tu
454 531 669 560 ceterorum
675 528 732 570 12,
757 528 791 569 3,
816 529 878 568 12;
906 525 1065 570 corporis
1085 537 1126 559 ac
1144 526 1309 559 fortunae
1334 524 1496 577 quibusd3

25 573 119 625 mala
145 579 361 609 contemtum
383 573 573 606 attulerunt
598 573 641 614 3,
665 574 709 614 7,
722 551 791 608 ’19'
827 577 1041 606 contemtum
1064 571 1206 605 auxisse
1230 571 1277 613 8,
1302 572 1347 613 3,
1373 573 1430 605 21.
1467 569 1498 604 si

26 625 243 661 contemtum
265 631 313 654 ex
334 618 530 653 humilitate
554 616 674 652 tulerit
696 598 743 660 ’5,
774 615 837 660 14,
869 619 925 652 30.
974 616 1059 652 inde
1082 622 1280 652 contemtus
1303 616 1500 651 innascitur

0 667 89 719 12,
105 659 144 707 6,
165 668 200 700 2.
231 662 316 700 hinc
338 670 538 700 contemtus
564 663 699 698 oriatur
719 643 754 705 2,
781 665 817 706 2,
842 665 876 698 5.

0 702 218 761 3001011110.
268 721 303 766 1)
333 724 358 755 ι’.
381 735 415 774 q..
437 723 580 754 nitor.
619 725 680 763 ut,
715 730 786 764 quo
820 718 1071 754 contendit
1101 716 1185 763 (ap.
1218 721 1302 754 Cic.
1333 717 1501 763 intend.,)

25 771 175 802 mature
188 778 271 803 cum
296 766 458 802 exercitu
484 765 669 810 perveniat
694 769 778 800 Cic.
802 766 848 808 9,
879 768 922 807 2,
955 767 1023 799 100
1044 765 1091 798 N.
1116 778 1162 799 cr.
1209 765 1254 798 ad
1279 765 1367 798 illud
1393 765 1502 807 aliud,

27 813 459 856 queunte-ditur,
495 811 646 856 spatium
672 823 777 845 cursu
800 811 1007 845 ferantur
1033 812 1100 853 10,
1127 813 1172 852 3,
1196 810 1229 845 6.
1275 810 1336 854 qui
1369 821 1502 844 summa

26 867 103 892 non
124 865 309 903 appetunt,
341 859 622 893 contendere
644 857 763 901 potius
786 868 888 901 quam
916 855 1051 900 sequi
1076 856 1207 890 debent
1234 858 1299 898 10,
1322 858 1367 898 2,
1389 857 1434 897 9,
1472 869 1501 891 c.

26 903 122 944 Ins..
152 905 237 939 dum
259 910 461 948 corruptum
487 923 533 930 —
569 903 708 937 dicendi
744 914 855 949 genus
888 912 1061 936 revocare
1095 902 1141 935 ad
1165 901 1349 936 severiora
1354 881 1505 947 iudicia

28 951 208 989 contendo
227 950 467 995 10,1,125.
537 948 583 991 11)
615 943 638 983 ἶ.
664 963 696 993 q.
722 955 861 982 certo.-
895 959 1048 992 «0ιοοο
1074 948 1239 981 cedere
1260 948 1408 989 volunt,
1435 958 1504 981 nec

28 1001 179 1038 possunt
203 997 492 1031 contendere
516 998 572 1037 11,
598 997 712 1036 1,17.
746 993 991 1029 contendunt:
1017 992 1095 1037 quis
1117 993 1250 1037 primus
1272 993 1365 1027 dicat
1388 994 1505 1027 incer-

28 1045 103 1074 tum
129 1047 183 1075 est
208 1045 244 1084 7,
269 1045 302 1083 1,
325 1042 382 1076 39.
423 1041 578 1074 Mortem
602 1051 643 1073 ac
663 1039 806 1082 Vitam,
833 1051 918 1083 quas
941 1039 1199 1073 contendentes
1222 1037 1275 1082 (a.
1301 1043 1325 1072 1.
1349 1049 1506 1073 consen·

28 1085 175 1128 tientes)
199 1086 239 1120 in
261 1087 386 1124 Satura
409 1087 514 1120 tradit
528 1085 662 1130 Ennius
683 1087 719 1127 9,
739 1088 774 1128 2,
798 1085 856 1120 36.
885 1083 930 1126 qs.
955 1088 991 1127 7,
1013 1085 1049 1127 9,
1073 1085 1108 1119 6.
1138 1084 1189 1118 in
1211 1084 1407 1119 comoediis
1430 1095 1507 1118 non

29 1132 276 1167 contendimus
299 1131 391 1175 (cum
417 1130 571 1174 Graecis)
603 1133 754 1174 12,10,
782 1131 840 1165 38.
871 1131 1148 1165 contendat
1174 1130 1334 1172 interim,
1366 1136 1401 1164 et
1425 1142 1506 1165 sae-

27 1175 108 1230 pius
129 1174 318 1214 vincere
342 1189 382 1212 se
403 1182 503 1222 putet
527 1178 651 1220 (puer,
679 1178 757 1209 dum
782 1177 977 1217 instituitur)
1005 1178 1184 1218 1,1‚20;
1212 1182 1251 1210 ut
1275 1175 1381 1210 etiam
1408 1187 1507 1210 cum

27 1222 93 1256 itta
111 1222 304 1268 Hyperidis
328 1233 394 1268 pro
418 1224 560 1268 Phryne
585 1222 792 1256 difficillima
817 1222 986 1256 Romanis
1012 1202 1223 1256 siibl'imitate
1249 1223 1507 1256 contenderent

31 1270 94 1311 10,
110 1269 162 1312 5,
183 1271 219 1303 2.
255 1269 470 1304 contendere
492 1267 675 1302 nobiscnm
704 1271 747 1302 ib.
771 1271 807 1303 7.
840 1279 939 1306 cuin
963 1268 1034 1301 hoc
1058 1277 1164 1301 nemo
1189 1268 1389 1302 mortalium
1416 1278 1508 1302 0011-

29 1293 162 1348 tendat
173 1317 235 1358 12,
258 1317 323 1358 10,
345 1315 402 1350 65.
435 1314 606 1348 continuo
630 1325 728 1349 cum
751 1314 894 1366 legente
915 1314 1132 1348 contendere
1157 1316 1213 1356 11,
1237 1317 1281 1356 2,
1305 1313 1370 1356 34;
1405 1325 1508 1348 00ιο

30 1357 178 1394 tribuno
198 1361 312 1406 plebis
335 1361 389 1396 de
415 1361 470 1403 (ιι.
496 1364 519 1394 1.
545 1359 627 1403 om.)
651 1359 858 1394 innocentia
965 1360 1184 1394 contendere
1209 1363 1265 1402 11,
1294 1362 1327 1401 1,
1357 1362 1412 1394 12.
1453 1361 1508 1394 de

31 1402 88 1438 his
110 1405 199 1439 lite
220 1405 446 1441 contenditur
469 1408 503 1449 3,
525 1404 561 1449 4,
587 1407 621 1440 8.
657 1407 709 1439 de
732 1405 858 1439 liberta
1004 1405 1111 1439 etiam
1137 1406 1181 1439 de
1204 1386 1400 1439 hereditate
1417 1416 1510 1439 con-

33 1450 182 1487 tendunt
205 1453 240 1494 7,
263 1453 299 1495 9,
323 1454 357 1487 3.
386 1451 431 1494 qs.
456 1452 499 1495 6,
525 1455 565 1494 1,
588 1452 644 1486 50.
685 1452 738 1486 de
763 1461 924 1496 personis
950 1451 1204 1494 judicatur,
1238 1452 1301 1485 sed
1325 1452 1375 1485 de
1400 1452 1508 1485 rebus

0 1537 3 1543 ,
32 1497 338 1533 contenditur
359 1499 492 1542 10,5,
521 1499 577 1531 13.
614 1497 797 1531 translatio
820 1508 894 1531 000
921 1498 1030 1531 habet
1053 1497 1313 1541 quaestionem,
1356 1497 1412 1531 de
1440 1509 1510 1542 qua

33 1543 219 1577 contendit
243 1549 381 1586 orator,
417 1543 481 1577 sed
501 1548 699 1596 propter
723 1554 827 1587 quam
851 1543 1034 1577 contendit
1058 1545 1099 1585 3,
1122 1543 1167 1584 6,
1190 1545 1247 1577 72.
1314 1541 1388 1586 111)
1420 1545 1449 1576 ι’.
1475 1556 1509 1588 q.

32 1587 263 1630 confirmo
294 1589 333 1623 id
355 1588 458 1623 nobis
484 1588 640 1623 acriores
662 1590 707 1622 ad
729 1589 844 1623 studia
872 1589 1014 1623 dicendi
1037 1569 1136 1622 faties
1159 1588 1376 1632 subdidisse,
1405 1599 1510 1623 con-

30 1633 253 1669 tenderim
273 1637 307 1679 1,
330 1637 366 1679 2,
389 1636 446 1670 25.
475 1634 522 1677 cs.
546 1637 581 1678 2,
605 1636 639 1678 5,
663 1635 720 1669 25.
753 1635 831 1679 jure
852 1645 1013 1679 vereque
1036 1634 1280 1670 contenderim
1305 1636 1363 1668 Pr.
1392 1637 1453 1669 11.

0 1683 230 1735 Contentio.
266 1704 333 1745 fig.
361 1715 417 1746 ap.
445 1705 527 1737 Cic.
552 1703 597 1745 9,
623 1705 664 1746 1,
688 1704 746 1740 31.
772 1704 819 1746 9,
841 1706 886 1747 2,
908 1706 943 1737 2.
982 1715 1015 1737 v.
1041 1702 1456 1747 Contrapositum.
1490 1713 1512 1737 a

35 1743 263 1782 contentione
286 1749 441 1782 condere
466 1747 627 1792 (vocem)
653 1728 718 1791 ’11,
747 1751 788 1792 3,
806 1729 886 1782 '’22.
917 1750 960 1782 L.
987 1749 1106 1783 Crassi
1130 1754 1166 1782 et
1198 1749 1394 1784 Scaevolae
1422 1759 1512 1783 con-

34 1790 147 1830 tentio
167 1792 215 1835 ⁷,
237 1794 280 1835 6,
301 1795 337 1829 9.
374 1812 420 1818 —
443 1793 620 1840 dignitatis
642 1793 686 1837 4,
707 1774 752 1837 5,
777 1775 833 1829 ’12.
871 1812 917 1820 --
943 1795 1070 1842 ingens
1093 1796 1233 1838 palmae
1257 1798 1290 1838 1,
1313 1798 1348 1837 2,
1372 1793 1430 1828 24.
1465 1814 1513 1820 -

37 1836 92 1869 de
118 1847 159 1870 re
182 1818 531 1880 5”,14,12.ἰιι1οι·
554 1840 662 1873 duces
688 1839 753 1874 illa
773 1846 869 1874 cont.
899 1839 978 1884 (ap.
1003 1840 1127 1884 Hom.)
1154 1843 1211 1883 10,
1235 1843 1270 1883 1,
1279 1821 1355 1875 47.
1392 1840 1513 1874 inter

37 1892 143 1925 quem
176 1862 217 1915 et,
242 1883 428 1918 Caesarem
460 1884 638 1937 dignitatis
670 1885 778 1919 fuerit
803 1891 899 1919 cont.
926 1889 1061 1929 11,1,
1098 1888 1155 1921 80.
1201 1886 1323 1920 inter
1349 1896 1412 1920 eos
1438 1897 1513 1920 non

35 1927 217 1961 forensem
247 1935 367 1962 cont.
398 1930 461 1963 sed
494 1930 683 1964 studiosam
716 1931 1082 1975 disputationem
1107 1931 1276 1966 incidisse
1303 1934 1347 1964 ib.
1373 1934 1428 1966 70.
1466 1930 1512 1972 cs.

38 1975 96 2014 12,
120 1975 156 2015 2,
182 1974 238 2007 23.
271 1974 327 2007 de
350 1973 421 2008 fine
442 1975 654 2008 narrationis
678 1987 780 2010 cum
806 1977 849 2010 iis
873 1983 969 2011 cont.
993 1983 1070 2020 est,
1107 1977 1169 2021 qui
1191 1997 1238 2002 —
1258 1978 1387 2012 volunt
1408 1976 1452 2019 4,
1476 1980 1513 2019 2,

38 2020 127 2062 132;
164 2017 204 2051 in
227 2019 404 2063 epistolis,
437 2030 636 2063 quanquam
665 2027 746 2054 30111
771 2022 977 2066 utriusque,
1015 2022 1235 2069 dialogisve,
1269 2023 1396 2066 quibus
1424 2002 1515 2056 n'ihii

35 2063 119 2106 ille,
147 2064 247 2098 nulla
270 2070 364 2098 cont.
390 2069 443 2098 est
466 2066 530 2107 10,
590 2067 702 2106 ,,107
740 2078 788 2101 ex
814 2072 908 2101 statu
932 2048 1094 2101 effectam
1116 2074 1213 2101 cont.
1238 2069 1272 2110 3,
1299 2071 1357 2110 11,
1384 2069 1440 2102 18.
1474 2067 1515 2101 in

39 2090 135 2144 con’t‘.
169 2115 230 2144 ant
257 2109 470 2154 incipiendis
495 2115 554 2143 aut
556 2067 738 2144 1finiendis
762 2114 827 2154 11,
858 2114 1012 2155 3,128.
1062 2124 1152 2156 quae
1178 2119 1260 2146 sunt
1284 2112 1322 2146 in
1346 2118 1451 2146 actu
1478 2118 1515 2147 et

37 2155 350 2198 contentione,
365 2155 544 2189 suasoriae
558 2155 811 2201 iudicialesque
828 2169 905 2199 opp.
917 2157 1087 2191 materiae
1102 2159 1145 2190 ad
1158 2158 1515 2192 delectationem

23 2200 256 2235 'audientium
285 2201 501 2245 compositae
526 2203 591 2244 11,
619 2204 660 2243 1,
686 2200 742 2236 48.
781 2202 818 2235 id
843 2213 915 2236 non
942 2213 1022 2236 esse
1043 2204 1197 2247 positum
1220 2203 1260 2237 in
1284 2204 1516 2239 contentione

37 2243 96 2325 gt.
121 2250 144 2279 1.
170 2246 360 2290 contione)
389 2249 433 2290 9,
457 2249 500 2289 2,
524 2247 581 2282 96.
620 2258 709 2291 quae
732 2247 768 2280 in
793 2247 1059 2282 contentionem
1079 2248 1226 2283 veniant
1249 2251 1293 2292 3,
1317 2250 1359 2292 6,
1385 2248 1459 2284 44.
1479 2262 1513 2284 v.

79 2292 403 2326 ontroversia.
435 2293 561 2336 procul
585 2293 838 2327 contentionib.
866 2296 927 2334 12,
954 2297 1011 2336 11,
1032 2296 1077 2337 7,
1113 2300 1207 2328 0001.
1230 2274 1408 2330 forenses
1417 2296 1452 2338 5,
1479 2299 1514 2338 1,

39 2338 74 2369 2.
111 2336 204 2370 inter
230 2338 319 2370 duos
342 2338 562 2371 diversarum
588 2343 764 2372 sectarum
789 2340 891 2374 velut
917 2319 1028 2374 huces
1061 2350 1136 2374 non
1159 2340 1332 2376 mediocri
1362 2347 1515 2376 conten-

38 2380 139 2415 tione
162 2381 359 2425 quaesitum
381 2383 579 2426 5‚13,59.

0 2419 246 2468 Contentus.
293 2437 331 2481 ι)
356 2452 387 2472 c.
409 2441 546 2483 Amat..-
575 2450 646 2484 quo
671 2439 701 2473 si
725 2451 844 2474 snmus
871 2440 1031 2476 contenti
1052 2442 1096 2484 9,
1121 2444 1164 2484 1,
1189 2444 1244 2477 12.
1265 2443 1440 2478 .contenti
1464 2442 1514 2478 si·

42 2493 121 2516 1003
141 2482 199 2517 his
217 2484 263 2527 4,
286 2487 330 2526 2,
355 2486 411 2518 33.
447 2485 576 2519 erimus
605 2487 741 2520 Graeca
764 2486 1000 2539 appellatione
1023 2493 1119 2521 cont.
1142 2489 1185 2530 9,
1210 2491 1253 2531 2,
1277 2487 1335 2523 44.
1370 2494 1514 2523 contra-

45 2527 200 2563 dictione
227 2540 302 2564 non
330 2535 426 2563 cont.
452 2530 652 2573 5‚13‚48.
687 2542 760 2566 000
787 2532 931 2566 interim
954 2538 1047 2567 conf.
1072 2533 1181 2568 simus
1208 2545 1334 2578 exemp
1336 2535 1371 2568 lo
1398 2538 1515 2578 1,1o‚

11 2575 100 2607 27.
126 2574 163 2616 8,
184 2573 220 2618 4,
242 2577 301 2610 28.
329 2576 398 2609 hac
411 2575 521 2628 gratia
543 2586 619 2610 non
640 2576 708 2610 fuit
731 2583 825 2623 0001
849 2583 969 2617 orator
987 2579 1024 2622 9,
1049 2580 1084 2622 3,
1106 2581 1162 2620 33.
1190 2586 1308 2624 potest
1314 2547 1516 2632 ¹'aliquando

43 2616 121 2661 ipsa
141 2629 201 2661 res
221 2632 287 2664 per
311 2631 351 2654 se
372 2620 593 2664 inspectione
617 2633 695 2656 esse
717 2619 884 2657 contenta
899 2627 935 2666 2,
959 2624 1016 2667 18,
1038 2626 1072 2659 3.
1103 2615 1180 2672 Ego
1197 2625 1348 2660 Romani
1370 2625 1516 2670 pudoris

46 2674 146 2698 more
171 2671 265 2700 cont.
287 2667 331 2709 8,
354 2668 394 2709 3,
420 2667 475 2701 39.
511 2672 717 2702 contentum
746 2667 875 2703 libellis
898 2679 976 2704 esse
1003 2672 1065 2713 12,
1093 2671 1129 2713 8,
1156 2673 1189 2705 5.
1225 2671 1453 2705 offerentibus
1476 2683 1516 2705 se

43 2714 143 2744 cont.
164 2721 242 2746 esse
265 2714 306 2755 7,
336 2713 379 2756 1,
406 2712 462 2748 ,25.
501 2713 658 2754 contenti
682 2714 826 2749 fuerunt
850 2715 915 2750 bac
942 2715 1129 2760 partitione
1153 2719 1198 2761 3,
1220 2715 1264 2760 4,
1288 2719 1319 2750 1.
1358 2727 1423 2752 nos
1449 2717 1515 2751 hac
